3308 5004
651 245 806 310 -744
1467 265 1546 312 nn
1592 265 1651 313 s.
1703 260 1982 315 Bononio
2029 262 2271 313 Annua
2813 246 3011 314 ΑΠ’..
3058 247 3137 312 30

586 345 893 419 Pontifex
949 351 1193 418 Petrus
1261 368 1421 418 eum
1491 349 1990 420 accersendum
2050 349 2295 433 duxit,
2356 360 2435 420 ut
2497 348 2823 421 defuncto
2896 348 3138 420 Abbati

585 433 983 517 sufficeret,
1067 434 1250 523 quod
1323 438 1642 523 quamvis
1721 461 1761 508 a
1830 461 1903 509 se
1979 461 2159 510 onus
2234 438 2515 529 rejicere
2590 438 2769 508 serio
2848 460 3137 508 conare-

586 536 721 605 tur,
768 537 992 625 tamen
1027 547 1190 595 cum
1226 525 1308 625 ,is
1348 524 1622 596 nullum
1672 527 2066 598 solicitandi
2119 541 2185 599 et
2231 527 2524 618 rogandi
2571 527 2779 598 finem
2830 526 3133 601 faceret.

586 634 674 682 ne
704 613 978 683 divinae
1027 614 1364 684 vocationi
1419 614 1733 687 resistere
1782 616 1952 687 velle
2000 616 2385 698 videretur,
2446 616 2654 687 cessit
2702 616 3032 695 tandem,
3080 628 3138 686 et

586 701 915 774 humeros
970 702 1035 771 ei
1098 703 1468 785 submisit,
1539 716 1866 796 paterque
1931 706 2428 776 monachorum
2544 705 2814 775 uamvis
2873 705 3136 777 invitus

586 790 809 862 factus
853 804 979 861 est.
1033 796 1202 861 Ecce
1247 804 1476 863 autem
1508 794 1839 882 antiquus
1868 794 2158 865 humani
2204 794 2477 897 generis
2568 795 2759 873 ostis,
2797 793 3133 865 virtutum

586 881 760 981 ejuS,
811 879 1070 967 quibus
1117 881 1231 950 hic
1277 902 1553 968 quoque
1598 905 1962 955 coruscare
2010 883 2423 974 incipiebat,
2476 894 2553 952 ut
2589 895 2690 953 est
2740 882 2953 952 bonis
2983 905 3135 974 ope-

588 970 786 1041 ribus
811 968 1123 1051 infestuS,
1156 968 1593 1059 splendorem
1623 994 1757 1042 non
1783 970 2031 1055 serens,
2059 972 2394 1042 adversus
2425 984 2743 1042 sanctum
2788 984 3131 1061 pastorem

588 1058 970 1148 consurgit,
1006 1069 1072 1129 et
1104 1060 1519 1130 monasterio
1554 1060 1893 1150 procellae
1923 1061 2226 1151 quodam
2263 1060 2538 1131 turbine
2569 1074 2948 1141 commot0‚
2985 1082 3131 1131 eum

590 1168 997 1239 oppugnare
1049 1147 1451 1239 aggreditur
1483 1203 1499 1230 ,
1552 1162 1628 1219 ut
1677 1149 1922 1219 laetam
1986 1151 2325 1221 bonorum
2376 1148 2731 1221 fructuum
2780 1162 3125 1240 segetem,

591 1257 801 1324 quam
853 1237 1039 1307 hunc
1083 1236 1415 1306 cultorem
1429 1237 1955 1394 1froducturum
2005 1239 2441 1327 conjiciebat,
2482 1250 2976 1308 remoraretur.
3019 1239 3126 1308 Ille

590 1346 750 1395 vero
798 1346 1060 1396 memor
1114 1325 1324 1412 hujus
1385 1348 1423 1395 a
1531 1348 1696 1397 suos
1754 1326 2137 1418 discipulos
2202 1328 2450 1399 Christi
2499 1326 2827 1408 consilii,
2899 1330 2985 1398 Si
3020 1350 3120 1397 vos

581 1417 926 1572 fiersecuti
966 1416 1037 1484 in
1087 1437 1230 1484 una
1279 1416 1550 1485 civitate
1602 1417 1881 1506 sumat,
1941 1416 2161 1508 Ιῖιῃίιε
2212 1419 2283 1487 in
2322 1419 2561 1497 aliam,
2616 1438 2738 1506 per
2784 1438 3122 1485 summam

643 1502 1051 1574 umilitatem
1102 1502 1509 1575 scandalum
1541 1502 1927 1586 declinans,
1972 1506 2041 1574 in
2085 1505 2475 1575 Hetruriam
2512 1504 2788 1574 interim
2823 1506 3113 1586 secessit,

590 1591 711 1663 ubi
747 1605 1056 1682 reparato
1088 1591 1172 1661 ad
1224 1591 1533 1682 plenum,
1586 1606 1651 1664 et
1689 1593 2074 1665 secundum
2125 1594 2343 1684 legem
2396 1593 2511 1664 Dei
2559 1606 2625 1663 et
2664 1594 2894 1663 sancti
2933 1598 3117 1663 Bene-

589 1681 757 1752 dicti
806 1679 1114 1771 regulam
1177 1681 1492 1752 instituto
1555 1683 1969 1753 monasterio
2003 1738 2019 1765 ,
2088 1682 2447 1753 miraculis
2512 1682 2804 1774 patratis
2850 1682 3115 1753 celebris

589 1770 792 1841 etiam
840 1768 1175 1840 redditur.

677 1861 715 1946 ξ
762 1862 845 1931 S.
900 1859 1448 1946 conquieverunt
1495 1860 1753 1931 interea
1799 1860 2067 1931 excitati
2119 1870 2370 1941 motus,
2424 1859 2682 1947 quibus
2714 1859 3108 1930 Lucediense

591 1948 1087 2018 monasterium
1155 1947 1709 2029 concutiebatur,
1763 1960 1828 2020 et
1874 1951 2021 2039 ipse
2071 1949 2355 2020 Domino
2412 1959 2770 2018 revocante
2830 1948 2914 2018 ad
2963 1948 3104 2017 illud

590 2056 908 2106 reversus
944 2091 960 2113 ,
1017 2035 1287 2125 plantas
1344 2058 1521 2123 quas
1574 2038 1813 2108 divina
1869 2037 2153 2127 adjutus
2201 2038 2420 2128 gratia
2478 2051 2931 2121 conseverat,
2980 2038 3103 2126 piae

590 2125 1127 2196 conversationis
1172 2125 1368 2212 quasi
1421 2125 1764 2208 fomentis,
1801 2139 1878 2197 ut
1905 2127 2387 2207 coalescerent,
2428 2125 2697 2213 lateque
2737 2149 2963 2196 ramos
2988 2124 3099 2194 dis-

589 2212 978 2294 funderent‚
1018 2213 1305 2303 irrigare
1352 2215 1728 2305 satagebat.
1782 2220 1930 2298 Quo
1978 2216 2201 2307 magis
2233 2228 2461 2284 autem
2491 2215 2698 2285 etiam
2736 2215 2851 2284 bic
2882 2216 2943 2285 in
2976 2236 3094 2281 mo·

589 2303 887 2372 nasterio
939 2325 1059 2394 per
1092 2303 1306 2372 multa
1336 2326 1418 2371 an
1524 2327 1675 2373 rum
1710 2304 2080 2385 curricula,
2117 2304 2372 2391 quibus
2412 2304 2539 2373 hoc
2572 2304 2769 2385 rexit,
2806 2304 3089 2374 omnibus

590 2393 965 2482 conspicua
1014 2392 1402 2462 eminerent
1472 2393 1924 2483 ulgerentque
1968 2393 2295 2463 virtutum
2333 2394 2483 2482 ejus
2518 2393 2820 2493 insignia
2849 2448 2864 2469 ,
2906 2413 2973 2460 eo
3007 2390 3076 2456 de

588 2501 658 2551 se
708 2481 1098 2552 submissus
1145 2482 1522 2563 sentiebat,
1574 2495 1640 2552 et
1690 2481 1898 2552 latere
1960 2482 2277 2552 studebat
2326 2481 2548 2571 magis
2584 2536 2600 2563 ,
2655 2481 2826 2552 ntud
2872 2498 3057 2577 secum

584 2593 656 2640 re
710 2582 953 2652 utanS,
1004 2571 1188 2657 quod
1240 2571 1543 2642 Salvator
1591 2571 1933 2642 inculcat:
1991 2576 2183 2659 Cum„
2241 2572 2501 2641 cccv-itis
2608 2595 2743 2641 uae
2773 2568 3055 2660 praerapto

581 2592 785 2738 vagis,
839 2660 1061 2740 dicite,
1094 2662 1290 2730 Servi
1330 2662 1606 2730 inutiles
1651 2684 1883 2731 sumus
1906 2686 1929 2730 .·
1964 2662 2141 2752 quod
2259 2661 2523 2729 buimus
2552 2595 2794 2750 placere,
2828 2658 3066 2754 fecimus

582 2754 720 2834 (Em
747 2753 962 2819 Lucae
993 2748 1176 2838 xvn).
1215 2753 1398 2819 Inter
1428 2762 1694 2820 caetera
1721 2772 1898 2837 quae
1938 2748 2283 2839 praeclare
2316 2750 2388 2818 in
2417 2749 2550 2818 vita
2584 2750 2819 2839 gessit,
2849 2766 3083 2835 magnis

580 2837 939 2927 impensiS,
991 2842 1158 2907 cura
1197 2850 1401 2924 atque
1436 2837 1666 2909 labore
1706 2837 1959 2929 templo
1990 2837 2367 2909 extruendo
2407 2838 2751 2917 incubuit,
2800 2857 2931 2924 quo
2953 2854 3086 2933 con-

579 2941 927 2997 summato
955 2948 1183 3016 opere,
1221 2949 1384 2996 cum
1416 2949 1489 2996 se
1525 2948 1643 3017 per
1671 2948 1947 2997 omnem
1983 2928 2191 2998 vitam
2235 2926 2911 3017 irreprehensibilem
2936 2923 3088 2994 exlu-

581 3015 868 3096 buisset‚
915 3029 1323 3104 tempusque
1362 3015 1652 3096 adesset,
1705 3037 1843 3102 quo
1898 3015 2048 3102 ejus
2099 3016 2364 3087 labores
2403 3022 2583 3085 Deus
2645 3026 3087 3086 remuneratus

582 3115 897 3174 aeternae
941 3104 1004 3173 ei
1052 3104 1310 3194 gloriae
1358 3103 1671 3174 bravium
1712 3103 2042 3187 donaret,
2093 3105 2414 3195 spiritum
2477 3105 2778 3175 Creatori
2840 3099 3096 3173 reddidit

583 3197 626 3262 3
672 3192 956 3262 Kalend.
1011 3193 1352 3283 Septemb.
1407 3215 1589 3263 anno
1639 3194 2034 3264 Dominicae
2082 3193 2582 3264 incarnationis
2628 3216 2855 3263 nnn.

674 3283 841 3368 ἓθ.
893 3287 981 3351 Ac
1013 3294 1156 3351 tum
1207 3281 1517 3369 quidem,
1556 3282 1783 3369 qualis
1831 3294 2274 3370 quantusque
2320 3283 2388 3351 in
2441 3283 2577 3352 vita
2625 3282 2905 3360 suisset,
2954 3279 3107 3349 clare

583 3370 910 3439 omnibus
959 3370 1202 3460 patuit,
1258 3393 1380 3471 per
1426 3394 1504 3441 ea
1551 3392 1727 3458 quae
1774 3371 1861 3440 ad
1909 3372 2059 3461 ejus
2106 3393 2178 3442 se
2232 3370 2506 3442 ulcrum
2565 3370 2963 3441 edebantur
3004 3365 3112 3437 mi-

583 3458 846 3528 racula.
899 3464 1066 3529 Nam
1116 3459 1203 3528 ad
1256 3459 1429 3530 ntud
1494 3459 1834 3560 plurimas
1894 3461 2158 3551 aegritu
2215 3461 2363 3530 ines
2418 3473 2693 3530 curatas
2756 3460 3111 3555 novimus,

582 3558 649 3616 et
694 3547 779 3615 de
827 3547 938 3617 die
996 3548 1062 3616 in
1128 3548 1310 3617 diem
1387 3550 1609 3639 ipslus
1660 3549 1922 3619 meritis
1988 3549 2195 3619 fidem
2260 3549 2689 3620 credentium
2760 3549 3117 3618 informari

579 3635 991 3726 gaudemus,
1048 3636 1227 3707 sicut
1272 3636 1437 3707 olim
1491 3637 2019 3728 praedicationis
2052 3661 2219 3709 suae
2252 3638 2498 3718 verbis,
2547 3638 2640 3707 ita
2680 3660 2885 3708 nunc
2924 3637 3115 3707 mira-

579 3725 894 3795 culorum
949 3724 1189 3815 signis.
1243 3727 1365 3796 His
1415 3748 1571 3796 vero
1619 3739 1972 3817 permotus
2021 3727 2428 3798 venerabilis
2494 3725 2960 3798 vercellensis
3004 3729 3120 3793 Ec-

577 3813 827 3886 clesiae
872 3815 1116 3904 Episco
1169 3837 1253 3885 us
1299 3814 1707 3894 Arderlcus‚
1762 3838 1897 3885 non
1961 3815 2201 3888 multis
2266 3826 2417 3906 post
2462 3815 2616 3904 ejus
2662 3837 2743 3884 ex
2793 3815 2940 3885 hac
2998 3813 3127 3910 vita

580 3905 945 3973 transitum
997 3902 1108 3973 die
1165 3925 1270 3983 us,
1323 3903 1557 3973 divino
1607 3903 1811 3993 plane
1859 3905 2192 3974 instinctu
2237 3917 2443 3992 atque
2501 3903 2828 3984 consilio,
2887 3901 3129 3974 Christi

579 3991 960 4061 Confessori
1013 3991 1312 4062 debitam
1368 3992 1797 4063 devotionem
1847 3994 2317 4083 impensurus,
2370 3992 2585 4062 altare
2631 4014 2858 4083 supra
2910 4014 3129 4062 sacra·

578 4080 925 4150 tissimum
985 4081 1140 4169 ejus
1201 4103 1455 4170 corpus
1525 4080 1934 4173 erigendum
1985 4093 2051 4152 et
2109 4080 2573 4152 dedicandum
2626 4081 2739 4172 pie
2799 4078 3123 4152 censuit:

577 4168 761 4256 quod
814 4192 1021 4239 suum
1069 4169 1438 4240 consilium
1489 4193 1649 4239 cum
1702 4170 1784 4239 ad
1839 4170 2108 4241 Clerum
2157 4184 2221 4240 et
2269 4193 2435 4241 suae
2468 4170 2631 4240 fidei
2670 4172 3127 4241 commissam

580 4256 849 4346 plebem
902 4257 1287 4340 retulisset,
1341 4279 1499 4328 cum
1556 4260 1806 4349 plausu
1852 4270 2212 4350 exceptum
2262 4261 2363 4329 sic
2408 4273 2550 4339 est,
2614 4272 2690 4329 ut
2757 4259 3135 4330 unanimes

578 4344 1021 4415 decernerent
1075 4346 1462 4436 Apostolica
1525 4348 1928 4418 auctoritate
1966 4404 1982 4431 ,
2050 4369 2443 4431 consensu,
2498 4359 2565 4419 et
2627 4348 3134 4441 approbatione
