3308 5004
117 366 296 433 AUG.
347 366 434 432 28
678 384 756 430 m:
805 383 861 431 s.
916 381 1275 434 mensi-mo
1322 385 1521 435 amsc.
1577 382 1656 433 m·
1704 373 1877 434 acet..
1932 383 2112 434 noc‘r.
2322 406 2337 422 ·
2435 369 2567 433 689

117 464 383 534 inventa
432 463 776 533 describat
820 474 885 534 et
931 464 1202 547 habeat,
1254 478 1319 536 et
1369 466 1622 557 petenti
1662 465 1745 535 ad
1781 465 2258 547 scribendum,
2297 464 2447 536 sine
2481 465 2660 536 invi·-

116 553 230 622 dia
259 554 465 623 etiam
498 554 646 642 ipse
679 553 940 623 tribuat
970 553 1101 644 (a).

200 645 236 730 ξ
279 647 432 714 28.
489 641 885 711 Secundum
936 642 1233 734 Apostoli
1277 643 1374 733 (t.
1431 647 1576 715 Cor.
1631 642 1727 733 v1)
1757 663 2032 730 quoque
2075 643 2521 728 sententiam,
2560 643 2664 715 di-

113 732 351 802 centis:
383 732 601 802 Audet
623 734 982 835 quisquam
1006 743 1301 801 vestram
1332 733 1654 802 adversus
1683 735 1977 802 alterum
2006 734 2351 823 neyotz'um
2385 733 2654 814 habam,

100 821 412 912 judicari
453 822 535 890 ab
584 823 859 912 iniquis,
913 832 977 890 et
1021 845 1152 908 non
1184 822 1371 913 apud
1404 822 1719 891 sanctos?
1746 834 1966 891 etc....
2008 827 2074 907 (a
2118 844 2180 891 v,
2219 824 2245 889 1
2297 820 2382 890 ad
2418 821 2511 912 6).
2535 825 2664 914 ,In-
2703 853 2712 863 ·

122 909 514 998 terpellatus
560 929 723 1000 ergo
755 909 995 980 beatus
1034 911 1459 1001 Augustinus
1493 931 1534 979 a
1567 909 1997 990 Christianis,
2042 909 2141 978 vel
2183 932 2225 979 a
2262 911 2664 1000 cujuscum-

115 1019 246 1085 que
273 1013 494 1068 sectae
518 999 944 1079 hominibus,
981 1021 1229 1069 causas
1255 999 1580 1070 audiebat
1609 998 1977 1090 diligenter
2009 1017 2088 1068 ac
2127 1000 2256 1088 pie:
2289 997 2658 1086 cujusdam

116 1089 520 1157 sententiam
563 1100 721 1156 ante
758 1088 997 1158 oculos
1034 1088 1317 1168 bahem,
1355 1087 1651 1158 dicentis
1687 1110 1758 1157 se
1793 1087 1998 1157 malle
2038 1089 2214 1158 inter
2247 1088 2657 1177 incognitoS,

108 1197 318 1263 quam
353 1178 532 1245 inter
562 1176 821 1245 amicos
855 1197 1103 1248 causas
1137 1177 1415 1247 audire:
1451 1200 1530 1247 eo
1570 1177 1755 1265 quod
1788 1175 1872 1246 de
1917 1177 2310 1279 incognitis,
2361 1198 2481 1266 pro
2518 1197 2658 1265 quo

108 1265 438 1335 arbitrata
464 1266 802 1352 aequitate
818 1265 1274 1356 Judicaretur‚
1302 1267 1607 1336 amicum
1639 1280 1866 1367 posset
1893 1285 2272 1354 acquirere:
2305 1265 2389 1335 de
2416 1266 2663 1336 amicis

108 1375 271 1423 vero
315 1375 536 1424 unum
585 1366 784 1435 esset,
837 1367 1075 1424 contra
1113 1376 1319 1444 quem
1363 1367 1700 1426 sententia
1736 1354 2176 1443 proferretur,
2227 1354 2653 1446 perditurus.

107 1448 187 1513 Et
234 1465 351 1512 eas
398 1443 774 1531 aliquando
820 1463 1042 1530 usque
1092 1444 1161 1512 in
1213 1445 1453 1513 horam
1516 1443 1941 1525 resectionis,
2000 1443 2090 1513 ali
2146 1444 2375 1515 nando
2430 1459 2660 1515 autem

106 1544 249 1602 tota
282 1532 393 1602 die
416 1534 769 1622 jejunans,
811 1554 1084 1623 semper
1118 1548 1339 1603 tamen
1378 1533 1725 1615 noscebat,
1765 1545 1830 1603 et
1862 1532 2111 1603 dirime
2164 1547 2254 1614 at,
2295 1533 2662 1603 intendens

108 1621 183 1690 in
234 1619 337 1690 eis
385 1622 930 1692 Christianorum
982 1634 1326 1691 momenta
1376 1622 1796 1700 animorum,
1849 1634 2188 1711 quantum
2223 1623 2518 1709 quisque
2558 1619 2660 1689 vel

107 1710 183 1779 in
238 1710 375 1778 fide
422 1710 760 1798 bonisque
806 1711 1133 1800 operibus
1185 1710 1577 1801 proficeret,
1626 1711 1726 1780 vel
1776 1711 1864 1781 ab
1918 1711 2003 1781 iis
2051 1711 2409 1781 deficeret:
2457 1724 2661 1798 atque

99 1800 486 1888 compertis
533 1820 762 1868 rerum
811 1800 1485 1889 opportunitatibus,
1540 1800 1815 1869 divinae
1863 1800 1923 1869 le
1976 1801 2035 1868 is
2099 1800 2374 1870 veritate
2437 1810 2663 1891 partes

105 1889 427 1967 docebat,
484 1910 776 1976 eamque
815 1888 953 1958 illis
986 1889 1406 1969 inculcabat,
1448 1900 1514 1958 et
1542 1912 1659 1959 eos
1698 1910 1835 1977 quo
1869 1907 1908 1957 a
1966 1888 2419 1979 ipiscerentur
2454 1889 2660 1958 vitam

100 1990 489 2056 aeternam,
544 1977 870 2047 edocebat
914 1990 979 2046 et
1026 1977 1482 2048 admonebat:
1540 1977 1712 2047 nihil
1764 1977 1953 2047 aliud
2012 1999 2350 2064 quaerens
2403 1977 2489 2047 ab
2547 1977 2658 2059 iis,

95 2064 375 2151 quibus
422 2065 507 2135 ad
561 2066 686 2136 hoc
734 2066 1042 2146 vacabat,
1097 2067 1230 2136 nisi
1283 2080 1546 2138 tantum
1604 2066 2065 2137 obedientiam
2117 2080 2183 2136 et
2232 2066 2661 2136 devotionem

102 2153 602 2228 Christianam.
658 2176 835 2242 quae
880 2168 946 2224 et
994 2160 1125 2225 Deo
1172 2156 1460 2226 debetur
1505 2168 1571 2225 et
1624 2155 2065 2225 hominibus:
2133 2168 2492 2245 peccantes
2551 2176 2661 2224 co-

102 2263 267 2311 ram
317 2244 644 2313 omnibus
692 2264 1015 2335 arguens,
1070 2258 1146 2315 ut
1193 2245 1443 2315 caeteri
1495 2246 1808 2314 timorem
1862 2244 2214 2313 haberent.
2269 2249 2344 2314 Et
2375 2242 2664 2314 faciebat

98 2331 249 2400 hoc
301 2345 625 2420 tanquam
676 2333 1067 2423 speculator
1095 2356 1131 2402 a
1173 2334 1456 2402 Domino
1485 2335 1901 2402 constitutus
1930 2331 2169 2401 domui
2201 2331 2435 2414 Israel,
2473 2351 2665 2422 prae·

94 2421 361 2492 dicans
409 2422 721 2505 verbum,
775 2435 979 2510 atque
1030 2422 1297 2491 instans
1345 2437 1766 2513 opportune,
1837 2422 2273 2512 importune,
2327 2441 2659 2511 arguens»,

91 2510 423 2591 hortanS,
469 2513 858 2600 increpans„
900 2512 969 2589 in
1002 2512 1194 2581 orn'ni
1225 2511 1749 2603 longanimitate
1778 2524 1842 2580 et
1871 2511 2208 2589 doctrina,
2250 2510 2662 2611 praecipue-

84 2621 249 2687 que
298 2621 575 2691 operam
628 2601 804 2669 dans
852 2601 1193 2671 instruere
1238 2621 1355 2671 eos
1394 2600 1515 2686 qui
1548 2612 1776 2669 essent
1817 2598 2046 2668 idonei
2080 2611 2146 2668 et
2180 2597 2351 2668 ahos
2389 2598 2658 2668 docere.

86 2695 209 2759 Ro
271 2701 426 2759 atus
472 2711 746 2776 quoque
794 2712 829 2758 a
884 2689 1264 2769 nonnullis,
1305 2691 1373 2758 in
1416 2710 1654 2758 eorum
1695 2687 2191 2778 temporalibus
2224 2687 2479 2769 causiS,
2515 2687 2662 2776 epi-

80 2792 208 2848 sto
250 2799 328 2845 as
376 2776 458 2845 ad
512 2777 817 2847 diversos
862 2778 1094 2848 dabat.
1152 2777 1279 2847 Sed
1330 2778 1509 2847 hanc
1541 2798 1739 2847 suam
1782 2798 1819 2845 a
1866 2777 2267 2847 melioribus
2305 2777 2510 2846 rebus
2549 2797 2665 2845 oc·
2713 2788 2716 2791 ’

78 2865 554 2955 cupationem
587 2879 935 2955 tamquam
968 2867 1324 2957 angariam
1354 2864 1748 2955 deputabat:
1788 2887 2065 2935 suavem
2097 2887 2371 2956 semper
2405 2865 2666 2935 habens

76 2956 184 3025 de
246 2953 338 3021 iis
383 2975 559 3041 quae
612 2956 723 3023 Dei
774 2970 957 3036 sunt,
1014 2956 1113 3025 vel
1163 2954 1652 3025 allocutionem
1705 2955 1801 3025 vel
1847 2953 2282 3024 collationem
2318 2950 2665 3023 fraternae·

80 3058 160 3115 et
206 3042 637 3112 domesticae
675 3043 1192 3114 familiaritatis.
2585 3119 2599 3137 ,

184 3135 233 3221 ξ
262 3136 449 3204 Ἓει.
502 3134 828 3205 Novimus
877 3154 1150 3220 quoque
1196 3152 1380 3213 eum,
1435 3155 1473 3202 a
1519 3131 1664 3203 suis
1703 3131 2134 3202 charissimis
2167 3129 2518 3201 literarum
2560 3130 2665 3199 in-

77 3238 492 3294 tercessum
545 3221 730 3311 apud
782 3222 996 3293 seculi
1028 3232 1395 3323 potestates
1428 3220 1877 3313 postulatum,
1920 3243 2053 3290 non
2092 3220 2388 3301 dedisse,
2423 3221 2658 3290 dicen·

74 3330 273 3390 tem,
334 3310 699 3399 cujusdam
751 3311 1083 3400 sapientis
1115 3310 1521 3380 servandam
1562 3330 1711 3379 esse
1751 3310 2186 3390 sententiam,
2225 3308 2309 3378 de
2335 3332 2472 3411 quo
2499 3307 2667 3379 scri-

72 3416 316 3495 ptum
367 3410 565 3480 esset,
618 3399 803 3485 quod
857 3398 1073 3468 multa
1121 3422 1287 3470 suae
1336 3398 1557 3469 famae
1604 3398 2178 3488 contemplatione
2228 3399 2473 3467 amicis
2524 3418 2657 3467 non

76 3487 606 3583 praestitisset:
643 3486 823 3556 Illud
855 3488 1309 3558 nihilominus
1346 3511 1551 3557 suum
1584 3487 1876 3567 addenS,
1903 3487 2230 3575 quoniam
2263 3486 2668 3578 plerumque

74 3589 444 3672 potestas,
500 3597 677 3663 quae
714 3588 1031 3666 praestat,
1081 3576 1350 3667 premit.
1391 3582 1555 3646 Cum
1593 3598 1747 3646 vero
1782 3575 2344 3646 intercedendum
2380 3599 2530 3647 esse
2562 3595 2667 3645 ro-

129 3681 324 3739 atus
374 3663 667 3743 videbat,
725 3678 861 3734 tam
922 3665 988 3734 id
1056 3666 1336 3747 honeste
1397 3688 1478 3734 ac
1537 3677 1910 3755 temperate
1966 3663 2241 3754 agebat,
2279 3678 2355 3735 ut
2391 3688 2523 3734 non
2560 3682 2669 3733 so-

108 3780 254 3828 um
325 3774 660 3825 onerosus
708 3776 787 3824 ac
841 3755 1167 3827 molestus
1217 3777 1352 3825 non
1404 3754 1773 3835 videretur,
1827 3755 2273 3824 verumetiam
2327 3752 2669 3823 mirabilis

142 3938 217 3985 (at
252 3936 493 3981 Libellus,
521 3933 571 3976 in
598 3942 693 3985 qno
722 3936 811 3977 sub
842 3936 1026 3977 Menas
1051 3934 1193 3977 tituto
1214 3934 1412 3987 digessit
1428 3929 1673 3976 Posuimus
1692 3935 1942 3985 Epistulae.
1961 3936 2204 3985 opuscula,
2221 3934 2407 3979 Libros.
2423 3932 2673 3973 Tracti-tua

78 3994 136 4035 8.
170 3990 462 4039 Augustini,
491 3986 733 4039 egregium
762 4000 784 4029 e
822 3991 1025 4031 bstdtum
1052 3990 1145 4030 fult·
1173 3991 1473 4031 secernendie
1506 3986 1724 4038 genuinis
1752 3989 1872 4029 tanti
1901 3990 2114 4030 Doctum
2145 3989 2335 4038 scriptis
2368 3997 2395 4026 a
2423 3986 2599 4035 spuriis
2627 3990 2676 4026 et

77 4040 461 4095 sup-potumi&
490 4040 604 4083 licet
631 4044 761 4092 aliqu
866 4042 1013 4085 {noris
1042 4045 1266 4084 momenti
1286 4040 1664 4092 praetermisisse
1684 4047 1974 4091 compertum
1993 4040 2081 4087 ain
2101 4044 2328 4092 quaedam
2350 4048 2460 4080 voro
2481 4038 2530 4079 ln
2549 4040 2674 4079 Indi·
2759 4060 2762 4075 «,

76 4100 213 4141 culo
253 4095 501 4137 recensita
527 4098 723 4147 periere.
755 4098 973 4138 Omnium
1002 4099 1047 4137 8.
1073 4095 1326 4146 Augustini
1360 4097 1563 4157 Operum
1584 4097 1803 4137 collectio
1826 4098 1987 4137 labore
2001 4100 2054 4137 et
2074 4094 2232 4136 studio
2251 4093 2379 4137 edita
2399 4094 2672 4154 congregat.

75 4147 380 4195 Maxu-inae,
409 4147 625 4190 undecim
653 4152 840 4190 constat
868 4161 1062 4200 magnae
1082 4150 1222 4191 molis
1240 4150 1563 4190 voluminibus
1584 4149 1633 4191 in
1652 4149 1782 4191 lolio.
1805 4150 1907 4191 Non
1927 4148 2041 4198 styli
2061 4151 2250 4198 quidem
2269 4149 2518 4189 venustate
2537 4149 2587 4187 et
2607 4157 2676 4188 m·

76 4210 228 4250 tore.
262 4204 361 4242 aed
387 4210 545 4244 rerum
575 4202 709 4253 eopia
736 4206 784 4244 et
812 4201 1110 4245 tractationi·
1138 4202 1463 4252 amplitudine.
1492 4202 1896 4255 interpretationis
1916 4200 2146 4249 acumine.
2164 4201 2507 4244 sententiarum
2526 4196 2677 4250 gravt-

76 4265 218 4303 tate.
254 4254 306 4298 ai
341 4256 454 4297 haec
483 4259 639 4299 omnia
657 4258 800 4298 simul
820 4259 1055 4313 expendas
1075 4260 1123 4297 et
1143 4258 1372 4304 courel-aa.
1391 4267 1550 4299 omnes
1572 4259 1779 4298 Graecos
1797 4260 1845 4297 et
1863 4254 2057 4297 Latinoa
2078 4259 2240 4297 Pati-ea
2260 4256 2398 4305 longe
2419 4255 2677 4296 antecellit.

72 4320 160 4358 De
185 4306 426 4369 Gummi-z
444 4312 721 4359 praesertim
741 4308 1191 4361 dogmatssummue
1212 4306 1261 4352 ln
1281 4307 1489 4351 Ecclesia
1508 4312 1732 4361 magister
1751 4310 2011 4355 salutatur:
2031 4308 2376 4361 Theologorum
2394 4309 2532 4367 saeue
2549 4305 2678 4357 prtu-

68 4375 239 4418 ocpn.
273 4362 611 4413 Philosophiae
640 4363 775 4406 sidua
802 4365 1118 4415 praefulgens,
1134 4367 1387 4405 universae
1406 4363 1514 4405 fidei
1533 4367 1583 4405 et
1601 4374 1790 4406 morum
1820 4362 2077 4409 doetrinae.
2096 4362 2380 4413 eloquentia.
2398 4362 2681 4409 eruditione.

64 4413 413 4466 anctoritate
433 4416 615 4458 obtinet
635 4415 911 4467 primatum:
930 4415 1184 4459 haereticis
1204 4418 1579 4468 quibu-eumque
1599 4415 1895 4460 debellandis
1913 4415 2129 4459 victricia
2148 4427 2280 4457 arma
2297 4414 2555 4457 ministrat.

280 4502 574 4557 surius·
601 4499 761 4560 Vitae
786 4501 897 4562 SS.
917 4530 943 4547 -
963 4500 1089 4560 Vol.
1131 4497 1286 4560 VIII.
2435 4496 2517 4558 44
