3308 5004
198 322 336 388 AUG.
383 323 409 387 l
844 340 923 387 nn
970 337 1231 389 camus
1277 341 1354 387 m·
1399 340 1629 388 emmo
1678 340 1734 387 s.
1788 340 1968 388 ram
2555 326 2595 391 9

194 420 445 507 reliquos
474 419 828 511 Apostolos
859 433 1288 510 superarent.
1326 421 1450 491 Ille
1478 422 1664 491 enim
1700 434 1868 503 erat,
1904 420 2025 509 qui
2072 421 2455 493 contrarias
2488 446 2685 495 voces

191 509 506 590 emittebat,
559 509 818 596 quique
864 510 934 578 in
986 510 1302 580 conciliis
1333 565 1348 592 ,
1415 511 1483 579 in
1523 510 1816 602 judiciis
1863 525 1929 580 et
1975 511 2043 579 in
2099 512 2473 614 synagogis
2519 534 2682 583 cum

188 597 552 668 adversariis
597 599 923 679 certabat,
967 612 1032 668 et
1076 605 1245 669 Jesu
1286 621 1535 670 nomen
1590 599 1818 689 palam
1871 598 2313 688 praedicans,
2370 614 2685 673 1nvocato

186 688 299 777 ejus
338 689 636 770 nomine,
684 687 1054 778 praecipua
1101 688 1442 775 quaedam
1499 688 1833 758 miracula
1887 688 2305 779 perficiebat.
2347 691 2527 761 Licet
2561 714 2687 761 au·

188 788 284 846 tem
328 776 493 846 illud
526 776 989 858 considerare,
1042 778 1633 863 quemadmodum
1685 789 1750 846 et
1788 778 2089 847 Herodes
2144 779 2292 869 ipsc
2341 780 2687 851 studuerit

185 865 388 936 similis
432 888 582 937 esse
612 866 861 936 scribis
909 877 975 936 et
1024 867 1496 948 Pontificibus,
1534 867 1656 953 qui
1707 865 2040 936 adversus
2090 868 2436 939 Christum
2501 869 2688 939 insa-

185 954 329 1023 niam
369 968 432 1025 et
495 955 759 1026 rabiem
808 955 1223 1025 effuderunt.
1280 962 1442 1027 Nam
1504 956 1684 1026 sicut
1752 955 1853 1025 illi
1915 955 2272 1038 dicebant,
2320 979 2405 1026 ne
2455 958 2522 1025 in
2576 959 2688 1027 die

183 1042 315 1113 sesto
341 1045 537 1115 Jesus
570 1044 1306 1133 comprehenderetur,
1377 1067 1462 1114 ne
1512 1045 1855 1116 tumultus
1902 1044 2094 1115 fieret
2144 1045 2211 1115 in
2278 1045 2558 1136 popu10‚
2614 1060 2689 1117 ut

183 1145 301 1219 post
340 1134 518 1204 diem
572 1132 847 1203 festum.
874 1134 1160 1203 omnino
1202 1135 1269 1202 in
1305 1156 1580 1204 crucem
1610 1134 1871 1204 acturi:
1927 1135 2020 1204 ita
2049 1147 2114 1203 et
2161 1134 2291 1203 boc
2341 1134 2489 1205 loco
2533 1150 2687 1224 post

182 1222 398 1291 Pascha
446 1236 737 1292 mortem
788 1228 981 1292 Petro
1031 1223 1331 1293 Herodes
1407 1223 1657 1291 inferre
1718 1224 2202 1294 constituebat.
2258 1228 2422 1293 Cum
2477 1223 2690 1313 igitur

179 1308 251 1389 hi,
287 1310 362 1379 ad
411 1332 709 1398 quorum
755 1313 1044 1400 gratiam
1098 1313 1262 1382 haec
1306 1312 1598 1381 faciebat
1646 1311 1971 1393 Herodes,
2025 1312 2263 1382 eadem
2316 1313 2681 1395 senserint,

176 1419 317 1482 quae
360 1413 423 1469 et
472 1400 598 1481 illi,
652 1422 827 1487 quos
876 1423 1091 1490 supra
1137 1402 1442 1470 diximus
1477 1456 1492 1482 ,
1534 1400 1777 1469 iisdem
1820 1414 1884 1469 et
1929 1401 2162 1473 ,verbis
2224 1413 2288 1470 et
2357 1402 2688 1489 operibus

176 1486 469 1558 adversus
509 1489 910 1580 Apostolum
942 1490 1053 1559 usi
1080 1504 1267 1572 sunt,
1306 1491 1565 1577 quibus
1599 1505 1666 1560 et
1712 1489 2044 1561 adversus
2075 1489 2267 1560 illius
2287 1491 2688 1581 Magistrum

174 1578 531 1664 superiores
581 1578 689 1647 usi
739 1577 1034 1648 fuerant.
1721 1597 1729 1605 ·
2627 1619 2648 1646 .

240 1666 272 1752 ξ
312 1670 389 1738 S.
444 1673 524 1736 In
576 1680 876 1754 quatuor
907 1681 1133 1738 autem
1171 1668 1660 1754 quaterniones
1703 1667 2001 1738 militum
2030 1668 2414 1740 custodiam
2460 1668 2693 1737 distri-

171 1751 311 1833 buit,
366 1778 504 1824 non
537 1778 682 1826 uuo
731 1756 798 1825 in
851 1756 1022 1837 loco,
1078 1757 1194 1825 sed
1244 1755 1585 1846 pluribuS,
1624 1772 1691 1827 et
1733 1756 2017 1847 paulum
2047 1780 2089 1825 a
2120 1778 2189 1825 se
2238 1757 2685 1838 distantibUS,

172 1854 228 1911 ut
266 1844 573 1915 custodia
625 1846 778 1933 ipsa
826 1845 1035 1915 tutior
1093 1866 1173 1914 ac
1225 1845 1557 1915 munitior
1604 1844 1813 1914 foret:
1871 1859 1941 1915 ut
2007 1846 2065 1914 si
2115 1844 2284 1915 sorte
2330 1846 2692 1936 Apostolus

169 1930 289 2019 ipse
334 1957 374 2002 a
411 1935 714 2004 vinculis
761 1935 1154 2024 effugisset,
1208 1946 1273 2003 et
1338 1934 1659 2004 custodes
1691 1990 1706 2014 ,
1758 1934 1881 2021 qui
1951 1936 2237 2024 propius
2291 1947 2685 2015 manerent,

167 2017 477 2104 latuisset,
532 2024 619 2093 ab
668 2023 826 2093 aliis
857 2022 1279 2114 deprehendi
1330 2037 1393 2092 et
1440 2024 1593 2113 capi
1645 2036 1895 2113 posset.
1953 2023 2076 2093 Sed
2116 2029 2379 2106 PetruS,
2434 2025 2685 2111 inquit,

164 2124 285 2180 erat
320 2110 390 2180 in
442 2134 740 2192 carcere,
801 2112 1153 2182 dormiens
1206 2112 1379 2181 inter
1425 2113 1601 2182 duos
1661 2112 1915 2181 milites
1947 2167 1961 2194 ,
2015 2125 2080 2181 et
2127 2112 2381 2200 ligatus
2430 2114 2693 2183 catenis

166 2197 439 2270 duabus:
476 2203 693 2271 oratio
727 2216 954 2271 autem
988 2201 1192 2272 fiebat
1219 2201 1495 2273 assidue
1526 2223 1646 2290 pro
1675 2202 1828 2291 ipso
1854 2203 1940 2270 ab
1968 2199 2295 2272 Ecclesia.
2334 2208 2688 2284 Quaenam

165 2285 271 2357 suit
313 2312 553 2372 causa,
609 2305 685 2360 ut
725 2304 818 2361 tot
850 2291 1098 2360 diebus
1144 2291 1630 2371 custodiretur,
1691 2304 1756 2360 et
1806 2310 1939 2359 non
1993 2291 2249 2371 statim,
2304 2290 2532 2359 adhuc
2582 2289 2691 2359 su·
2723 2360 2743 2379 ,

164 2397 293 2446 rore
335 2379 757 2450 ludaeorum
809 2381 1309 2459 effervescente,
1363 2394 1427 2449 et
1474 2380 1648 2449 Petri
1697 2378 1996 2468 Apostoli
2052 2393 2341 2449 mortem
2394 2379 2687 2457 sitiente,

164 2466 383 2538 caedes
433 2469 588 2560 ipsa
629 2469 932 2560 Principi
965 2469 1438 2559 Apostolorum
1469 2467 1675 2538 allata
1707 2469 1955 2540 fuerit?
1996 2468 2361 2559 Scriptoris
2408 2468 2689 2555 quidem

164 2560 481 2627 sententia
533 2559 701 2628 haec
748 2572 872 2637 est,
929 2573 1213 2628 mortem
1268 2572 1545 2650 propter
1592 2559 1740 2627 dies
1790 2563 2198 2648 Azymorum
2255 2570 2688 2648 prorogatam

164 2641 371 2728 fuisse,
426 2648 692 2735 quibus
737 2648 978 2717 Judaei
1028 2648 1290 2738 seipsos
1342 2660 1741 2738 purganteS,
1795 2662 1860 2717 et
1899 2647 1985 2716 ab
2017 2647 2207 2716 omni
2257 2647 2442 2729 turpi
2491 2660 2695 2732 atque

165 2733 506 2807 inhonesto
538 2736 842 2806 facinore
876 2736 1317 2814 abducentes,
1370 2737 1551 2805 diem
1591 2737 1840 2805 festum
1877 2738 2174 2806 Paschae
2221 2735 2689 2811 celebrabant,

166 2825 334 2911 puris
366 2826 702 2896 manibus
751 2826 1194 2908 sacrificium,
1246 2826 1430 2914 quod
1480 2826 1548 2894 in
1605 2825 1752 2915 lege
1801 2826 2138 2915 scriptum
2190 2838 2375 2906 erat,
2428 2837 2698 2895 contre-

166 2923 425 2984 etantes.

171 3087 181 3097 ,
228 3004 268 3158 ἓ
312 3007 403 3073 9.
462 3004 594 3074 Sed
644 3017 792 3074 erat
837 3015 902 3073 et
950 3003 1082 3073 alia
1132 3005 1283 3093 ejus
1333 3004 1429 3074 rei
1471 3025 1706 3073 causa.
1762 3007 1928 3072 Cum
1979 3002 2164 3071 enim
2207 3002 2510 3072 Herodes
2553 3002 2701 3091 ipse

169 3109 222 3156 tn
274 3094 410 3163 nita
462 3093 656 3162 rabie
727 3106 967 3163 contra
1037 3098 1308 3162 Petrum
1376 3093 1773 3181 Apostolum
1858 3091 2317 3171 redundaret,
2375 3090 2698 3180 pluribus

170 3175 384 3253 diebus
416 3204 586 3252 eum
629 3181 921 3252 detineri
971 3182 1204 3262 voluit,
1258 3195 1334 3252 ut
1381 3182 1820 3251 diuturniore
1859 3179 2198 3261 cruciatu,
2239 3179 2695 3259 moeroribuS,

169 3265 453 3364 inquam,
516 3271 897 3351 aerumniS,
950 3284 1349 3341 catenarum
1399 3270 1725 3362 pondere,
1770 3291 1850 3339 ac
1903 3283 2138 3347 morte,
2191 3290 2401 3355 quam
2452 3292 2490 3336 a
2523 3267 2702 3337 same

171 3375 295 3444 lpsa
328 3359 766 3430 inserendam
819 3361 1160 3449 sperabat,
1206 3380 1445 3429 eorum
1479 3359 1777 3445 denique
1813 3357 2139 3437 militum,
2180 3357 2303 3443 qui
2353 3379 2495 3425 una
2543 3357 2702 3426 dor-

168 3446 469 3544 miebant,
520 3449 1028 3518 inhumanitate
1076 3450 1357 3540 gravius
1406 3449 1849 3539 affligeretur.
1905 3451 2082 3530 Quot
2135 3447 2320 3516 enim
2375 3467 2496 3535 per
2543 3446 2701 3545 illos

170 3531 293 3604 dies
337 3539 551 3609 verba
599 3538 1002 3607 temeritatis
1048 3554 1112 3608 et
1152 3540 1501 3608 minarum
1551 3537 1796 3627 plena,
1858 3558 2067 3622 quam
2121 3535 2339 3605 multa
2392 3536 2699 3604 convicia

168 3637 222 3692 et
258 3628 723 3696 contumelias
762 3627 1113 3699 credimus
1159 3652 1201 3697 a
1252 3627 1591 3696 militibus
1639 3625 1780 3695 illis
1828 3625 1900 3694 in
1955 3624 2352 3715 Apostolum
2419 3623 2705 3712 injectas

170 3709 378 3796 fuisse,
436 3717 691 3806 partim
746 3729 820 3785 ut
864 3730 1313 3807 cognatorum
1346 3716 1773 3787 ,Iudaeorum
1812 3714 2136 3802 dogmata
2174 3725 2694 3803 pervertentem,

170 3803 390 3889 partim
442 3818 524 3875 ut
576 3806 958 3896 praeceptis
1028 3806 1381 3895 regalibus
1428 3805 1963 3874 adversantem?
2025 3802 2219 3872 Modo
2283 3815 2511 3870 autem
2546 3855 2561 3881 ,
2627 3812 2704 3868 ut

170 3891 583 3975 seditiosum,
621 3907 687 3963 et
720 3916 1002 3964 causam
1036 3894 1425 3964 tumultus:
1482 3893 1690 3963 modo
1724 3905 1805 3963 ut‘
1850 3892 2166 3963 Mosaicis
2224 3890 2495 3980 legibus
2541 3910 2709 3958 con-

172 3982 434 4052 trarium
474 3983 1091 4053 conviciabantur:
1146 4005 1648 4069 nonnunquam
1683 3982 1943 4083 pugnis
1990 3993 2055 4050 et
2086 3981 2324 4079 alapis·
2346 4000 2506 4048 eum
2554 3999 2711 4079 per-

170 4072 544 4143 cutiebant:
599 4094 825 4159 neque
871 4072 1239 4160 quisquam
1308 4072 1477 4142 illud
1527 4070 1847 4141 dubitare
1901 4082 2153 4159 potest,
2207 4090 2377 4154 quin
2445 4080 2708 4168 catenis

172 4157 291 4229 illis
334 4162 823 4232 vehementius
882 4185 961 4233 ac
1014 4161 1427 4232 laboriosius
1497 4160 1897 4251 Apostolum
1960 4158 2512 4248 constringentes
2546 4212 2561 4237 ,
2615 4170 2713 4226 ita

172 4252 671 4333 coarctaverint,
718 4264 794 4320 ut
839 4272 920 4321 ex
984 4251 1313 4321 omnibus
1362 4250 1471 4319 his
1522 4250 1852 4339 maj0rem
1904 4246 2165 4317 doloris
2222 4267 2506 4316 sensum
2560 4267 2712 4345 per-

174 4336 439 4428 cipiens,
495 4339 811 4410 celeriter
856 4340 944 4410 ab
993 4340 1121 4410 hac
1158 4339 1288 4408 vita
1339 4340 1688 4429 migraret.
1746 4336 1870 4407 Sed
1908 4337 2142 4406 omnia
2175 4335 2451 4406 illorum
2483 4334 2712 4403 studia

178 4439 233 4494 et
260 4428 458 4512 tacta,
490 4430 735 4501 inania
771 4430 1164 4512 extiterunt,
1203 4429 1488 4520 perinde
1535 4450 1615 4497 ac
1643 4428 1703 4499 si
1740 4426 1901 4515 quis
1942 4426 2013 4495 in
2063 4448 2244 4513 aqua
2291 4426 2448 4516 ipsa
2479 4422 2713 4493 literas
