3308 5004
541 265 688 336 508-
1153 279 1233 334 nn
1280 279 1340 329 s.
1388 277 1723 328 ammo
1765 276 1913 329 m.
1964 277 2349 334 emmau„
2676 246 2863 328 Αιῐᾶθ.
2915 261 3011 326 20

452 361 747 438 uberius
789 369 1015 432 tamen
1066 357 1506 432 fructificaret
1555 358 1625 428 in
1676 379 1778 440 ea,
1816 357 2196 446 quamalii
2240 356 2535 445 quilibet
2581 358 2652 428 in
2702 357 3005 429 sublime

456 449 799 542 porrecti:
850 447 1294 539 ampliusque
1342 445 1604 520 luceret
1646 447 2035 528 Ecclesiae,-
2069 446 2251 520 velut
2282 447 2370 518 de
2413 449 2547 518 sub
2595 447 2826 518 modio
2872 447 3006 518 hu-

455 538 773 611 militatis
800 560 994 620 suae,
1026 559 1235 625 quam
1265 536 1511 607 caeteri
1549 558 1762 627 supra
1794 535 2210 610 candelabra
2241 536 2624 610 constituti.
2660 537 3002 610 Nimirum

452 650 612 716 quo-
642 626 1001 707 humilior‚
1035 647 1117 695 eo
1148 646 1422 716 semper
1461 624 1698 696 utilior
1731 624 1863 696 suit
1908 625 2166 716 populo
2198 627 2313 695 Dei
2362 625 2431 695 in
2466 626 2660 696 omni
2687 625 3004 697 doctrina

455 715 781 792 salutari:
834 716 904 786 in
963 736 1102 803 quo
1156 728 1386 786 tamen
1445 736 1811 802 nunquam
1868 727 2095 786 tenere
2126 713 2345 785 voluit
2394 713 2623 786 locum
2672 715 2996 785 doctoris.

454 811 707 888 Beatus
754 804 983 896 plane,
1039 801 1184 891 qui,
1240 804 1426 874 sicut
1467 803 1613 894 ipse
1664 803 1753 874 de
1802 802 2106 905 quodam
2156 816 2549 876 sanctorum
2586 804 2726 886 ait,
2780 803 3003 895 legem

454 894 731 974 dilexit,
783 906 849 964 et
895 892 1293 981 cathedram
1347 914 1485 963 non
1532 893 1894 964 affectavit.
1949 898 2168 977 Quam
2218 891 2488 966 felicius
2536 892 2879 982 siquidem
2931 894 3005 961 in

455 983 792 1144 ‹vliinu'mm
825 982 1155 1057 cathedra
1200 981 1438 1052 sedere
1476 982 1750 1065 meruit,
1804 981 1973 1052 dum
2012 982 2249 1053 sedere
2284 982 2507 1056 noluit
2551 983 2620 1051 in
2654 981 3003 1062 cathedris

580 1085 903 1144 nitatum.

624 1167 721 1234 θ.
776 1161 1083 1247 Denique
1128 1160 1309 1232 sicut
1345 1159 1582 1250 justus
1611 1171 1677 1230 et
1710 1159 1903 1230 fortis
1942 1159 2010 1228 in
2048 1158 2558 1261 praedicatione
2592 1160 3005 1250 Evangelica

456 1249 811 1332 laboravit,
873 1250 974 1322 sic
1016 1249 1323 1338 prudens
1367 1260 1434 1319 et
1486 1261 1875 1340 temperans
1922 1262 2101 1319 cavit
2140 1249 2276 1319 sibi
2324 1271 2597 1339 semper
2636 1249 2723 1320 ab
2773 1249 3007 1320 Eccle-

453 1338 732 1410 siastica
775 1338 1214 1429 praelatione.
1269 1343 1399 1408 Nec
1445 1338 1630 1408 enim
1680 1338 2181 1410 contumaciter
2226 1360 2537 1425 unquam
2575 1340 2828 1421 renuit,
2881 1337 2999 1408 sed

454 1428 848 1516 frequenter
891 1440 957 1499 et
1002 1427 1086 1500 ad
1131 1427 1470 1498 maximos
1500 1425 1763 1498 electus
1792 1426 2111 1508 honoreS,
2154 1427 2528 1516 prudenter
2564 1428 2726 1516 egi-t,
2768 1427 3001 1498 divina

455 1516 590 1589 sibi
628 1529 1039 1607 cooperante
1086 1516 1308 1605 gratia
1335 1570 1354 1596 ,
1407 1537 1493 1584 ne
1540 1529 1903 1606 cogeretur
1950 1515 2356 1603 aliquando,
2408 1521 2676 1606 Moyses
2720 1515 3001 1604 quidem

455 1618 736 1680 sanctus
768 1604 1214 1677 Pontificium
1236 1604 1575 1675 concessit
1606 1611 1868 1676 Aaraon
1904 1604 2096 1675 fratri
2130 1628 2280 1687 suo,
2325 1606 2492 1693 quia
2545 1605 2822 1697 linguae
2854 1616 3004 1676 erat

456 1694 961 1786 impeditioris:
1016 1692 1444 1765 Bernardum
1509 1706 1819 1764 nostrum
1854 1749 1869 1774 ,
1934 1716 2071 1764 non
2128 1694 2217 1764 ab
2263 1717 2468 1785 opere
2531 1693 3008 1785 Evangelistae

456 1785 828 1856 necessitas
865 1783 1144 1870 aliqua.
1190 1780 1309 1852 sed
1358 1781 1445 1852 ab
1500 1782 1761 1853 honore
1801 1781 1970 1865 soto,
2024 1783 2169 1853 sola
2219 1783 2580 1855 humilitas
2638 1784 2998 1854 revocavit.

455 1874 691 1948 nerito
741 1871 1028 1962 proin'de
1056 1869 1242 1962 apud
1285 1875 1500 1942 Deum
1544 1883 1614 1941 et
1648 1871 1967 1944 homines
1996 1871 2299 1944 obtinuit
2345 1873 2638 1960 gratiam
2691 1871 3010 1973 singula-

456 1983 626 2042 rem,
668 1961 790 2050 qui
839 1983 974 2030 non
1029 1959 1230 2032 modo
1268 1959 1418 2030 sine
1465 1973 1776 2050 sumptu,
1831 1962 2279 2031 verumetiam
2325 1963 2474 2032 sine
2566 1960 2736 2032 radu
2771 1960 3007 2051 digni-

456 2049 637 2131 tatis,
682 2071 816 2120 non
867 2061 1094 2122 autem
1131 2050 1282 2120 sine
1315 2048 1548 2120 fructu
1579 2048 1917 2120 fraternae
1951 2049 2219 2132 salutis,
2260 1985 2711 2141 Evangeqium
2748 2051 3002 2141 posuit,

454 2152 522 2209 et
569 2139 828 2229 populo
877 2138 990 2208 Dei
1037 2159 1310 2228 semper
1360 2138 1684 2229 prodesse
1731 2138 2048 2221 studuit,
2104 2159 2465 2227 nunquam
2523 2160 2839 2230 praeesse
2886 2161 3009 2209 su·-

453 2227 722 2298 stinuit.
766 2233 944 2298 Raro
984 2240 1238 2310 tamen,
1285 2243 1420 2298 nec*
1461 2226 1594 2298 nisi
1644 2226 1732 2297 ad
1775 2227 1923 2298 loca
1975 2229 2285 2318 proxima
2318 2284 2345 2308 ,γ
2400 2240 2479 2299 ut
2528 2228 3002 2318 praedicaret,

455 2314 706 2389 exivit:
761 2316 878 2388 sed
932 2317 1201 2405 quoties
1262 2339 1422 2387 eum
1490 2317 1862 2388 necessitas
1913 2317 2146 2405 aliqua
2216 2317 2561 2397 traheret,
2618 2317 3008 2388 seminabat

455 2427 666 2497 super
695 2428 938 2476 omnes
983 2428 1225 2493 aquas,
1266 2405 1541 2497 publice
1571 2417 1638 2475 et
1672 2406 1993 2496 privatim
2042 2407 2486 2476 annuncians
2525 2407 2815 2477 verbum
2858 2406 2997 2477 Dei.

456 2495 647 2580 Quod
706 2510 933 2566 tamen
990 2496 1224 2585 ipsum
1282 2519 1362 2567 ex
1404 2494 1730 2566 mandato
1777 2495 2037 2567 summi
2096 2495 2445 2567 Pontificis
2487 2495 2851 2567 actitabat:
2919 2495 3004 2565 ad

455 2597 705 2655 nutum
731 2606 1010 2673 quoque
1033 2584 1444 2657 Praesulum
1473 2598 1928 2666 caeterorum,
1964 2586 2392 2673 ubicumque
2423 2607 2661 2655 eorum
2698 2584 3008 2672 aliquem

453 2674 854 2765 contigisset
899 2672 1140 2745 adesse
1169 2727 1185 2757 ,
1240 2673 1560 2749 similiter
1606 2672 1920 2746 faciebat.
1990 2674 2330 2747 Nimirum
2397 2686 2656 2763 quanto
2704 2695 3011 2763 magnus

454 2775 621 2845 erat,
676 2762 1089 2834 humiliabat
1135 2763 1324 2833 sein
1375 2764 1748 2835 omnibus:
1802 2776 1871 2833 et
1903 2784 1983 2832 eo
2041 2764 2264 2853 magis
2321 2762 2795 2833 sacerdotibus
2854 2784 3009 2835 om-

456 2852 670 2927 nibus
714 2850 1083 2932 deferebat,
1131 2870 1275 2938 quo
1318 2850 1599 2943 plenius
1641 2851 2108 2933 intellexerat,
2141 2873 2320 2938 quae
2370 2851 2709 2923 mini-stris
2757 2850 3004 2923 Christi

457 2940 832 3011 reverentia
882 2940 1267 3013 deberetur.
1802 3008 1809 3013 .

543 3032 581 3117 ξ
626 3034 789 3104 10.
839 3034 972 3100 Nec
1013 3028 1407 3111 tacendum,
1459 3027 1642 3117 quod
1679 3048 1759 3099 ex
1812 3028 2321 3119 praedicatione
2368 3030 2641 3102 itineris
2670 3028 3005 3120 Jerosoly-

458 3117 702 3188 mitani
737 3140 944 3219 grave
974 3130 1215 3195 contra
1259 3139 1419 3191 eum
1469 3116 1939 3205 quorumdam
1974 3117 2338 3189 hominum
2390 3118 2491 3188 vel
2543 3119 3003 3209 simplicitas,

456 3206 566 3277 vel
602 3205 999 3297 malignitas
1048 3202 1457 3281 scandalum
1506 3206 1828 3295 sumpsit,
1881 3228 2041 3281 cum
2096 3207 2356 3278 tristior
2402 3221 2804 3294 sequeretur
2850 3208 3011 3281 effe-

456 3306 633 3369 ctus.
679 3295 870 3378 Quod
914 3307 1139 3365 tamen
1179 3295 1470 3366 verbum·
1495 3294 1733 3367 dicere
1759 3316 2135 3385 possumus
2172 3297 2263 3367 ab
2299 3317 2379 3367 eo
2406 3297 2690 3384 quidem
2724 3298 3001 3368 initium

456 3404 597 3454 non
646 3384 1055 3474 sumpsisse.
1107 3389 1274 3455 Cum
1333 3382 1519 3453 enim
1586 3382 1970 3457 multorum
2007 3384 2159 3473 jam
2229 3384 2505 3456 ani-mos
2561 3385 3004 3477 permovisset

456 3472 696 3545 audita
744 3471 1116 3545 necessitas
1146 3528 1161 3553 ,
1214 3495 1258 3541 a
1304 3475 1484 3562 Rege
1533 3477 1955 3545 Francorum
2017 3472 2235 3544 semel·
2278 3486 2343 3545 et
2411 3475 2663 3546 iterum
2725 3487 3002 3565 propter

457 3560 588 3633 hoc
625 3582 705 3632 ex
757 3560 986 3642 stitus,
1040 3558 1448 3652 Apostolicis
1476 3563 1681 3632 etiam
1713 3562 1933 3633 literis
1967 3563 2292 3645 monitus,
2335 3585 2467 3634 non
2522 3565 2621 3634 sic
2661 3563 3006 3652 acquievit

457 3672 670 3741 super
765 3671 846 3721 oc
895 3648 1117 3737 loqui,
1174 3648 1273 3721 vel
1322 3650 1695 3722 consilium
1744 3651 1955 3721 dare:
2010 3650 2229 3721 donec
2327 3674 2402 3723 er
2448 3653 2673 3743 ipsius
2722 3651 3005 3723 tandem

458 3739 715 3821 summi
751 3738 1102 3811 pontificis
1147 3737 1536 3830 generalem
1571 3739 1936 3829 epistolam
1967 3740 2216 3830 jussus
2246 3763 2286 3811 a
2365 3763 2445 3811 eo
2482 3753 2609 3822 est,
2648 3753 3009 3829 tamquam

457 3832 808 3911 Romanae
858 3826 1196 3899 Ecclesiae
1245 3827 1522 3919 lingua,
1575 3850 1915 3919 exponere
1967 3828 2242 3919 populis
2288 3843 2494 3918 atque
2543 3830 3005 3932 principibus.

458 3918 673 4007 Cujus
718 3916 1048 4008 epistolae
1113 3930 1309 3989 tenor
1366 3916 1497 3988 suit
1530 3971 1545 3997 ,
1599 3929 1677 3988 ut
1724 3918 1795 3990 in
1863 3917 2351 4009 poenitentiam
2415 3931 2479 3988 et
2529 3920 3007 3990 remissionem

458 4019 898 4107 peccatorum
947 4006 1075 4079 iter
1119 4006 1528 4097 arriperent,
1579 4018 1702 4077 aut
1756 4004 2117 4077 liberaturi
2163 4006 2453 4088 fratres,
2506 4018 2629 4077 aut
2671 4031 2836 4078 suas
2887 4031 3013 4099 pro

456 4093 604 4169 illis-
632 4096 928 4171 animas
957 4095 1269 4186 posituri.
1325 4099 1506 4167 Haec
1552 4107 1626 4165 et
1667 4094 2067 4181 huiusmodi
2120 4118 2331 4186 super
2378 4096 2506 4166 hoc
2545 4109 2856 4187 poterant
2890 4119 3011 4167 ve·-

456 4183 704 4257 recitet·
748 4183 929 4254 dici:
983 4183 1102 4255 sed
1151 4183 1529 4257 dicendum
1564 4184 1793 4286 potius
1826 4183 1922 4265 id,
1959 4183 2146 4272 quod
2191 4186 2421 4275 potius
2451 4183 2604 4256 fuit.
2649 4185 3011 4257 Evidenter

456 4272 650 4347 enim
695 4274 978 4344 verbum
1021 4272 1152 4345 hoc
1202 4272 1641 4363 praedicant,
1682 4272 1971 4343 Domino
2021 4287 2455 4363 cooperante,
2509 4287 2573 4345 et
2621 4295 3007 4345 sermenem

457 4360 914 4435 confirmante
941 4361 1394 4448 sequentibus
1419 4361 1665 4453 signis.
1693 4361 1822 4433 Sed
1851 4362 2133 4451 quantis
2157 4375 2223 4433 et
2251 4384 2465 4451 quam
2502 4362 3011 4455 multiplicibus
