3308 5004
156 325 342 392 AUG.
400 325 484 391 ⁴9
930 344 1009 392 mi
1058 343 1115 393 s.
1169 342 1543 393 BRRTULPEO
1590 341 1736 389 Anii.
1791 342 1935 390 non.
2287 384 2294 390 .
2497 323 2629 390 415

154 427 477 586 diximusz,
512 427 951 606 Agnulphum
986 427 1375 519 praesulem
1421 428 1536 520 (In
1579 430 1931 518 Mai-tyrol.
1955 449 2112 498 xv111
2152 428 2328 509 Jul„
2360 428 2518 498 Sur.
2575 429 2712 497 Vol.

157 538 271 596 vn,
358 571 373 586 .
473 522 558 587 90
598 568 614 584 .

239 540 416 694 §pl
469 609 637 676 Cum
685 616 917 675 autem
966 604 1153 695 apud
1200 626 1361 677 eum
1426 602 1868 692 aliquamdiu
1918 604 2329 687 mansisset,
2375 603 2463 674 ad
2513 625 2721 674 vene-

157 691 441 764 rabilem
474 694 698 764 virum
733 693 1127 767 Eustasium
1160 693 1651 766 Luxoviensem
1686 692 2012 763 Abbatem
2045 714 2117 765 se
2149 692 2467 774 contulit,
2508 705 2717 782 atque

154 781 293 855 illic
324 783 746 853 monasticae
795 781 1073 874 regulae
1121 794 1186 853 et
1235 781 1553 874 religioni
1582 782 1907 853 subditus
1954 780 2079 852 diu
2122 782 2526 872 permansit,
2563 805 2713 855 om-

160 872 365 943 nibus
412 872 669 943 charus
699 883 765 943 et
811 883 1076 963 gratuS.
1111 870 1526 942 Adveniente
1573 883 1804 942 autem
1850 892 1930 941 eo
1978 869 2175 941 beato
2222 870 2441 942 Attala
2473 893 2553 941 ex
2581 876 2719 942 Au-

162 960 390 1061 soniae
410 961 774 1119 tfartibus,
808 982 970 1032 cum
1006 960 1188 1031 bona
1228 982 1396 1062 pace
1423 972 1489 1031 et
1537 959 1885 1031 voluntate
1917 959 2332 1032 venerabilis
2385 960 2709 1060 Eustasii,

160 1070 217 1119 ei
247 1071 318 1120 se
365 1072 404 1120 a
449 1049 706 1141 junxit.
758 1054 917 1120 Erat
961 1049 1146 1119 enim
1197 1071 1259 1118 ei
1307 1072 1467 1120 cum
1535 1049 1850 1121 Eustasio
1905 1070 2026 1119 cor
2085 1070 2309 1120 unum
2366 1058 2432 1119 et
2478 1070 2719 1120 anima

160 1160 336 1221 una,
405 1160 532 1209 nec
578 1138 954 1227 quicquam
1003 1137 1392 1209 discordiae
1466 1137 1900 1220 intercessit,
1966 1149 2043 1209 ut
2088 1137 2211 1228 qui
2282 1136 2417 1208 sibi
2471 1149 2715 1209 mutuo

160 1227 448 1318 subjecti
495 1240 746 1298 essent.
824 1226 1000 1298 Abiit
1055 1248 1219 1319 ergo
1266 1249 1427 1299 cum
1481 1226 1858 1299 venerabili
1919 1225 2179 1308 Anaia,
2234 1226 2715 1314 Ausoniaeque

156 1316 465 1407 (Italiae)
494 1316 757 1387 finibus
786 1329 1124 1407 receptus,
1165 1316 1235 1385 in
1269 1315 1590 1387 Bobiensi
1618 1315 1948 1387 coenobio
1980 1317 2113 1387 sub
2142 1316 2296 1405 ejus
2327 1314 2719 1386 obedientia

159 1405 556 1494 permansit.
609 1409 776 1475 Cum
827 1417 1058 1476 autem
1112 1426 1339 1476 rerum
1381 1405 1697 1477 omnium
1750 1404 2070 1476 Conditor
2117 1404 2393 1475 beatum
2445 1417 2716 1495 patrem

157 1492 439 1565 Attalam
490 1516 571 1565 ex
602 1493 713 1564 his
746 1492 960 1564 seculi
988 1494 1342 1563 aerumnis
1371 1493 1454 1564 ad
1485 1494 1803 1566 coelestia
1838 1514 2049 1595 regna
2091 1492 2445 1574 evexisset,
2480 1492 2714 1564 omnis

158 1584 391 1655 concio
428 1582 952 1664 monachorum,
1007 1582 1291 1653 vocibus
1337 1582 1729 1671 animisque
1783 1582 2216 1673 conjunctis,
2273 1582 2540 1683 paterni
2591 1582 2718 1653 ho-

160 1671 342 1743 noris
390 1694 861 1743 successorem
909 1670 1362 1773 Bertulphum
1399 1670 1828 1754 acclamavit,
1863 1671 2123 1762 quippe
2169 1692 2292 1759 qui
2340 1671 2547 1740 annis
2580 1683 2716 1741 tre-

159 1758 373 1859 decim
422 1760 619 1831 omni
667 1759 897 1862 studio
929 1772 995 1830 et
1040 1759 1402 1852 diligentia
1452 1759 1723 1851 plebem
1788 1759 2214 1832 salutaribus
2277 1759 2559 1831 monitis
2608 1758 2716 1830 in-

158 1860 433 1920 stituere
468 1871 603 1919 non
642 1860 1012 1921 omis1sset.
2660 1878 2663 1881 ·

243 1943 280 2018 ἓ
326 1941 421 2009 8.
478 1937 604 2009 Sed
639 1937 752 2007 hic
797 1937 1167 2008 memoriae
1215 1937 1629 2008 tradendum
1678 1947 1818 2019 est,
1886 1935 2055 2025 quid
2105 1937 2297 2009 hisce
2344 1936 2547 2006 annis
2596 1935 2717 2007 ille

158 2020 406 2096 fecerit.
492 2031 659 2098 Cum
716 2026 901 2097 enim
967 2026 1315 2108 bonitate,
1369 2025 1745 2117 disciplina
1808 2037 1873 2097 et
1936 2026 2221 2097 scientia
2270 2027 2704 2106 instructus,

159 2114 430 2202 optimis
466 2115 781 2186 moribus
818 2114 1085 2206 plebem
1136 2115 1495 2197 imbueret,
1531 2115 1866 2205 antiquus
1891 2137 2176 2207 serpens
2227 2129 2526 2184 mentem
2560 2114 2716 2206 ejus

158 2203 371 2294 coepit
404 2204 615 2275 rebus
661 2202 970 2275 adversis
1004 2203 1350 2275 infestare.
1381 2203 1712 2275 Excitavit
1744 2205 1929 2274 enim
1980 2202 2380 2292 quemdam,
2414 2209 2714 2274 Procum

158 2292 453 2376 nomine,
509 2291 994 2364 Derthonensis
1022 2292 1218 2364 urbis
1249 2292 1673 2383 pontificem,
1706 2304 1780 2363 ut
1817 2292 2150 2363 adversus
2174 2314 2336 2362 eum
2372 2292 2705 2382 primates

160 2374 434 2481 linguis,
495 2381 852 2472 pontifices
900 2402 1057 2452 vero
1113 2382 1342 2472 pravis
1390 2381 1802 2453 muneribus
1858 2392 2343 2452 commoveret.
2398 2385 2709 2468 Cumque

162 2486 216 2534 ls
252 2482 577 2556 ,iunctum
620 2470 752 2542 sibi
800 2469 1130 2563 gauderet
1162 2475 1440 2563 Regem,
1477 2470 1679 2543 illum
1729 2469 1922 2554 adiit,
1960 2471 2194 2540 animo
2245 2468 2710 2561 persuadendi

160 2558 331 2642 quod
360 2560 663 2651 optabat.
707 2560 1062 2650 Regnabat
1099 2560 1284 2630 enim
1343 2581 1423 2630 eo
1456 2570 1587 2631 tem
1600 2582 1761 2651 pore
1792 2558 2153 2630 Arioaldus
2186 2557 2706 2649 Longobardus.

164 2645 279 2744 §ed
312 2670 473 2718 cum
517 2646 690 2718 nihil
721 2648 915 2719 aliud
949 2672 987 2718 a
1020 2654 1200 2740 Rege
1233 2671 1340 2720 res
1394 2649 1547 2720 onsi
1597 2649 1886 2730 tulisset,
1933 2648 2068 2718 nisi
2113 2660 2192 2719 ut
2231 2647 2709 2718 Ecclesiastico

155 2754 302 2816 ,iure
350 2738 698 2828 probaret,
752 2737 1083 2808 coenobia
1182 2760 1342 2808 rocu
1419 2739 1506 2809 ab
1553 2737 1851 2808 urbibus
1883 2737 2150 2828 posita,
2204 2737 2705 2828 Episcoporum

162 2818 394 2925 debere
443 2847 686 2918 parere
734 2825 1067 2910 dominio,
1121 2826 1236 2897 ile
1297 2848 1539 2897 omnes
1571 2880 1588 2909 ,
1646 2848 1823 2915 quos
1864 2825 2117 2917 potuit,
2174 2825 2245 2895 in
2298 2847 2494 2897 suain
2548 2846 2709 2894 sen-

163 2918 433 2984 tentiam
476 2915 825 3005 pertraxit.

240 3002 272 3087 §
318 3007 404 3076 4.
460 3009 770 3092 Cumque
819 3004 987 3074 haec
1033 3016 1425 3095 agerentur,
1472 3002 1760 3091 quidam
1823 3024 1903 3074 ex
1951 3001 2113 3073 aula
2176 3001 2551 3094 Bertulpho
2600 3002 2708 3071 in·-

164 3081 424 3173 dicavit,
477 3092 648 3181 quid
707 3113 937 3164 rerum
988 3105 1361 3184 gereretur.
1416 3091 1597 3163 Misit
1650 3114 1815 3193 ergo
1884 3091 2301 3183 Bertulphus
2360 3090 2705 3179 quosdam

162 3173 237 3243 ad
275 3182 529 3272 Regem
581 3204 663 3252 ex
718 3179 988 3253 lorandi
1039 3185 1274 3263 causa,
1326 3181 1587 3269 quibus
1633 3179 1997 3251 Arioaldus
2037 3186 2174 3252 Rex
2238 3180 2373 3251 ait:
2410 3186 2554 3252 Non
2606 3191 2708 3250 est

164 3281 406 3352 meum,
447 3291 643 3341 sacer
694 3284 885 3341 otum
935 3291 1184 3341 causas
1230 3269 1646 3352 discernere,
1702 3269 1819 3340 sed
1872 3268 2224 3372 synodalis
2287 3268 2707 3339 examinatio

165 3349 239 3419 ad
275 3376 529 3444 purum
578 3359 780 3429 debet
834 3371 1085 3430 cuncta
1131 3371 1469 3429 excutere.
1523 3358 1674 3429 Illis
1732 3358 2270 3441 sciscitantibus,
2327 3380 2494 3428 num
2550 3358 2709 3448 Epi-

166 3456 519 3540 ‚Scoporum
580 3446 738 3519 velit
794 3447 1018 3518 favere
1064 3447 1419 3530 consiliis,
1475 3447 1568 3518 ita
1626 3447 2026 3539 respondit:
2081 3452 2523 3536 Nequaquam
2577 3468 2705 3539 ego

164 3524 292 3599 illis
322 3531 584 3620 favebo,
611 3538 731 3625 qui
781 3537 898 3608 Dei
929 3535 1191 3608 famulo
1232 3536 1481 3608 vellent
1523 3557 1756 3607 creare
1791 3536 2162 3609 molestias.
2208 3541 2510 3607 Cernens
2541 3558 2707 3627 ergo

164 3613 568 3720 Bertulphus
616 3626 710 3697 ita
757 3646 829 3698 se
877 3646 1137 3717 gerere,
1187 3625 1509 3713 quamvis
1553 3625 1929 3697 barbarum
1985 3637 2053 3696 et
2107 3625 2434 3696 Arrianae
2482 3637 2708 3696 sectae

164 3701 531 3797 addictum,
586 3736 843 3807 regem,
898 3714 1120 3805 poscit
1149 3727 1227 3784 ut
1274 3714 1558 3805 publico
1588 3713 2074 3806 supplemento
2121 3713 2363 3797 fultuS,
2414 3719 2706 3785 Romam

165 3790 242 3860 ad
288 3799 517 3873 sedem
551 3802 1008 3905 Apostolicam
1104 3804 1418 3874 ervenire
1461 3814 1692 3890 queat.

243 3882 278 3981 ᾗ
320 3892 406 3960 ὅ.
462 3898 674 3984 Regio
720 3892 933 3984 igitur
970 3913 1055 3963 su
1107 3891 1288 3963 sidio
1321 3897 1611 3964 Romam
1660 3890 1942 3964 veniens
1987 3889 2407 3981 Bertulphus
2450 3888 2699 3972 Abbas,

166 3983 355 4064 0311118
399 3980 731 4069 obsequio
767 4003 897 4073 ego
925 3980 1233 4063 interfui,
1287 3980 1673 4052 Honorium
1720 3986 1976 4081 Papam
2024 3978 2357 4049 accessit:
2402 3998 2705 4065 cumque

166 4071 223 4152 ΘΞ
248 4079 524 4141 causam
554 4069 892 4142 adventus
918 4070 1029 4142 sui
1057 4069 1506 4161 patefecisset,
1548 4068 1667 4140 ille
1698 4069 1784 4140 de
1815 4067 2160 4151 industria
2191 4066 2484 4155 quaerit,
2525 4087 2706 4153 quae

169 4152 271 4243 ⁸¹²,
293 4157 627 4244 regularis
649 4157 1178 4231 consuetudinis
1230 4158 1627 4250 disciplina.
1665 4163 2031 4244 Postquam
2067 4154 2186 4228 ille
2215 4155 2451 4227 omnia
2489 4153 2703 4225 alacri

170 4246 386 4334 animo
432 4248 747 4319 Pontifici
793 4247 1196 4339 explicavit,
1262 4246 1525 4339 placuit
1577 4248 1777 4318 beato
1833 4244 2175 4328 Honorio,
2228 4255 2307 4316 ut
2363 4243 2703 4336 regularis

173 4333 365 4397 series
396 4334 885 4439 religionisque
931 4337 1187 4420 cultus,
1240 4335 1657 4408 humilitatis
1691 4333 1952 4405 indicia
1999 4343 2277 4406 teneret.
2317 4338 2525 4404 Porro
2571 4332 2704 4404 ali-

173 4418 491 4496 quamdiu
520 4426 943 4516 quotidianis
971 4425 1341 4517 colloquiis
1366 4422 1824 4517 Bertulphum
1865 4426 2188 4523 roborare
2213 4422 2585 4505 nitebatur,
2622 4433 2701 4493 ut
