3308 5004
711 379 797 446 88
1327 397 1407 448 nn
1454 400 1512 447 s.
1564 398 1891 448 Atrnonso
1941 399 2011 446 ιι.
2055 398 2134 445 m:
2180 396 2433 447 usomo
2875 380 3055 449 ΑΗΕ.
3103 382 3142 448 2

620 500 662 548 a
693 477 1144 550 dilectissima
1210 501 1336 552 sua
1404 485 1611 551 Matre
1650 480 1885 561 Maria,
1946 478 2149 549 illum
2199 478 2331 548 sibi
2381 477 2680 550 favorem
2721 479 3138 572 efflagitamt,

619 578 699 637 ut
757 569 1058 639 moriens
1096 570 1184 639 ab
1244 570 1395 659 ipsa
1442 569 1892 640 inviseretur:
1947 590 1983 636 «
2018 572 2070 638 Ο
2117 566 2527 638 afflictorum
2574 568 2983 641 consolatrix
3016 570 3143 661 (sic

619 676 769 726 eam
842 657 909 725 in
978 656 1277 745 quadam
1337 659 1728 749 precatione
1782 657 2080 759 affatur),
2146 655 2286 725 noli
2338 677 2445 726 me
2499 656 2569 726 in
2636 670 2936 728 extremo
2980 661 3150 731 vitae

538 811 543 814 .
618 766 811 815 meae
856 745 1145 815 articulo
1192 745 1526 818 deserere.
1567 752 1774 817 Istam
1826 760 1901 817 tu
1952 744 2122 814 m1hi
2172 745 2464 837 gratiam
2519 746 2849 836 impetra,
2909 769 3150 839 nempe

618 847 695 904 ut
741 832 1170 921 frequentius
1199 846 1363 906 tunc
1398 849 1460 906 te
1507 836 1842 918 invocem,
1885 846 2114 922 atque,
2161 834 2653 905 suavissimum
2709 849 2900 907 tuum
2941 858 3021 907 ac
3051 836 3150 908 tui

616 922 771 993 Filii
818 944 1064 993 nomen
1118 923 1492 1014 proferenS,
1545 925 1868 1015 spiritum
1920 923 2228 994 reddam.
2287 923 2416 993 Sed
2464 923 2695 993 adhuc
2745 925 3070 1016 majorem
3109 948 3150 995 a

618 1024 731 1093 te,¹
763 1013 1076 1095 Domina,
1164 1025 1272 1084 eto
1319 1013 1641 1084 favorem.
1697 1019 1830 1094 Da,
1882 1033 2175 1099 quaeso,
2236 1033 2504 1082 veniam
2565 1012 2897 1084 audaciae
2938 1036 3146 1086 meae.

617 1104 714 1170 Tu
763 1100 913 1203 ipsa
955 1102 1023 1170 in
1074 1101 1119 1172 il
1156 1125 1207 1184 a
1242 1102 1412 1172 hora
1458 1102 1542 1172 ad
1595 1123 1704 1172 me
1760 1102 1937 1182 veni,
1990 1113 2069 1172 ut
2115 1114 2233 1171 tua
2284 1123 2392 1171 me
2438 1103 2831 1203 praesentia
2879 1103 3140 1174 soleris,

618 1189 850 1260 Multis
890 1191 989 1259 tui
1028 1190 1411 1261 cultoribus
1459 1192 1660 1262 istam
1711 1191 1999 1281 gratiam
2054 1190 2498 1272 concessist13
2558 1190 2848 1280 ideoque
2909 1205 2974 1262 et
3027 1214 3154 1286 ego

618 1299 771 1349 cam
818 1302 856 1348 a
906 1291 969 1348 te
1014 1291 1315 1369 expecto,
1354 1280 1682 1368 Equidem
1737 1280 2070 1370 indignus
2104 1301 2258 1349 sum
2287 1334 2302 1358 ,
2353 1279 2476 1367 qui
2520 1301 2672 1349 eam
2722 1302 3148 1369 consequar;

620 1367 735 1438 scd
788 1366 909 1436 tibi
950 1389 1104 1436 sum
1141 1367 1444 1449 devotus,
1500 1383 1564 1440 te
1601 1391 1780 1451 amo,
1817 1370 1887 1438 in
1922 1380 2121 1456 teque
2172 1368 2467 1438 multum
2502 1369 2798 1440 confido.
2838 1374 2889 1441 Ο
2916 1371 3149 1450 Maria,

617 1467 681 1526 te
724 1467 1047 1544 expecto:
1102 1456 1243 1526 noli
1276 1459 1535 1527 meista
1583 1457 2048 1528 consolatione
2088 1455 2522 1528 excluderel»
2548 1459 2804 1529 Annuit
2850 1460 3003 1529 istis
3047 1460 3157 1530 di-

619 1543 774 1614 lecti
824 1543 948 1612 filii
1001 1545 1320 1635 precibus
1365 1546 1901 1618 clementissima
1937 1552 2167 1616 Mater.
2204 1547 2399 1615 Enim
2452 1568 2631 1628 vero,
2688 1547 2910 1637 pridie
2940 1571 3152 1636 quam

617 1631 1011 1722 ⁴&lphonsus
1049 1648 1451 1715 moreretur,
1477 1635 1644 1705 dum
1680 1636 1980 1726 Virginis
2011 1634 2306 1726 effigiem
2347 1656 2557 1705 manu
2607 1647 2882 1718 teneret,
2920 1638 3154 1708 subito

617 1721 771 1811 ejus
818 1720 1026 1791 facies
1073 1723 1271 1811 quasi
1302 1724 1582 1794 accendi
1618 1737 1685 1795 et
1717 1746 2079 1796 coruscare
2121 1725 2262 1793 visa
2299 1735 2424 1795 est.
2460 1729 2672 1811 Atque
2709 1726 2945 1796 eodem
2985 1739 3160 1797 tem·

619 1830 784 1901 pore
811 1824 1091 1881 sanctus
1116 1834 1343 1893 senex,
1385 1811 1634 1902 effigiei
1668 1812 1960 1884 dulciter
1997 1813 2334 1893 arridens,
2388 1812 2479 1882 ita
2521 1837 2594 1885 se
2622 1834 2857 1905 gerere
2903 1816 3153 1907 coepit,

619 1898 901 1990 perinde
949 1922 1029 1969 ac
1086 1901 1143 1971 si
1203 1923 1365 1971 cum
1413 1901 1858 1972 dilectissima
1926 1907 2135 1972 Matre
2200 1913 2555 1993 praesente
2623 1902 3154 1990 colloqueretur.

617 1987 899 2068 Exhinc,
933 2009 1071 2076 quo
1124 1991 1341 2080 magis
1393 1991 1628 2061 mortis
1670 2005 2091 2061 momentum
2143 1991 2767 2081 appropinquabat,
2801 2013 2880 2062 eo
2929 1994 3160 2084 magis

618 2076 1044 2147 increscebat
1110 2078 1265 2166 ejus
1325 2079 1593 2170 pietatis
1662 2079 1904 2149 fervor.
1970 2086 2135 2150 Jesu
2183 2103 2262 2150 ac
2312 2079 2562 2149 Mariae
2615 2080 2954 2171 imagines
3014 2094 3159 2151 tam

617 2163 1006 2254 frequenter
1037 2178 1314 2254 tamque
1361 2168 1661 2238 suaviter
1706 2168 1810 2238 ori
1857 2168 2293 2251 admovebat,
2347 2180 2425 2238 ut
2477 2168 2617 2239 illis
2665 2168 3162 2242 deosculandis

619 2254 729 2323 vix
774 2254 1008 2323 satiari
1060 2277 1259 2345 posse
1307 2257 1669 2327 videretur.
1722 2263 1853 2329 Nec
1901 2258 2076 2327 dura
2106 2256 2240 2327 fuit
2277 2269 2515 2329 sancto
2553 2257 2697 2327 viro
2743 2280 2903 2328 cum
2935 2271 3164 2330 morte

617 2341 1032 2424 colluctatio;
1078 2345 1312 2415 minus
1357 2346 1540 2415 enim
1596 2367 1755 2417 cum
1815 2359 2029 2417 morte
2089 2346 2444 2417 colluctari
2507 2346 2890 2428 videbatur,
2942 2368 3164 2435 quam

619 2432 1029 2502 suavissima
1064 2433 1289 2526 abripi
1319 2435 1555 2516 extasi,
1603 2436 1673 2506 in
1705 2457 1842 2524 qua
1892 2435 2195 2527 paradisi
2225 2435 2504 2528 gaudiis
2552 2434 2874 2527 perfundi
2903 2438 3162 2527 coepit.

621 2521 1090 2592 Placidissime
1134 2547 1294 2594 eum
1345 2525 1646 2596 dormire
1720 2525 1982 2597 diceres
2012 2580 2027 2608 ,
2080 2525 2297 2596 donec
2347 2525 2670 2607 tandem,
2737 2525 2822 2594 ad
2873 2526 3166 2627 signum

617 2611 1050 2682 salutationis
1082 2613 1455 2705 angelicae,
1512 2614 1690 2684 inter
1737 2636 2018 2686 suorum
2071 2614 2553 2696 alumnorum,
2605 2612 2727 2701 qui
2768 2613 2966 2683 multi
3017 2638 3165 2685 un-

615 2699 824 2788 dique
858 2699 1280 2785 advolarent,
1351 2702 1716 2793 lacrymas,
1770 2715 2078 2773 sanctam
2143 2725 2342 2774 suam
2392 2703 2693 2773 animam
2744 2702 3034 2785 efflavit;
3095 2716 3173 2775 et

616 2788 705 2858 ad
741 2795 977 2859 Jesum
1029 2811 1107 2860 ac
1158 2791 1462 2873 Mariam,
1500 2814 1675 2879 quos
1723 2812 1994 2880 semper
2019 2792 2093 2861 in
2138 2793 2343 2862 corde
2390 2804 2593 2880 atque
2621 2791 2688 2861 in
2739 2812 2857 2861 ore
2891 2791 3168 2863 habue-

616 2890 760 2953 rat,
818 2879 1134 2966 migravit
1196 2880 1262 2949 in
1306 2880 1616 2961 coelum,
1669 2879 1781 2949 die
1829 2880 2054 2971 prima
2112 2880 2423 2971 Augusti,
2475 2902 2659 2950 anno
2705 2901 3163 2964 mcctxnvu,

616 2964 785 3066 hora
834 2965 1239 3051 meridiana,
1282 2990 1506 3039 annos
1557 2981 1760 3039 natus
1809 2968 2222 3060 nonaginta,
2279 2990 2551 3041 menses
2598 2969 2833 3040 decem
2883 2982 2951 3041 et
3009 2970 3174 3043 dies

614 3074 948 3143 quinque.
1907 3130 1925 3149 ⁸

702 3144 741 3229 ἓ
784 3150 917 3218 11.
970 3145 1087 3215 Vix
1125 3167 1162 3215 e
1213 3145 1481 3216 mortali
1524 3146 1651 3215 hac
1702 3145 1838 3215 vita
1867 3157 2244 3218 excesserat
2275 3144 2690 3236 AlphonsuS,
2727 3168 2885 3217 cum
2926 3147 3171 3219 incre-

613 3241 843 3301 scente
889 3232 1321 3304 admirabilis
1385 3235 1536 3324 ejus
1582 3235 1965 3305 sanctitatis
2016 3234 2379 3325 opinione,
2445 3235 2768 3324 permulti
2819 3235 3172 3327 dignitate

613 3320 976 3411 conspicui
1016 3322 1136 3392 viri
1187 3323 1406 3392 enixis
1454 3324 1775 3413 precibus
1822 3323 2008 3415 apud
2073 3324 2263 3393 Pium
2315 3329 2399 3394 VI
2447 3345 2690 3415 rogare
2733 3338 3163 3415 coeperunt,

613 3418 692 3478 ut
737 3408 822 3477 de
880 3411 1312 3481 sanctissima
1378 3413 1491 3481 Dei
1561 3411 1801 3482 famuli
1851 3412 1987 3483 vita
2040 3412 2344 3500 juridica
2413 3426 2564 3483 acta
2614 3412 3161 3485 conficerentur.

611 3497 868 3567 Annuit
900 3500 1480 3590 postulationibus
1523 3505 1854 3571 Summus
1903 3500 2246 3583 Pontifex;
2310 3515 2514 3589 atque
2561 3502 2621 3571 is
2657 3501 2790 3573 suit
2836 3503 2930 3572 rei
2993 3524 3172 3573 suc-

611 3604 872 3668 cessuS,
911 3601 988 3657 ut
1017 3587 1407 3679 Alphonsus
1448 3589 1591 3677 jam
1628 3589 1716 3659 ab
1762 3612 1947 3660 anno
1997 3602 2149 3681 post
2175 3591 2325 3681 ejus
2372 3591 2637 3660 obitum
2683 3612 2888 3672 non0,
2923 3590 3171 3661 decla-

614 3687 880 3744 raretur
927 3677 1369 3748 Venerabilis
1422 3683 1614 3749 Anno
1676 3678 1832 3749 dein
1883 3699 2157 3750 unccc111
2206 3678 2460 3770 prodiit
2497 3678 2802 3750 solemne
2837 3684 2903 3750 S.
2958 3679 3172 3752 Sedis

610 3762 986 3847 decretum,
1042 3766 1156 3836 cui
1202 3766 1818 3859 diligentissimum
1858 3789 2142 3838 examen
2199 3768 2599 3858 praeiverat,
2655 3768 2829 3839 nihil
2884 3769 2949 3838 in
3003 3789 3176 3838 om-

609 3852 820 3923 nibus
868 3857 934 3924 S.
987 3855 1321 3926 Antistitis
1367 3858 1706 3947 Operibus
1772 3858 2067 3927 censura
2112 3855 2405 3959 dignum
2469 3856 2779 3947 reperiri.
2850 3861 3174 3927 Praeter-

610 3941 825 4033 lapsis
862 3943 1112 4014 exhinc
1164 3944 1482 4015 tredecim
1534 3946 1780 4027 annis,
1845 3945 2257 4017 venerabilis
2319 3945 2433 4015 Dei
2493 3950 2744 4016 Servus
2791 3967 2830 4014 a
2877 3945 2996 4015 Pio
3036 3950 3171 4017 VII

611 4029 790 4101 inter
825 4037 1062 4104 Beatos
1097 4032 1352 4104 relatus
1399 4047 1523 4116 est;
1581 4057 1661 4105 ac
1707 4034 1988 4105 demum
2044 4040 2126 4105 48
2173 4033 2511 4105 kalendas
2554 4032 2759 4105 Junii
2800 4033 3176 4125 trigesimo

611 4117 820 4207 hujus
850 4121 1107 4193 saeculi
1141 4144 1327 4194 anno
1371 4122 1794 4193 declaratum
1844 4137 1947 4194 est
1991 4144 2032 4193 a
2082 4123 2196 4194 Pio
2231 4128 2379 4194 VIII
2438 4123 2524 4194 ad
2561 4123 2744 4193 Beati
2778 4123 2906 4193 viri
2943 4144 3176 4193 cano-

609 4206 1021 4280 nizationem
1063 4223 1213 4282 tuto
1249 4211 1526 4303 procedi
1575 4233 1799 4303 posse.
1853 4212 2287 4283 canonizatio
2334 4224 2587 4296 tamen,
2644 4224 2924 4304 propter
2970 4210 3178 4282 diffi-

611 4294 849 4397 cilium
902 4320 1129 4369 rerum
1164 4321 1242 4371 ac
1292 4315 1676 4392 temporum
1727 4300 2080 4391 adiuncta,
2124 4301 2339 4372 dilata
2396 4301 2525 4372 fuit
2569 4322 2790 4404 usque
2846 4299 2933 4372 ad
2976 4305 3178 4371 Pon-

614 4384 947 4457 tificatum
990 4391 1117 4459 Gre
1166 4388 1296 4459 orii
1340 4394 1505 4470 XVI,
1561 4389 1683 4476 qui
1734 4389 2046 4474 tandem,
2101 4390 2173 4460 in
2221 4390 2389 4461 festo
2424 4395 2526 4461 Ss.
2579 4390 2931 4461 Trinitatis
2968 4412 3174 4460 anno

611 4494 998 4548 mccxxnx
1066 4482 1114 4548 Α
1147 4476 1490 4570 phonsum
1561 4483 1970 4549 Sanctorum
2041 4478 2352 4571 catalogo
2407 4479 2797 4563 accensuit,
2859 4477 3174 4569 ejusque
