3308 5004
159 331 333 398 AUG.
392 332 470 396 ⁴7
857 349 938 396 na
983 349 1073 397 vn
1120 350 1235 398 ιι.
1289 345 1610 399 nomenis
1654 347 1723 396 m
1767 344 1998 397 uruca
2478 332 2609 398 403

158 433 394 505 Christi
435 445 771 524 martyres
808 432 1308 521 frequentabat,
1340 446 1407 504 et
1435 433 1530 504 ita
1560 432 1648 504 ab
1679 433 1778 503 eis
1807 431 2123 504 doctrina
2153 443 2220 505 et
2253 434 2501 506 virtute
2528 434 2694 506 fidei

158 524 620 605 roborabatur,
670 533 749 593 ut
796 521 956 595 talia
1004 523 1209 595 etiam
1251 522 1387 614 ipsi
1432 544 1558 613 pro
1611 522 1859 592 Christi
1912 522 2193 593 nomine
2245 523 2447 614 plena
2506 522 2699 595 dele-

155 612 435 682 ctatione
573 610 783 681 rferre
820 623 1176 703 cuperent,
1227 624 1293 683 et
1338 610 1588 702 capulo
1637 611 2114 702 persequentis
2161 610 2392 683 facilia
2432 634 2698 704 suppo·-

155 712 384 771 nerent
412 722 493 771 co
528 700 614 771 la.
652 705 794 772 Hoc
840 713 1069 772 autem
1111 701 1512 792 tyrannicas
1540 700 1845 791 pervenit
1883 698 1967 769 ad
2011 722 2241 772 aures.
2287 702 2420 784 Qui
2466 703 2692 773 ebrie-

157 802 279 860 tate
324 789 578 861 suroris
625 810 980 871 accensuS,
1024 790 1224 882 jubet
1269 811 1386 861 eos
1423 788 1656 860 adhuc
1695 787 2030 860 inauditis
2058 811 2144 859 su
2183 788 2428 890 ‘pliciis
2473 789 2692 882 adigi,
2817 811 2828 825 ·

158 891 210 948 et
254 878 636 967 majoribus
685 877 982 950 vinculis
1028 879 1327 961 onerari,
1379 878 1752 966 navimque
1807 878 2104 968 imperat
2177 900 2500 969 ignorum
2550 881 2695 950 ari-

160 967 387 1037 dorum
430 968 616 1037 mani
670 966 807 1038 ulis
861 967 1253 1060 adimpleri,
1306 979 1510 1056 atque
1549 967 1618 1037 in
1669 965 1908 1037 eadem
1957 966 2286 1038 omnibus
2332 966 2452 1036 alli
2504 969 2637 1040 atis
2666 1021 2690 1050 ,

157 1056 217 1125 in
266 1056 494 1128 medio
528 1079 611 1148 pe
639 1077 769 1158 ago
817 1056 837 1125 i
893 1078 977 1127 ne
1036 1057 1396 1159 supposito
1441 1056 1894 1128 concremari.
1952 1054 2370 1145 Eductisque
2418 1055 2465 1125 il
2499 1057 2562 1126 is
2609 1056 2699 1127 de

154 1146 477 1227 custodia,
530 1145 810 1217 multitu
864 1168 904 1216 o
952 1146 1193 1237 populi
1241 1146 1382 1226 Dei,
1428 1144 1793 1216 bellatores
1839 1144 2189 1214 Trinitatis
2218 1144 2421 1232 quasi
2470 1166 2691 1236 agnos

156 1235 484 1305 innocuos
535 1234 621 1305 ad
672 1233 1021 1304 victimam
1063 1234 1468 1316 deducebat,
1511 1246 1578 1305 et
1624 1233 2000 1324 rigentium
2050 1232 2355 1324 pondera
2412 1245 2694 1304 catena-

154 1345 296 1393 rum
365 1322 567 1412 quasi
629 1322 968 1412 quaedam
1023 1323 1305 1395 monilia
1356 1322 1774 1415 pervidebat:
1826 1321 1992 1410 quia
2056 1343 2190 1393 non
2240 1322 2526 1393 suerunt
2572 1322 2694 1394 illa

153 1412 458 1494 vincula,
522 1411 641 1482 sed
690 1412 920 1504 potius
979 1425 1407 1483 ornamenta.
1459 1411 1881 1484 Incedebant
1945 1410 2176 1497 itaque
2221 1433 2383 1482 cum
2432 1410 2696 1483 fiducia

152 1500 226 1571 ad
275 1524 406 1592 sup
466 1501 729 1582 licium,
769 1501 966 1588 quasi
1016 1501 1102 1573 ad
1152 1502 1397 1592 epulas
1427 1513 1944 1580 concurrentes,
1984 1521 2126 1569 una
2174 1521 2334 1571 voce
2383 1521 2507 1591 per
2544 1522 2696 1571 am-

151 1589 324 1661 bitus
357 1613 401 1682 p
436 1602 742 1661 atearum
788 1590 1076 1661 Domino
1114 1589 1599 1662 decantantes:
1654 1613 1691 1658 «
1729 1591 1963 1662 Gloria
1993 1590 2066 1659 in
2111 1591 2398 1659 eoecelsis
2443 1594 2599 1671 Deo,
2629 1600 2695 1660 et

150 1680 214 1748 in
248 1689 434 1750 terra
456 1703 612 1771 pam
659 1679 1034 1749 hominibus
1080 1681 1287 1751 bonae
1322 1681 1714 1751 voluntatis.
1768 1677 1999 1750 Votiva
2059 1677 2259 1748 nobis
2321 1678 2490 1750 haec
2545 1678 2696 1750 dies

150 1779 263 1844 est,
299 1779 367 1838 et
396 1768 592 1840 omni
626 1766 983 1838 festivitate
1014 1768 1338 1840 festivior.
1372 1774 1538 1839 Ecce
1561 1791 1738 1839 nunc
1770 1778 2029 1858 tempus
2070 1769 2503 1869 acceptabile,
2542 1791 2695 1838 ecce

150 1880 312 1926 nunc
358 1858 503 1928 dies
538 1860 806 1939 saluti-e,
844 1857 1125 1944 quando
1172 1880 1297 1949 pro
1344 1857 1481 1928 fide
1528 1856 1805 1927 Domini
1850 1856 1965 1926 Dei
2018 1869 2232 1927 nostrl
2329 1855 2695 1928 erferimus

151 1959 626 2036 praeparatum
699 1946 1167 2037 supplicium,
1223 1969 1309 2018 ne
1356 1946 1759 2017 amittamus
1815 1967 1896 2015 ac
1948 1945 2196 2017 uisitae
2310 1944 2422 2016 dei
2483 1944 2694 2016 indu-

151 2048 529 2105 mentum.»
573 2034 699 2105 Sed
750 2047 814 2105 et
856 2035 1133 2126 populis
1228 2035 1465 2107 ublica
1495 2056 1658 2106 voce
1695 2034 1921 2105 clama
1973 2045 2136 2105 ant:
2190 2039 2330 2104 «Ne
2362 2034 2683 2115 timeatis,

151 2143 185 2190 o
273 2146 310 2195 o
364 2123 469 2193 uli
517 2124 658 2205 Dei,
695 2145 919 2212 neque
957 2123 1158 2194 formi
1213 2125 1341 2196 etis
1380 2125 1610 2195 minas
1640 2137 1846 2211 atque
1881 2135 2174 2194 terrores
2226 2123 2694 2213 praesentium

152 2146 319 2283 trissu
353 2213 707 2283 ationum:
762 2211 881 2285 sed
933 2214 1163 2314 potius
1198 2213 1579 2285 moriamur
1627 2233 1751 2304 pro
1782 2211 2085 2295 Christo,
2147 2211 2497 2300 quomodo
2546 2213 2568 2281 i
2621 2233 2697 2282 se

151 2316 456 2372 mortuus
502 2314 602 2372 est
641 2323 766 2393 pro
801 2301 1024 2383 nobis,
1080 2302 1427 2373 redimens
1466 2323 1592 2373 nos
1651 2302 1871 2392 pretio
1917 2300 2029 2371 sui
2075 2300 2444 2392 sanguinis
2504 2323 2579 2371 sa
2610 2324 2697 2371 u-

152 2391 375 2461 taris.»
431 2395 657 2461 Unum
696 2402 922 2461 tamen
974 2389 1358 2461 vehementi
1395 2402 1691 2471 conam,
1745 2389 1868 2478 qui
1917 2389 2097 2459 inter
2141 2388 2695 2460 eosinsantulus

153 2478 502 2552 videbatur
534 2535 550 2562 ,
620 2479 898 2551 nomine
970 2480 1386 2563 Maximum,
1447 2479 1823 2571 cupiebant
1891 2490 2209 2550 auctores
2258 2478 2602 2549 malorum
2653 2500 2690 2549 a

152 2584 535 2640 sanctorum
584 2570 927 2641 consortio
975 2591 1316 2661 separare,
1370 2569 1718 2640 dicentes:
1772 2566 2142 2648 Infantule,
2187 2566 2357 2655 quid
2407 2567 2695 2640 festinas

153 2658 227 2727 ad
259 2658 601 2728 mortem?
645 2657 914 2729 dimitte
944 2680 1084 2739 eos,
1130 2659 1515 2740 insaniunt,
1567 2670 1635 2728 et
1680 2656 1848 2727 audi
1893 2656 2267 2726 consilium
2317 2669 2630 2728 nostrum
2662 2708 2685 2736 ,

152 2759 218 2815 ut
247 2748 472 2838 possis
518 2746 826 2817 invenire
859 2748 1036 2818 vitae
1074 2747 1484 2831 remedium,
1536 2760 1602 2817 et
1634 2745 1805 2816 tanti
1863 2745 2047 2837 regis
2084 2745 2277 2815 adire
2325 2745 2688 2847 palatium.

153 2838 323 2906 Tunc
374 2835 494 2906 ille
540 2846 758 2906 aetate
826 2836 1107 2925 quidem
1163 2834 1454 2928 puerili,
1529 2834 1734 2907 senili
1807 2848 2035 2904 tamen
2087 2846 2481 2905 maturitate
2552 2833 2694 2903 cla-

152 2925 407 2996 mabat:
465 2947 502 2992 «
534 2930 743 2997 Nemo
791 2946 901 2996 me
930 2927 1203 3017 separat
1248 2949 1287 2997 a
1323 2938 1561 2997 sancto
1611 2936 1803 3016 patre
1852 2945 2003 2994 meo
2044 2923 2354 2994 Liberato
2401 2922 2684 3005 Abbate,

152 3024 206 3082 et
231 3013 560 3084 fratribus
609 3014 822 3094 meis,
873 3014 997 3102 qui
1047 3036 1155 3085 me
1211 3013 1283 3083 in
1345 3013 1761 3087 monasterio
1818 3012 2238 3082 nutrierunt.
2290 3016 2458 3083 Cum
2517 3011 2691 3103 ipsis

154 3122 289 3171 sum
339 3104 410 3172 in
465 3102 708 3173 timore
766 3104 882 3173 Dei
922 3115 1414 3184 conversatus,
1485 3125 1645 3174 cum
1699 3101 1869 3193 ipsis
1925 3100 2244 3172 desidero
2292 3101 2688 3192 passionem

152 3192 510 3284 suscipere,
563 3214 724 3263 cum
778 3192 1038 3293 quibus
1081 3191 1287 3263 credo
1347 3213 1458 3263 me
1515 3205 1582 3262 et
1646 3190 1949 3262 suturam
2002 3190 2294 3282 gloriam
2347 3190 2684 3260 invenire.

150 3279 346 3351 Nolite
387 3294 654 3372 putare,
693 3301 859 3369 qula
905 3281 1189 3439 Potestis
1237 3280 1564 3352 seducere
1597 3280 1964 3382 pueritiam
2013 3301 2261 3349 meam.
2303 3278 2523 3350 Simul
2562 3300 2690 3350 nos

153 3368 470 3440 Dominus
510 3382 768 3462 septem
817 3391 901 3440 vo
933 3370 1036 3441 uit
1080 3391 1207 3439 con
1263 3390 1523 3461 regare,
1565 3369 1776 3442 simul
1811 3368 2218 3460 dignabitur
2256 3389 2498 3439 omnes
2546 3389 2691 3439 uno

152 3459 462 3549 martyrio
515 3480 868 3530 coronare.
922 3464 1186 3542 Quomo
1237 3480 1278 3529 o
1326 3480 1527 3529 nemo
1599 3458 1824 3561 perire
1855 3458 2103 3559 ‚potuit
2149 3456 2235 3527 de
2297 3458 2691 3549 septenario

152 3542 257 3616 illo
293 3569 586 3619 numero
631 3547 935 3619 felicium
987 3548 1585 3628 machabaeorum,
1642 3559 1735 3617 tta
1782 3559 1986 3618 etlam
2035 3548 2365 3637 septenus
2417 3558 2694 3617 nostrae
2787 3568 2792 3577 ·

152 3636 688 3729 congregationis
736 3658 1093 3719 numerus,
1148 3636 1421 3709 nullum
1481 3636 1783 3707 inveniet
1828 3635 2348 3707 detrimentum.
2402 3640 2570 3707 Nam
2631 3634 2693 3707 si

154 3741 473 3815 negavero
517 3746 704 3807 eum,
741 3738 809 3797 et
844 3725 994 3812 ipse
1035 3727 1313 3815 negabit
1361 3747 1510 3796 me:
1546 3724 1879 3814 quoniam
1928 3725 2203 3815 abipso
2247 3723 2513 3795 dictum
2543 3736 2686 3793 est:

155 3810 275 3889 Qui
312 3838 416 3886 me
471 3816 820 3907 negaverit
873 3837 1099 3885 coram
1147 3816 1545 3896 hominibus,
1627 3815 1883 3906 negabo
1929 3824 1994 3883 et
2064 3834 2179 3900 eqo
2235 3835 2388 3883 eum
2466 3833 2694 3881 coram

152 3901 335 3972 Patre
363 3927 533 3986 mec,
595 3906 720 3997 qui
754 3914 849 3973 est
882 3905 954 3974 in
999 3906 1216 3974 coelis.
1254 3909 1332 3973 Et
1358 3906 1482 3996 qui
1505 3926 1611 3973 me
1664 3904 2000 3993 confessus
2045 3903 2257 3992 fuerit
2304 3923 2530 3971 coram
2569 3899 2692 3969 Ιιο-

151 3991 443 4162 ἴτᾶηἰὸἕε,
482 3994 833 4085 confitebor
861 4004 928 4064 et
955 4015 1076 4085 eqo
1113 4015 1266 4063 eum
1300 4015 1524 4064 coram
1562 3997 1767 4063 Patre
1817 4014 1984 4073 meo,
2021 3993 2146 4082 qui
2172 3992 2245 4059 in
2291 3990 2492 4060 coelis
2523 3998 2618 4057 est
2650 4009 2690 4055 »

242 4090 338 4149 att
392 4132 407 4149 .
449 4105 488 4151 x
529 4137 543 4150 .

227 4168 381 4253 §a
435 4081 749 4242 Pgrducti
812 4169 1046 4273 itaque
1100 4190 1261 4240 cum
1333 4168 1770 4240 festinatione
1820 4167 1905 4239 ad
1959 4167 2200 4238 navale
2253 4163 2684 4267 supplicium

154 4272 266 4339 pro
293 4259 634 4330 voluntate
680 4258 952 4330 infandi
999 4280 1071 4330 re
1127 4258 1205 4340 's‚
1249 4257 1354 4329 vel
1396 4257 1787 4329 crudelium
1841 4256 2342 4336 ministrorum,
2388 4267 2690 4326 extensis

156 4346 462 4419 manibus
524 4360 591 4418 et
651 4347 987 4440 pedibus,
1040 4371 1079 4420 c
1109 4348 1289 4418 avati
1337 4346 1658 4417 feruntur
1706 4345 1961 4438 potius,
2015 4366 2223 4434 quam
2282 4344 2503 4436 ligati.
2556 4344 2691 4427 Qui

159 4427 312 4501 dum
337 4435 517 4527 ignis
542 4436 787 4510 fuisset
815 4437 1024 4531 lignis
1049 4437 1375 4528 injectuS,
1406 4436 1634 4508 statim
1663 4436 1959 4529 imperio
1993 4435 2253 4519 divino,
2288 4433 2689 4505 videntibus
