3308 5004
145 334 326 402 AUG.
384 336 463 401 ⁴3
957 354 1036 400 m:
1084 353 1141 402 s.
1192 353 1567 403 nuncnune
1614 353 1847 401 alienu
2458 337 2585 403 305

141 438 314 526 quod
367 438 452 506 ad
500 460 655 508 eum
710 438 805 508 ibi
837 437 1195 508 visendum
1247 438 1648 529 pervenerit.
1684 443 1762 507 Et
1788 438 1952 525 quia
1988 436 2218 508 votum
2255 438 2475 529 plebis
2502 451 2668 522 erat,

142 540 215 597 ut
253 527 428 597 beati
477 528 747 597 Martini
795 527 1169 597 oratorium
1221 527 1638 606 conderent,
1689 527 2146 617 apprehendit
2196 528 2478 599 Tribuni
2531 550 2677 599 ma-

145 638 305 686 num
358 616 776 695 beatissima,
831 616 1112 685 dicens:
1172 619 1313 685 Hoc
1370 615 1518 685 loco
1566 629 1730 685 sunt
1790 614 2205 686 confessoris
2257 617 2682 689 venerandae

146 704 506 792 reliquiae:
563 727 682 795 per
719 705 907 773 hunc
954 703 1307 774 aedificate
1353 704 1720 795 templum,
1754 703 1938 791 quod
1989 704 2121 775 sibi
2153 704 2364 775 ducat
2412 706 2683 797 dignis-

147 793 419 864 simum.
463 793 675 875 Quale
710 794 825 863 Dei
859 793 1316 894 mysterium?
1345 792 1899 864 Fundamentum
1939 805 2001 863 et
2040 794 2521 882 pavimentum
2581 819 2684 865 re-

149 895 405 972 pertum
438 896 561 964 est,
614 903 751 970 quo
799 882 1087 952 basilica
1118 881 1294 951 facta
1331 895 1455 952 est.
1490 882 1730 951 Adhuc
1784 883 1853 950 in
1912 882 2065 972 ipso
2105 903 2354 973 sopore
2402 905 2685 954 manum

147 971 340 1040 trahit
391 992 511 1058 per
555 972 788 1042 fauces
834 972 1006 1062 ejus,
1062 969 1295 1060 gulam
1345 971 1468 1040 diu
1517 970 1895 1051 deliniens,
1953 970 2244 1060 insuper
2297 985 2363 1041 et
2404 972 2534 1041 hoc
2581 973 2690 1061 di-

145 1081 337 1129 cens:
392 1061 581 1140 Veni,
624 1073 700 1129 ut
749 1060 871 1129 tibi
908 1059 1147 1129 melior
1184 1081 1224 1128 a
1273 1064 1404 1129 Deo
1450 1060 1711 1130 sanitas
1758 1058 2174 1141 conferatur,
2219 1072 2285 1128 et
2329 1061 2687 1132 videbatur

147 1148 235 1217 sic
283 1170 569 1238 rogare:
601 1154 727 1218 Per
760 1170 980 1217 meam
1013 1148 1221 1216 vitam
1273 1161 1548 1239 propter
1574 1170 1682 1217 me
1731 1147 1990 1219 relaxes
2015 1146 2194 1228 illos,
2252 1170 2429 1234 quos
2470 1149 2683 1220 habes

147 1236 207 1304 in
255 1258 551 1307 carcere.
605 1236 953 1328 Evigilans
991 1237 1374 1317 TribunuS,
1439 1236 1681 1318 refert,
1735 1237 1917 1324 quod
1970 1236 2277 1318 viderat,
2339 1238 2670 1338 conjugi,

147 1324 409 1395 dicens:
464 1332 627 1396 Vere
672 1325 899 1406 cred0,
934 1326 1117 1413 quod
1170 1326 1298 1395 hac
1346 1326 1515 1396 hora
1539 1326 1703 1396 exiit
1742 1338 1976 1395 sancta
2015 1325 2100 1395 de
2135 1324 2389 1395 seculo.
2430 1329 2677 1418 Dirigit

146 1414 222 1482 ad
261 1416 628 1496 civitatem,
683 1428 759 1484 ut
793 1437 913 1504 per
945 1415 1072 1484 hoc
1120 1436 1275 1483 vera
1328 1427 1810 1505 cognosceret:
1877 1414 2278 1484 transmittit
2308 1413 2392 1483 ad
2443 1438 2672 1486 carce-

145 1524 300 1584 rem,
353 1504 478 1591 qui
525 1517 783 1594 septem
818 1503 1134 1573 homines
1195 1503 1293 1572 ibi
1349 1514 1642 1573 retentos
1689 1502 2085 1574 admonitus
2138 1503 2490 1574 relaxaret.
2546 1510 2674 1574 Re-

143 1590 384 1662 deunte
416 1593 852 1673 transmis50,
904 1591 1104 1661 refert
1149 1614 1301 1661 eam
1371 1593 1647 1673 horam,
1702 1614 1838 1678 qua
1898 1592 2307 1682 migraverat
2344 1592 2541 1683 justa
2590 1594 2676 1663 de

145 1680 385 1761 seculO,
421 1694 488 1750 et
517 1680 768 1771 triplici
801 1681 1148 1771 mysterio,
1182 1702 1454 1751 carcere
1484 1680 1803 1759 relaxato,
1843 1679 2143 1751 Tribuno
2175 1702 2344 1750 sano
2377 1681 2669 1763 reddit0,

150 1768 500 1840 aedificato
549 1769 826 1860 temp10,
883 1783 1157 1840 sanctae
1205 1771 1515 1860 probavit
1545 1769 1934 1840 oraculum.
1975 1769 2099 1839 Sed
2139 1768 2224 1838 de
2273 1770 2510 1840 beatae
2547 1771 2682 1839 vir-

149 1858 405 1928 tutibus
446 1858 742 1928 sufficiat
789 1858 1148 1949 exiguitas,
1204 1880 1288 1928 ne
1341 1859 1732 1929 fastidiatur
1777 1858 2095 1929 ubertas:
2151 1879 2276 1928 nec
2327 1871 2683 1948 reputetur

150 1946 648 2028 brevissimum,
701 1948 821 2018 ubi
870 1948 955 2016 de
1004 1948 1243 2037 paucis
1272 1949 1713 2038 cognoscitur
1743 1946 1809 2015 in
1866 1945 2224 2018 miraculis
2265 1947 2673 2037 amplitudo.

148 2038 322 2116 Quae
368 2037 637 2126 pietate,
691 2037 1038 2127 parcitate,
1093 2036 1480 2117 dilectione,
1526 2035 1915 2116 dulcedine,
1971 2035 2403 2118 bumilitate,
2466 2036 2678 2106 hone-

153 2135 331 2223 state,
376 2125 537 2194 fidei
573 2125 830 2196 fervore
877 2126 974 2195 sic
1015 2126 1284 2206 vixerit,
1338 2138 1414 2196 ut
1461 2125 1689 2195 adhuc
1743 2126 1964 2216 ipsam
2027 2136 2178 2215 post
2225 2125 2487 2195 obitum
2531 2123 2679 2216 glo-

154 2214 305 2281 riosi
353 2215 685 2283 transitus
734 2213 1076 2283 mirabilia
1131 2227 1652 2304 prosequantur.

233 2306 421 2371 Lmen
470 2308 556 2373 II.
608 2305 644 2389 ἓ
692 2310 766 2376 1.
852 2302 1419 2389 Quandoquidem
1487 2302 1701 2392 priori
1767 2301 1943 2370 libro
2007 2300 2306 2371 indicata
2363 2313 2465 2370 est
2528 2303 2678 2392 ejus

155 2390 326 2479 regia
386 2391 580 2479 origo
638 2404 701 2461 et
764 2390 1088 2480 dignitas,
1144 2391 1380 2460 nullus
1432 2393 1747 2482 ignorare
1797 2403 2035 2479 potest,
2088 2389 2674 2475 quemadmodum

153 2498 287 2549 sese
332 2480 642 2571 gesserit,
695 2480 976 2568 quando
1023 2502 1180 2550 cum
1226 2493 1490 2551 terreno
1527 2480 1860 2571 principe,
1912 2476 2292 2566 eodemque
2340 2478 2672 2569 conjuge,

155 2569 321 2657 Rege
359 2569 704 2659 praecelso
753 2570 1065 2648 Clotario,
1118 2571 1672 2640 conversabatur.
1722 2574 1815 2637 Ex
1864 2567 2075 2657 regali
2123 2568 2308 2637 enim
2360 2569 2683 2658 progenie

157 2656 368 2727 nobile
402 2681 684 2750 germen
718 2660 987 2750 erupit:
1040 2658 1363 2745 quodque
1408 2658 1674 2748 accepit
1717 2680 1796 2727 ex
1846 2677 2116 2747 genere,
2178 2655 2341 2746 plus
2390 2656 2526 2726 fide
2573 2679 2683 2727 or-

157 2746 350 2815 navit.
412 2748 789 2837 conjuncta
846 2746 1124 2835 quidem
1186 2759 1330 2818 erat
1377 2759 1642 2816 terreno
1704 2745 2009 2846 principi·
2052 2745 2306 2815 nobilis
2373 2747 2628 2836 Regina
2665 2801 2681 2826 ,

157 2834 449 2905 coelestis
500 2836 750 2937 potiuS,
802 2858 1008 2923 quam
1047 2848 1356 2905 terrena:
1422 2836 1534 2905 sed
1587 2846 1653 2904 et
1709 2855 1860 2925 ipso
1920 2834 2441 2921 conjunctionis
2498 2835 2689 2904 brevi

161 2930 446 3013 tempore
495 2939 587 2994 tta
635 2947 707 2995 se
753 2925 884 2994 sub
922 2925 1238 3017 conjugis
1287 2925 1512 3015 specie
1557 2937 1770 3013 nupta
1808 2924 2252 3012 comparavit,
2308 2934 2385 2991 ut
2420 2923 2687 2993 Christo

162 3012 393 3099 majori
438 3013 796 3082 devotione
844 3014 1146 3095 serviret,
1191 3025 1255 3083 et
1312 3014 1438 3084 hoc
1485 3023 1717 3103 ageret
1761 3011 1991 3081 adhuc
2050 3011 2117 3080 in
2158 3011 2330 3081 laico
2396 3011 2681 3093 habitu,

161 3100 324 3250 quod
378 3102 630 3172 imitari
685 3101 1001 3204 religiosa
1066 3114 1290 3172 mente
1338 3114 1735 3193 appeteret,
1779 3101 1922 3191 jam
1973 3101 2208 3170 animo
2279 3099 2687 3189 praevidens

188 3199 409 3260 uturae
456 3192 993 3261 conversationis
1040 3191 1434 3261 adventum.
1488 3196 1567 3260 In
1629 3190 1781 3279 ipso
1842 3188 2024 3258 enim
2090 3188 2383 3259 seculari
2440 3189 2682 3258 babitu

158 3271 283 3358 jam
329 3279 410 3348 ad
451 3279 803 3370 religionis
831 3281 1139 3370 exempla
1175 3302 1247 3350 se
1294 3279 1790 3358 conformabat,
1828 3289 1893 3346 et
1940 3276 2132 3346 nulla
2181 3276 2392 3365 hujus
2436 3277 2682 3347 mundi

167 3369 471 3456 compede
521 3381 865 3447 catenata,
920 3369 989 3437 in
1052 3390 1399 3439 servorum
1455 3369 1571 3438 Dei
1622 3366 2004 3437 ministeria
2053 3388 2325 3457 semper
2373 3367 2682 3436 accincta

170 3467 312 3532 erat,
365 3457 433 3525 in
478 3457 899 3528 redimendis
932 3458 1220 3547 captivis
1274 3456 1560 3537 solicita,
1614 3456 1685 3524 in
1757 3455 2186 3554 praestandis
2233 3454 2682 3544 eleemosynis

172 3541 465 3624 profusa:
526 3546 614 3614 ita
649 3557 723 3614 ut
764 3547 888 3615 hoc
919 3545 1143 3615 solum
1180 3567 1251 3617 se
1293 3545 1640 3635 possidere
1671 3557 1736 3614 et
1770 3544 2127 3634 proprium
2193 3543 2441 3614 habere
2481 3557 2679 3633 puta-

175 3639 276 3706 ret,
322 3634 500 3719 quod
553 3634 640 3704 ab
672 3634 822 3724 ipsa
863 3655 1124 3725 pauper
1178 3634 1572 3724 accepisset.

250 3719 281 3803 ξ
320 3727 396 3792 8.
452 3728 619 3792 Cum
654 3734 832 3792 esset
877 3722 1105 3792 adhuc
1143 3745 1301 3792 cum
1355 3728 1567 3824 Rege,
1638 3721 1881 3792 habitu
1934 3721 2212 3809 quidem
2276 3721 2630 3790 mundano
2661 3775 2676 3799 ‚

179 3806 276 3872 sed
319 3825 540 3882 mente
590 3812 658 3879 in
710 3811 1049 3881 Christum
1109 3811 1391 3893 intenta,
1453 3812 1739 3882 invitata
1778 3810 1863 3880 ad
1916 3809 2286 3900 prandium
2321 3832 2361 3878 a
2427 3808 2684 3879 Sifrede

186 3905 482 3981 matrona,
537 3899 703 3969 dum
755 3901 882 3970 iter
936 3911 1201 3990 ageret,
1253 3905 1508 3990 pompa
1558 3899 1968 3980 comitante,
2023 3897 2258 3968 fanum
2307 3897 2679 3984 quoddam,

181 3984 335 4060 quod
379 4011 417 4056 a
467 3990 746 4058 Francis
793 3988 1181 4068 colebatur,
1235 3989 1323 4058 ab
1369 3990 1522 4080 ejus
1570 3989 1815 4059 itinere
1867 3985 2195 4057 milliario
2238 4008 2377 4057 uno
2424 3985 2678 4055 aberat.

183 4065 290 4162 illa
316 4076 595 4149 audiens
642 4077 774 4147 coli
824 4077 996 4149 illud
1045 4099 1085 4146 a
1135 4079 1437 4159 Francis',
1466 4077 1682 4168 jussit
1730 4075 2089 4156 ministris,
2136 4087 2216 4145 ut
2262 4075 2405 4164 igni
2440 4075 2686 4175 injecto

182 4151 331 4254 illud
377 4167 899 4237 comburerent:
954 4166 1273 4253 iniquum
1321 4188 1652 4246 censenS,
1703 4168 1912 4233 Deum
1963 4163 2136 4234 coeli
2185 4178 2570 4244 contemni,
2622 4178 2688 4234 et

179 4240 427 4323 diabolo
473 4254 736 4324 cultum
786 4278 864 4325 ac
913 4255 1416 4325 venerationem
1489 4253 1828 4325 adhiberi.
1886 4252 2012 4322 Ubi
2060 4252 2127 4321 id
2191 4251 2435 4320 Franci
2496 4274 2686 4321 com-

179 4336 453 4422 periunt,
496 4343 778 4414 collecta
810 4365 943 4413 non
982 4366 1190 4435 parva
1234 4364 1447 4413 manu
1494 4364 1807 4418 suorum.
1861 4362 2020 4411 cum
2071 4340 2345 4431 gladiis,
2386 4339 2685 4412 fustibus

181 4432 242 4487 et
281 4429 483 4501 multo
530 4433 834 4503 satanico
873 4432 1148 4503 fremitu
1187 4432 1427 4502 fanum
1457 4432 1629 4502 tueri
1660 4441 2021 4500 conantur.
2053 4435 2130 4500 At
2160 4442 2395 4500 sancta
2427 4431 2686 4522 Regina

327 4546 552 4610 stu-ius
580 4586 597 4598 ·
633 4552 795 4613 Vitae
819 4552 928 4615 SS.
953 4584 977 4597 -
1004 4550 1133 4613 Vol.
1164 4551 1322 4613 VIII.
2451 4552 2528 4609 20
