3308 5004
164 320 359 391 AUG.
422 324 501 391 ¹7
2509 334 2628 402 401

728 539 1010 608 PASSIO
1061 539 1182 607 ΒΒ.
1237 541 1551 610 SEPTEM
1600 540 2174 613 MONACHORUM

1026 704 1241 772 APUD
1288 704 1871 774 CARTHAGINEM

340 862 1025 944 LIBERATI
1105 889 1368 964 aaa„
1451 863 2191 948 BONIFACII
2274 891 2550 950 ntae.

683 1065 839 1122 ctm
876 1041 1220 1123 SERVO
1261 1068 1356 1122 ΕΤ
1392 1042 1841 1125 RUSTIGO
1878 1065 2217 1126 suaniae.

564 1221 1067 1323 ROGATO,
1130 1217 1633 1303 SEPTIMO
1698 1241 1805 1303 Εἰ·
1866 1224 2338 1305 MAXIMO

847 1423 965 1472 ran
1012 1421 1323 1473 neronum
1368 1423 1679 1474 vntum
1723 1421 2064 1475 nnscnlru

1252 1570 1455 1626 Anno
1495 1571 1644 1626 488.
1887 1607 1920 1642 ,

255 1752 295 1839 ἓ
343 1757 421 1825 1.
474 1751 1007 1822 Praedicaturus
1065 1751 1275 1822 trium
1330 1751 1459 1824 hos
1507 1763 1894 1842 martyrum
1943 1751 2345 1836 beatorum,
2399 1752 2486 1823 ad
2536 1775 2735 1824 enar-

165 1839 391 1910 randa
437 1862 615 1943 quae
648 1853 840 1933 gesta
887 1851 1073 1922 sunt,
1122 1840 1284 1911 auxi
1313 1841 1460 1911 ium
1510 1862 1805 1943 exposco
1856 1839 2220 1911 divinum:
2271 1853 2352 1913 ut
2410 1841 2533 1931 qui
2595 1843 2736 1913 illis

167 1930 512 2020 praestitit
575 1929 951 2020 superandi
993 1928 1377 2012 victoriam,
1432 1930 1610 1999 mihi
1664 1929 1955 2021 indigno
2002 1942 2070 2000 et
2116 1931 2464 2002 immerito
2558 1954 2735 2002 uan-

166 2017 622 2108 tulacumque
661 2019 1026 2090 verborum
1078 2019 1386 2110 porrigat
1430 2031 1862 2089 ornamenta.
1901 2025 2092 2091 Tunc
2140 2020 2391 2091 etenim
2445 2042 2524 2090 va
2557 2021 2684 2092 ebo
2710 2077 2725 2101 ‚

166 2127 351 2195 quae
396 2107 777 2180 desiderata
828 2120 1015 2191 sunt,
1063 2108 1395 2189 indicare,
1451 2107 1511 2179 si
1557 2108 1691 2199 ipsi
1734 2107 2116 2200 dignentur
2203 2129 2278 2178 ro
2306 2131 2415 2179 me
2439 2112 2731 2180 Domino

168 2196 592 2288 supplicare.
624 2197 974 2289 Septimus
1005 2218 1311 2286 namque
1340 2196 1676 2289 agebatur
1728 2219 1959 2269 annus
2004 2219 2128 2268 cru
2182 2197 2476 2268 elissimi
2524 2210 2731 2287 atque

168 2284 576 2377 impiissimi
624 2286 978 2368 Hunerici,
1029 2298 1096 2356 et
1139 2306 1298 2357 ecce
1343 2286 1677 2375 antiquus
1724 2286 1980 2367 hostiS,
2031 2300 2433 2356 veternosus
2491 2287 2732 2375 utique

169 2375 450 2465 anguis,
508 2373 831 2447 trisulcae
878 2374 1157 2466 linguae
1208 2396 1471 2445 venena
1517 2375 1822 2457 vibrans,
1887 2374 2109 2464 Cyrila
2151 2374 2453 2464 quodam
2505 2378 2731 2446 Arrio-

169 2464 596 2536 manitarum
647 2464 973 2567 episcopo
1013 2463 1335 2535 ministro
1380 2484 1555 2537 usus
1601 2476 1745 2548 est,
1799 2463 2228 2546 subvertens,
2281 2477 2347 2536 et
2412 2463 2731 2536 obtinens

169 2554 490 2623 animum
542 2560 748 2646 Regis
784 2553 1078 2635 cruenti,
1130 2565 1210 2625 ut
1254 2554 1347 2624 ita
1398 2554 1721 2625 suaderet
1769 2575 1906 2625 non
1956 2574 2157 2645 posse
2201 2575 2363 2623 eum
2407 2567 2728 2645 pacatum

170 2653 379 2730 atque
427 2643 838 2735 longaevum
895 2641 1205 2715 obtinere
1252 2664 1543 2745 regnum
1576 2698 1592 2724 ,
1662 2642 1797 2713 nisi
1845 2663 2097 2713 nomen
2211 2643 2481 2714 erderet
2525 2644 2727 2713 inno-

172 2744 477 2817 centum.
529 2732 659 2816 Qui
694 2745 924 2803 tamen
968 2732 1084 2802 Dei
1122 2732 1394 2823 judicio
1443 2743 1597 2824 post
1645 2752 1782 2802 non
1833 2730 2091 2802 multos
2182 2731 2280 2801 iss
2326 2730 2733 2833 turpissima

170 2832 392 2890 morte
454 2832 894 2911 praeventus,
939 2833 1213 2892 scatens
1271 2821 1663 2902 vermibus,
1715 2820 2072 2910 expiravit.
2126 2825 2457 2892 Insectari
2504 2821 2733 2912 coepit

169 2927 288 2978 ore
334 2920 620 2981 cruento
653 2931 927 2981 omnem
979 2908 1487 2981 catholicorum
1537 2908 2085 2992 multitudinem,
2136 2931 2318 2998 quae
2364 2931 2487 3001 per
2517 2922 2726 2981 totam

169 2998 603 3087 provinciam
638 2998 1026 3069 Africanam
1078 2999 1148 3069 in
1201 2998 1512 3082 modum,
1564 2999 1748 3069 sicut
1789 2998 2217 3088 praedictum
2275 3012 2379 3070 est
2422 2998 2733 3069 Abrahae

168 3087 629 3176 patriarchae,
683 3108 936 3159 arenae
969 3088 1183 3160 maris
1216 3087 1441 3159 fuerat
1472 3088 1976 3180 multiplicata:
2028 3099 2106 3158 ut
2153 3109 2304 3158 eam
2355 3088 2735 3180 rebaptiza-

168 3175 384 3247 tionis
421 3178 764 3249 sauciaret
811 3178 1201 3260 machaera,
1254 3187 1460 3279 atque
1506 3178 1752 3251 stolam
1803 3176 1994 3247 illam
2026 3176 2405 3278 singularis
2450 3189 2517 3247 et
2570 3176 2731 3268 puri

162 3262 629 3355 baptismatis,
682 3287 894 3355 quam
948 3266 1264 3338 Christus
1298 3288 1458 3336 vino
1505 3266 1740 3337 carnis
1786 3287 1955 3336 suae
2001 3266 2386 3358 purificans
2419 3321 2435 3349 ,
2489 3266 2726 3357 praelo

165 3353 568 3445 exprimens
614 3356 875 3438 Crucis,
934 3355 1186 3427 fecerat
1243 3355 1659 3438 dealbatam,
1714 3367 1922 3427 tetrae
1985 3355 2372 3447 nigredinis
2425 3368 2733 3447 turparet

166 3441 411 3513 illuvie
458 3444 958 3516 sordidulenta.

256 3533 295 3619 ξ
347 3534 437 3604 ².
481 3534 841 3625 Accipiens
885 3554 1164 3622 quoque
1192 3546 1577 3626 tyrannuS,
1628 3543 1708 3604 ut
1761 3544 1909 3605 erat
1951 3532 2285 3605 ducibilis
2316 3533 2353 3569 ⁴*
2380 3545 2448 3604 et
2493 3532 2725 3614 ferus,

170 3622 648 3712 serpentinam
700 3623 1239 3715 suggestionem,
1292 3623 1624 3694 feralibus
1678 3622 1924 3693 edictis
1979 3644 2124 3693 uno
2170 3635 2476 3713 tempore
2519 3632 2734 3692 totam

166 3710 398 3800 coepit
452 3710 744 3782 Africam
809 3730 1267 3799 commovere.
1331 3712 1562 3784 Primo
1628 3711 2068 3784 sacerdotum
2116 3724 2183 3782 et
2253 3712 2731 3809 ministrorum

162 3800 724 3890 copiosissimam
784 3814 851 3872 et
891 3802 1587 3873 maximam·turbam
1619 3854 1636 3882 ,
1692 3801 1760 3870 in
1827 3800 2226 3893 longinquis
2289 3812 2358 3870 et
2408 3812 2731 3870 extremis

167 3888 574 3979 regionibus
619 3889 824 3961 exilio
856 3891 1122 3960 crudeli
1170 3890 1487 3961 detrusit.
1539 3889 1810 3974 Quibus
1841 3889 1950 3959 bis
1994 3901 2278 3960 acutum
2326 3909 2549 3979 genus
2585 3886 2734 3956 fru-

166 3978 411 4078 menti,
464 3978 647 4066 quod
689 3978 1032 4138 {umentis
1091 3979 1260 4052 solis
1305 3979 1511 4051 edere
1576 3998 1989 4069 concessum
2065 3989 2169 4049 est
2200 4032 2216 4061 ,
2288 3997 2730 4077 nequaquam

166 4066 521 4138 industria
570 4089 683 4138 mo
714 4070 816 4138 ari
856 4068 1258 4151 contritum,
1312 4068 1434 4139 sed
1485 4080 1809 4138 manente
1854 4064 2145 4137 furfuris
2194 4065 2446 4137 cortice
2484 4064 2735 4136 lorica-

169 4166 362 4237 tum‚
415 4174 540 4246 pro
588 4157 1029 4228 miseratione
1077 4158 1245 4227 dare
1313 4158 1687 4248 praecepit.
1740 4162 1896 4227 Post
1944 4176 2142 4238 vero,
2201 4166 2553 4225 crescente
2597 4154 2734 4223 im-

167 4243 450 4334 pietatis
496 4246 795 4328 insania,
851 4248 1057 4318 etiam
1109 4244 1243 4317 hoc
1270 4245 1528 4316 auferri
1572 4244 2106 4316 crudelissimus
2150 4242 2535 4336 imperavit.
2574 4248 2734 4315 Post

172 4332 525 4404 modicum
555 4354 829 4424 quoque
859 4336 1190 4428 temporis
1216 4335 1576 4406 universas
1606 4333 1819 4405 simul
1850 4331 2204 4418 ecclesias,
2236 4331 2729 4425 praejudicatis

220 4456 248 4483 ¹·
277 4454 472 4498 Scilicet
488 4456 764 4509 hujusmodi
783 4456 1169 4511 suggestionibus
1187 4455 1478 4501 truculentis
1496 4459 1654 4499 doe-au
1674 4467 1814 4501 sures
1831 4457 2078 4510 pmbens.

332 4541 577 4600 surius
607 4572 629 4585 ·
667 4539 832 4600 Vitae
871 4538 978 4602 SS.
1011 4574 1035 4586 -
1056 4541 1186 4602 Vol.
1212 4540 1370 4603 vm.
2486 4540 2563 4599 26
