<?xml version="1.0" encoding="UTF-8"?>
<!DOCTYPE html PUBLIC "-//W3C//DTD XHTML 1.0 Transitional//EN"
    "http://www.w3.org/TR/xhtml1/DTD/xhtml1-transitional.dtd">
<html xmlns="http://www.w3.org/1999/xhtml" xml:lang="en" lang="en">
 <head>
  <title>
</title>
<meta http-equiv="Content-Type" content="text/html;charset=utf-8" />
  <meta name='ocr-system' content='tesseract 3.04.00' />
  <meta name='ocr-capabilities' content='ocr_page ocr_carea ocr_par ocr_line ocrx_word'/>
</head>
<body>
  <div class='ocr_page' id='page_1' title='image "./historiaeseuvit01lippgoog_0618.png"; bbox 0 0 3308 5004; ppageno 0'>
   <div class='ocr_carea' id='block_1_1' title="bbox 670 313 3160 380">
    <p class='ocr_par' dir='ltr' id='par_1_1' title="bbox 670 313 3160 380">
     <span class='ocr_line' id='line_1_1' title="bbox 670 313 3160 380; baseline 0 -2"><span class='ocrx_word' id='word_1_1' title='bbox 670 314 820 379; x_wconf 52' lang='lat'>‘2584</span> <span class='ocrx_word' id='word_1_2' title='bbox 2813 313 3019 380; x_wconf 62' lang='lat' dir='ltr'>Aue.</span> <span class='ocrx_word' id='word_1_3' title='bbox 3065 313 3160 378; x_wconf 64' lang='lat' dir='ltr'>st</span> 
     </span>
    </p>
   </div>
   <div class='ocr_carea' id='block_1_2' title="bbox 896 478 2851 638">
    <p class='ocr_par' dir='ltr' id='par_1_2' title="bbox 896 478 2851 638">
     <span class='ocr_line' id='line_1_2' title="bbox 896 478 2851 638; baseline 0.001 -6"><span class='ocrx_word' id='word_1_4' title='bbox 896 532 1131 635; x_wconf 70' lang='lat' dir='ltr'>vn&#39;A</span> <span class='ocrx_word' id='word_1_5' title='bbox 1195 532 1277 635; x_wconf 77' lang='lat' dir='ltr'>s,</span> <span class='ocrx_word' id='word_1_6' title='bbox 1348 531 1798 636; x_wconf 60' lang='lat' dir='ltr'>Annona</span> <span class='ocrx_word' id='word_1_7' title='bbox 1869 478 2222 637; x_wconf 62' lang='lat' dir='ltr'>Episcs</span> <span class='ocrx_word' id='word_1_8' title='bbox 2269 533 2851 638; x_wconf 72' lang='lat' dir='ltr'>Rorfloinc.</span> 
     </span>
    </p>
   </div>
   <div class='ocr_carea' id='block_1_3' title="bbox 602 849 3174 1015">
    <p class='ocr_par' dir='ltr' id='par_1_3' title="bbox 602 849 3174 1015">
     <span class='ocr_line' id='line_1_3' title="bbox 602 849 3166 912; baseline -0.001 -12"><span class='ocrx_word' id='word_1_9' title='bbox 602 849 795 901; x_wconf 81' lang='lat' dir='ltr'>emus</span> <span class='ocrx_word' id='word_1_10' title='bbox 838 849 977 897; x_wconf 73' lang='lat' dir='ltr'>nrsx</span> <span class='ocrx_word' id='word_1_11' title='bbox 1020 849 1125 897; x_wconf 75' lang='lat' dir='ltr'>us.</span> <span class='ocrx_word' id='word_1_12' title='bbox 1177 849 1457 907; x_wconf 62' lang='lat' dir='ltr'>melmun</span> <span class='ocrx_word' id='word_1_13' title='bbox 1505 850 1943 898; x_wconf 73' lang='lat' dir='ltr'>ranvawsws</span> <span class='ocrx_word' id='word_1_14' title='bbox 2002 849 2202 898; x_wconf 73' lang='lat' dir='ltr'>connx</span> <span class='ocrx_word' id='word_1_15' title='bbox 2247 850 2579 899; x_wconf 71' lang='lat' dir='ltr'>Aucroant</span> <span class='ocrx_word' id='word_1_16' title='bbox 2626 850 2752 899; x_wconf 69' lang='lat' dir='ltr'>uon</span> <span class='ocrx_word' id='word_1_17' title='bbox 2799 852 3166 912; x_wconf 71' lang='lat' dir='ltr'>nxrmmr,</span> 
     </span>
     <span class='ocr_line' id='line_1_4' title="bbox 694 941 3174 1015; baseline 0 -10"><span class='ocrx_word' id='word_1_18' title='bbox 694 955 854 1005; x_wconf 71' lang='lat' dir='ltr'>Puro</span> <span class='ocrx_word' id='word_1_19' title='bbox 884 956 1093 1004; x_wconf 72' lang='lat' dir='ltr'>uun</span> <span class='ocrx_word' id='word_1_20' title='bbox 1139 957 1268 1004; x_wconf 73' lang='lat' dir='ltr'>nui</span> <span class='ocrx_word' id='word_1_21' title='bbox 1299 957 1473 1015; x_wconf 69' lang='lat' dir='ltr'>assa,</span> <span class='ocrx_word' id='word_1_22' title='bbox 1529 957 1705 1014; x_wconf 67' lang='lat' dir='ltr'>Qun</span> <span class='ocrx_word' id='word_1_23' title='bbox 1744 956 2020 1006; x_wconf 77' lang='lat' dir='ltr'>scmrsrr</span> <span class='ocrx_word' id='word_1_24' title='bbox 2067 957 2238 1006; x_wconf 71' lang='lat' dir='ltr'>Anno</span> <span class='ocrx_word' id='word_1_25' title='bbox 2284 957 2543 1006; x_wconf 58' lang='lat' dir='ltr'>samus</span> <span class='ocrx_word' id='word_1_26' title='bbox 2581 941 2711 1005; x_wconf 80' lang='lat'>956</span> <span class='ocrx_word' id='word_1_27' title='bbox 2749 958 3174 1006; x_wconf 63' lang='lat' dir='ltr'>raintsomss</span> 
     </span>
    </p>
   </div>
   <div class='ocr_carea' id='block_1_4' title="bbox 694 1064 3172 1220">
    <p class='ocr_par' dir='ltr' id='par_1_4' title="bbox 694 1064 3172 1220">
     <span class='ocr_line' id='line_1_5' title="bbox 694 1064 3172 1115; baseline 0 -3"><span class='ocrx_word' id='word_1_28' title='bbox 694 1065 750 1112; x_wconf 89' lang='lat' dir='ltr'>S.</span> <span class='ocrx_word' id='word_1_29' title='bbox 802 1064 1029 1113; x_wconf 77' lang='lat' dir='ltr'>onoms</span> <span class='ocrx_word' id='word_1_30' title='bbox 1089 1064 1424 1114; x_wconf 63' lang='lat' dir='ltr'>macomus.</span> <span class='ocrx_word' id='word_1_31' title='bbox 1478 1065 1720 1113; x_wconf 65' lang='lat' dir='ltr'>strum</span> <span class='ocrx_word' id='word_1_32' title='bbox 1767 1066 1833 1114; x_wconf 79' lang='lat' dir='ltr'>IN</span> <span class='ocrx_word' id='word_1_33' title='bbox 1881 1065 2161 1113; x_wconf 62' lang='lat' dir='ltr'>sitnm!</span> <span class='ocrx_word' id='word_1_34' title='bbox 2208 1065 2503 1114; x_wconf 70' lang='lat' dir='ltr'>merolus</span> <span class='ocrx_word' id='word_1_35' title='bbox 2570 1067 2793 1115; x_wconf 66' lang='lat' dir='ltr'>PASSI!</span> <span class='ocrx_word' id='word_1_36' title='bbox 2838 1065 3172 1114; x_wconf 67' lang='lat' dir='ltr'>noman.</span> 
     </span>
     <span class='ocr_line' id='line_1_6' title="bbox 695 1169 986 1220; baseline -0.003 0"><span class='ocrx_word' id='word_1_37' title='bbox 695 1169 986 1220; x_wconf 69' lang='lat' dir='ltr'>column.</span> 
     </span>
    </p>
   </div>
   <div class='ocr_carea' id='block_1_5' title="bbox 1480 1338 2270 1425">
    <p class='ocr_par' dir='ltr' id='par_1_5' title="bbox 1480 1338 2270 1425">
     <span class='ocr_line' id='line_1_7' title="bbox 1480 1338 2270 1425; baseline 0.003 -2"><span class='ocrx_word' id='word_1_38' title='bbox 1480 1338 1757 1424; x_wconf 69' lang='lat' dir='ltr'>Floruit</span> <span class='ocrx_word' id='word_1_39' title='bbox 1797 1370 2073 1425; x_wconf 70' lang='lat' dir='ltr'>saeculo</span> <span class='ocrx_word' id='word_1_40' title='bbox 2115 1369 2270 1425; x_wconf 87' lang='lat' dir='ltr'>VII.</span> 
     </span>
    </p>
   </div>
   <div class='ocr_carea' id='block_1_6' title="bbox 586 1565 3174 4506">
    <p class='ocr_par' dir='ltr' id='par_1_6' title="bbox 586 1565 3174 4506">
     <span class='ocr_line' id='line_1_8' title="bbox 698 1565 3169 1659; baseline 0.001 -22"><span class='ocrx_word' id='word_1_41' title='bbox 698 1572 1054 1638; x_wconf 58' lang='lat' dir='ltr'>rainu-10</span> <span class='ocrx_word' id='word_1_42' title='bbox 1100 1571 1290 1636; x_wconf 79' lang='lat' dir='ltr'>Aucr.</span> <span class='ocrx_word' id='word_1_43' title='bbox 1328 1566 1650 1637; x_wconf 88' lang='lat' dir='ltr'>Conditor</span> <span class='ocrx_word' id='word_1_44' title='bbox 1687 1565 1929 1636; x_wconf 89' lang='lat' dir='ltr'>mundi</span> <span class='ocrx_word' id='word_1_45' title='bbox 1964 1567 2403 1656; x_wconf 86' lang='lat' dir='ltr'>omnipotens</span> <span class='ocrx_word' id='word_1_46' title='bbox 2439 1572 2637 1646; x_wconf 88' lang='lat' dir='ltr'>Deus,</span> <span class='ocrx_word' id='word_1_47' title='bbox 2681 1569 2860 1640; x_wconf 87' lang='lat' dir='ltr'>sicut</span> <span class='ocrx_word' id='word_1_48' title='bbox 2891 1572 3169 1659; x_wconf 79' lang='lat' dir='ltr'>sphae-</span> 
     </span>
     <span class='ocr_line' id='line_1_9' title="bbox 588 1654 3172 1737; baseline 0.002 -11"><span class='ocrx_word' id='word_1_49' title='bbox 588 1678 752 1726; x_wconf 82' lang='lat' dir='ltr'>-ram</span> <span class='ocrx_word' id='word_1_50' title='bbox 802 1655 1160 1727; x_wconf 89' lang='lat' dir='ltr'>coelestem</span> <span class='ocrx_word' id='word_1_51' title='bbox 1213 1654 1472 1735; x_wconf 80' lang='lat' dir='ltr'>multiS‚</span> <span class='ocrx_word' id='word_1_52' title='bbox 1527 1655 1643 1725; x_wconf 86' lang='lat' dir='ltr'>sed</span> <span class='ocrx_word' id='word_1_53' title='bbox 1685 1655 2016 1737; x_wconf 73' lang='lat' dir='ltr'>diversiS,</span> <span class='ocrx_word' id='word_1_54' title='bbox 2071 1654 2385 1725; x_wconf 80' lang='lat' dir='ltr'>distinxit</span> <span class='ocrx_word' id='word_1_55' title='bbox 2445 1656 2833 1728; x_wconf 64' lang='lat' dir='ltr'>sideribus:</span> <span class='ocrx_word' id='word_1_56' title='bbox 2889 1659 2988 1728; x_wconf 82' lang='lat' dir='ltr'>ita</span> <span class='ocrx_word' id='word_1_57' title='bbox 3041 1666 3172 1731; x_wconf 79' lang='lat' dir='ltr'>Ec-</span> 
     </span>
     <span class='ocr_line' id='line_1_10' title="bbox 604 1743 3174 1835; baseline 0.001 -19"><span class='ocrx_word' id='word_1_58' title='bbox 604 1745 882 1816; x_wconf 90' lang='lat' dir='ltr'>clesiam</span> <span class='ocrx_word' id='word_1_59' title='bbox 921 1744 1151 1814; x_wconf 90' lang='lat' dir='ltr'>adhuc</span> <span class='ocrx_word' id='word_1_60' title='bbox 1196 1743 1265 1812; x_wconf 89' lang='lat' dir='ltr'>in</span> <span class='ocrx_word' id='word_1_61' title='bbox 1318 1745 1518 1814; x_wconf 88' lang='lat' dir='ltr'>terris</span> <span class='ocrx_word' id='word_1_62' title='bbox 1580 1744 2171 1835; x_wconf 75' lang='lat' dir='ltr'>peregrinantem,</span> <span class='ocrx_word' id='word_1_63' title='bbox 2223 1745 2424 1831; x_wconf 86' lang='lat' dir='ltr'>quasi</span> <span class='ocrx_word' id='word_1_64' title='bbox 2472 1746 2893 1832; x_wconf 85' lang='lat' dir='ltr'>quibusdam</span> <span class='ocrx_word' id='word_1_65' title='bbox 2952 1746 3174 1819; x_wconf 84' lang='lat' dir='ltr'>lumi-</span> 
     </span>
     <span class='ocr_line' id='line_1_11' title="bbox 606 1832 3164 1920; baseline 0.002 -17"><span class='ocrx_word' id='word_1_66' title='bbox 606 1834 814 1904; x_wconf 89' lang='lat' dir='ltr'>nibus</span> <span class='ocrx_word' id='word_1_67' title='bbox 862 1833 1207 1903; x_wconf 88' lang='lat' dir='ltr'>illustrare</span> <span class='ocrx_word' id='word_1_68' title='bbox 1256 1854 1387 1902; x_wconf 89' lang='lat' dir='ltr'>non</span> <span class='ocrx_word' id='word_1_69' title='bbox 1425 1834 1718 1903; x_wconf 87' lang='lat' dir='ltr'>desinit:</span> <span class='ocrx_word' id='word_1_70' title='bbox 1771 1838 1846 1904; x_wconf 89' lang='lat' dir='ltr'>In</span> <span class='ocrx_word' id='word_1_71' title='bbox 1880 1833 2138 1920; x_wconf 89' lang='lat' dir='ltr'>quibus</span> <span class='ocrx_word' id='word_1_72' title='bbox 2189 1835 2308 1904; x_wconf 89' lang='lat' dir='ltr'>alii</span> <span class='ocrx_word' id='word_1_73' title='bbox 2357 1832 2712 1904; x_wconf 80' lang='lat' dir='ltr'>miraculis</span> <span class='ocrx_word' id='word_1_74' title='bbox 2756 1851 3164 1918; x_wconf 82' lang='lat' dir='ltr'>coruscant,</span> 
     </span>
     <span class='ocr_line' id='line_1_12' title="bbox 606 1913 3168 2018; baseline 0.002 -25"><span class='ocrx_word' id='word_1_75' title='bbox 606 1922 726 1993; x_wconf 88' lang='lat' dir='ltr'>alii</span> <span class='ocrx_word' id='word_1_76' title='bbox 758 1913 1071 1992; x_wconf 64' lang='lat' dir='ltr'>doctrina</span> <span class='ocrx_word' id='word_1_77' title='bbox 1104 1921 1413 2005; x_wconf 89' lang='lat' dir='ltr'>salutari,</span> <span class='ocrx_word' id='word_1_78' title='bbox 1446 1923 1642 2009; x_wconf 82' lang='lat' dir='ltr'>quasi</span> <span class='ocrx_word' id='word_1_79' title='bbox 1682 1921 1937 2013; x_wconf 75' lang='lat' dir='ltr'>pluvia,</span> <span class='ocrx_word' id='word_1_80' title='bbox 1964 1922 2173 1992; x_wconf 88' lang='lat' dir='ltr'>corda</span> <span class='ocrx_word' id='word_1_81' title='bbox 2197 1924 2463 2012; x_wconf 88' lang='lat' dir='ltr'>piorum</span> <span class='ocrx_word' id='word_1_82' title='bbox 2494 1924 2807 2014; x_wconf 85' lang='lat' dir='ltr'>irrigant:</span> <span class='ocrx_word' id='word_1_83' title='bbox 2843 1925 3168 2018; x_wconf 72' lang='lat' dir='ltr'>plerique</span> 
     </span>
     <span class='ocr_line' id='line_1_13' title="bbox 606 2010 3168 2113; baseline 0.002 -32"><span class='ocrx_word' id='word_1_84' title='bbox 606 2033 730 2113; x_wconf 86' lang='lat' dir='ltr'>per</span> <span class='ocrx_word' id='word_1_85' title='bbox 770 2011 1079 2101; x_wconf 83' lang='lat' dir='ltr'>martyrii</span> <span class='ocrx_word' id='word_1_86' title='bbox 1125 2010 1415 2100; x_wconf 83' lang='lat' dir='ltr'>gloriam</span> <span class='ocrx_word' id='word_1_87' title='bbox 1465 2011 1715 2081; x_wconf 88' lang='lat' dir='ltr'>rubent</span> <span class='ocrx_word' id='word_1_88' title='bbox 1763 2011 1978 2081; x_wconf 87' lang='lat' dir='ltr'>instar</span> <span class='ocrx_word' id='word_1_89' title='bbox 2013 2034 2238 2082; x_wconf 88' lang='lat' dir='ltr'>rosae:</span> <span class='ocrx_word' id='word_1_90' title='bbox 2294 2034 2429 2082; x_wconf 89' lang='lat' dir='ltr'>non</span> <span class='ocrx_word' id='word_1_91' title='bbox 2482 2013 2684 2103; x_wconf 89' lang='lat' dir='ltr'>pauci</span> <span class='ocrx_word' id='word_1_92' title='bbox 2738 2014 3168 2103; x_wconf 82' lang='lat' dir='ltr'>virginitatis</span> 
     </span>
     <span class='ocr_line' id='line_1_14' title="bbox 596 2099 3168 2195; baseline 0.002 -23"><span class='ocrx_word' id='word_1_93' title='bbox 596 2100 995 2190; x_wconf 75' lang='lat' dir='ltr'>,integritate</span> <span class='ocrx_word' id='word_1_94' title='bbox 1016 2099 1317 2170; x_wconf 87' lang='lat' dir='ltr'>candent</span> <span class='ocrx_word' id='word_1_95' title='bbox 1362 2113 1438 2169; x_wconf 88' lang='lat' dir='ltr'>ut</span> <span class='ocrx_word' id='word_1_96' title='bbox 1483 2099 1757 2171; x_wconf 90' lang='lat' dir='ltr'>lilium:</span> <span class='ocrx_word' id='word_1_97' title='bbox 1803 2106 1941 2170; x_wconf 87' lang='lat' dir='ltr'>Hos</span> <span class='ocrx_word' id='word_1_98' title='bbox 1978 2101 2343 2193; x_wconf 70' lang='lat' dir='ltr'>prudentia</span> <span class='ocrx_word' id='word_1_99' title='bbox 2392 2101 2785 2189; x_wconf 84' lang='lat' dir='ltr'>prudentes,</span> <span class='ocrx_word' id='word_1_100' title='bbox 2842 2102 3009 2174; x_wconf 90' lang='lat' dir='ltr'>illos</span> <span class='ocrx_word' id='word_1_101' title='bbox 3049 2107 3168 2195; x_wconf 84' lang='lat' dir='ltr'>ju·</span> 
     </span>
     <span class='ocr_line' id='line_1_15' title="bbox 609 2188 3165 2281; baseline 0.002 -22"><span class='ocrx_word' id='word_1_102' title='bbox 609 2190 794 2260; x_wconf 76' lang='lat' dir='ltr'>stitia</span> <span class='ocrx_word' id='word_1_103' title='bbox 830 2190 1079 2281; x_wconf 89' lang='lat' dir='ltr'>justos,</span> <span class='ocrx_word' id='word_1_104' title='bbox 1131 2188 1304 2260; x_wconf 84' lang='lat' dir='ltr'>alios</span> <span class='ocrx_word' id='word_1_105' title='bbox 1350 2188 1750 2259; x_wconf 80' lang='lat' dir='ltr'>fortitudine</span> <span class='ocrx_word' id='word_1_106' title='bbox 1797 2189 2023 2269; x_wconf 84' lang='lat' dir='ltr'>sortes,</span> <span class='ocrx_word' id='word_1_107' title='bbox 2065 2189 2439 2260; x_wconf 89' lang='lat' dir='ltr'>nonnullos</span> <span class='ocrx_word' id='word_1_108' title='bbox 2491 2193 2946 2279; x_wconf 69' lang='lat' dir='ltr'>temperantia</span> <span class='ocrx_word' id='word_1_109' title='bbox 2994 2208 3165 2264; x_wconf 87' lang='lat' dir='ltr'>tem·</span> 
     </span>
     <span class='ocr_line' id='line_1_16' title="bbox 602 2277 3159 2370; baseline 0.002 -22"><span class='ocrx_word' id='word_1_110' title='bbox 602 2293 926 2370; x_wconf 64' lang='lat' dir='ltr'>,perantes</span> <span class='ocrx_word' id='word_1_111' title='bbox 975 2277 1217 2348; x_wconf 85' lang='lat' dir='ltr'>reddit.</span> <span class='ocrx_word' id='word_1_112' title='bbox 1267 2283 1491 2348; x_wconf 90' lang='lat' dir='ltr'>Unum</span> <span class='ocrx_word' id='word_1_113' title='bbox 1542 2291 1769 2348; x_wconf 85' lang='lat' dir='ltr'>tamen</span> <span class='ocrx_word' id='word_1_114' title='bbox 1825 2278 2179 2350; x_wconf 88' lang='lat' dir='ltr'>vinculum</span> <span class='ocrx_word' id='word_1_115' title='bbox 2227 2278 2584 2350; x_wconf 85' lang='lat' dir='ltr'>charitatis</span> <span class='ocrx_word' id='word_1_116' title='bbox 2629 2301 2747 2349; x_wconf 89' lang='lat' dir='ltr'>eos</span> <span class='ocrx_word' id='word_1_117' title='bbox 2793 2303 3053 2353; x_wconf 85' lang='lat' dir='ltr'>omnes</span> <span class='ocrx_word' id='word_1_118' title='bbox 3099 2296 3159 2353; x_wconf 84' lang='lat' dir='ltr'>et</span> 
     </span>
     <span class='ocr_line' id='line_1_17' title="bbox 608 2367 3162 2458; baseline 0.001 -20"><span class='ocrx_word' id='word_1_119' title='bbox 608 2367 742 2438; x_wconf 85' lang='lat' dir='ltr'>sibi</span> <span class='ocrx_word' id='word_1_120' title='bbox 781 2368 1102 2449; x_wconf 89' lang='lat' dir='ltr'>invicem,</span> <span class='ocrx_word' id='word_1_121' title='bbox 1145 2381 1211 2437; x_wconf 90' lang='lat' dir='ltr'>et</span> <span class='ocrx_word' id='word_1_122' title='bbox 1256 2387 1383 2437; x_wconf 90' lang='lat' dir='ltr'>suo</span> <span class='ocrx_word' id='word_1_123' title='bbox 1428 2367 1767 2437; x_wconf 88' lang='lat' dir='ltr'>conditori</span> <span class='ocrx_word' id='word_1_124' title='bbox 1813 2368 2179 2458; x_wconf 87' lang='lat' dir='ltr'>conjungit</span> <span class='ocrx_word' id='word_1_125' title='bbox 2229 2380 2295 2438; x_wconf 92' lang='lat' dir='ltr'>et</span> <span class='ocrx_word' id='word_1_126' title='bbox 2349 2368 2600 2439; x_wconf 83' lang='lat' dir='ltr'>sociat:</span> <span class='ocrx_word' id='word_1_127' title='bbox 2666 2390 2785 2458; x_wconf 90' lang='lat' dir='ltr'>per</span> <span class='ocrx_word' id='word_1_128' title='bbox 2831 2392 3056 2458; x_wconf 87' lang='lat' dir='ltr'>quam</span> <span class='ocrx_word' id='word_1_129' title='bbox 3099 2385 3162 2441; x_wconf 86' lang='lat' dir='ltr'>et</span> 
     </span>
     <span class='ocr_line' id='line_1_18' title="bbox 607 2456 3164 2549; baseline -0 -18"><span class='ocrx_word' id='word_1_130' title='bbox 607 2457 991 2549; x_wconf 83' lang='lat' dir='ltr'>singularia</span> <span class='ocrx_word' id='word_1_131' title='bbox 1038 2457 1545 2537; x_wconf 88' lang='lat' dir='ltr'>universorum,</span> <span class='ocrx_word' id='word_1_132' title='bbox 1600 2469 1666 2527; x_wconf 91' lang='lat' dir='ltr'>et</span> <span class='ocrx_word' id='word_1_133' title='bbox 1718 2457 2040 2528; x_wconf 88' lang='lat' dir='ltr'>universa</span> <span class='ocrx_word' id='word_1_134' title='bbox 2096 2457 2273 2527; x_wconf 84' lang='lat' dir='ltr'>fiunt</span> <span class='ocrx_word' id='word_1_135' title='bbox 2320 2456 2755 2547; x_wconf 76' lang='lat' dir='ltr'>singulorum</span> <span class='ocrx_word' id='word_1_136' title='bbox 2786 2482 2814 2526; x_wconf 76' lang='grc' dir='ltr'>ε.</span> <span class='ocrx_word' id='word_1_137' title='bbox 2856 2472 2928 2528; x_wconf 88' lang='lat' dir='ltr'>et</span> <span class='ocrx_word' id='word_1_138' title='bbox 2976 2462 3164 2532; x_wconf 87' lang='lat' dir='ltr'>sicut</span> 
     </span>
     <span class='ocr_line' id='line_1_19' title="bbox 608 2546 3165 2637; baseline 0.001 -20"><span class='ocrx_word' id='word_1_139' title='bbox 608 2548 871 2629; x_wconf 86' lang='lat' dir='ltr'>hortus,</span> <span class='ocrx_word' id='word_1_140' title='bbox 925 2547 1212 2617; x_wconf 88' lang='lat' dir='ltr'>diversis</span> <span class='ocrx_word' id='word_1_141' title='bbox 1246 2546 1612 2616; x_wconf 84' lang='lat' dir='ltr'>herbarum</span> <span class='ocrx_word' id='word_1_142' title='bbox 1667 2547 1764 2616; x_wconf 87' lang='lat' dir='ltr'>vel</span> <span class='ocrx_word' id='word_1_143' title='bbox 1795 2561 2177 2617; x_wconf 86' lang='lat' dir='ltr'>aromatum</span> <span class='ocrx_word' id='word_1_144' title='bbox 2209 2546 2578 2637; x_wconf 84' lang='lat' dir='ltr'>generibus</span> <span class='ocrx_word' id='word_1_145' title='bbox 2617 2549 2958 2629; x_wconf 78' lang='lat' dir='ltr'>consituS,</span> <span class='ocrx_word' id='word_1_146' title='bbox 2993 2551 3165 2620; x_wconf 89' lang='lat' dir='ltr'>odo-</span> 
     </span>
     <span class='ocr_line' id='line_1_20' title="bbox 588 2634 3164 2724; baseline 0.002 -21"><span class='ocrx_word' id='word_1_147' title='bbox 588 2659 753 2707; x_wconf 58' lang='lat' dir='ltr'>rem</span> <span class='ocrx_word' id='word_1_148' title='bbox 786 2636 1275 2707; x_wconf 87' lang='lat' dir='ltr'>suavissimum</span> <span class='ocrx_word' id='word_1_149' title='bbox 1309 2635 1510 2724; x_wconf 87' lang='lat' dir='ltr'>longe</span> <span class='ocrx_word' id='word_1_150' title='bbox 1560 2634 1825 2723; x_wconf 85' lang='lat' dir='ltr'>lateque</span> <span class='ocrx_word' id='word_1_151' title='bbox 1862 2635 2226 2706; x_wconf 84' lang='lat' dir='ltr'>diffundit:</span> <span class='ocrx_word' id='word_1_152' title='bbox 2274 2636 2363 2709; x_wconf 86' lang='lat' dir='ltr'>ita</span> <span class='ocrx_word' id='word_1_153' title='bbox 2415 2637 2528 2706; x_wconf 89' lang='lat' dir='ltr'>isti</span> <span class='ocrx_word' id='word_1_154' title='bbox 2581 2642 2708 2707; x_wconf 88' lang='lat' dir='ltr'>Deo</span> <span class='ocrx_word' id='word_1_155' title='bbox 2737 2651 2805 2706; x_wconf 94' lang='lat' dir='ltr'>et</span> <span class='ocrx_word' id='word_1_156' title='bbox 2856 2638 3164 2709; x_wconf 87' lang='lat' dir='ltr'>homini·</span> 
     </span>
     <span class='ocr_line' id='line_1_21' title="bbox 605 2723 3162 2814; baseline 0.001 -18"><span class='ocrx_word' id='word_1_157' title='bbox 605 2726 764 2805; x_wconf 90' lang='lat' dir='ltr'>hus,</span> <span class='ocrx_word' id='word_1_158' title='bbox 824 2724 1193 2796; x_wconf 85' lang='lat' dir='ltr'>virtutibus</span> <span class='ocrx_word' id='word_1_159' title='bbox 1248 2725 1547 2795; x_wconf 85' lang='lat' dir='ltr'>s&#39;uaviter</span> <span class='ocrx_word' id='word_1_160' title='bbox 1600 2723 2006 2814; x_wconf 68' lang='lat' dir='ltr'>redolenteS,</span> <span class='ocrx_word' id='word_1_161' title='bbox 2062 2724 2348 2794; x_wconf 88' lang='lat' dir='ltr'>dicunt:</span> <span class='ocrx_word' id='word_1_162' title='bbox 2404 2725 2652 2797; x_wconf 85' lang='lat' dir='ltr'>Christi</span> <span class='ocrx_word' id='word_1_163' title='bbox 2712 2727 2942 2797; x_wconf 87' lang='lat' dir='ltr'>bonus</span> <span class='ocrx_word' id='word_1_164' title='bbox 2989 2726 3162 2798; x_wconf 84' lang='lat' dir='ltr'>odor</span> 
     </span>
     <span class='ocr_line' id='line_1_22' title="bbox 602 2812 3147 2901; baseline 0 -16"><span class='ocrx_word' id='word_1_165' title='bbox 602 2818 853 2886; x_wconf 80' lang='lat' dir='ltr'>&#39;sumus</span> <span class='ocrx_word' id='word_1_166' title='bbox 903 2819 1075 2893; x_wconf 85' lang='lat' dir='ltr'>Deo;</span> <span class='ocrx_word' id='word_1_167' title='bbox 1111 2827 1178 2883; x_wconf 89' lang='lat' dir='ltr'>et</span> <span class='ocrx_word' id='word_1_168' title='bbox 1224 2813 1444 2883; x_wconf 90' lang='lat' dir='ltr'>illud:</span> <span class='ocrx_word' id='word_1_169' title='bbox 1498 2813 1661 2885; x_wconf 79' lang='lat' dir='ltr'>Aliis</span> <span class='ocrx_word' id='word_1_170' title='bbox 1728 2814 2010 2901; x_wconf 88' lang='lat' dir='ltr'>quidem</span> <span class='ocrx_word' id='word_1_171' title='bbox 2052 2835 2297 2883; x_wconf 89' lang='lat' dir='ltr'>sumus</span> <span class='ocrx_word' id='word_1_172' title='bbox 2343 2812 2512 2883; x_wconf 90' lang='lat' dir='ltr'>odor</span> <span class='ocrx_word' id='word_1_173' title='bbox 2560 2816 2733 2884; x_wconf 86' lang='lat' dir='ltr'>vitae</span> <span class='ocrx_word' id='word_1_174' title='bbox 2784 2815 2854 2883; x_wconf 91' lang='lat' dir='ltr'>in</span> <span class='ocrx_word' id='word_1_175' title='bbox 2914 2817 3147 2895; x_wconf 79' lang='lat' dir='ltr'>vitam,</span> 
     </span>
     <span class='ocr_line' id='line_1_23' title="bbox 608 2902 3144 2990; baseline -0 -17"><span class='ocrx_word' id='word_1_176' title='bbox 608 2903 765 2975; x_wconf 84' lang='lat' dir='ltr'>aliis</span> <span class='ocrx_word' id='word_1_177' title='bbox 816 2903 986 2973; x_wconf 91' lang='lat' dir='ltr'>odor</span> <span class='ocrx_word' id='word_1_178' title='bbox 1034 2902 1274 2973; x_wconf 88' lang='lat' dir='ltr'>mortis</span> <span class='ocrx_word' id='word_1_179' title='bbox 1321 2903 1390 2971; x_wconf 93' lang='lat' dir='ltr'>in</span> <span class='ocrx_word' id='word_1_180' title='bbox 1446 2915 1757 2972; x_wconf 87' lang='lat' dir='ltr'>mortem.</span> <span class='ocrx_word' id='word_1_181' title='bbox 1843 2908 1919 2973; x_wconf 90' lang='lat' dir='ltr'>In</span> <span class='ocrx_word' id='word_1_182' title='bbox 1981 2924 2119 2990; x_wconf 88' lang='lat' dir='ltr'>qua</span> <span class='ocrx_word' id='word_1_183' title='bbox 2157 2903 2622 2974; x_wconf 73' lang='lat' dir='ltr'>,sanctissima</span> <span class='ocrx_word' id='word_1_184' title='bbox 2673 2904 2788 2973; x_wconf 88' lang='lat' dir='ltr'>Dei</span> <span class='ocrx_word' id='word_1_185' title='bbox 2855 2905 3144 2974; x_wconf 51' lang='lat' dir='ltr'>Ecclesia</span> 
     </span>
     <span class='ocr_line' id='line_1_24' title="bbox 608 2989 3137 3080; baseline -0.001 -17"><span class='ocrx_word' id='word_1_186' title='bbox 608 2995 850 3064; x_wconf 89' lang='lat' dir='ltr'>beatus</span> <span class='ocrx_word' id='word_1_187' title='bbox 881 2991 1247 3062; x_wconf 74' lang='lat' dir='ltr'>Audoenus</span> <span class='ocrx_word' id='word_1_188' title='bbox 1293 2991 1600 3071; x_wconf 79' lang='lat' dir='ltr'>antisteS,</span> <span class='ocrx_word' id='word_1_189' title='bbox 1652 2993 1855 3076; x_wconf 84' lang='lat' dir='ltr'>quasi</span> <span class='ocrx_word' id='word_1_190' title='bbox 1908 2992 2252 3079; x_wconf 87' lang='lat' dir='ltr'>quaedam</span> <span class='ocrx_word' id='word_1_191' title='bbox 2302 2989 2879 3080; x_wconf 84' lang='lat' dir='ltr'>splendidissima</span> <span class='ocrx_word' id='word_1_192' title='bbox 2925 2992 3137 3069; x_wconf 82' lang='lat' dir='ltr'>stella,</span> 
     </span>
     <span class='ocr_line' id='line_1_25' title="bbox 608 3078 3148 3158; baseline 0 -10"><span class='ocrx_word' id='word_1_193' title='bbox 608 3080 710 3150; x_wconf 84' lang='lat' dir='ltr'>vel</span> <span class='ocrx_word' id='word_1_194' title='bbox 753 3080 1174 3150; x_wconf 86' lang='lat' dir='ltr'>solidissima</span> <span class='ocrx_word' id='word_1_195' title='bbox 1211 3078 1559 3158; x_wconf 87' lang='lat' dir='ltr'>columna,</span> <span class='ocrx_word' id='word_1_196' title='bbox 1595 3078 1698 3148; x_wconf 88' lang='lat' dir='ltr'>vel</span> <span class='ocrx_word' id='word_1_197' title='bbox 1729 3080 1933 3150; x_wconf 86' lang='lat' dir='ltr'>etiam</span> <span class='ocrx_word' id='word_1_198' title='bbox 1969 3078 2543 3150; x_wconf 87' lang='lat' dir='ltr'>candidissimum</span> <span class='ocrx_word' id='word_1_199' title='bbox 2577 3079 2806 3150; x_wconf 87' lang='lat' dir='ltr'>lilium</span> <span class='ocrx_word' id='word_1_200' title='bbox 2841 3082 3148 3152; x_wconf 80' lang='lat' dir='ltr'>emicuit.</span> 
     </span>
     <span class='ocr_line' id='line_1_26' title="bbox 601 3166 3155 3259; baseline -0 -18"><span class='ocrx_word' id='word_1_201' title='bbox 601 3166 1286 3259; x_wconf 82' lang='lat' dir='ltr'>Siquidempopulos</span> <span class='ocrx_word' id='word_1_202' title='bbox 1331 3168 1685 3238; x_wconf 90' lang='lat' dir='ltr'>doctrinae</span> <span class='ocrx_word' id='word_1_203' title='bbox 1713 3191 1880 3238; x_wconf 83' lang='lat' dir='ltr'>suae</span> <span class='ocrx_word' id='word_1_204' title='bbox 1915 3170 2126 3240; x_wconf 88' lang='lat' dir='ltr'>radiis</span> <span class='ocrx_word' id='word_1_205' title='bbox 2157 3167 2597 3250; x_wconf 85' lang='lat' dir='ltr'>illuminavit,</span> <span class='ocrx_word' id='word_1_206' title='bbox 2636 3182 2881 3240; x_wconf 86' lang='lat' dir='ltr'>contra</span> <span class='ocrx_word' id='word_1_207' title='bbox 2913 3191 3155 3241; x_wconf 56' lang='lat' dir='ltr'>omnes</span> 
     </span>
     <span class='ocr_line' id='line_1_27' title="bbox 610 3255 3161 3347; baseline 0 -20"><span class='ocrx_word' id='word_1_208' title='bbox 610 3258 911 3345; x_wconf 89' lang='lat' dir='ltr'>impetus</span> <span class='ocrx_word' id='word_1_209' title='bbox 956 3255 1337 3329; x_wconf 89' lang='lat' dir='ltr'>diabolicae</span> <span class='ocrx_word' id='word_1_210' title='bbox 1383 3272 1587 3343; x_wconf 88' lang='lat' dir='ltr'>atque</span> <span class='ocrx_word' id='word_1_211' title='bbox 1662 3257 2038 3327; x_wconf 82' lang='lat' dir='ltr'>haereticae</span> <span class='ocrx_word' id='word_1_212' title='bbox 2099 3258 2453 3347; x_wconf 76' lang='lat' dir='ltr'>pravitatis</span> <span class='ocrx_word' id='word_1_213' title='bbox 2518 3270 2595 3327; x_wconf 92' lang='lat' dir='ltr'>ut</span> <span class='ocrx_word' id='word_1_214' title='bbox 2640 3257 2976 3329; x_wconf 87' lang='lat' dir='ltr'>columna</span> <span class='ocrx_word' id='word_1_215' title='bbox 3025 3261 3161 3328; x_wconf 86' lang='lat' dir='ltr'>im-</span> 
     </span>
     <span class='ocr_line' id='line_1_28' title="bbox 602 3344 3162 3425; baseline 0.001 -11"><span class='ocrx_word' id='word_1_216' title='bbox 602 3345 887 3420; x_wconf 85' lang='lat' dir='ltr'>mobilis</span> <span class='ocrx_word' id='word_1_217' title='bbox 931 3346 1136 3425; x_wconf 90' lang='lat' dir='ltr'>stetit,</span> <span class='ocrx_word' id='word_1_218' title='bbox 1191 3358 1265 3415; x_wconf 88' lang='lat' dir='ltr'>ut</span> <span class='ocrx_word' id='word_1_219' title='bbox 1316 3344 1533 3415; x_wconf 90' lang='lat' dir='ltr'>lilium</span> <span class='ocrx_word' id='word_1_220' title='bbox 1574 3346 1820 3417; x_wconf 86' lang='lat' dir='ltr'>virtute</span> <span class='ocrx_word' id='word_1_221' title='bbox 1865 3347 2199 3416; x_wconf 87' lang='lat' dir='ltr'>castitatis</span> <span class='ocrx_word' id='word_1_222' title='bbox 2243 3347 2514 3421; x_wconf 86' lang='lat' dir='ltr'>enituit.</span> <span class='ocrx_word' id='word_1_223' title='bbox 2568 3352 2742 3418; x_wconf 86' lang='lat' dir='ltr'>Tum</span> <span class='ocrx_word' id='word_1_224' title='bbox 2787 3348 3000 3419; x_wconf 84' lang='lat' dir='ltr'>etiam</span> <span class='ocrx_word' id='word_1_225' title='bbox 3039 3350 3162 3417; x_wconf 89' lang='lat' dir='ltr'>ho-</span> 
     </span>
     <span class='ocr_line' id='line_1_29' title="bbox 600 3434 3164 3526; baseline 0.001 -22"><span class='ocrx_word' id='word_1_226' title='bbox 600 3456 776 3504; x_wconf 90' lang='lat' dir='ltr'>·nore</span> <span class='ocrx_word' id='word_1_227' title='bbox 809 3435 1077 3505; x_wconf 79' lang='lat' dir='ltr'>virtutis</span> <span class='ocrx_word' id='word_1_228' title='bbox 1126 3434 1445 3524; x_wconf 75' lang='lat' dir='ltr'>insignia,</span> <span class='ocrx_word' id='word_1_229' title='bbox 1500 3435 1785 3524; x_wconf 81' lang='lat' dir='ltr'>pudoris</span> <span class='ocrx_word' id='word_1_230' title='bbox 1833 3436 2289 3511; x_wconf 84' lang='lat' dir='ltr'>admiratione</span> <span class='ocrx_word' id='word_1_231' title='bbox 2346 3435 2762 3517; x_wconf 87' lang='lat' dir='ltr'>laudabilis,</span> <span class='ocrx_word' id='word_1_232' title='bbox 2817 3436 3164 3526; x_wconf 85' lang='lat' dir='ltr'>dignitate</span> 
     </span>
     <span class='ocr_line' id='line_1_30' title="bbox 603 3522 3166 3614; baseline 0 -20"><span class='ocrx_word' id='word_1_233' title='bbox 603 3523 961 3614; x_wconf 82' lang='lat' dir='ltr'>praeclara</span> <span class='ocrx_word' id='word_1_234' title='bbox 1005 3522 1340 3604; x_wconf 80' lang='lat' dir='ltr'>excelsus,</span> <span class='ocrx_word' id='word_1_235' title='bbox 1396 3523 1786 3594; x_wconf 88' lang='lat' dir='ltr'>humilitate</span> <span class='ocrx_word' id='word_1_236' title='bbox 1844 3524 2276 3595; x_wconf 87' lang='lat' dir='ltr'>lucidissima</span> <span class='ocrx_word' id='word_1_237' title='bbox 2333 3524 2932 3596; x_wconf 86' lang='lat' dir='ltr'>submissus-fuit.</span> <span class='ocrx_word' id='word_1_238' title='bbox 2989 3528 3166 3595; x_wconf 85' lang='lat' dir='ltr'>Vitia</span> 
     </span>
     <span class='ocr_line' id='line_1_31' title="bbox 596 3612 3166 3703; baseline 0 -20"><span class='ocrx_word' id='word_1_239' title='bbox 596 3612 930 3701; x_wconf 77' lang='lat' dir='ltr'>denique,</span> <span class='ocrx_word' id='word_1_240' title='bbox 968 3614 1225 3700; x_wconf 90' lang='lat' dir='ltr'>quibus</span> <span class='ocrx_word' id='word_1_241' title='bbox 1273 3612 1578 3682; x_wconf 87' lang='lat' dir='ltr'>humana</span> <span class='ocrx_word' id='word_1_242' title='bbox 1610 3627 1890 3683; x_wconf 84' lang='lat' dir='ltr'>vexa-tur</span> <span class='ocrx_word' id='word_1_243' title='bbox 1927 3612 2288 3703; x_wconf 64' lang='lat' dir='ltr'>fragilitas»,</span> <span class='ocrx_word' id='word_1_244' title='bbox 2337 3614 2703 3703; x_wconf 87' lang='lat' dir='ltr'>patientiae</span> <span class='ocrx_word' id='word_1_245' title='bbox 2739 3614 2990 3685; x_wconf 85' lang='lat' dir='ltr'>virtute</span> <span class='ocrx_word' id='word_1_246' title='bbox 3020 3614 3166 3684; x_wconf 85' lang='lat' dir='ltr'>cal·</span> 
     </span>
     <span class='ocr_line' id='line_1_32' title="bbox 586 3701 3165 3803; baseline -0 -30"><span class='ocrx_word' id='word_1_247' title='bbox 586 3703 809 3782; x_wconf 50' lang='lat' dir='ltr'>rcavit,</span> <span class='ocrx_word' id='word_1_248' title='bbox 866 3703 1107 3772; x_wconf 87' lang='lat' dir='ltr'>inanes</span> <span class='ocrx_word' id='word_1_249' title='bbox 1141 3724 1347 3772; x_wconf 88' lang='lat' dir='ltr'>curas</span> <span class='ocrx_word' id='word_1_250' title='bbox 1396 3701 1632 3790; x_wconf 86' lang='lat' dir='ltr'>procul</span> <span class='ocrx_word' id='word_1_251' title='bbox 1685 3703 1935 3803; x_wconf 80' lang='lat' dir='ltr'>abegit,</span> <span class='ocrx_word' id='word_1_252' title='bbox 1989 3703 2205 3771; x_wconf 89' lang='lat' dir='ltr'>animi</span> <span class='ocrx_word' id='word_1_253' title='bbox 2258 3716 2487 3773; x_wconf 90' lang='lat' dir='ltr'>motus</span> <span class='ocrx_word' id='word_1_254' title='bbox 2537 3701 2783 3780; x_wconf 80' lang='lat' dir='ltr'>validis</span> <span class='ocrx_word' id='word_1_255' title='bbox 2829 3716 3165 3773; x_wconf 82' lang='lat' dir='ltr'>constan-</span> 
     </span>
     <span class='ocr_line' id='line_1_33' title="bbox 611 3790 3164 3882; baseline 0 -20"><span class='ocrx_word' id='word_1_256' title='bbox 611 3793 742 3862; x_wconf 88' lang='lat' dir='ltr'>tiae</span> <span class='ocrx_word' id='word_1_257' title='bbox 791 3792 1078 3861; x_wconf 75' lang='lat' dir='ltr'>habenis</span> <span class='ocrx_word' id='word_1_258' title='bbox 1125 3815 1254 3861; x_wconf 80' lang='lat' dir='ltr'>ceu</span> <span class='ocrx_word' id='word_1_259' title='bbox 1285 3790 1540 3861; x_wconf 86' lang='lat' dir='ltr'>athleta</span> <span class='ocrx_word' id='word_1_260' title='bbox 1577 3791 1897 3881; x_wconf 80' lang='lat' dir='ltr'>insignis,</span> <span class='ocrx_word' id='word_1_261' title='bbox 1944 3791 2351 3863; x_wconf 86' lang='lat' dir='ltr'>mirabiliter</span> <span class='ocrx_word' id='word_1_262' title='bbox 2379 3791 2814 3882; x_wconf 81' lang='lat' dir='ltr'>com-pressit.</span> <span class='ocrx_word' id='word_1_263' title='bbox 2868 3794 3164 3863; x_wconf 86' lang='lat' dir='ltr'>Gemino</span> 
     </span>
     <span class='ocr_line' id='line_1_34' title="bbox 610 3879 3166 3971; baseline 0 -21"><span class='ocrx_word' id='word_1_264' title='bbox 610 3903 908 3969; x_wconf 86' lang='lat' dir='ltr'>namque</span> <span class='ocrx_word' id='word_1_265' title='bbox 954 3881 1236 3951; x_wconf 86' lang='lat' dir='ltr'>certavit</span> <span class='ocrx_word' id='word_1_266' title='bbox 1280 3902 1522 3971; x_wconf 81' lang='lat' dir='ltr'>agone,</span> <span class='ocrx_word' id='word_1_267' title='bbox 1575 3880 1857 3967; x_wconf 88' lang='lat' dir='ltr'>quando</span> <span class='ocrx_word' id='word_1_268' title='bbox 1904 3891 1969 3949; x_wconf 89' lang='lat' dir='ltr'>et</span> <span class='ocrx_word' id='word_1_269' title='bbox 2023 3880 2292 3951; x_wconf 85' lang='lat' dir='ltr'>civibus</span> <span class='ocrx_word' id='word_1_270' title='bbox 2341 3881 2488 3951; x_wconf 88' lang='lat' dir='ltr'>suis</span> <span class='ocrx_word' id='word_1_271' title='bbox 2534 3879 2819 3949; x_wconf 83' lang='lat' dir='ltr'>verbum</span> <span class='ocrx_word' id='word_1_272' title='bbox 2871 3881 3166 3950; x_wconf 87' lang='lat' dir='ltr'>immor-</span> 
     </span>
     <span class='ocr_line' id='line_1_35' title="bbox 612 3968 3169 4062; baseline 0 -23"><span class='ocrx_word' id='word_1_273' title='bbox 612 3968 892 4040; x_wconf 85' lang='lat' dir='ltr'>talitatis</span> <span class='ocrx_word' id='word_1_274' title='bbox 923 3991 1194 4060; x_wconf 89' lang='lat' dir='ltr'>semper</span> <span class='ocrx_word' id='word_1_275' title='bbox 1238 3969 1516 4040; x_wconf 88' lang='lat' dir='ltr'>abunde</span> <span class='ocrx_word' id='word_1_276' title='bbox 1565 3968 2051 4059; x_wconf 75' lang='lat' dir='ltr'>suppeditavit‚</span> <span class='ocrx_word' id='word_1_277' title='bbox 2105 3982 2169 4038; x_wconf 87' lang='lat' dir='ltr'>et</span> <span class='ocrx_word' id='word_1_278' title='bbox 2208 3969 2415 4039; x_wconf 88' lang='lat' dir='ltr'>saluti</span> <span class='ocrx_word' id='word_1_279' title='bbox 2465 3970 2740 4039; x_wconf 87' lang='lat' dir='ltr'>animae</span> <span class='ocrx_word' id='word_1_280' title='bbox 2789 3991 2955 4040; x_wconf 90' lang='lat' dir='ltr'>suae</span> <span class='ocrx_word' id='word_1_281' title='bbox 3003 3991 3169 4062; x_wconf 85' lang='lat' dir='ltr'>per-</span> 
     </span>
     <span class='ocr_line' id='line_1_36' title="bbox 614 4057 3166 4149; baseline 0 -22"><span class='ocrx_word' id='word_1_282' title='bbox 614 4072 818 4148; x_wconf 91' lang='lat' dir='ltr'>petuo</span> <span class='ocrx_word' id='word_1_283' title='bbox 865 4058 1225 4129; x_wconf 88' lang='lat' dir='ltr'>consulere</span> <span class='ocrx_word' id='word_1_284' title='bbox 1273 4080 1409 4128; x_wconf 88' lang='lat' dir='ltr'>non</span> <span class='ocrx_word' id='word_1_285' title='bbox 1460 4057 1758 4128; x_wconf 90' lang='lat' dir='ltr'>destitit:</span> <span class='ocrx_word' id='word_1_286' title='bbox 1804 4064 1991 4127; x_wconf 77' lang='lat' dir='ltr'>tanto</span> <span class='ocrx_word' id='word_1_287' title='bbox 2040 4058 2327 4147; x_wconf 82' lang='lat' dir='ltr'>proinde</span> <span class='ocrx_word' id='word_1_288' title='bbox 2378 4081 2562 4127; x_wconf 86' lang='lat' dir='ltr'>nunc</span> <span class='ocrx_word' id='word_1_289' title='bbox 2593 4057 2846 4128; x_wconf 86' lang='lat' dir='ltr'>clarior</span> <span class='ocrx_word' id='word_1_290' title='bbox 2889 4072 2954 4128; x_wconf 87' lang='lat' dir='ltr'>et</span> <span class='ocrx_word' id='word_1_291' title='bbox 3003 4059 3166 4149; x_wconf 82' lang='lat' dir='ltr'>glo-</span> 
     </span>
     <span class='ocr_line' id='line_1_37' title="bbox 614 4146 3163 4237; baseline 0.001 -22"><span class='ocrx_word' id='word_1_292' title='bbox 614 4147 858 4217; x_wconf 88' lang='lat' dir='ltr'>riosior</span> <span class='ocrx_word' id='word_1_293' title='bbox 904 4147 1086 4237; x_wconf 91' lang='lat' dir='ltr'>apud</span> <span class='ocrx_word' id='word_1_294' title='bbox 1153 4148 1561 4225; x_wconf 84' lang='lat' dir='ltr'>Dominum,</span> <span class='ocrx_word' id='word_1_295' title='bbox 1614 4160 1873 4234; x_wconf 86' lang='lat' dir='ltr'>quanto</span> <span class='ocrx_word' id='word_1_296' title='bbox 1925 4147 2117 4236; x_wconf 88' lang='lat' dir='ltr'>prius</span> <span class='ocrx_word' id='word_1_297' title='bbox 2167 4148 2234 4216; x_wconf 90' lang='lat' dir='ltr'>in</span> <span class='ocrx_word' id='word_1_298' title='bbox 2291 4147 2671 4217; x_wconf 86' lang='lat' dir='ltr'>certamine</span> <span class='ocrx_word' id='word_1_299' title='bbox 2732 4146 2991 4217; x_wconf 85' lang='lat' dir='ltr'>sortior.</span> <span class='ocrx_word' id='word_1_300' title='bbox 3066 4152 3163 4218; x_wconf 84' lang='lat' dir='ltr'>De</span> 
     </span>
     <span class='ocr_line' id='line_1_38' title="bbox 615 4235 3166 4327; baseline 0.001 -23"><span class='ocrx_word' id='word_1_301' title='bbox 615 4236 817 4326; x_wconf 87' lang='lat' dir='ltr'>cujus</span> <span class='ocrx_word' id='word_1_302' title='bbox 862 4237 1139 4327; x_wconf 85' lang='lat' dir='ltr'>egregia</span> <span class='ocrx_word' id='word_1_303' title='bbox 1173 4237 1306 4305; x_wconf 86' lang='lat' dir='ltr'>vita</span> <span class='ocrx_word' id='word_1_304' title='bbox 1355 4249 1432 4306; x_wconf 91' lang='lat' dir='ltr'>ut</span> <span class='ocrx_word' id='word_1_305' title='bbox 1477 4235 1742 4323; x_wconf 90' lang='lat' dir='ltr'>aliquid</span> <span class='ocrx_word' id='word_1_306' title='bbox 1791 4236 2000 4327; x_wconf 82' lang='lat' dir='ltr'>(ligne</span> <span class='ocrx_word' id='word_1_307' title='bbox 2054 4236 2232 4325; x_wconf 78' lang='lat' dir='ltr'>stylo</span> <span class='ocrx_word' id='word_1_308' title='bbox 2279 4257 2557 4306; x_wconf 86' lang='lat' dir='ltr'>exarare</span> <span class='ocrx_word' id='word_1_309' title='bbox 2606 4236 2996 4325; x_wconf 89' lang='lat' dir='ltr'>possimus,</span> <span class='ocrx_word' id='word_1_310' title='bbox 3057 4236 3166 4306; x_wconf 84' lang='lat' dir='ltr'>in-</span> 
     </span>
     <span class='ocr_line' id='line_1_39' title="bbox 615 4324 3164 4416; baseline 0.001 -25"><span class='ocrx_word' id='word_1_311' title='bbox 615 4324 921 4394; x_wconf 81' lang='lat' dir='ltr'>vocanda</span> <span class='ocrx_word' id='word_1_312' title='bbox 969 4325 1167 4395; x_wconf 90' lang='lat' dir='ltr'>nobis</span> <span class='ocrx_word' id='word_1_313' title='bbox 1215 4338 1316 4395; x_wconf 89' lang='lat' dir='ltr'>est</span> <span class='ocrx_word' id='word_1_314' title='bbox 1363 4332 1639 4394; x_wconf 86' lang='lat' dir='ltr'>summa</span> <span class='ocrx_word' id='word_1_315' title='bbox 1690 4325 2009 4416; x_wconf 82' lang='lat' dir='ltr'>majestas</span> <span class='ocrx_word' id='word_1_316' title='bbox 2056 4338 2332 4395; x_wconf 87' lang='lat' dir='ltr'>sanctae</span> <span class='ocrx_word' id='word_1_317' title='bbox 2380 4338 2444 4396; x_wconf 90' lang='lat' dir='ltr'>et</span> <span class='ocrx_word' id='word_1_318' title='bbox 2492 4324 2886 4396; x_wconf 84' lang='lat' dir='ltr'>individuae</span> <span class='ocrx_word' id='word_1_319' title='bbox 2934 4324 3164 4396; x_wconf 85' lang='lat' dir='ltr'>Trini-</span> 
     </span>
     <span class='ocr_line' id='line_1_40' title="bbox 617 4412 3164 4506; baseline 0.001 -25"><span class='ocrx_word' id='word_1_320' title='bbox 617 4412 813 4483; x_wconf 87' lang='lat' dir='ltr'>tatis:</span> <span class='ocrx_word' id='word_1_321' title='bbox 868 4426 1151 4501; x_wconf 90' lang='lat' dir='ltr'>utquae</span> <span class='ocrx_word' id='word_1_322' title='bbox 1209 4412 1452 4484; x_wconf 89' lang='lat' dir='ltr'>brutae</span> <span class='ocrx_word' id='word_1_323' title='bbox 1498 4413 1849 4501; x_wconf 90' lang='lat' dir='ltr'>quondam</span> <span class='ocrx_word' id='word_1_324' title='bbox 1897 4413 2149 4484; x_wconf 85' lang='lat' dir='ltr'>asellae</span> <span class='ocrx_word' id='word_1_325' title='bbox 2196 4414 2267 4483; x_wconf 90' lang='lat' dir='ltr'>id</span> <span class='ocrx_word' id='word_1_326' title='bbox 2317 4415 2676 4506; x_wconf 86' lang='lat' dir='ltr'>praestitit,</span> <span class='ocrx_word' id='word_1_327' title='bbox 2727 4427 2806 4485; x_wconf 84' lang='lat' dir='ltr'>ut</span> <span class='ocrx_word' id='word_1_328' title='bbox 2851 4415 3164 4485; x_wconf 83' lang='lat' dir='ltr'>humana</span> 
     </span>
    </p>
   </div>
   <div class='ocr_carea' id='block_1_7' title="bbox 718 4540 761 4585">
    <p class='ocr_par' dir='ltr' id='par_1_7' title="bbox 718 4540 761 4585">
     <span class='ocr_line' id='line_1_41' title="bbox 718 4540 761 4585; baseline 0 -2"><span class='ocrx_word' id='word_1_329' title='bbox 718 4540 761 4585; x_wconf 57' lang='grc' dir='ltr'>ἱ</span> 
     </span>
    </p>
   </div>
  </div>
 </body>
</html>
