3308 5004
631 347 763 412 606
1285 364 1365 412 οι
1406 360 1469 425 s.
1521 364 1789 414 sssnsm
1836 364 2101 413 Ani-xm.
2154 365 2345 412 ium.
2389 407 2396 408 f
2768 345 2968 411 AUG.
3027 345 3119 410 25

541 461 909 536 utramque
972 448 1287 519 fluminis
1357 450 1624 540 ripam,
1677 449 2047 540 geminatis
2122 449 2420 520 urbibus
2484 447 2932 519 ambiendam
2971 447 3122 538 (a),

543 537 756 608 unius
802 538 1127 627 martyris
1174 537 1387 609 tutela
1418 539 1746 609 muniret.
1771 544 1938 609 Nam
1990 539 2062 607 in
2114 538 2264 629 ipso
2292 538 2529 608 beatae
2579 537 2925 628 passionis
2957 537 3130 606 loco

538 626 918 696 consecrati
989 626 1257 697 cruoris
1312 627 1592 718 vestigia
1643 627 2146 716 relinquentes,
2205 627 2275 696 in
2325 627 2620 698 alterum
2670 626 2870 697 fluvii
2915 625 3128 696 latus

542 714 909 785 honoratas
944 714 1295 804 Reliquias
1345 717 1873 798 transtulerunt,
1930 729 2009 788 ut
2054 717 2425 805 utrobique
2476 735 2804 808 praesens
2843 720 2912 786 S.
2975 719 3126 785 Ge-

543 803 799 885 nesius,
854 803 998 874 illic
1045 803 1388 895 sanguine
1433 804 1828 889 haberetur,
1885 806 1999 878 hic
2046 828 2364 897 corpore:
2416 810 2598 876 Haec
2645 804 2883 875 omnia
2928 803 3125 874 fide-

540 891 698 963 liter
716 945 757 993 ,⁸
796 904 1002 980 atque
1047 905 1126 964 ut
1172 905 1363 995 gesta
1424 905 1635 978 sunt,
1691 894 1793 965 vel
1842 908 2218 987 comperta,
2272 895 2372 964 vel
2437 894 2657 976 dicta,
2714 893 3123 964 libentibus

538 979 936 1069 devotisque
984 983 1263 1063 animis,
1296 981 1439 1070 qui
1489 984 1852 1068 noveratis,
1908 984 2416 1075 recognoscite:
2469 984 2591 1071 qui
2639 982 3118 1074 ignorabatis,

537 1071 909 1161 agnoscite,
960 1081 1026 1140 et
1070 1070 1362 1162 gloriam
1408 1073 1575 1143 tanti
1626 1074 1976 1164 martyris,
2015 1096 2136 1164 per
2183 1072 2462 1165 singula
2493 1090 2835 1143 annorum
2873 1071 3122 1163 spatia

536 1171 953 1230 crescentem
988 1214 1004 1242 ‚
1057 1173 1124 1230 et
1169 1161 1240 1229 in
1290 1160 1526 1230 secula
1573 1174 1848 1233 aeterna
1905 1163 2240 1233 victuram
2269 1217 2285 1244 ‚
2358 1162 2609 1232 mentis
2656 1160 2881 1232 oculis
2929 1182 3122 1230 con-

539 1258 827 1331 tuentes,
878 1248 1365 1337 unusquisque
1413 1272 1538 1340 pro
1583 1251 1848 1322 viribus
1895 1250 1984 1321 ad
2027 1250 2308 1333 similia,
2347 1251 2409 1321 si
2457 1251 2551 1321 ita
2598 1250 2771 1320 fides
2817 1248 3119 1321 deside-

537 1338 808 1419 raverit,
843 1338 1116 1408 animos
1164 1352 1588 1430 praeparate,
1640 1351 1708 1409 et
1730 1353 1807 1411 ut
1852 1340 2096 1410 beatus
2128 1340 2484 1421 Genesius,
2538 1339 2785 1410 throno
2821 1338 3120 1408 Domini

535 1447 760 1513 usque
806 1426 876 1495 in
911 1426 1254 1497 vindictae
1284 1449 1450 1497 suae
1482 1440 1756 1520 tempus
1785 1429 2139 1511 assistenS‚
2191 1428 2689 1510 sacerdotibuS,
2724 1426 3111 1508 ministris,

537 1512 736 1615 Clero·
778 1515 1114 1603 nobisque
1158 1517 1508 1598 omnibus,
1560 1518 1745 1598 etei,
1783 1519 1905 1606 qui
1955 1518 2394 1589 instructioni
2427 1530 2690 1590 vestrae
2739 1517 2870 1586 ista
2911 1538 3118 1586 com-

539 1616 791 1693 posuit,
840 1606 1329 1695 patrocinetur,
1385 1619 1618 1675 orate:
1672 1611 1909 1677 Amen.

1263 1881 1739 1965 EJUSDEM
1792 1886 1886 1964 B.
1955 1883 2368 1964 GENESII

1370 2101 1698 2167 INSIGNE
1746 2101 2232 2168 MIRACULUM

979 2317 1021 2362 A
1066 2315 1124 2362 S.
1178 2315 1436 2363 mutuo
1482 2314 1870 2363 ARELATENSI
1918 2311 2216 2363 Episcopo
2251 2313 2642 2363 nnscntrrmt

622 2494 660 2572 ἓ
707 2490 785 2561 1.
838 2491 1058 2581 Opera
1107 2488 1221 2558 Dei
1262 2511 1563 2570 narrare,
1603 2488 2066 2559 honorificum
2114 2500 2238 2561 est.
2274 2493 2450 2580 Ergo
2498 2511 2746 2580 operae
2780 2490 3102 2580 pretium

530 2591 654 2660 est,
694 2577 1030 2648 miracula
1078 2577 1618 2670 divini·operiS‚
1671 2578 1758 2647 ad
1817 2579 2037 2648 sancti
2087 2580 2412 2668 martyris
2466 2578 2736 2649 Genesii
2785 2578 3100 2681 gloriam

530 2666 907 2750 referenda,
963 2688 1267 2737 narrare.
1320 2666 1536 2738 Natali
1584 2668 1770 2737 enim
1823 2667 2044 2757 ipsius
2091 2667 2226 2749 die,
2270 2667 2370 2737 fre
2421 2689 2593 2738 uens
2626 2667 2744 2737 ille
2791 2689 2866 2737 in
2922 2671 3098 2740 civi-

530 2768 665 2827 tate
692 2755 1062 2828 Arelatensi
1104 2778 1330 2838 casuS,
1371 2755 1599 2847 pontis
1629 2756 1908 2847 abrupti
1937 2755 2270 2847 periculo,
2306 2779 2393 2826 ur
2442 2779 2548 2825 em
2599 2768 2812 2840 totam
2867 2759 3093 2829 nimio

529 2856 820 2916 tremore
851 2846 1224 2927 concussit,
1276 2858 1343 2916 et
1371 2844 1627 2915 animis
1658 2844 1869 2915 subiti
1920 2845 2191 2947 pavoris
2233 2845 2638 2915 discrimine
2684 2847 3080 2928 concussis»,

527 2933 982 3005 solemnitatis
1028 2934 1359 3003 laetitiam
1408 2945 1682 3023 recepta
1739 2934 1983 3005 salutis
2029 2934 2692 3025 gratia,.laetiorem
2745 2935 3068 3017 reddidit,

519 3023 958 3114 jucunditate
984 3021 1362 3113 duplicata.
1400 3027 1568 3092 Nam
1593 3043 1752 3093 cum
1791 3045 1954 3094 suos
1975 3023 2054 3092 -in
2091 3024 2219 3093 hac
2245 3023 2635 3095 celebritate
2709 3023 2826 3093 lus
2846 3027 3066 3103 etiam,

523 3133 735 3199 quam
784 3133 971 3193 suOS,
1023 3110 1253 3182 Arelas
1304 3110 1605 3202 populus
1634 3112 1992 3202 coegisset,
2034 3134 2332 3200 quorum
2368 3113 2441 3182 in
2489 3112 2609 3183 illa
2691 3112 2753 3182 ie
2800 3113 3072 3204 gaudiis

524 3199 814 3291 agendis
859 3201 1013 3301 ipsa
1045 3200 1287 3269 civitas
1338 3211 1635 3291 angusta
1693 3213 1860 3280 erat,
1899 3201 2182 3272 semitae
2228 3214 2294 3272 et
2349 3202 2572 3303 spatia
2618 3223 3076 3293 camporum,

525 3288 848 3360 haerente
895 3311 967 3357 in
1017 3289 1318 3378 agmine,
1370 3302 1435 3359 et
1481 3288 1959 3359 laborantibus
2012 3312 2142 3360 sua
2187 3303 2457 3362 cunctis
2503 3290 2890 3371 densitate,
2940 3292 3082 3361 ibat

523 3377 597 3447 in
632 3376 981 3453 ulterioris
1027 3377 1342 3455 fluminis
1393 3378 1641 3469 ripam,
1696 3379 1767 3448 in
1835 3380 2165 3449 honorem
2217 3379 2542 3469 martyris
2571 3435 2586 3462 ,
2641 3378 2914 3450 Christo
2961 3380 3083 3449 de-

527 3477 724 3539 votus
785 3468 1145 3548 exercituS,
1210 3489 1372 3538 cum
1433 3467 1664 3537 charis
1710 3467 2171 3558 conjugibuS,
2238 3467 2567 3538 dulcibus
2635 3468 3081 3559 pignoribus,

522 3554 729 3647 plura
775 3555 980 3625 simul
1033 3556 1368 3626 beneficia
1397 3556 1651 3627 habere
1683 3556 2041 3627 festinans.
2077 3563 2208 3628 Nec
2233 3569 2598 3628 contentus
2629 3578 2772 3627 uno
2822 3557 2893 3626 in
2932 3557 3083 3628 loco

523 3656 676 3716 vota
723 3643 1162 3736 profundere,
1201 3645 1273 3715 in
1322 3645 1613 3716 ecclesia
1648 3645 1961 3736 pervigil,
1992 3645 2449 3717 antelucanus
2472 3645 2559 3715 ad
2588 3644 2818 3715 locum
2841 3645 3082 3716 caedis

522 3745 588 3805 et
635 3734 999 3825 sanguinis
1044 3733 1448 3805 festinabat:
1505 3733 1668 3805 item
1730 3735 1818 3804 ad
1868 3734 2294 3825 sepulcrum,
2352 3733 2767 3827 gaudiorum
2823 3736 3082 3805 immo-

521 3822 674 3895 lans
712 3823 996 3904 hostias,
1048 3825 1252 3912 quasi
1298 3838 1767 3914 occupaturus
1812 3845 2018 3895 aures
2069 3824 2414 3925 martyris,
2472 3823 2911 3915 properabat.
2943 3827 3081 3894 Nec

518 3911 928 3983 clericorum
959 3912 1186 3983 officia
1233 3912 1632 3984 solemniter
1669 3912 2023 3994 ordinata,
2084 3934 2206 3983 nec
2254 3933 2484 4003 ipsum
2534 3911 2836 4000 denique
2897 3911 3081 3983 lucis

520 4012 792 4092 tempus
811 4003 1235 4093 expectabat.
1274 3999 1614 4092 Splendor
1638 4002 1982 4088 siquidem
2019 4000 2425 4083 festivitatiS,
2481 4001 2870 4072 collucente
2895 4001 3080 4072 urbe

524 4103 683 4173 tota,
719 4112 995 4161 omnem
1045 4090 1467 4162 omnimodis
1514 4090 1874 4181 pepulerat
1922 4091 2142 4162 noctis
2198 4090 2577 4160 horrorem.
2630 4090 2914 4160 Interim
2968 4090 3080 4160 via

523 4178 640 4249 illa
689 4179 976 4261 navalis,
1037 4201 1174 4268 qua
1221 4181 1400 4251 inter
1443 4179 1958 4251 confoederatas
2006 4179 2141 4251 sibi
2198 4180 2449 4261 urbe5‚
2504 4178 2694 4250 illius
2742 4178 3075 4250 terribilis

569 4323 640 4375 (a)
669 4323 960 4366 Arelatensis
987 4322 1141 4375 primo
1167 4325 1293 4372 urbs,
1320 4327 1419 4366 tota.
1441 4327 1498 4366 ad
1517 4323 1732 4367 Rhodani
1752 4326 1935 4366 laevam
1955 4323 2106 4375 ripam
2129 4322 2286 4375 posita
2303 4326 2426 4367 eretz
2447 4321 2789 4366 Constantinus
2807 4323 3008 4373 uagum
3023 4322 3078 4364 in

517 4379 683 4419 dextra
708 4389 877 4419 novam
906 4378 1148 4425 excitavit.
1174 4382 1221 4419 et
1249 4380 1497 4428 utramque
1533 4382 1677 4429 ponte
1711 4377 1867 4420 navali
1900 4375 2162 4429 conjunxit..
2191 4376 2493 4420 nobilissima
2527 4379 2716 4419 Annus
2748 4375 2917 4419 civita
2949 4375 3076 4419 iam

519 4433 640 4491 Araq
663 4432 1000 4491 latae-Deorum
1024 4434 1099 4472 est
1116 4434 1244 4473 dicta
1261 4443 1317 4473 ex
1333 4432 1626 4482 amplissimo
1647 4434 1780 4475 cultu
1799 4444 1893 4483 quo
1913 4444 1994 4476 eos
2014 4434 2063 4475 et
2081 4431 2358 4483 praesertim
2376 4432 2573 4473 Dianam
2592 4428 2780 4482 mtgnis
2797 4429 3074 4482 crebrisque

522 4480 767 4527 nei-mona
788 4482 919 4526 iltius
940 4486 1123 4527 incolae
1140 4486 1564 4535 prosequebantur.
2283 4498 2288 4499 ⁷
