3308 5004
663 283 791 373 342
1162 294 1247 347 nn
1293 296 1677 347 nonmrlonn
1722 293 2008 345 nuans&
2059 296 2229 346 wne.
2283 298 2524 347 niun
2794 282 2977 351 AUG.
3036 284 3134 348 ⁴5

576 381 725 452 suis
772 378 1036 470 linguis
1088 378 1500 449 canentibus
1546 377 1890 468 hymnum
1940 377 2040 447 eis
2102 378 2875 450 convenientissimum:
2938 387 2988 451 Α
3102 421 3136 433 -

575 469 770 540 stolis
803 481 1059 550 autem,
1096 479 1161 537 et
1208 489 1249 537 a
1290 472 1422 537 Deo
1477 466 1833 558 inspiratis
1886 466 2225 557 patribus,
2280 471 2413 538 Deo
2469 481 2665 558 grata
2712 472 2978 540 canenti
3036 493 3138 542 us

574 558 843 628 cantica
889 568 956 627 et
985 557 1243 645 quibus
1289 555 1756 657 applaudebat
1814 555 2126 646 spirituS.
2180 561 2395 637 Tunc,
2440 568 2606 627 tunc
2655 579 2815 628 arca
2851 560 3139 629 Domini

575 645 846 717 sublata
884 669 963 716 ex
1011 656 1243 717 monte
1290 649 1477 727 Sion,
1530 656 1720 714 vecta
1767 644 2045 734 inclytis
2092 644 2402 716 humeris
2463 646 2935 736 Apostolorum
2966 702 2983 729 ,
3052 649 3132 717 in

572 735 863 806 coeleste
897 735 1227 825 templum
1271 734 1765 804 transmittitur
1807 754 1930 823 per
1977 733 2276 803 mediam
2325 733 2711 817 civitatem,
2765 749 3131 824 tamquam

574 824 913 912 quaedam
964 844 1224 915 sponsa
1270 822 1604 913 speciosa,
1654 822 1974 892 decorata
2021 821 2388 913 splendore
2427 824 2738 913 spirituS,
2790 825 2877 895 ad
2910 848 3132 915 quern

575 935 709 983 non
761 924 946 1004 patet
991 912 1263 983 aditus:
1318 925 1385 982 et
1431 911 1530 981 sic
1591 910 1809 981 fertur
1863 911 1934 980 in
1988 911 2535 982 sacratissimum
2579 913 2939 1003 praedium
2991 920 3131 985 Ge-

573 1001 953 1082 thsemane,
1017 1001 1292 1092 Angelis
1342 999 1992 1090 praecurrentibus,
2044 1000 2653 1087 consequentibus,
2708 1002 2838 1074 alis
2884 1018 3133 1074 conte-

570 1092 930 1182 gentibus:
968 1103 1034 1160 et
1081 1089 1423 1160 Ecclesiae
1456 1102 1587 1158 tota
1638 1089 2192 1181 congregatione.
2248 1094 2324 1158 Et
2370 1090 2720 1177 quomodo
2772 1113 2883 1161 rex
2927 1093 3131 1163 Salo·

573 1202 758 1262 mon,
814 1191 1095 1271 propter
1139 1200 1338 1249 arcae
1391 1177 1698 1265 requiem
1740 1178 1808 1247 in
1869 1178 2125 1268 templo
2171 1178 2467 1257 Domini,
2520 1179 2702 1266 quod
2769 1181 2915 1271 ipse
2952 1204 3132 1250 con-

571 1269 840 1349 struxit,
892 1288 1135 1338 omnes
1180 1266 1486 1337 seniores
1516 1266 1898 1336 Jerusalem
1927 1268 2192 1338 vocavit
2219 1266 2305 1336 ad
2355 1268 2756 1339 concionem
2810 1271 2878 1339 in
2926 1271 3124 1347 Sion,

567 1370 650 1427 ut
696 1356 1093 1428 transferret
1138 1376 1367 1426 arcam
1420 1356 1809 1426 testamenti
1869 1356 2140 1425 Domini
2187 1354 2273 1424 de
2310 1357 2582 1427 civitate
2643 1358 2877 1439 David,
2941 1380 3128 1446 quae

570 1458 717 1516 erat
790 1446 999 1517 Sion:
1052 1458 1118 1515 et
1177 1443 1610 1515 sustulerunt
1688 1443 2082 1516 Sacerdotes
2146 1465 2422 1526 arcam,
2476 1457 2542 1516 et
2590 1446 3129 1517 tabernaculum

572 1535 986 1604 testimonii:
1041 1535 1183 1625 Ipsi
1229 1555 1424 1613 vero,
1476 1546 1543 1603 et
1590 1533 1899 1615 Levitae,
1951 1547 2018 1603 et
2079 1538 2239 1615 Rex,
2292 1546 2357 1603 et
2404 1535 2770 1607 universus
2821 1536 3130 1627 populus

573 1636 731 1693 ante
778 1645 1009 1693 arcam
1082 1622 1567 1693 sacrificabant
1611 1623 1818 1694 hoves
1864 1634 1929 1691 et
1975 1644 2134 1693 oves
2209 1623 2797 1706 innumerabiles,
2864 1625 2988 1712 qui
3060 1638 3134 1694 et

572 1712 960 1783 intulerunt
1006 1713 1230 1803 ipsam
1280 1733 1511 1781 arcam
1575 1711 1965 1782 testamenti
2032 1712 2304 1782 Domini
2353 1713 2422 1780 in
2491 1711 2716 1782 locum
2768 1713 2919 1801 ejus
2950 1768 2968 1794 ,
3047 1715 3123 1782 in

573 1803 794 1871 Daber
838 1801 1104 1881 domOS,
1136 1801 1205 1870 in
1240 1812 1479 1869 sancta
1518 1813 1941 1879 sanctorum,
1982 1800 2112 1871 sub
2143 1801 2290 1871 alas
2319 1801 2660 1871 Cherubin
2694 1801 2752 1869 *ε
2808 1803 2916 1872 Sic
2960 1815 3132 1872 tunc

574 1902 853 1993 propter
900 1890 1203 1977 requiem
1255 1910 1455 1959 arcae
1508 1888 1979 1979 intelligentis,
2022 1911 2157 1959 non
2212 1891 2596 1960 testamenti
2645 1891 2942 1973 Domini,
3004 1890 3125 1961 sed

573 1980 797 2069 ipsius
831 1978 1222 2071 hypostasis
1257 1978 1372 2047 Dei
1406 1978 1628 2061 Verbi,
1677 1977 1822 2069 ipse
1856 1998 2073 2047 novus
2108 1977 2453 2061 Salomon,
2491 1978 2615 2067 qui
2660 1993 2763 2049 est
2796 1980 3128 2070 princeps

572 2067 788 2158 pacis,
840 2080 905 2137 et
952 2066 1258 2137 universi
1305 2066 1609 2156 optimus
1659 2066 2110 2148 architectuS,
2164 2068 2498 2137 mentium
2547 2067 2950 2139 coelestium
3003 2091 3127 2138 su·

571 2156 1092 2257 permundanos
1137 2155 1458 2235 ordines,
1514 2168 1580 2225 et
1628 2156 1784 2225 novi
1854 2156 2242 2226 testamenti
2294 2158 2648 2246 proceres,
2703 2156 3063 2246 Apostolos
3098 2212 3116 2237 ,

573 2266 884 2332 inquam,
936 2267 1097 2315 cum
1146 2244 1471 2315 universo
1512 2244 1768 2335 populo
1803 2257 2223 2326 sanctorum,
2279 2246 2398 2332 qui
2447 2256 2590 2315 erat
2636 2245 3121 2335 JerosolymiS,

571 2333 778 2404 hodie
825 2334 1302 2425 congregavit:
1354 2343 1420 2402 et
1482 2333 1787 2403 animam
1854 2332 2134 2420 quidem
2205 2355 2326 2424 per
2398 2333 2690 2424 Angelos
2757 2334 2827 2403 in
2879 2348 3126 2404 sancta

569 2434 993 2505 sanctorum,
1049 2445 1225 2512 quae
1273 2434 1437 2493 sunt
1483 2422 1904 2513 exemplaria
1950 2444 2108 2491 vera
2154 2435 2232 2492 et
2277 2422 2631 2507 coelestia,
2698 2422 3108 2504 introducit,

569 2513 701 2584 sub
726 2513 915 2604 ipsas
945 2512 1092 2584 alas
1129 2511 1611 2603 quadruplicis
1634 2512 1894 2581 formae
1932 2511 2369 2593 animalium,
2410 2524 2476 2582 et
2506 2534 2633 2583 suo
2663 2513 2833 2583 stitit
2871 2512 3123 2583 throno

565 2601 639 2671 in
689 2601 998 2672 interiori
1049 2600 1538 2683 tabernacul0,
1597 2601 1666 2670 in
1717 2599 1900 2687 quod
1960 2621 2367 2691 praecursor
2435 2601 2586 2691 ipse
2634 2600 2946 2673 Christus
3007 2602 3121 2670 in-

617 2712 848 2762 ressus
894 2703 997 2760 est
1042 2689 1523 2781 corporaliter:
1562 2694 1877 2759 Portatur
1907 2702 2135 2758 autem
2171 2711 2423 2779 corpus
2459 2689 2784 2760 manibus
2832 2694 3120 2781 Aposto-

596 2802 820 2863 orum,
867 2784 1048 2869 Rege
1080 2784 1345 2870 Regum
1399 2778 1468 2848 id
1516 2789 1783 2870 tegente
1828 2776 2194 2867 splendore
2244 2799 2431 2857 suae,
2465 2796 2645 2866 quae
2684 2779 2815 2849 sub
2864 2779 3119 2869 adspe-

567 2881 753 2939 ctum
805 2890 940 2938 non
977 2866 1181 2948 cadit,
1235 2866 1638 2948 divinitatiS,
1692 2878 1753 2937 et
1787 2878 1923 2937 toto
1959 2879 2156 2935 coetu
2207 2888 2293 2956 po
2348 2866 2447 2936 uli
2500 2880 3008 2957 praecurrente,
3054 2881 3124 2937 et

566 2979 801 3028 sacras
846 2976 1045 3028 voces
1090 2956 1460 3038 emittente,
1516 2968 1581 3026 et
1628 2955 2059 3025 sacrificante
2097 2955 2274 3023 sacri
2332 2955 2517 3025 cium
2570 2955 2843 3038 laudis,
2899 2956 3119 3027 donec

571 3046 643 3114 in
695 3042 1038 3136 sepulcro,
1078 3055 1430 3132 tamquam
1483 3044 1551 3113 in
1587 3044 1914 3124 thalamo,
1955 3054 2019 3112 et
2050 3064 2174 3133 per
2216 3041 2448 3134 ipsum
2492 3043 2562 3113 in
2600 3044 2870 3115 deliciis
2899 3044 3113 3124 Eden,

567 3144 633 3203 et
680 3133 749 3201 in
799 3133 1211 3224 coelestibus
1259 3133 1599 3224 repositus
1646 3132 1777 3202 fuit
1816 3131 2279 3203 tabernaculis
2307 3131 2491 3202 **....

657 3223 695 3310 ξ
742 3226 884 3294 15.
939 3222 1114 3291 Hinc
1161 3220 1248 3292 ad
1283 3221 1824 3293 sacratissimam
1872 3219 2241 3291 deducitur
2287 3222 2766 3293 Gethsemane.
2813 3227 3124 3293 Rursus-

567 3331 705 3469 zue
751 3310 1135 3400 amplexus,
1190 3324 1257 3379 et
1303 3331 1548 3381 rursus
1585 3309 1925 3391 encomia,
1981 3309 2220 3399 hymni
2269 3310 2473 3388 sacri,
2525 3323 2591 3380 et
2655 3333 2964 3400 genuum
3015 3312 3125 3380 in-

624 3398 922 3479 exioneS,
974 3410 1040 3469 et
1085 3398 1455 3487 lacrymae,
1507 3411 1573 3468 et
1604 3421 1686 3468 ex
1718 3399 1932 3468 animi
1983 3420 2289 3470 moerore
2321 3411 2387 3469 et
2417 3398 2760 3471 desiderio
2784 3399 3121 3470 sudorum

569 3486 794 3558 fontes
832 3487 1417 3557 circumfluentes.
1473 3487 1880 3576 Licebatque
1920 3487 2150 3557 videre
2197 3487 2487 3559 sudores
2518 3502 2585 3557 et
2632 3487 2978 3574 lacrymas
3037 3488 3123 3558 de

570 3576 767 3646 fluxu
793 3575 1305 3646 contendentes.
1345 3575 1453 3645 Sic
1492 3576 1708 3666 igitur
1739 3575 2252 3648 sanctissimum
2282 3599 2400 3646 cor
2451 3599 2536 3648 us
2563 3577 3121 3666 praeclarissimo

573 3665 959 3757 imponitur
1007 3676 1477 3735 monumento.
1532 3664 1659 3736 Sed
1717 3664 1879 3734 hinc
1928 3664 2124 3736 tertio
2172 3664 2284 3734 die
2339 3688 2379 3735 a
2491 3688 2743 3737 cursus
2795 3665 3124 3737 coelestes

570 3755 642 3824 in
684 3753 1001 3824 coelestia
1050 3752 1458 3824 transfertur
1503 3754 1875 3825 curricula.
1928 3758 2070 3825 Non
2134 3755 2490 3844 oportebat
2535 3753 2720 3824 enim
2774 3755 2904 3826 hoc
2949 3755 3125 3825 divi-

571 3865 743 3913 num
776 3842 1281 3924 habitaculum,
1333 3842 1614 3924 fontem,
1668 3844 1789 3931 qui
1830 3864 1966 3912 non
2019 3855 2240 3934 potest
2285 3842 2676 3923 exhauriri,
2747 3865 2966 3931 aquae
3016 3865 3123 3913 re-

573 3931 971 4014 missionis,
1021 3930 1335 4003 coelestis
1400 3932 1601 4023 panis
1661 3945 1910 4002 terram
1980 3930 2384 4002 inarabilem
2426 3986 2441 4014 ,
2497 3930 2673 4002 botri
2736 3932 3124 4004 ambrosiae

572 4030 818 4090 terram
846 4019 1375 4112 inirrigabilem,
1406 4042 1680 4113 semper
1713 4021 2070 4091 florentem
2098 4034 2165 4091 et
2203 4019 2495 4090 fertilem
2543 4019 2767 4092 oleam
2802 4034 3122 4113 paternae

575 4109 1110 4192 misericordiae,
1161 4112 1461 4181 coerceri
1508 4111 1577 4180 in
1629 4109 1792 4180 sinu
1843 4121 2099 4179 terrae:
2135 4109 2254 4181 sed
2303 4109 2653 4198 quomodo
2700 4110 2880 4198 quod
2929 4132 3010 4180 ex
3040 4131 3120 4179 ea

633 4305 660 4333 ⁸
688 4306 805 4346 Vide
825 4307 850 4347 3
869 4308 980 4358 Reg.
999 4317 1099 4348 vm.

592 4358 994 4466 ὤῶονὲἓοίὲἒω
1012 4363 1257 4412 Deip-ram
1273 4362 1362 4403 hac
1379 4359 1478 4402 viu
1494 4362 1709 4404 functam
1727 4362 1948 4412 optantur
1966 4362 2308 4404 namnetum:
2337 4356 2419 4400 atu
2447 4355 2653 4409 quidun,
2681 4360 2766 4401 ted
2784 4358 2939 4401 minus
2959 4359 3117 4410 probs·
