3308 5004
202 290 398 359 ΑΗΕ.
449 291 537 358 27
846 308 929 358 nn
964 309 1030 357 s.
1083 306 1356 362 stoacio
1402 306 1569 362 nuc.
1620 309 1699 358 u·
1745 305 1944 366 500115
1989 309 2108 357 n.
2544 295 2674 362 643

204 392 648 477 charissima,
712 404 793 465 ut
836 393 1176 468 assentiar
1233 393 1571 494 omnibus·
1626 414 1806 482 quae
1877 393 2237 468 laudabas.
2291 396 2754 480 Quamobrem

201 483 437 576 primo
483 482 800 560 omnium
850 482 1237 555 munditiae
1280 482 1576 554 castitati
1626 482 2004 566 studentes,
2060 506 2382 556 vacemus
2429 486 2753 570 orationi,

201 589 344 662 quo
381 572 659 644 facilius
703 571 792 643 ad
840 570 1106 661 reliqua
1152 572 1541 643 sanctitatis
1576 593 1790 662 opera
1820 594 2289 663 properemus.
2325 574 2470 645 Fiat
2499 574 2758 647 dehinc

203 684 424 744 soror,
462 684 640 752 quae
685 660 1023 732 hactenus
1069 662 1322 751 conjux
1354 660 1527 732 suit:
1576 671 1645 731 et
1702 673 1931 751 spreta
1984 662 2576 753 conglutinatione
2605 686 2761 737 cor·

203 773 480 843 porum,
535 749 796 821 noverit
844 771 1041 820 mens
1104 749 1583 840 praestantior,
1639 762 1870 841 spreto
1927 750 2159 821 carnis
2222 750 2752 836 oblectamento,

203 854 576 933 perpetuae
622 838 1125 910 incolumitatis
1187 839 1570 930 producere
1617 839 1957 929 germina,
2011 839 2071 913 si
2117 860 2254 927 quo
2304 840 2510 911 modo
2562 842 2760 933 digni

203 929 583 1003 reddamur
629 928 946 1018 martyrii
982 929 1363 1018 praemi0.»

288 1021 328 1106 ξ
370 1022 461 1092 5.
516 1016 819 1107 Suscipit
865 1016 1283 1088 laetantibus
1332 1016 1589 1088 animis
1625 1015 2037 1087 venerabilis
2079 1016 2332 1088 mulier
2369 1018 2571 1119 pium
2621 1019 2750 1087 viri

199 1105 601 1187 consilium,
653 1104 1102 1196 gaudensque
1162 1105 1403 1176 multis
1468 1105 1693 1177 modis
1739 1104 1813 1174 in
1881 1117 2018 1175 tam
2069 1105 2299 1176 subita
2362 1119 2755 1197 insperatae

198 1195 447 1267 salutis
505 1194 893 1265 oblatione:
942 1218 983 1263 «
1015 1199 1197 1265 Haec
1245 1206 1454 1276 sunt,
1508 1194 1781 1283 inquit,
1853 1215 2030 1282 quae
2085 1215 2362 1285 semper
2419 1195 2746 1286 optabam

197 1285 466 1365 audire,
511 1283 826 1355 videlicet
869 1294 948 1354 ut
992 1304 1202 1354 carne
1236 1283 1638 1364 morientes,
1696 1282 2010 1354 vivamus
2056 1305 2088 1351 s
2142 1283 2331 1366 iritu,
2369 1305 2590 1355 unum
2628 1306 2757 1375 pa·

194 1373 365 1444 riter
404 1373 626 1444 effecti
671 1394 833 1442 cum
897 1371 1040 1454 1110,
1068 1372 1251 1442 sicut
1282 1372 1618 1462 scriptum
1669 1384 1808 1441 est:
1848 1373 1980 1455 Qui
2108 1373 2340 1443 haeret
2387 1373 2547 1454 Deo,
2578 1396 2758 1446 unus

192 1465 479 1554 spiritus
502 1472 603 1532 est
646 1461 918 1562 (1.0ον.
963 1462 1082 1551 v1).
1127 1463 1586 1544 Quamobrem
1628 1460 1723 1530 mi
1753 1459 2058 1542 domine,
2099 1460 2420 1550 quiahoc
2454 1462 2579 1532 tibi
2614 1484 2753 1533 non

193 1551 608 1623 humanitus
653 1550 1072 1640 inspiratum
1112 1548 1456 1626 creditur,
1507 1549 1952 1620 absolvamus
2001 1569 2125 1619 nos
2175 1550 2448 1624 cunctis
2495 1550 2758 1622 facino-

65 1687 78 1702 ·
189 1662 353 1711 rum
401 1638 721 1720 vinculiS,
755 1649 821 1709 et
865 1637 1271 1710 studeamus
1302 1637 1645 1709 desiderio
1680 1639 1854 1709 vitae
1881 1637 2277 1729 perennis.»
2312 1639 2415 1709 Fit
2456 1640 2746 1741 proinde

190 1742 652 1816 utrorumque
707 1728 1106 1802 communis
1159 1727 1230 1796 in
1286 1728 1392 1797 Dei
1445 1727 1840 1798 servitutem
1901 1749 2255 1797 assensus.
2325 1727 2745 1800 Dividuntur

190 1817 596 1897 concubitu,
626 1817 794 1888 votis
816 1816 1219 1907 junguntur
1241 1816 1604 1908 AngeliciS.
1632 1816 1923 1907 Fulgent
1952 1817 2078 1886 tori
2103 1815 2327 1887 fulcra
2355 1817 2749 1908 operimen-

192 1919 425 1977 torum
457 1905 903 1993 colorumque
941 1905 1284 1986 varietate,
1340 1928 1478 1993 quo
1513 1927 1709 1977 suam
1746 1906 2335 1985 conversationem
2384 1905 2594 1998 vulgo
2640 1927 2750 1977 ce·

195 1996 379 2065 lent:
425 1993 642 2063 sedin
692 1993 1138 2067 interioribus
1169 1994 1454 2065 alterius
1482 1993 1813 2076 cubiculi,
1868 1994 2196 2066 extructis
2228 2016 2264 2064 e
2312 1994 2553 2065 crudis
2584 1993 2751 2064 late-

191 2082 395 2154 ribus
442 2084 627 2166 toris,
680 2106 760 2153 ac
809 2083 1107 2174 hispidis
1142 2095 1410 2154 tantum
1459 2083 1744 2172 adjectis
1790 2105 1829 2152 e
1873 2082 2102 2155 cilicio
2150 2083 2487 2166 instratiS,
2544 2105 2743 2174 sepa-

195 2171 400 2244 ratim
446 2172 725 2243 cubant.
779 2172 972 2255 Quod
1030 2172 1401 2243 divortium
1472 2172 1692 2242 sancti
1767 2172 2122 2262 propositi,
2167 2171 2405 2242 divino
2452 2184 2555 2244 est
2621 2172 2750 2243 tali

195 2260 591 2332 decoratum
643 2260 1018 2331 miraculo:
1081 2261 1390 2344 Quadam
1442 2272 1638 2330 nocte
1699 2281 1858 2329 curn
1910 2260 1978 2330 in
2038 2260 2449 2348 hujusmodi
2519 2262 2750 2333 stratis

194 2350 506 2421 membra
551 2349 767 2438 quieti
815 2349 1187 2432 dedissent,
1212 2350 1359 2439 jam
1398 2349 1617 2419 noctis
1669 2347 1893 2418 medio
1940 2371 2098 2418 ecce
2147 2349 2378 2420 subito
2413 2349 2596 2421 videt
2633 2371 2749 2419 ve-

188 2439 525 2511 nerabilis
601 2438 850 2509 mulier
913 2460 1160 2528 agmen
1210 2438 1781 2518 candidatorum,
1856 2437 2252 2528 patentibus
2301 2437 2567 2509 foribus
2603 2493 2618 2521 ‚
2667 2439 2745 2509 in

185 2527 477 2600 domum
541 2550 740 2598 suam
789 2527 1083 2618 ingredi.
1128 2532 1315 2610 Quae
1376 2529 1578 2597 turba
1654 2526 1969 2597 coelestis
2016 2527 2187 2597 dum
2261 2528 2741 2618 pavimentum

186 2616 423 2688 linteis
456 2615 652 2686 niveo
697 2617 997 2687 candore
1047 2616 1463 2687 micantibus
1511 2614 1775 2696 sternit,
1815 2614 1956 2684 5010
1985 2614 2239 2685 clarior
2285 2616 2497 2687 simul
2534 2616 2786 2687 indu-.

181 2707 371 2777 citur
399 2704 749 2862 splendor.
794 2706 1048 2775 Dehinc
1096 2718 1247 2795 post
1286 2703 1649 2796 paululum
1693 2704 2433 2864 subsecuxjuvenis,
2476 2705 2743 2776 incom-

180 2794 432 2886 parabi
464 2795 485 2862 i
519 2794 734 2864 nitore
775 2794 1160 2876 redimituS,
1187 2815 1392 2882 quem
1445 2814 1646 2862 nemo
1686 2792 1836 2861 sine
1867 2791 2012 2862 mul
2144 2815 2374 2863 errore
2407 2794 2741 2867 humanis

179 2881 412 2954 oculis
443 2882 694 2953 intueri
728 2897 974 2974 posset,
1006 2883 1293 2953 accessit
1316 2881 1400 2950 ad
1428 2893 1650 2951 torum
1682 2881 1936 2952 nobilis
1968 2882 2246 2952 Aurelii:
2282 2883 2746 2970 muniensque

180 2971 390 3043 illum
433 2971 633 3062 signo
663 2972 899 3044 Crucis
949 2972 1282 3059 undique,
1326 2970 1496 3040 dixit
1560 2969 1658 3039 ibi
1713 2969 2054 3057 quaedam
2106 2970 2445 3041 solemnia
2505 2972 2735 3053 verba,

181 3082 369 3149 quae
419 3059 539 3130 illa
589 3059 893 3150 professa
930 3072 1033 3131 est
1080 3081 1245 3151 prae
1294 3059 1508 3129 nimio
1549 3071 1739 3129 metu
1771 3081 1843 3129 se
1882 3058 2268 3151 intelligere
2318 3060 2737 3147 nequivisse.

179 3155 425 3221 Postea
473 3170 630 3219 vero
677 3148 764 3219 ad
795 3149 1108 3222 Nataliae-
1137 3159 1426 3220 stratum
1474 3147 1834 3230 accedens,
1888 3148 2258 3219 celebravit
2290 3148 2556 3231 eadem,
2625 3172 2744 3241 pa·

175 3238 489 3327 riterque
518 3260 681 3307 cum
717 3238 867 3329 ipso
915 3236 1282 3329 splendore
1330 3237 1629 3308 recessit.
1675 3241 1808 3308 Nos
1861 3235 2172 3324 quidem,
2215 3237 2501 3327 juvenis
2550 3249 2743 3308 tanto

180 3327 482 3429 stipatus
527 3327 883 3414 obsequio,
928 3327 1087 3415 quis
1133 3325 1359 3406 fuerit,
1401 3325 1676 3396 lectoris
1715 3326 2002 3396 arbitrio
2035 3325 2470 3398 censendum
2528 3327 2742 3397 relin-

178 3438 506 3505 quimus:
561 3437 698 3486 non
751 3429 977 3485 tamen
1031 3414 1331 3487 absurde
1379 3414 1516 3496 ille,
1569 3413 1691 3501 qui
1746 3414 1819 3483 in
1869 3437 1998 3485 suo
2067 3426 2308 3487 sancto
2363 3416 2740 3506 Evangelio

178 3504 546 3596 promittit;
592 3504 714 3575 ubi
759 3504 901 3574 duo
933 3503 1031 3573 vel
1084 3516 1218 3575 tres
1265 3502 1662 3595 congregati
1712 3504 1850 3574 sint
1881 3504 1955 3573 in
2007 3505 2292 3575 nomine
2331 3504 2582 3595 ipsiuS,
2636 3504 2740 3574 ibi

180 3616 253 3665 se
280 3593 429 3666 fore
466 3593 534 3663 in
574 3593 798 3669 medio
830 3615 1110 3664 eorum:
1164 3615 1326 3664 suos
1382 3592 1659 3673 milites,
1715 3591 1804 3661 ad
1855 3603 2126 3664 tantum
2182 3614 2476 3694 agonem
2527 3593 2738 3663 desti·

179 3695 403 3765 natOS,
456 3682 768 3753 visitasse
815 3682 1246 3773 intelligitur.
1293 3681 1364 3751 Si
1409 3682 1571 3769 quis
1616 3692 1875 3762 autem,
1915 3680 2104 3769 quod
2161 3682 2452 3751 minime
2508 3679 2737 3750 credi-

180 3791 362 3854 muS,
420 3771 546 3845 hoc
602 3771 995 3843 fabulosum
1042 3771 1525 3851 autumaverit,
1586 3769 1765 3840 sciat
1821 3782 2058 3841 testem
2108 3791 2258 3840 0550
2298 3768 2734 3839 Conditorem

180 3862 497 3933 omnium
543 3873 610 3931 et
646 3861 1011 3941 arbitrum,
1049 3860 1143 3931 ita
1177 3883 1287 3930 me
1323 3861 1411 3931 ab
1444 3859 1585 3930 illis
1624 3858 1997 3949 accepisse,
2039 3858 2161 3946 qui
2202 3879 2275 3928 50
2306 3856 2500 3927 illam
2563 3857 2735 3928 haec

184 3948 424 4021 eadem
472 3972 675 4041 saepe
721 3950 1003 4021 audisse
1033 3961 1426 4019 narrantem
1466 3948 1812 4018 dicebant.

272 4038 310 4123 ἓ
346 4045 448 4111 Β.
501 4039 901 4111 Testabatur
929 4039 1134 4111 etiarn
1167 4037 1405 4108 eadem
1443 4038 1693 4108 Christi
1724 4035 2170 4125 electa,¹quia
2219 4033 2469 4106 viderit
2515 4055 2740 4125 nuper
2845 4060 2856 4071 ·

187 4119 468 4198 domum
516 4128 860 4220 penetrari
906 4127 1220 4198 eamdem
1248 4148 1288 4196 a
1318 4126 1524 4196 turba
1557 4126 2082 4207 monachorum,
2124 4123 2532 4195 dicentium:
2574 4128 2744 4224 ,¹35³oe

186 4214 366 4284 venit
411 4218 718 4300 Domina,
764 4222 933 4289 Ecce
960 4215 1144 4288 venit
1176 4215 1487 4286 Domina.
1527 4219 1834 4302 Cumque
1865 4214 2034 4285 haec
2068 4213 2537 4302 loquerentur,
2572 4212 2735 4283 ilico

187 4305 601 4399 successisse
631 4306 1011 4395 quamdam
1059 4305 1423 4397 virginem,
1460 4302 1951 4377 inaestimabili
1984 4303 2214 4393 specie
2251 4302 2587 4402 cultuque
2618 4322 2735 4371 ve·

187 4398 394 4462 stium
428 4394 637 4467 nimis
695 4409 1133 4469 vernantem:
1201 4415 1381 4483 quae
1445 4392 1810 4465 confestim
1871 4391 2112 4461 adiens
2180 4392 2404 4464 virum
2456 4392 2729 4483 ips1uS,
