3308 5004
190 331 336 397 AUG.
387 332 428 394 5
962 348 1039 394 mr
1088 347 1144 395 s.
1197 346 1363 393 Arnai
1409 348 1486 394 m·
1532 346 1734 396 sociis
1781 348 1896 396 ιιι.
2487 331 2609 396 165

189 431 525 524 expetenda
576 432 1099 519 inquinamenta
1147 430 1534 502 facinorum
1567 488 1582 515 ,
1636 433 1730 502 ita
1778 433 1981 503 etiam
2035 453 2409 520 sequemur
2436 432 2521 502 ad
2564 433 2698 502 im·

186 523 554 614 patrandam
587 533 1022 611 peccatorum
1058 521 1353 590 veniam.
1386 526 1485 591 Tu
1517 533 1729 612 caput
1761 534 2073 592 nostrum
2102 544 2210 593 es:
2253 542 2698 610 quocumque

178 634 234 682 se
270 610 585 682 transfert
616 624 847 699 caput,
891 632 970 680 eo
997 630 1273 680 necesse
1304 621 1406 679 est
1439 610 1750 680 membra
1790 610 2071 698 sequi.»
2108 616 2278 680 Dum
2323 611 2490 681 haec
2518 611 2700 681 inter

174 724 229 772 se
272 700 653 781 conserunt,
696 722 825 769 nox
872 699 1214 779 adventat,
1249 710 1315 768 et
1348 697 1748 789 Episcopus
1779 722 1938 769 curn
1993 699 2289 770 Diacono
2324 721 2450 770 suo
2481 710 2690 770 totam

173 805 415 860 noctem
489 789 753 859 orando
820 802 885 857 et
957 787 1314 877 psallendo
1381 787 1761 878 transegit:
1834 786 1992 858 fecit
2060 787 2241 857 idem
2309 788 2464 859 Afra
2533 810 2697 859 cum

204 880 403 950 uellis
435 892 501 947 et
540 878 896 948 sodalibus
918 877 1094 947 suia.
1133 881 1348 958 Mane,
1374 875 1528 945 sole
1559 890 1730 959 orto,
1775 875 1926 946 Afra
1963 876 2375 948 satellitibus
2402 876 2692 957 Judicis,

175 902 264 1038 fiis
310 968 532 1037 verbis
566 966 1067 1056 compellatur:
1126 964 1248 1035 Ubi
1282 977 1444 1035 sunt
1478 965 1632 1048 viri,
1679 967 1795 1054 qui
1849 979 2043 1036 nocte
2083 966 2166 1035 ad
2206 978 2266 1035 te
2317 969 2699 1036 venerunt?

171 1058 277 1128 llla
328 1055 725 1147 respondit:
787 1060 1135 1125 Amatores
1190 1053 1337 1123 'mei
1385 1053 1621 1133 fuere,
1689 1055 2147 1141 abieruntque
2200 1054 2691 1124 sacrificatum.

172 1147 228 1215 ld
263 1145 362 1216 illi
412 1145 793 1224 audienteS,
848 1145 1182 1234 putarunt
1228 1162 1345 1212 eos
1392 1142 1478 1212 ad
1532 1144 1868 1233 templum
1920 1166 1993 1215 se
2023 1143 2420 1230 contulisse,
2461 1142 2697 1229 sicque

168 1236 643 1305 discesserunt.
700 1234 944 1303 Mansit
990 1246 1215 1302 tamen
1267 1252 1454 1301 unus
1485 1253 1565 1302 ex
1600 1231 1762 1313 illis,
1817 1232 2013 1320 isque
2049 1231 2231 1301 dixit
2278 1231 2513 1301 Afrae:
2555 1236 2698 1323 ‘Ego

168 1325 308 1394 novi
330 1363 335 1370 -
361 1323 780 1392 Christianos
817 1343 933 1393 eos
964 1342 1136 1401 esse,
1182 1341 1323 1390 sem
1338 1342 1457 1410 per
1487 1319 1674 1391 enim
1711 1321 1967 1391 frontes
1998 1342 2160 1392 suas
2193 1320 2700 1411 consignabant

166 1418 364 1482 Cruce
396 1466 411 1490 ,
466 1412 533 1479 in
571 1433 703 1498 qua
747 1411 1055 1481 Christus
1101 1431 1340 1480 eorum
1395 1431 1644 1498 passus
1692 1424 1815 1480 est.
1871 1411 2044 1480 Dicit
2075 1409 2134 1478 ei
2184 1408 2381 1479 Afra:
2437 1414 2695 1478 «Itane

166 1502 236 1571 ad
290 1514 590 1570 scortum
641 1499 746 1569 illi
794 1499 1174 1590 ingressuri
1225 1510 1461 1577 erant,
1515 1499 1571 1567 si
1623 1497 1993 1569 Christiani
2053 1498 2399 1569 fuissent?
2444 1497 2537 1566 Ad
2593 1517 2699 1566 me

165 1612 290 1661 non
344 1590 650 1669 veniunt,
693 1588 825 1658 nisi
874 1587 1138 1658 similes
1180 1589 1409 1657 mei.»
1457 1585 1634 1656 Abiit
1682 1588 1822 1671 ille,
1874 1601 1941 1658 et
1999 1586 2420 1658 renuntiavit
2463 1585 2693 1655 Judici

161 1679 385 1749 omnia
433 1699 610 1764 quae
643 1677 904 1746 dixerat
940 1677 1114 1746 Afra.

237 1771 277 1856 ᾗ
324 1772 416 1839 8.
474 1771 677 1836 Porro
725 1765 876 1835 Afra
924 1788 1082 1835 cum
1135 1765 1610 1838 abscondisset
1658 1771 1944 1837 Sanctos
1993 1764 2106 1834 Dei
2157 1764 2227 1833 in
2291 1763 2497 1834 domo
2546 1784 2696 1844 sua,

144 1857 324 1946 ‚abiit
356 1855 439 1925 ad
498 1869 778 1924 matrem
832 1877 1029 1923 suam
1080 1854 1440 1938 Hilariam,
1498 1857 1806 1944 dixitque
1844 1855 1945 1924 ei:
1999 1878 2035 1921 «
2078 1835 2463 1943 lffpiscopus
2511 1852 2702 1922 Chri-

140 1947 539 2017 'stianorum
590 1945 775 2013 venit
822 1943 904 2012 ad
962 1965 1107 2026 me,
1176 1945 1491 2015 nesciens
1551 1967 1690 2034 quo
1739 1965 1811 2013 se
1875 1943 2235 2013 conferret.
2289 1946 2451 2011 Tota
2503 1953 2700 2011 nocte

126 2007 550 2124 'iexpandens
603 2055 851 2103 manus
900 2054 1063 2114 suas
1110 2033 1454 2113 adDeum
1508 2056 1741 2114 suum,
1785 2045 1852 2102 et
1900 2031 2204 2123 psallens
2249 2030 2336 2112 ei,
2384 2051 2509 2100 nos
2557 2031 2697 2100 und

156 2145 385 2192 secum
426 2121 637 2191 voluit
667 2142 882 2190 orare.
932 2123 1072 2191 Sub
1110 2121 1455 2212 pullorum
1494 2137 1774 2192 cantum
1810 2133 2038 2191 autem
2073 2120 2370 2190 extincta
2402 2128 2504 2188 est
2536 2139 2702 2189 can-

155 2212 329 2286 dela,
375 2224 443 2280 et
476 2233 600 2301 ego
644 2212 1094 2301 properabam
1128 2224 1203 2279 ut
1234 2232 1383 2279 eam
1420 2211 1889 2290 accenderem,
1927 2210 2046 2279 sed
2089 2231 2223 2278 non
2271 2208 2487 2299 potui.
2524 2207 2703 2277 Dixit

154 2323 306 2370 vero
364 2299 451 2368 ad
502 2322 610 2368 me
660 2300 997 2368 Diaconus
1043 2299 1244 2391 ejus:
1297 2299 1440 2370 Noli
1478 2312 1790 2391 expetere
1838 2298 2100 2378 lumen,
2153 2297 2338 2385 quod
2387 2295 2701 2398 extingui

156 2403 416 2477 potest:
470 2387 729 2457 videbis
778 2387 980 2457 modo
1030 2388 1293 2469 lucem,
1347 2410 1523 2476 quae
1571 2390 1750 2458 extin
1811 2388 1877 2456 ui
1933 2408 2066 2456 non
2121 2386 2356 2477 possit.
2389 2389 2491 2471 ‚Et
2528 2385 2702 2454 dixit

154 2481 583 2570 Episcopus:
638 2477 803 2547 Veni
852 2476 966 2547 lux
1005 2497 1152 2545 mea
1182 2477 1511 2550 coelitus:
1550 2492 1740 2549 osten
1795 2498 1832 2545 e
1872 2474 2113 2545 faciem
2161 2487 2383 2555 tuam,
2422 2486 2488 2544 et
2528 2473 2701 2545 salvi

152 2570 441 2637 erimus,
496 2571 641 2636 Mox
676 2567 1007 2656 apparuit
1045 2566 1284 2656 fulgur
1326 2586 1365 2635 e
1410 2567 1621 2648 coelo,
1677 2579 1753 2637 ut
1802 2566 1971 2636 solet
2018 2564 2102 2634 ad
2160 2564 2486 2644 tonitrua,
2544 2584 2699 2653 per-

154 2658 547 2742 mansitque
597 2655 710 2725 lux
759 2655 901 2736 illa,
954 2654 1172 2724 donec
1220 2676 1468 2724 aurora
1519 2656 1842 2746 prodiret.
1884 2658 2190 2740 Cumque
2224 2651 2340 2722 ille
2379 2673 2543 2722 suas
2578 2652 2702 2722 ab-

152 2746 468 2816 solvisset
520 2766 775 2833 preces,
861 2744 1035 2813 ussit
1074 2765 1199 2813 nos
1242 2743 1492 2824 dicere,
1546 2750 1798 2815 Amen:
1853 2743 2091 2829 sicque
2140 2742 2396 2811 sensim
2433 2762 2506 2810 se
2537 2740 2704 2811 sub-

151 2835 345 2903 duxit
394 2832 725 2921 splendor
765 2766 881 2902 mle
911 2833 999 2901 ab
1025 2833 1247 2902 oculis
1278 2834 1570 2903 nostris:
1610 2833 1888 2919 dixique
1919 2853 2045 2922 ego
2085 2831 2170 2900 ad
2212 2842 2414 2900 eum:
2451 2835 2699 2921 Magna

158 2936 216 2992 te
255 2922 515 3012 injuria
553 2921 837 2991 affecisti
879 2920 1180 3000 domine,
1225 2921 1409 3009 quod
1445 2922 1531 2991 ad
1567 2945 1676 2992 me
1713 2920 2073 3002 divertisti,
2127 2942 2282 2990 sum
2324 2918 2510 2989 enim
2541 2939 2703 3021 pec-

159 3012 391 3091 catrix,
445 3024 510 3079 et
551 3012 829 3100 impura
868 3011 1101 3081 nimis.
1158 3009 1281 3080 Ille
1322 3011 1726 3102 respondit:
1781 3015 1927 3095 Quo
1984 3031 2093 3079 me
2129 3008 2316 3078 misit
2365 3013 2698 3078 Dominus

165 3122 375 3181 meus,
424 3099 590 3168 illuc
640 3100 996 3256 ingressus
1027 3120 1208 3167 sum.

241 3192 279 3276 ξ
327 3194 415 3262 4.
473 3212 508 3253 «
547 3189 709 3256 Dein
764 3209 801 3257 e
835 3208 1036 3256 mane
1083 3188 1263 3256 circa
1316 3188 1584 3257 tertiam
1621 3188 1862 3258 horam
1902 3185 2358 3278 prodiderunt
2407 3206 2480 3254 se
2527 3183 2697 3253 mihi

165 3278 464 3363 quidam,
502 3277 620 3363 qui
654 3289 809 3345 ante
858 3275 1082 3345 lucem
1135 3275 1427 3347 insidias
1463 3277 1913 3358 tetenderant,
1954 3287 2028 3345 ut
2072 3285 2398 3344 exeuntes
2427 3295 2464 3343 e
2495 3271 2701 3343 domo

164 3386 298 3435 mea
326 3365 992 3453 comprehenderent
1017 3377 1080 3434 et
1100 3377 1442 3435 necarent.
1468 3365 1594 3435 Sed
1626 3386 1787 3435 cum
1811 3387 1944 3435 non
1973 3363 2347 3454 prodirent,
2374 3361 2698 3432 dixerunt

170 3455 378 3534 mihi,
443 3466 519 3523 ut
577 3475 693 3524 eos
758 3453 1206 3544 producerem
1258 3453 1499 3523 Judici
1548 3453 1914 3525 sistendos.
1977 3457 2115 3542 Ego
2172 3473 2326 3522 vero
2374 3451 2505 3521 sub
2557 3451 2700 3520 lino

170 3543 488 3614 abscondi
535 3564 675 3625 eos,
730 3542 848 3612 sed
901 3543 1129 3623 timeo,
1187 3556 1402 3612 mater
1435 3597 1450 3623 ,
1506 3564 1591 3612 ne
1641 3542 1838 3633 impii
1894 3541 2257 3612 carnifices
2308 3550 2705 3613 scrutentur

172 3628 380 3702 locum
433 3629 682 3712 illum,
738 3645 803 3700 et
850 3631 1385 3721 comprehensos
1448 3631 1724 3701 trahant
1780 3631 1867 3700 ad
1935 3629 2306 3720 supplicia.
2361 3629 2431 3699 Si
2492 3628 2699 3720 jubes

172 3718 435 3791 domina
489 3733 727 3800 mater,
780 3743 895 3790 eos
946 3722 1081 3790 buc
1120 3719 1206 3789 ad
1243 3732 1305 3790 te
1336 3719 1707 3790 adducam.
1745 3720 2068 3789 Promisit
2104 3718 2289 3787 enim
2330 3718 2502 3787 mihi
2540 3716 2701 3806 Epi-

174 3828 428 3899 ScopuS,
474 3809 657 3895 quod
698 3831 806 3879 me
846 3810 1003 3878 velit
1049 3808 1315 3878 efficere
1356 3809 1840 3889 Christianam,
1892 3822 1957 3877 et
2005 3808 2096 3877 ita
2130 3807 2364 3876 omnia
2422 3820 2701 3895 peccata

179 3915 303 3994 ntea
346 3901 417 3968 in
459 3898 804 3987 baptismo
836 3899 1183 3988 expiatum
1222 3898 1330 3967 iri.
1370 3921 1406 3965 »
1447 3899 1569 3968 His
1598 3898 1880 3979 auditiS,
1918 3896 2243 3966 exilarata
2275 3906 2378 3966 est
2409 3893 2694 3974 Hilaria,

180 4000 429 4074 aitque:
490 4010 526 4053 «
558 3991 853 4056 Praestet
896 3986 1066 4066 mihi
1117 3986 1662 4056 Christianorum
1704 3991 1907 4067 DeuS‚
1960 3996 2038 4055 ut
2070 3985 2235 4054 haec
2286 3982 2456 4054 mihi
2507 3980 2701 4052 salus

182 4075 488 4167 obtingat,
542 4087 619 4144 ut
668 4097 787 4165 per
820 4077 1234 4165 Episcopum
1284 4074 1483 4145 illum
1535 4076 1768 4144 anima
1812 4096 1962 4142 mea
2002 4097 2042 4143 a
2081 4084 2514 4162 peccatorum
2557 4092 2704 4141 sor·

186 4158 358 4234 dibus
403 4179 818 4255 repurgetur
847 4219 862 4246 ,
919 4164 1247 4254 baptismi
1296 4175 1808 4234 sacramentum
1870 4162 1998 4232 ade
2053 4174 2141 4231 ta.
2188 4184 2224 4228 »
2278 4161 2429 4231 Afra
2477 4159 2694 4230 dixit:

186 4255 360 4343 «Ego
411 4266 612 4322 nocte
642 4275 800 4335 eum
860 4254 1124 4323 mittam
1178 4252 1314 4321 huc
1362 4252 1447 4321 ad
1492 4264 1576 4321 te.
1621 4274 1657 4318 »
1710 4257 1975 4341 Respon
2039 4251 2083 4319 it
2134 4250 2443 4320 Hilaria:
2499 4272 2536 4316 «
2573 4253 2701 4319 Fac

178 4342 335 4422 quod
377 4358 445 4411 tu
481 4341 658 4411 dicis
701 4340 880 4411 filia:
935 4340 1119 4430 quod
1171 4341 1227 4409 si
1279 4339 1395 4410 ille
1444 4340 1637 4420 nolit,
1695 4363 1854 4430 roga
1905 4361 2091 4410 eum.
2133 4362 2168 4406 »

250 4431 284 4515 ἓ
327 4438 413 4504 5.
468 4431 745 4521 Vesperi
793 4432 1010 4501 oravit
1057 4428 1452 4501 Narcissum
1489 4428 1643 4499 Afra
1678 4442 1751 4498 ut
1797 4428 1884 4499 ad
1936 4429 2177 4499 matris
2210 4449 2378 4499 suae
2410 4428 2693 4499 domum
