3308 5004
23 385 205 451 Aue.
260 385 346 450 30
1904 363 1912 371 ’
2253 480 2262 489 θ
2360 389 2475 454 74⁴

1131 599 1205 677 V
1233 599 1269 678 I
1295 598 1360 677 T
1386 599 1463 677 A

151 824 235 927 S.
281 822 705 925 BONONll
781 824 1221 926 ABBATIS
1288 824 1725 926 MONAST.
1776 823 2452 926 LUCEDIENSlS

729 1083 898 1142 QUOD
943 1084 1057 1133 Rs‘r
1100 1084 1170 1134 IN
1225 1083 1392 1133 AGRO
1438 1082 1863 1133 VERCELLRNSI

18 1284 194 1341 QUAM
238 1282 321 1330 Ex
367 1279 616 1329 DUOBUS
679 1278 1041 1341 CODICOEUS,
1115 1279 1378 1338 QUORUM
1441 1280 1640 1329 ALTER
1685 1280 1854 1329 APUD
1914 1278 2263 1330 CANONICOS
2331 1278 2571 1329 camn-

102 1390 331 1440 DRALIS
377 1383 736 1446 ECCLRSIAE,
791 1388 990 1435 ALTER
1036 1387 1203 1435 APUD
1248 1384 1590 1435 UONACHOS
1638 1387 1695 1435 S.
1741 1388 2049 1436 STEPHANI
2098 1387 2415 1436 BONONIAE
2461 1388 2578 1436 AS-

104 1496 458 1554 SERVATUR,
511 1494 1025 1543 ILLUSTRISSIHUS
1072 1495 1147 1542 Er
1193 1494 1775 1543 REVERENmssmUS
1823 1492 2199 1543 CARDINALIS
2246 1495 2322 1542 ET
2371 1493 2573 1542 Erlsc.

103 1568 527 1653 BONONIENSIS
556 1601 823 1649 GABRIEL
850 1601 1210 1649 PALAEOTUS
1258 1601 1340 1647 AD
1386 1600 1503 1649 Nos
1550 1600 1938 1649 Exscmrufl
1966 1602 2161 1662 mslr,
2197 1601 2366 1650 UNDE
2414 1602 2565 1661 EAM,

105 1713 190 1759 DE
222 1708 568 1759 SENTENTIA
595 1673 797 1771 NillssL,
823 1708 904 1755 AT
937 1707 1179 1755 strum
1206 1707 1617 1765 ALIQUANTUM
1650 1708 2077 1768 mauranus,
2112 1707 2565 1756 Excssapsmus.

819 1888 947 1948 Ob.
991 1902 1172 1945 anno
1199 1890 1368 1945 1026
1409 1917 1488 1927 -
1525 1889 1771 1948 Italus.

107 2074 147 2160 ξ
196 2079 275 2146 1.
329 2076 576 2141 Beatus
614 2071 965 2142 Bononius
991 2070 1027 2107 ¹*
1059 2071 1367 2141 Bononia
1399 2071 1768 2153 oriundus,
1804 2094 1963 2141 cum
1996 2072 2204 2142 vitam
2242 2072 2575 2163 sapientis

18 2160 330 2233 hominis
370 2161 798 2231 mortis‘esse
831 2159 1344 2231 meditationem
1390 2161 1682 2263 legendo
1715 2160 2094 2241 didicisset,
2134 2161 2312 2230 serio
2350 2161 2477 2231 hoc
2515 2176 2578 2231 et

18 2271 230 2351 saepe
263 2250 448 2340 apud
491 2250 805 2320 animum
851 2248 1152 2331 volvenS,
1189 2272 1230 2318 a
1269 2250 1517 2340 primis
1558 2251 1789 2320 statim
1838 2249 2042 2318 annis
2085 2249 2330 2319 mundi
2368 2250 2578 2339 hujus

18 2338 299 2409 deliciis
346 2338 727 2429 repudiatis
775 2338 843 2408 in
889 2342 953 2408 S.
1016 2338 1346 2429 Stephani
1403 2338 1926 2419 monasterium,
1965 2336 2149 2423 quod
2199 2349 2301 2407 est
2359 2342 2576 2408 Bono-

18 2428 238 2511 niae,
304 2450 376 2498 se
413 2426 723 2508 abdidit,
768 2439 844 2497 ut
885 2426 1119 2501 seculo
1165 2426 1445 2496 excluso
1497 2439 1562 2496 et
1620 2425 1881 2496 mundo
1939 2438 2256 2494 mortuus
2313 2426 2578 2496 Christo

18 2530 214 2587 totus
269 2517 561 2588 viveret:
620 2517 793 2586 nihil
844 2516 1102 2587 interea
1154 2516 1351 2607 pensi
1399 2516 1687 2596 habens,
1740 2536 1918 2603 quae
1968 2515 2285 2584 homines
2340 2516 2441 2584 vel
2479 2515 2580 2585 lo-

18 2619 455 2694 querentur,
511 2605 615 2676 vel
666 2606 1041 2687 sentirent,
1096 2606 1356 2696 quippe
1403 2605 1524 2692 qui
1573 2603 1851 2695 legerat,
1905 2603 2203 2696 primam
2256 2605 2578 2675 monachi
2643 2689 2651 2694 ,

18 2696 350 2765 virtutem
400 2717 550 2765 esse
582 2750 597 2777 ,
651 2694 1014 2764 hominum
1049 2693 1321 2785 judicia
1375 2704 1813 2763 contemnere
1849 2747 1864 2774 ,
1917 2692 2000 2762 ed
2050 2690 2223 2762 illud
2275 2692 2577 2782 Apostoli

18 2805 298 2873 3emper
345 2783 681 2853 memoria
727 2795 1076 2873 repetere:
1129 2786 1209 2853 Si
1242 2781 1463 2852 adhuc
1491 2783 1869 2852 hominibus
1912 2785 2274 2872 placerem,
2333 2783 2585 2853 Christi

18 2894 258 2942 cervus
305 2895 434 2941 non
479 2894 685 2941 essem
721 2871 905 2963 (Gal.
958 2871 1035 2962 1).
1088 2876 1167 2941 In
1222 2871 1340 2941 illo
1396 2888 1622 2944 autem
1683 2876 1748 2940 S.
1805 2876 1913 2941 Ste
1968 2870 2129 2939 bani
2163 2871 2579 2941 monasterio

18 2984 185 3032 :um
234 2960 301 3028 in
340 2973 737 3030 sanctarum
777 2961 1110 3031 virtutum
1159 2958 1571 3048 divinaeque
1602 2971 1921 3049 contemp
1955 2958 2205 3030 ationis
2241 2958 2576 3049 piissimis

18 3048 364 3121 zxercitiis
422 3048 718 3119 multum
772 3072 894 3140 per
940 3048 1206 3136 aliquot
1252 3070 1478 3118 annos
1523 3048 1967 3140 profecisset,
2019 3047 2104 3117 ad
2166 3046 2571 3137 perfectiora

18 3139 441 3210 :harismata
477 3138 924 3218 contendens,
965 3138 1213 3228 patria,
1248 3137 1515 3219 amiciS,
1552 3137 1782 3218 dom0,
1819 3137 2150 3225 urbisque
2188 3136 2575 3224 frequentia

18 3227 312 3298 lesertis
342 3280 357 3307 ,
425 3226 795 3316 Babylonis
840 3226 1127 3317 Aegypti
1175 3225 1621 3296 solitudinem
1675 3226 1896 3309 adiit,
1951 3240 2029 3297 ut
2073 3226 2445 3326 asperioris
2499 3249 2578 3295 ac

18 3315 327 3387 lurioris
377 3315 553 3384 vitae
600 3315 793 3385 freno
841 3336 1096 3406 corpus
1147 3315 1441 3407 perfecte
1486 3315 1884 3396 edomaret,
1945 3338 2026 3384 ac
2069 3315 2347 3407 spiritui
2386 3314 2582 3384 obse-

18 3427 246 3495 Juens
295 3403 500 3494 plane
557 3403 892 3474 redderet.
1910 3416 1919 3425 “
2672 3453 2705 3492 Ἰ.

90 3499 130 3583 ξ
187 3499 286 3566 2.
342 3492 576 3561 Evenit
606 3504 833 3562 autem
868 3490 1090 3563 famae
1124 3505 1190 3563 et
1214 3493 1546 3563 virtutum
1580 3493 1734 3583 ejus
1765 3491 2147 3584 fragrantia
2171 3489 2257 3560 ad
2291 3492 2579 3583 Aegypti

28 3582 288 3653 ncolas
324 3580 759 3672 pervadente,
815 3594 892 3652 ut
939 3604 1018 3652 ea
1059 3582 1242 3673 capti
1290 3604 1369 3652 ac
1417 3582 1687 3653 deliniti
1744 3586 1880 3672 Aeg
1932 3581 2055 3673 ptii
2106 3602 2447 3671 procereS,
2501 3604 2580 3651 ac

18 3672 248 3744 Jotior
297 3693 457 3760 pars
507 3670 747 3761 populi
782 3670 867 3741 ad
900 3692 1068 3741 eum
1098 3693 1332 3742 amore
1371 3694 1450 3741 ac
1499 3670 1845 3762 ‘singulari
1923 3668 2351 3741 enevolentia
2384 3691 2577 3739 com-

19 3759 495 3843 )lectendum,
551 3760 989 3830 vehementer
1043 3760 1540 3830 incitarentur:
1593 3761 1691 3830 ita
1728 3760 2007 3848 quidem
2052 3771 2129 3830 ut
2180 3770 2578 3849 potestatem

18 3850 351 3930 Tacerent,
405 3871 483 3917 ea
530 3848 683 3918 istis
732 3849 801 3917 in
854 3848 1027 3918 locis
1081 3849 1514 3931 instituendi,
1568 3870 1747 3937 quae
1795 3847 1879 3918 ad
1923 3848 2282 3938 religionis
2317 3861 2581 3918 restau-

19 3939 356 4007 rationem
389 3937 750 4007 barbarica
775 3936 1040 4008 feritate
1068 3939 1548 4008 conculcatam
1581 3937 1923 4029 pertinere
1948 3936 2351 4008 censuisset.
2385 3936 2578 4019 Quod

18 4049 177 4095 :um
220 4026 611 4113 frequenter
658 4039 1007 4117 urgerent,
1062 4028 1344 4117 gavisus
1395 4027 1557 4116 pius
1607 4039 1822 4117 pater,
1860 4038 1926 4095 et
1953 4032 2111 4108 Dec,
2167 4025 2286 4112 qui
2321 4024 2580 4094 feroces

18 4114 476 4185 barbarorum
528 4129 790 4185 mentes
852 4115 998 4184 miti
1054 4130 1286 4196 asset,
1355 4117 1648 4206 gratiam
1714 4114 2071 4195 referens,
2142 4115 2575 4184 occasionem

18 4215 287 4274 :antam
338 4204 625 4274 minime
691 4203 826 4276 sibi
875 4204 1058 4295 negi
1112 4203 1363 4274 endam
1423 4215 1615 4275 ratus
1648 4259 1665 4286 ‚
1731 4204 1926 4295 operi
1986 4202 2227 4273 sedulo
2277 4202 2569 4282 institit,

18 4292 334 4382 orimum
382 4292 614 4364 diruta
656 4293 896 4363 multis
942 4293 1012 4361 in
1091 4293 1236 4364 ocis
1288 4292 1544 4384 templa
1576 4304 2000 4373 restaurans,
2038 4304 2104 4362 et
2136 4304 2288 4383 post
2307 4293 2576 4383 jactum

19 4404 145 4452 aoc
199 4379 536 4452 virtutum
588 4404 873 4453 suarum
925 4382 1126 4470 quasi
1177 4381 1541 4473 spirituale
1580 4381 2115 4452 fundamentum
2160 4378 2577 4452 monasteria

57 4510 82 4533 ⁰
116 4506 213 4549 Vel
237 4507 461 4548 Belemina.
