<?xml version="1.0" encoding="UTF-8"?>
<!DOCTYPE html PUBLIC "-//W3C//DTD XHTML 1.0 Transitional//EN"
    "http://www.w3.org/TR/xhtml1/DTD/xhtml1-transitional.dtd">
<html xmlns="http://www.w3.org/1999/xhtml" xml:lang="en" lang="en">
 <head>
  <title>
</title>
<meta http-equiv="Content-Type" content="text/html;charset=utf-8" />
  <meta name='ocr-system' content='tesseract 3.04.00' />
  <meta name='ocr-capabilities' content='ocr_page ocr_carea ocr_par ocr_line ocrx_word'/>
</head>
<body>
  <div class='ocr_page' id='page_1' title='image "./historiaeseuvit01lippgoog_0114.png"; bbox 0 0 3308 5004; ppageno 0'>
   <div class='ocr_carea' id='block_1_1' title="bbox 683 343 3107 412">
    <p class='ocr_par' dir='ltr' id='par_1_1' title="bbox 683 343 3107 412">
     <span class='ocr_line' id='line_1_1' title="bbox 683 343 3107 412; baseline -0 -2"><span class='ocrx_word' id='word_1_1' title='bbox 683 345 811 410; x_wconf 73' lang='grc'>400</span> <span class='ocrx_word' id='word_1_2' title='bbox 1211 364 1290 410; x_wconf 71' lang='lat' dir='ltr'>nn</span> <span class='ocrx_word' id='word_1_3' title='bbox 1335 361 1593 412; x_wconf 76' lang='lat' dir='ltr'>mvm.</span> <span class='ocrx_word' id='word_1_4' title='bbox 1642 363 1704 411; x_wconf 81' lang='lat' dir='ltr'>s.</span> <span class='ocrx_word' id='word_1_5' title='bbox 1758 363 2070 412; x_wconf 66' lang='lat' dir='ltr'>sumam</span> <span class='ocrx_word' id='word_1_6' title='bbox 2117 361 2510 412; x_wconf 73' lang='lat' dir='ltr'>rnorouar.</span> <span class='ocrx_word' id='word_1_7' title='bbox 2866 344 3038 412; x_wconf 79' lang='lat' dir='ltr'><strong>AUG.</strong></span> <span class='ocrx_word' id='word_1_8' title='bbox 3071 343 3107 409; x_wconf 85' lang='lat'><strong>3</strong></span> 
     </span>
    </p>
   </div>
   <div class='ocr_carea' id='block_1_2' title="bbox 591 445 3161 3030">
    <p class='ocr_par' dir='ltr' id='par_1_2' title="bbox 591 445 3112 872">
     <span class='ocr_line' id='line_1_2' title="bbox 592 445 3110 539; baseline 0 -23"><span class='ocrx_word' id='word_1_9' title='bbox 592 445 935 516; x_wconf 89' lang='lat' dir='ltr'>desiderio</span> <span class='ocrx_word' id='word_1_10' title='bbox 974 446 1284 538; x_wconf 89' lang='lat' dir='ltr'>parabat,</span> <span class='ocrx_word' id='word_1_11' title='bbox 1328 447 1569 519; x_wconf 87' lang='lat' dir='ltr'>beatus</span> <span class='ocrx_word' id='word_1_12' title='bbox 1612 459 1680 517; x_wconf 88' lang='lat' dir='ltr'>et</span> <span class='ocrx_word' id='word_1_13' title='bbox 1729 469 1882 518; x_wconf 89' lang='lat' dir='ltr'>vere</span> <span class='ocrx_word' id='word_1_14' title='bbox 1911 461 2222 529; x_wconf 88' lang='lat' dir='ltr'>sanctus,</span> <span class='ocrx_word' id='word_1_15' title='bbox 2274 471 2518 519; x_wconf 81' lang='lat' dir='ltr'>corona</span> <span class='ocrx_word' id='word_1_16' title='bbox 2555 447 2810 539; x_wconf 85' lang='lat' dir='ltr'>gloriae</span> <span class='ocrx_word' id='word_1_17' title='bbox 2849 459 3110 518; x_wconf 67' lang='lat' dir='ltr'>,nostrae</span> 
     </span>
     <span class='ocr_line' id='line_1_3' title="bbox 593 534 3112 629; baseline -0.001 -24"><span class='ocrx_word' id='word_1_18' title='bbox 593 536 666 605; x_wconf 92' lang='lat' dir='ltr'>in</span> <span class='ocrx_word' id='word_1_19' title='bbox 718 534 984 606; x_wconf 90' lang='lat' dir='ltr'>Christo</span> <span class='ocrx_word' id='word_1_20' title='bbox 1012 536 1173 607; x_wconf 76' lang='lat' dir='ltr'>lesu</span> <span class='ocrx_word' id='word_1_21' title='bbox 1209 537 1476 627; x_wconf 89' lang='lat' dir='ltr'>primus</span> <span class='ocrx_word' id='word_1_22' title='bbox 1527 549 1790 627; x_wconf 78' lang='lat' dir='ltr'><strong>martyr</strong></span> <span class='ocrx_word' id='word_1_23' title='bbox 1839 538 2253 629; x_wconf 69' lang='lat' dir='ltr'>Stephanus»,</span> <span class='ocrx_word' id='word_1_24' title='bbox 2319 558 2394 607; x_wconf 90' lang='lat' dir='ltr'>se</span> <span class='ocrx_word' id='word_1_25' title='bbox 2453 537 2745 607; x_wconf 89' lang='lat' dir='ltr'>revelare</span> <span class='ocrx_word' id='word_1_26' title='bbox 2800 548 2863 606; x_wconf 90' lang='lat' dir='ltr'>et</span> <span class='ocrx_word' id='word_1_27' title='bbox 2909 535 3112 605; x_wconf 91' lang='lat' dir='ltr'>mani-</span> 
     </span>
     <span class='ocr_line' id='line_1_4' title="bbox 594 624 3108 716; baseline -0.001 -21"><span class='ocrx_word' id='word_1_28' title='bbox 594 624 843 695; x_wconf 86' lang='lat' dir='ltr'>festare</span> <span class='ocrx_word' id='word_1_29' title='bbox 881 624 1101 716; x_wconf 87' lang='lat' dir='ltr'>signis</span> <span class='ocrx_word' id='word_1_30' title='bbox 1147 636 1213 695; x_wconf 92' lang='lat' dir='ltr'>et</span> <span class='ocrx_word' id='word_1_31' title='bbox 1248 625 1619 697; x_wconf 89' lang='lat' dir='ltr'>virtutibus</span> <span class='ocrx_word' id='word_1_32' title='bbox 1665 625 2180 698; x_wconf 88' lang='lat' dir='ltr'>evidentissime</span> <span class='ocrx_word' id='word_1_33' title='bbox 2213 627 2664 714; x_wconf 85' lang='lat' dir='ltr'><strong>sequentibus</strong></span> <span class='ocrx_word' id='word_1_34' title='bbox 2693 625 3108 716; x_wconf 84' lang='lat' dir='ltr'>dignaretur:</span> 
     </span>
     <span class='ocr_line' id='line_1_5' title="bbox 591 715 3107 872; baseline -0.001 -88"><span class='ocrx_word' id='word_1_35' title='bbox 591 735 799 872; x_wconf 59' lang='lat' dir='ltr'>guam</span> <span class='ocrx_word' id='word_1_36' title='bbox 848 735 976 803; x_wconf 90' lang='lat' dir='ltr'>ego</span> <span class='ocrx_word' id='word_1_37' title='bbox 1009 727 1354 784; x_wconf 85' lang='lat' dir='ltr'>tantarum</span> <span class='ocrx_word' id='word_1_38' title='bbox 1406 736 1636 784; x_wconf 86' lang='lat' dir='ltr'>rerum</span> <span class='ocrx_word' id='word_1_39' title='bbox 1673 715 2093 787; x_wconf 88' lang='lat' dir='ltr'>ordinatoris</span> <span class='ocrx_word' id='word_1_40' title='bbox 2129 716 2241 786; x_wconf 85' lang='lat' dir='ltr'>Dei</span> <span class='ocrx_word' id='word_1_41' title='bbox 2288 716 2650 787; x_wconf 81' lang='lat' dir='ltr'><strong>occasione</strong></span> <span class='ocrx_word' id='word_1_42' title='bbox 2709 726 3107 806; x_wconf 86' lang='lat' dir='ltr'>perceptum,</span> 
     </span>
    </p>

    <p class='ocr_par' dir='ltr' id='par_1_3' title="bbox 593 800 3119 1140">
     <span class='ocr_line' id='line_1_6' title="bbox 648 800 3118 895; baseline -0.001 -23"><span class='ocrx_word' id='word_1_43' title='bbox 648 802 880 893; x_wconf 88' lang='lat' dir='ltr'>ignius</span> <span class='ocrx_word' id='word_1_44' title='bbox 928 801 1092 872; x_wconf 84' lang='lat' dir='ltr'>duxi</span> <span class='ocrx_word' id='word_1_45' title='bbox 1123 803 1441 873; x_wconf 88' lang='lat' dir='ltr'>charitati</span> <span class='ocrx_word' id='word_1_46' title='bbox 1492 815 1751 873; x_wconf 88' lang='lat' dir='ltr'>vestrae</span> <span class='ocrx_word' id='word_1_47' title='bbox 1816 805 2273 895; x_wconf 79' lang='lat' dir='ltr'>praemittere,</span> <span class='ocrx_word' id='word_1_48' title='bbox 2326 817 2402 874; x_wconf 90' lang='lat' dir='ltr'>ut</span> <span class='ocrx_word' id='word_1_49' title='bbox 2452 805 2471 873; x_wconf 95' lang='lat' dir='ltr'>i</span> <span class='ocrx_word' id='word_1_50' title='bbox 2525 827 2598 875; x_wconf 91' lang='lat' dir='ltr'>se</span> <span class='ocrx_word' id='word_1_51' title='bbox 2649 824 2966 894; x_wconf 81' lang='lat' dir='ltr'>praesens</span> <span class='ocrx_word' id='word_1_52' title='bbox 3007 800 3118 871; x_wconf 86' lang='lat' dir='ltr'>ad-</span> 
     </span>
     <span class='ocr_line' id='line_1_7' title="bbox 594 827 3119 984; baseline 0 -25"><span class='ocrx_word' id='word_1_53' title='bbox 594 903 878 961; x_wconf 86' lang='lat' dir='ltr'>vocatus</span> <span class='ocrx_word' id='word_1_54' title='bbox 925 902 990 961; x_wconf 94' lang='lat' dir='ltr'>et</span> <span class='ocrx_word' id='word_1_55' title='bbox 1023 904 1354 981; x_wconf 90' lang='lat' dir='ltr'>patronus</span> <span class='ocrx_word' id='word_1_56' title='bbox 1392 892 1923 982; x_wconf 89' lang='lat' dir='ltr'>obsequentium</span> <span class='ocrx_word' id='word_1_57' title='bbox 1975 894 2104 964; x_wconf 89' lang='lat' dir='ltr'>sibi</span> <span class='ocrx_word' id='word_1_58' title='bbox 2161 827 2607 984; x_wconf 60' lang='lat' dir='ltr'>petitionibus</span> <span class='ocrx_word' id='word_1_59' title='bbox 2665 893 2983 984; x_wconf 80' lang='lat' dir='ltr'>dignetur</span> <span class='ocrx_word' id='word_1_60' title='bbox 3023 912 3119 959; x_wconf 88' lang='lat' dir='ltr'>as-</span> 
     </span>
     <span class='ocr_line' id='line_1_8' title="bbox 593 980 3117 1073; baseline -0.002 -22"><span class='ocrx_word' id='word_1_61' title='bbox 593 980 832 1051; x_wconf 82' lang='lat' dir='ltr'>sistere</span> <span class='ocrx_word' id='word_1_62' title='bbox 867 1035 882 1063; x_wconf 93' lang='lat'>,</span> <span class='ocrx_word' id='word_1_63' title='bbox 934 982 1266 1068; x_wconf 90' lang='lat' dir='ltr'>quicum</span> <span class='ocrx_word' id='word_1_64' title='bbox 1333 994 1722 1073; x_wconf 88' lang='lat' dir='ltr'>pateretur,</span> <span class='ocrx_word' id='word_1_65' title='bbox 1793 983 1998 1052; x_wconf 88' lang='lat' dir='ltr'>etiam</span> <span class='ocrx_word' id='word_1_66' title='bbox 2075 1006 2197 1073; x_wconf 91' lang='lat' dir='ltr'>pro</span> <span class='ocrx_word' id='word_1_67' title='bbox 2253 982 2560 1054; x_wconf 90' lang='lat' dir='ltr'>inimicis</span> <span class='ocrx_word' id='word_1_68' title='bbox 2632 1003 2830 1053; x_wconf 88' lang='lat' dir='ltr'>orare</span> <span class='ocrx_word' id='word_1_69' title='bbox 2891 980 3117 1070; x_wconf 88' lang='lat' dir='ltr'>digna-</span> 
     </span>
     <span class='ocr_line' id='line_1_9' title="bbox 596 1081 863 1140; baseline -0.004 -1"><span class='ocrx_word' id='word_1_70' title='bbox 596 1081 707 1140; x_wconf 88' lang='lat' dir='ltr'>tus</span> <span class='ocrx_word' id='word_1_71' title='bbox 739 1081 863 1140; x_wconf 89' lang='lat' dir='ltr'>est.</span> 
     </span>
    </p>

    <p class='ocr_par' dir='ltr' id='par_1_4' title="bbox 592 1158 3161 3030">
     <span class='ocr_line' id='line_1_10' title="bbox 679 1158 3121 1248; baseline -0.002 -19"><span class='ocrx_word' id='word_1_72' title='bbox 679 1161 715 1247; x_wconf 80' lang='lat'><strong>§</strong></span> <span class='ocrx_word' id='word_1_73' title='bbox 767 1165 855 1230; x_wconf 68' lang='lat'>8.</span> <span class='ocrx_word' id='word_1_74' title='bbox 910 1164 1147 1246; x_wconf 88' lang='lat' dir='ltr'>Itaque</span> <span class='ocrx_word' id='word_1_75' title='bbox 1186 1158 1568 1229; x_wconf 81' lang='lat' dir='ltr'>beatissimi</span> <span class='ocrx_word' id='word_1_76' title='bbox 1617 1158 2189 1248; x_wconf 84' lang='lat' dir='ltr'>dilectissimique</span> <span class='ocrx_word' id='word_1_77' title='bbox 2237 1160 2517 1243; x_wconf 88' lang='lat' dir='ltr'>fratres,</span> <span class='ocrx_word' id='word_1_78' title='bbox 2574 1159 2973 1231; x_wconf 84' lang='lat' dir='ltr'>memoriam</span> <span class='ocrx_word' id='word_1_79' title='bbox 3022 1177 3121 1224; x_wconf 85' lang='lat' dir='ltr'>ve-</span> 
     </span>
     <span class='ocr_line' id='line_1_11' title="bbox 594 1244 3124 1340; baseline -0.003 -21"><span class='ocrx_word' id='word_1_80' title='bbox 594 1248 717 1319; x_wconf 88' lang='lat' dir='ltr'>stri</span> <span class='ocrx_word' id='word_1_81' title='bbox 750 1247 1252 1318; x_wconf 79' lang='lat' dir='ltr'>incessabiliter</span> <span class='ocrx_word' id='word_1_82' title='bbox 1290 1269 1525 1339; x_wconf 90' lang='lat' dir='ltr'>agens,</span> <span class='ocrx_word' id='word_1_83' title='bbox 1577 1261 1642 1317; x_wconf 92' lang='lat' dir='ltr'>et</span> <span class='ocrx_word' id='word_1_84' title='bbox 1703 1260 1837 1319; x_wconf 90' lang='lat' dir='ltr'>tam</span> <span class='ocrx_word' id='word_1_85' title='bbox 1891 1265 2387 1340; x_wconf 85' lang='lat' dir='ltr'>congruentem</span> <span class='ocrx_word' id='word_1_86' title='bbox 2424 1249 2815 1322; x_wconf 88' lang='lat' dir='ltr'>ordinantis</span> <span class='ocrx_word' id='word_1_87' title='bbox 2875 1247 2976 1316; x_wconf 90' lang='lat' dir='ltr'>Dei</span> <span class='ocrx_word' id='word_1_88' title='bbox 3033 1244 3124 1313; x_wconf 91' lang='lat' dir='ltr'>di-</span> 
     </span>
     <span class='ocr_line' id='line_1_12' title="bbox 594 1336 3125 1432; baseline -0.001 -26"><span class='ocrx_word' id='word_1_89' title='bbox 594 1338 1040 1427; x_wconf 89' lang='lat' dir='ltr'>spositionem</span> <span class='ocrx_word' id='word_1_90' title='bbox 1094 1336 1355 1417; x_wconf 83' lang='lat' dir='ltr'>videnS,</span> <span class='ocrx_word' id='word_1_91' title='bbox 1413 1350 1774 1427; x_wconf 90' lang='lat' dir='ltr'>promptus</span> <span class='ocrx_word' id='word_1_92' title='bbox 1811 1336 1908 1406; x_wconf 87' lang='lat' dir='ltr'>fui</span> <span class='ocrx_word' id='word_1_93' title='bbox 1963 1339 2048 1408; x_wconf 92' lang='lat' dir='ltr'>de</span> <span class='ocrx_word' id='word_1_94' title='bbox 2109 1340 2538 1432; x_wconf 77' lang='lat' dir='ltr'>presbytero,</span> <span class='ocrx_word' id='word_1_95' title='bbox 2590 1339 2707 1409; x_wconf 92' lang='lat' dir='ltr'>cui</span> <span class='ocrx_word' id='word_1_96' title='bbox 2771 1336 3125 1407; x_wconf 89' lang='lat' dir='ltr'>revelatum</span> 
     </span>
     <span class='ocr_line' id='line_1_13' title="bbox 594 1422 3127 1520; baseline -0.001 -26"><span class='ocrx_word' id='word_1_97' title='bbox 594 1425 839 1505; x_wconf 85' lang='lat' dir='ltr'>fuerat,</span> <span class='ocrx_word' id='word_1_98' title='bbox 897 1439 1157 1516; x_wconf 90' lang='lat' dir='ltr'>partem</span> <span class='ocrx_word' id='word_1_99' title='bbox 1214 1425 1516 1513; x_wconf 81' lang='lat' dir='ltr'>aliquam</span> <span class='ocrx_word' id='word_1_100' title='bbox 1571 1425 1829 1496; x_wconf 85' lang='lat' dir='ltr'>inventi</span> <span class='ocrx_word' id='word_1_101' title='bbox 1876 1428 2188 1518; x_wconf 88' lang='lat' dir='ltr'>corporis</span> <span class='ocrx_word' id='word_1_102' title='bbox 2249 1428 2648 1520; x_wconf 89' lang='lat' dir='ltr'>promereri,</span> <span class='ocrx_word' id='word_1_103' title='bbox 2703 1448 2915 1515; x_wconf 90' lang='lat' dir='ltr'>quam</span> <span class='ocrx_word' id='word_1_104' title='bbox 2956 1422 3127 1493; x_wconf 86' lang='lat' dir='ltr'>festi-</span> 
     </span>
     <span class='ocr_line' id='line_1_14' title="bbox 594 1510 3124 1607; baseline -0.001 -24"><span class='ocrx_word' id='word_1_105' title='bbox 594 1528 755 1583; x_wconf 91' lang='lat' dir='ltr'>nato</span> <span class='ocrx_word' id='word_1_106' title='bbox 785 1536 864 1584; x_wconf 86' lang='lat' dir='ltr'>ex</span> <span class='ocrx_word' id='word_1_107' title='bbox 917 1515 1174 1594; x_wconf 91' lang='lat' dir='ltr'>etitam,</span> <span class='ocrx_word' id='word_1_108' title='bbox 1214 1527 1609 1602; x_wconf 91' lang='lat' dir='ltr'>secretoque</span> <span class='ocrx_word' id='word_1_109' title='bbox 1658 1530 2074 1607; x_wconf 82' lang='lat' dir='ltr'>perceptam,</span> <span class='ocrx_word' id='word_1_110' title='bbox 2105 1516 2189 1585; x_wconf 88' lang='lat' dir='ltr'>ad</span> <span class='ocrx_word' id='word_1_111' title='bbox 2232 1540 2348 1588; x_wconf 89' lang='lat' dir='ltr'>vos</span> <span class='ocrx_word' id='word_1_112' title='bbox 2373 1516 2671 1607; x_wconf 86' lang='lat' dir='ltr'>dirigere</span> <span class='ocrx_word' id='word_1_113' title='bbox 2706 1537 2842 1586; x_wconf 94' lang='lat' dir='ltr'>non</span> <span class='ocrx_word' id='word_1_114' title='bbox 2877 1510 3124 1583; x_wconf 89' lang='lat' dir='ltr'>distuli.</span> 
     </span>
     <span class='ocr_line' id='line_1_15' title="bbox 595 1602 3129 1695; baseline -0.001 -24"><span class='ocrx_word' id='word_1_115' title='bbox 595 1608 858 1686; x_wconf 86' lang='lat' dir='ltr'>Quamo</span> <span class='ocrx_word' id='word_1_116' title='bbox 913 1624 1052 1672; x_wconf 91' lang='lat' dir='ltr'>rem</span> <span class='ocrx_word' id='word_1_117' title='bbox 1105 1602 1264 1673; x_wconf 88' lang='lat' dir='ltr'>misi</span> <span class='ocrx_word' id='word_1_118' title='bbox 1315 1604 1505 1675; x_wconf 92' lang='lat' dir='ltr'>vobis</span> <span class='ocrx_word' id='word_1_119' title='bbox 1558 1625 1680 1694; x_wconf 91' lang='lat' dir='ltr'>per</span> <span class='ocrx_word' id='word_1_120' title='bbox 1727 1617 2040 1675; x_wconf 90' lang='lat' dir='ltr'>sanctum</span> <span class='ocrx_word' id='word_1_121' title='bbox 2094 1603 2318 1675; x_wconf 86' lang='lat' dir='ltr'>filium</span> <span class='ocrx_word' id='word_1_122' title='bbox 2376 1620 2441 1675; x_wconf 92' lang='lat' dir='ltr'>et</span> <span class='ocrx_word' id='word_1_123' title='bbox 2500 1604 3129 1695; x_wconf 82' lang='lat' dir='ltr'>compresbyterum</span> 
     </span>
     <span class='ocr_line' id='line_1_16' title="bbox 596 1691 3134 1785; baseline -0.001 -24"><span class='ocrx_word' id='word_1_124' title='bbox 596 1713 828 1761; x_wconf 90' lang='lat' dir='ltr'>meum</span> <span class='ocrx_word' id='word_1_125' title='bbox 863 1691 1206 1773; x_wconf 90' lang='lat' dir='ltr'>Orosium,</span> <span class='ocrx_word' id='word_1_126' title='bbox 1257 1693 1584 1780; x_wconf 84' lang='lat' dir='ltr'>reliquias</span> <span class='ocrx_word' id='word_1_127' title='bbox 1616 1692 1703 1762; x_wconf 90' lang='lat' dir='ltr'>de</span> <span class='ocrx_word' id='word_1_128' title='bbox 1740 1715 2026 1785; x_wconf 89' lang='lat' dir='ltr'>corpore</span> <span class='ocrx_word' id='word_1_129' title='bbox 2059 1695 2234 1764; x_wconf 89' lang='lat' dir='ltr'>beati</span> <span class='ocrx_word' id='word_1_130' title='bbox 2272 1695 2598 1785; x_wconf 88' lang='lat' dir='ltr'>Stephani</span> <span class='ocrx_word' id='word_1_131' title='bbox 2656 1694 2864 1784; x_wconf 90' lang='lat' dir='ltr'>primi</span> <span class='ocrx_word' id='word_1_132' title='bbox 2903 1703 3134 1778; x_wconf 76' lang='lat' dir='ltr'>marty·</span> 
     </span>
     <span class='ocr_line' id='line_1_17' title="bbox 595 1779 3135 1871; baseline -0.001 -22"><span class='ocrx_word' id='word_1_133' title='bbox 595 1780 714 1862; x_wconf 90' lang='lat' dir='ltr'>ris,</span> <span class='ocrx_word' id='word_1_134' title='bbox 766 1779 895 1850; x_wconf 90' lang='lat' dir='ltr'>hoc</span> <span class='ocrx_word' id='word_1_135' title='bbox 941 1793 1065 1862; x_wconf 90' lang='lat' dir='ltr'>est,</span> <span class='ocrx_word' id='word_1_136' title='bbox 1123 1780 1470 1871; x_wconf 90' lang='lat' dir='ltr'>pulverem</span> <span class='ocrx_word' id='word_1_137' title='bbox 1532 1782 1765 1852; x_wconf 90' lang='lat' dir='ltr'>carnis</span> <span class='ocrx_word' id='word_1_138' title='bbox 1820 1795 2022 1870; x_wconf 80' lang='lat' dir='ltr'>atque</span> <span class='ocrx_word' id='word_1_139' title='bbox 2058 1804 2448 1866; x_wconf 87' lang='lat' dir='ltr'>nervorum,</span> <span class='ocrx_word' id='word_1_140' title='bbox 2502 1798 2566 1853; x_wconf 90' lang='lat' dir='ltr'>et</span> <span class='ocrx_word' id='word_1_141' title='bbox 2613 1782 2803 1871; x_wconf 92' lang='lat' dir='ltr'>quod</span> <span class='ocrx_word' id='word_1_142' title='bbox 2875 1780 3135 1851; x_wconf 87' lang='lat' dir='ltr'>fidelius</span> 
     </span>
     <span class='ocr_line' id='line_1_18' title="bbox 593 1868 3136 1959; baseline -0.001 -20"><span class='ocrx_word' id='word_1_143' title='bbox 593 1868 985 1957; x_wconf 89' lang='lat' dir='ltr'>certiusque</span> <span class='ocrx_word' id='word_1_144' title='bbox 1031 1869 1454 1940; x_wconf 88' lang='lat' dir='ltr'>credendum</span> <span class='ocrx_word' id='word_1_145' title='bbox 1488 1884 1612 1951; x_wconf 90' lang='lat' dir='ltr'>est,</span> <span class='ocrx_word' id='word_1_146' title='bbox 1649 1893 1807 1942; x_wconf 89' lang='lat' dir='ltr'>ossa</span> <span class='ocrx_word' id='word_1_147' title='bbox 1856 1871 2100 1951; x_wconf 89' lang='lat' dir='ltr'>solida,</span> <span class='ocrx_word' id='word_1_148' title='bbox 2154 1886 2360 1959; x_wconf 92' lang='lat' dir='ltr'>atque</span> <span class='ocrx_word' id='word_1_149' title='bbox 2408 1872 2778 1943; x_wconf 82' lang='lat' dir='ltr'>manifesta</span> <span class='ocrx_word' id='word_1_150' title='bbox 2826 1871 2939 1942; x_wconf 91' lang='lat' dir='ltr'>sui</span> <span class='ocrx_word' id='word_1_151' title='bbox 2988 1890 3136 1940; x_wconf 89' lang='lat' dir='ltr'>san-</span> 
     </span>
     <span class='ocr_line' id='line_1_19' title="bbox 594 1957 3140 2056; baseline -0.001 -28"><span class='ocrx_word' id='word_1_152' title='bbox 594 1958 823 2028; x_wconf 89' lang='lat' dir='ltr'>ctitate</span> <span class='ocrx_word' id='word_1_153' title='bbox 863 1958 1059 2028; x_wconf 85' lang='lat' dir='ltr'>novis</span> <span class='ocrx_word' id='word_1_154' title='bbox 1171 1959 1494 2049; x_wconf 88' lang='lat' dir='ltr'>igmentis</span> <span class='ocrx_word' id='word_1_155' title='bbox 1544 1959 1644 2029; x_wconf 85' lang='lat' dir='ltr'>vel</span> <span class='ocrx_word' id='word_1_156' title='bbox 1694 1959 2026 2031; x_wconf 90' lang='lat' dir='ltr'>odoribus</span> <span class='ocrx_word' id='word_1_157' title='bbox 2134 1961 2474 2052; x_wconf 86' lang='lat' dir='ltr'>inguiora.</span> <span class='ocrx_word' id='word_1_158' title='bbox 2530 1967 2613 2031; x_wconf 93' lang='lat' dir='ltr'>Ut</span> <span class='ocrx_word' id='word_1_159' title='bbox 2664 1975 2903 2032; x_wconf 90' lang='lat' dir='ltr'>autem</span> <span class='ocrx_word' id='word_1_160' title='bbox 2962 1957 3140 2056; x_wconf 77' lang='lat' dir='ltr'>nulla</span> 
     </span>
     <span class='ocr_line' id='line_1_20' title="bbox 595 2046 3142 2140; baseline -0.001 -25"><span class='ocrx_word' id='word_1_161' title='bbox 595 2048 812 2137; x_wconf 88' lang='lat' dir='ltr'>possit</span> <span class='ocrx_word' id='word_1_162' title='bbox 843 2069 992 2117; x_wconf 90' lang='lat' dir='ltr'>esse</span> <span class='ocrx_word' id='word_1_163' title='bbox 1031 2046 1124 2116; x_wconf 92' lang='lat' dir='ltr'>du</span> <span class='ocrx_word' id='word_1_164' title='bbox 1180 2048 1392 2132; x_wconf 87' lang='lat' dir='ltr'>itati0,</span> <span class='ocrx_word' id='word_1_165' title='bbox 1446 2049 1669 2138; x_wconf 92' lang='lat' dir='ltr'>ipsam</span> <span class='ocrx_word' id='word_1_166' title='bbox 1703 2048 1785 2119; x_wconf 90' lang='lat' dir='ltr'>ad</span> <span class='ocrx_word' id='word_1_167' title='bbox 1830 2072 1948 2119; x_wconf 86' lang='lat' dir='ltr'>vos</span> <span class='ocrx_word' id='word_1_168' title='bbox 1987 2072 2071 2119; x_wconf 90' lang='lat' dir='ltr'>su</span> <span class='ocrx_word' id='word_1_169' title='bbox 2124 2050 2335 2120; x_wconf 87' lang='lat' dir='ltr'>ditam</span> <span class='ocrx_word' id='word_1_170' title='bbox 2372 2051 2651 2140; x_wconf 87' lang='lat' dir='ltr'>scriptis</span> <span class='ocrx_word' id='word_1_171' title='bbox 2696 2051 2897 2130; x_wconf 77' lang='lat' dir='ltr'>meiS,</span> <span class='ocrx_word' id='word_1_172' title='bbox 2934 2058 3142 2117; x_wconf 79' lang='lat' dir='ltr'>sancti</span> 
     </span>
     <span class='ocr_line' id='line_1_21' title="bbox 598 2136 3144 2229; baseline 0 -26"><span class='ocrx_word' id='word_1_173' title='bbox 598 2136 1003 2227; x_wconf 83' lang='lat' dir='ltr'>presbyteri,</span> <span class='ocrx_word' id='word_1_174' title='bbox 1047 2137 1162 2205; x_wconf 92' lang='lat' dir='ltr'>cui</span> <span class='ocrx_word' id='word_1_175' title='bbox 1199 2138 1363 2207; x_wconf 90' lang='lat' dir='ltr'>haec</span> <span class='ocrx_word' id='word_1_176' title='bbox 1419 2138 1709 2208; x_wconf 87' lang='lat' dir='ltr'>revelata</span> <span class='ocrx_word' id='word_1_177' title='bbox 1760 2152 1946 2218; x_wconf 90' lang='lat' dir='ltr'>sunt,</span> <span class='ocrx_word' id='word_1_178' title='bbox 1998 2139 2359 2229; x_wconf 87' lang='lat' dir='ltr'>epistolam</span> <span class='ocrx_word' id='word_1_179' title='bbox 2419 2140 3144 2229; x_wconf 85' lang='lat' dir='ltr'>conscriptionemque</span> 
     </span>
     <span class='ocr_line' id='line_1_22' title="bbox 598 2224 3145 2318; baseline 0 -24"><span class='ocrx_word' id='word_1_180' title='bbox 598 2224 973 2306; x_wconf 86' lang='lat' dir='ltr'>transmisi,</span> <span class='ocrx_word' id='word_1_181' title='bbox 1013 2246 1220 2312; x_wconf 88' lang='lat' dir='ltr'>quam</span> <span class='ocrx_word' id='word_1_182' title='bbox 1286 2249 1391 2296; x_wconf 92' lang='lat' dir='ltr'>me</span> <span class='ocrx_word' id='word_1_183' title='bbox 1434 2249 1557 2316; x_wconf 91' lang='lat' dir='ltr'>pro</span> <span class='ocrx_word' id='word_1_184' title='bbox 1607 2225 1743 2296; x_wconf 90' lang='lat' dir='ltr'>fide</span> <span class='ocrx_word' id='word_1_185' title='bbox 1783 2228 2084 2297; x_wconf 88' lang='lat' dir='ltr'>veritatis</span> <span class='ocrx_word' id='word_1_186' title='bbox 2150 2228 2422 2318; x_wconf 89' lang='lat' dir='ltr'>plenius</span> <span class='ocrx_word' id='word_1_187' title='bbox 2468 2228 3002 2318; x_wconf 90' lang='lat' dir='ltr'>cognoscendae</span> <span class='ocrx_word' id='word_1_188' title='bbox 3043 2246 3145 2294; x_wconf 83' lang='lat' dir='ltr'>ro-</span> 
     </span>
     <span class='ocr_line' id='line_1_23' title="bbox 593 2315 3150 2408; baseline 0.001 -28"><span class='ocrx_word' id='word_1_189' title='bbox 593 2325 798 2404; x_wconf 89' lang='lat' dir='ltr'>gante</span> <span class='ocrx_word' id='word_1_190' title='bbox 829 2327 894 2384; x_wconf 91' lang='lat' dir='ltr'>et</span> <span class='ocrx_word' id='word_1_191' title='bbox 925 2326 1300 2403; x_wconf 84' lang='lat' dir='ltr'>expetente,</span> <span class='ocrx_word' id='word_1_192' title='bbox 1356 2315 1636 2386; x_wconf 86' lang='lat' dir='ltr'>dictavit</span> <span class='ocrx_word' id='word_1_193' title='bbox 1671 2320 1924 2387; x_wconf 89' lang='lat' dir='ltr'>Graeco</span> <span class='ocrx_word' id='word_1_194' title='bbox 1962 2318 2262 2406; x_wconf 90' lang='lat' dir='ltr'>primum</span> <span class='ocrx_word' id='word_1_195' title='bbox 2302 2317 2450 2408; x_wconf 88' lang='lat' dir='ltr'>ipse</span> <span class='ocrx_word' id='word_1_196' title='bbox 2482 2339 2835 2400; x_wconf 89' lang='lat' dir='ltr'>sermone,</span> <span class='ocrx_word' id='word_1_197' title='bbox 2875 2316 2994 2388; x_wconf 90' lang='lat' dir='ltr'>sed</span> <span class='ocrx_word' id='word_1_198' title='bbox 3082 2336 3150 2383; x_wconf 90' lang='lat' dir='ltr'>er</span> 
     </span>
     <span class='ocr_line' id='line_1_24' title="bbox 596 2403 3150 2492; baseline 0.001 -23"><span class='ocrx_word' id='word_1_199' title='bbox 596 2424 705 2471; x_wconf 90' lang='lat' dir='ltr'>me</span> <span class='ocrx_word' id='word_1_200' title='bbox 747 2416 979 2492; x_wconf 90' lang='lat' dir='ltr'>postea</span> <span class='ocrx_word' id='word_1_201' title='bbox 1030 2403 1097 2471; x_wconf 92' lang='lat' dir='ltr'>in</span> <span class='ocrx_word' id='word_1_202' title='bbox 1144 2405 1460 2475; x_wconf 90' lang='lat' dir='ltr'>Latinum</span> <span class='ocrx_word' id='word_1_203' title='bbox 1502 2427 1697 2475; x_wconf 88' lang='lat' dir='ltr'>versa</span> <span class='ocrx_word' id='word_1_204' title='bbox 1734 2418 1859 2475; x_wconf 83' lang='lat' dir='ltr'>est.</span> <span class='ocrx_word' id='word_1_205' title='bbox 1903 2409 2091 2488; x_wconf 87' lang='lat' dir='ltr'>Quae</span> <span class='ocrx_word' id='word_1_206' title='bbox 2127 2419 2193 2475; x_wconf 87' lang='lat' dir='ltr'>et</span> <span class='ocrx_word' id='word_1_207' title='bbox 2243 2429 2356 2476; x_wconf 89' lang='lat' dir='ltr'>vos</span> <span class='ocrx_word' id='word_1_208' title='bbox 2409 2406 2629 2477; x_wconf 89' lang='lat' dir='ltr'>sancti</span> <span class='ocrx_word' id='word_1_209' title='bbox 2680 2421 2751 2478; x_wconf 92' lang='lat' dir='ltr'>et</span> <span class='ocrx_word' id='word_1_210' title='bbox 2789 2407 2976 2478; x_wconf 89' lang='lat' dir='ltr'>beati</span> <span class='ocrx_word' id='word_1_211' title='bbox 3050 2425 3150 2472; x_wconf 84' lang='lat' dir='ltr'>ra-</span> 
     </span>
     <span class='ocr_line' id='line_1_25' title="bbox 595 2493 3147 2587; baseline 0.001 -27"><span class='ocrx_word' id='word_1_212' title='bbox 595 2504 752 2573; x_wconf 84' lang='lat' dir='ltr'>treS,</span> <span class='ocrx_word' id='word_1_213' title='bbox 790 2514 997 2581; x_wconf 92' lang='lat' dir='ltr'>quam</span> <span class='ocrx_word' id='word_1_214' title='bbox 1033 2494 1359 2564; x_wconf 89' lang='lat' dir='ltr'>veraciter</span> <span class='ocrx_word' id='word_1_215' title='bbox 1391 2509 1579 2585; x_wconf 85' lang='lat' dir='ltr'>gesta</span> <span class='ocrx_word' id='word_1_216' title='bbox 1630 2507 1828 2577; x_wconf 91' lang='lat' dir='ltr'>sunt,</span> <span class='ocrx_word' id='word_1_217' title='bbox 1885 2510 2022 2565; x_wconf 88' lang='lat' dir='ltr'>tam</span> <span class='ocrx_word' id='word_1_218' title='bbox 2072 2493 2365 2565; x_wconf 88' lang='lat' dir='ltr'>fideliter</span> <span class='ocrx_word' id='word_1_219' title='bbox 2413 2510 2744 2587; x_wconf 89' lang='lat' dir='ltr'>suscepta</span> <span class='ocrx_word' id='word_1_220' title='bbox 2800 2493 3147 2573; x_wconf 78' lang='lat' dir='ltr'>habeatiS,</span> 
     </span>
     <span class='ocr_line' id='line_1_26' title="bbox 593 2581 3151 2677; baseline 0.001 -28"><span class='ocrx_word' id='word_1_221' title='bbox 593 2581 926 2670; x_wconf 90' lang='lat' dir='ltr'>imploro:</span> <span class='ocrx_word' id='word_1_222' title='bbox 959 2588 1195 2654; x_wconf 90' lang='lat' dir='ltr'>Certus</span> <span class='ocrx_word' id='word_1_223' title='bbox 1227 2605 1383 2653; x_wconf 91' lang='lat' dir='ltr'>sum</span> <span class='ocrx_word' id='word_1_224' title='bbox 1411 2584 1623 2664; x_wconf 92' lang='lat' dir='ltr'>enim,</span> <span class='ocrx_word' id='word_1_225' title='bbox 1663 2585 1827 2671; x_wconf 88' lang='lat' dir='ltr'>quia</span> <span class='ocrx_word' id='word_1_226' title='bbox 1860 2585 2042 2655; x_wconf 91' lang='lat' dir='ltr'>sicut</span> <span class='ocrx_word' id='word_1_227' title='bbox 2073 2585 2221 2675; x_wconf 88' lang='lat' dir='ltr'>ipse</span> <span class='ocrx_word' id='word_1_228' title='bbox 2251 2585 2493 2655; x_wconf 88' lang='lat' dir='ltr'>beatus</span> <span class='ocrx_word' id='word_1_229' title='bbox 2526 2601 2804 2677; x_wconf 83' lang='lat' dir='ltr'>martyr</span> <span class='ocrx_word' id='word_1_230' title='bbox 2828 2587 3151 2676; x_wconf 88' lang='lat' dir='ltr'>dignatus</span> 
     </span>
     <span class='ocr_line' id='line_1_27' title="bbox 592 2671 3152 2763; baseline 0.002 -24"><span class='ocrx_word' id='word_1_231' title='bbox 592 2682 693 2739; x_wconf 92' lang='lat' dir='ltr'>est</span> <span class='ocrx_word' id='word_1_232' title='bbox 728 2671 1082 2755; x_wconf 87' lang='lat' dir='ltr'>nunciare,</span> <span class='ocrx_word' id='word_1_233' title='bbox 1138 2684 1203 2742; x_wconf 92' lang='lat' dir='ltr'>et</span> <span class='ocrx_word' id='word_1_234' title='bbox 1267 2694 1390 2763; x_wconf 89' lang='lat' dir='ltr'>pro</span> <span class='ocrx_word' id='word_1_235' title='bbox 1437 2673 1660 2743; x_wconf 88' lang='lat' dir='ltr'>salute</span> <span class='ocrx_word' id='word_1_236' title='bbox 1718 2672 1961 2742; x_wconf 89' lang='lat' dir='ltr'>mundi</span> <span class='ocrx_word' id='word_1_237' title='bbox 2016 2674 2466 2763; x_wconf 89' lang='lat' dir='ltr'>periclitantis</span> <span class='ocrx_word' id='word_1_238' title='bbox 2514 2696 2586 2745; x_wconf 95' lang='lat' dir='ltr'>se</span> <span class='ocrx_word' id='word_1_239' title='bbox 2656 2674 3152 2752; x_wconf 81' lang='lat' dir='ltr'>manifestare,</span> 
     </span>
     <span class='ocr_line' id='line_1_28' title="bbox 593 2759 3156 2864; baseline 0 -37"><span class='ocrx_word' id='word_1_240' title='bbox 593 2759 851 2859; x_wconf 49' lang='lat' dir='ltr'>aprilio</span> <span class='ocrx_word' id='word_1_241' title='bbox 900 2774 962 2829; x_wconf 92' lang='lat' dir='ltr'>et</span> <span class='ocrx_word' id='word_1_242' title='bbox 999 2761 1385 2850; x_wconf 74' lang='lat' dir='ltr'>praesentia</span> <span class='ocrx_word' id='word_1_243' title='bbox 1419 2764 1583 2833; x_wconf 89' lang='lat' dir='ltr'>tanti</span> <span class='ocrx_word' id='word_1_244' title='bbox 1621 2763 1916 2864; x_wconf 89' lang='lat' dir='ltr'>patroni,</span> <span class='ocrx_word' id='word_1_245' title='bbox 1958 2762 2017 2833; x_wconf 90' lang='lat' dir='ltr'>si</span> <span class='ocrx_word' id='word_1_246' title='bbox 2057 2784 2174 2831; x_wconf 89' lang='lat' dir='ltr'>vos</span> <span class='ocrx_word' id='word_1_247' title='bbox 2203 2764 2334 2832; x_wconf 87' lang='lat' dir='ltr'>tale</span> <span class='ocrx_word' id='word_1_248' title='bbox 2370 2765 2624 2854; x_wconf 85' lang='lat' dir='ltr'>pignus</span> <span class='ocrx_word' id='word_1_249' title='bbox 2673 2765 2902 2855; x_wconf 90' lang='lat' dir='ltr'>digno</span> <span class='ocrx_word' id='word_1_250' title='bbox 2934 2761 3156 2835; x_wconf 89' lang='lat' dir='ltr'>studio</span> 
     </span>
     <span class='ocr_line' id='line_1_29' title="bbox 594 2846 3161 2948; baseline 0.002 -34"><span class='ocrx_word' id='word_1_251' title='bbox 594 2846 925 2948; x_wconf 74' lang='lat' dir='ltr'>diligatiS,</span> <span class='ocrx_word' id='word_1_252' title='bbox 982 2850 1107 2919; x_wconf 89' lang='lat' dir='ltr'>tuti</span> <span class='ocrx_word' id='word_1_253' title='bbox 1146 2872 1224 2919; x_wconf 89' lang='lat' dir='ltr'>ex</span> <span class='ocrx_word' id='word_1_254' title='bbox 1265 2851 1392 2920; x_wconf 93' lang='lat' dir='ltr'>hoc</span> <span class='ocrx_word' id='word_1_255' title='bbox 1427 2853 1780 2939; x_wconf 79' lang='lat' dir='ltr'>quietique</span> <span class='ocrx_word' id='word_1_256' title='bbox 1820 2851 2061 2921; x_wconf 85' lang='lat' dir='ltr'>vivatis</span> <span class='ocrx_word' id='word_1_257' title='bbox 2139 2853 2369 2922; x_wconf 83' lang='lat' dir='ltr'>Gratia</span> <span class='ocrx_word' id='word_1_258' title='bbox 2418 2852 2693 2922; x_wconf 91' lang='lat' dir='ltr'>Domini</span> <span class='ocrx_word' id='word_1_259' title='bbox 2740 2852 2968 2924; x_wconf 90' lang='lat' dir='ltr'>nostri</span> <span class='ocrx_word' id='word_1_260' title='bbox 2999 2857 3161 2922; x_wconf 67' lang='lat' dir='ltr'>lesu</span> 
     </span>
     <span class='ocr_line' id='line_1_30' title="bbox 594 2935 3157 3030; baseline 0.002 -27"><span class='ocrx_word' id='word_1_261' title='bbox 594 2935 845 3007; x_wconf 77' lang='lat' dir='ltr'>Christi</span> <span class='ocrx_word' id='word_1_262' title='bbox 884 2950 948 3007; x_wconf 90' lang='lat' dir='ltr'>et</span> <span class='ocrx_word' id='word_1_263' title='bbox 983 2940 1214 3008; x_wconf 89' lang='lat' dir='ltr'>Sancti</span> <span class='ocrx_word' id='word_1_264' title='bbox 1242 2940 1538 3030; x_wconf 88' lang='lat' dir='ltr'>Spiritus</span> <span class='ocrx_word' id='word_1_265' title='bbox 1580 2940 1936 3011; x_wconf 87' lang='lat' dir='ltr'>vobiscum</span> <span class='ocrx_word' id='word_1_266' title='bbox 1972 2939 2408 3011; x_wconf 90' lang='lat' dir='ltr'>dilectissimi</span> <span class='ocrx_word' id='word_1_267' title='bbox 2440 2940 2509 3009; x_wconf 91' lang='lat' dir='ltr'>in</span> <span class='ocrx_word' id='word_1_268' title='bbox 2546 2942 2878 3013; x_wconf 89' lang='lat' dir='ltr'>Domino.</span> <span class='ocrx_word' id='word_1_269' title='bbox 2920 2948 3157 3012; x_wconf 82' lang='lat' dir='ltr'>Amen.</span> 
     </span>
    </p>
   </div>
   <div class='ocr_carea' id='block_1_3' title="bbox 684 3241 3084 3540">
    <p class='ocr_par' dir='ltr' id='par_1_5' title="bbox 684 3241 3084 3540">
     <span class='ocr_line' id='line_1_31' title="bbox 1017 3241 2716 3326; baseline 0.005 -7"><span class='ocrx_word' id='word_1_270' title='bbox 1017 3241 1513 3321; x_wconf 81' lang='lat' dir='ltr'><strong>EPISTOLA</strong></span> <span class='ocrx_word' id='word_1_271' title='bbox 1565 3241 1994 3324; x_wconf 83' lang='lat' dir='ltr'>LUOIANl</span> <span class='ocrx_word' id='word_1_272' title='bbox 2052 3244 2716 3326; x_wconf 81' lang='lat' dir='ltr'><strong>PRESBYTERI</strong></span> 
     </span>
     <span class='ocr_line' id='line_1_32' title="bbox 684 3429 3084 3540; baseline 0.003 -9"><span class='ocrx_word' id='word_1_273' title='bbox 684 3429 813 3531; x_wconf 89' lang='lat' dir='ltr'>DE</span> <span class='ocrx_word' id='word_1_274' title='bbox 883 3431 1593 3533; x_wconf 80' lang='lat' dir='ltr'>REVELATtONE</span> <span class='ocrx_word' id='word_1_275' title='bbox 1660 3435 1752 3533; x_wconf 90' lang='grc' dir='ltr'>Β.</span> <span class='ocrx_word' id='word_1_276' title='bbox 1822 3434 2332 3536; x_wconf 84' lang='lat' dir='ltr'>STEPHANI</span> <span class='ocrx_word' id='word_1_277' title='bbox 2403 3436 3084 3540; x_wconf 77' lang='lat' dir='ltr'><strong>PROTOMART.</strong></span> 
     </span>
    </p>
   </div>
   <div class='ocr_carea' id='block_1_4' title="bbox 1335 3620 2389 3689">
    <p class='ocr_par' dir='ltr' id='par_1_6' title="bbox 1335 3620 2389 3689">
     <span class='ocr_line' id='line_1_33' title="bbox 1335 3620 2389 3689; baseline 0.004 -5"><span class='ocrx_word' id='word_1_278' title='bbox 1335 3620 1436 3684; x_wconf 91' lang='lat' dir='ltr'>ET</span> <span class='ocrx_word' id='word_1_279' title='bbox 1482 3620 1854 3688; x_wconf 78' lang='lat' dir='ltr'>ALIORUM</span> <span class='ocrx_word' id='word_1_280' title='bbox 1905 3622 2389 3689; x_wconf 80' lang='lat' dir='ltr'>SANCTORUM</span> 
     </span>
    </p>
   </div>
   <div class='ocr_carea' id='block_1_5' title="bbox 594 3826 3198 4553">
    <p class='ocr_par' dir='ltr' id='par_1_7' title="bbox 594 3826 3198 4553">
     <span class='ocr_line' id='line_1_34' title="bbox 684 3826 3178 3918; baseline 0 -19"><span class='ocrx_word' id='word_1_281' title='bbox 684 3829 721 3914; x_wconf 65' lang='grc' dir='ltr'>ξ</span> <span class='ocrx_word' id='word_1_282' title='bbox 753 3833 829 3899; x_wconf 82' lang='grc'>1.</span> <span class='ocrx_word' id='word_1_283' title='bbox 883 3826 1230 3896; x_wconf 90' lang='lat' dir='ltr'>Lucianus</span> <span class='ocrx_word' id='word_1_284' title='bbox 1270 3826 1745 3897; x_wconf 74' lang='lat' dir='ltr'>misericordia</span> <span class='ocrx_word' id='word_1_285' title='bbox 1780 3827 1894 3896; x_wconf 89' lang='lat' dir='ltr'>Dei</span> <span class='ocrx_word' id='word_1_286' title='bbox 1927 3826 2274 3918; x_wconf 85' lang='lat' dir='ltr'>indigens,</span> <span class='ocrx_word' id='word_1_287' title='bbox 2311 3840 2377 3899; x_wconf 92' lang='lat' dir='ltr'>et</span> <span class='ocrx_word' id='word_1_288' title='bbox 2415 3828 2738 3899; x_wconf 88' lang='lat' dir='ltr'>omnium</span> <span class='ocrx_word' id='word_1_289' title='bbox 2786 3832 3178 3905; x_wconf 86' lang='lat' dir='ltr'>hominum</span> 
     </span>
     <span class='ocr_line' id='line_1_35' title="bbox 595 3916 3177 4015; baseline 0.004 -32"><span class='ocrx_word' id='word_1_290' title='bbox 595 3916 957 3997; x_wconf 76' lang='lat' dir='ltr'>minimuS,</span> <span class='ocrx_word' id='word_1_291' title='bbox 1012 3916 1364 4007; x_wconf 80' lang='lat' dir='ltr'>presbyter</span> <span class='ocrx_word' id='word_1_292' title='bbox 1394 3916 1734 3987; x_wconf 89' lang='lat' dir='ltr'>Ecclesiae</span> <span class='ocrx_word' id='word_1_293' title='bbox 1763 3917 1899 3998; x_wconf 88' lang='lat' dir='ltr'>Dei,</span> <span class='ocrx_word' id='word_1_294' title='bbox 1937 3939 2115 4004; x_wconf 89' lang='lat' dir='ltr'>quae</span> <span class='ocrx_word' id='word_1_295' title='bbox 2140 3930 2241 3987; x_wconf 90' lang='lat' dir='ltr'>est</span> <span class='ocrx_word' id='word_1_296' title='bbox 2271 3919 2340 3986; x_wconf 91' lang='lat' dir='ltr'>in</span> <span class='ocrx_word' id='word_1_297' title='bbox 2371 3916 2535 3987; x_wconf 81' lang='lat' dir='ltr'>villa</span> <span class='ocrx_word' id='word_1_298' title='bbox 2568 3920 3177 4015; x_wconf 69' lang='lat' dir='ltr'>caphargamala,</span> 
     </span>
     <span class='ocr_line' id='line_1_36' title="bbox 596 4004 3187 4094; baseline 0.004 -22"><span class='ocrx_word' id='word_1_299' title='bbox 596 4005 667 4072; x_wconf 92' lang='lat' dir='ltr'>in</span> <span class='ocrx_word' id='word_1_300' title='bbox 719 4004 1057 4075; x_wconf 85' lang='lat' dir='ltr'>territorio</span> <span class='ocrx_word' id='word_1_301' title='bbox 1100 4005 1717 4094; x_wconf 81' lang='lat' dir='ltr'>Jerosolymorum,</span> <span class='ocrx_word' id='word_1_302' title='bbox 1771 4017 2048 4076; x_wconf 88' lang='lat' dir='ltr'>sanctae</span> <span class='ocrx_word' id='word_1_303' title='bbox 2096 4006 2438 4077; x_wconf 88' lang='lat' dir='ltr'>Ecclesiae</span> <span class='ocrx_word' id='word_1_304' title='bbox 2484 4018 2549 4076; x_wconf 89' lang='lat' dir='ltr'>et</span> <span class='ocrx_word' id='word_1_305' title='bbox 2595 4012 2958 4084; x_wconf 88' lang='lat' dir='ltr'>omnibus</span> <span class='ocrx_word' id='word_1_306' title='bbox 3016 4036 3187 4084; x_wconf 89' lang='lat' dir='ltr'>san-</span> 
     </span>
     <span class='ocr_line' id='line_1_37' title="bbox 595 4093 3186 4180; baseline 0.005 -19"><span class='ocrx_word' id='word_1_307' title='bbox 595 4093 748 4173; x_wconf 78' lang='lat' dir='ltr'>ctiS,</span> <span class='ocrx_word' id='word_1_308' title='bbox 788 4095 910 4180; x_wconf 91' lang='lat' dir='ltr'>qui</span> <span class='ocrx_word' id='word_1_309' title='bbox 936 4106 1099 4164; x_wconf 89' lang='lat' dir='ltr'>sunt</span> <span class='ocrx_word' id='word_1_310' title='bbox 1144 4094 1212 4163; x_wconf 91' lang='lat' dir='ltr'>in</span> <span class='ocrx_word' id='word_1_311' title='bbox 1267 4094 1532 4164; x_wconf 88' lang='lat' dir='ltr'>Christo</span> <span class='ocrx_word' id='word_1_312' title='bbox 1578 4100 1745 4165; x_wconf 88' lang='lat' dir='ltr'>Jesu</span> <span class='ocrx_word' id='word_1_313' title='bbox 1785 4095 1854 4163; x_wconf 90' lang='lat' dir='ltr'>in</span> <span class='ocrx_word' id='word_1_314' title='bbox 1908 4096 2229 4167; x_wconf 87' lang='lat' dir='ltr'>universo</span> <span class='ocrx_word' id='word_1_315' title='bbox 2261 4094 2547 4178; x_wconf 78' lang='lat' dir='ltr'>munde,</span> <span class='ocrx_word' id='word_1_316' title='bbox 2601 4096 2674 4165; x_wconf 92' lang='lat' dir='ltr'>in</span> <span class='ocrx_word' id='word_1_317' title='bbox 2711 4102 3035 4175; x_wconf 87' lang='lat' dir='ltr'>Domino</span> <span class='ocrx_word' id='word_1_318' title='bbox 3070 4125 3186 4173; x_wconf 89' lang='lat' dir='ltr'>sa-</span> 
     </span>
     <span class='ocr_line' id='line_1_38' title="bbox 595 4180 3192 4275; baseline 0.005 -25"><span class='ocrx_word' id='word_1_319' title='bbox 595 4180 834 4252; x_wconf 90' lang='lat' dir='ltr'>lutem.</span> <span class='ocrx_word' id='word_1_320' title='bbox 889 4183 1094 4264; x_wconf 86' lang='lat' dir='ltr'>Visio,</span> <span class='ocrx_word' id='word_1_321' title='bbox 1147 4206 1326 4270; x_wconf 90' lang='lat' dir='ltr'>quae</span> <span class='ocrx_word' id='word_1_322' title='bbox 1373 4206 1409 4253; x_wconf 87' lang='lat' dir='ltr'>a</span> <span class='ocrx_word' id='word_1_323' title='bbox 1469 4184 1699 4275; x_wconf 92' lang='lat' dir='ltr'>paruit</span> <span class='ocrx_word' id='word_1_324' title='bbox 1749 4205 1937 4254; x_wconf 89' lang='lat' dir='ltr'>meae</span> <span class='ocrx_word' id='word_1_325' title='bbox 1976 4184 2337 4275; x_wconf 90' lang='lat' dir='ltr'>pusillitati</span> <span class='ocrx_word' id='word_1_326' title='bbox 2386 4206 2427 4254; x_wconf 90' lang='lat' dir='ltr'>a</span> <span class='ocrx_word' id='word_1_327' title='bbox 2460 4189 2592 4254; x_wconf 90' lang='lat' dir='ltr'>Deo</span> <span class='ocrx_word' id='word_1_328' title='bbox 2640 4198 2774 4269; x_wconf 89' lang='lat' dir='ltr'>ter,</span> <span class='ocrx_word' id='word_1_329' title='bbox 2840 4191 2939 4261; x_wconf 92' lang='lat' dir='ltr'>de</span> <span class='ocrx_word' id='word_1_330' title='bbox 2992 4215 3192 4263; x_wconf 87' lang='lat' dir='ltr'>reve-</span> 
     </span>
     <span class='ocr_line' id='line_1_39' title="bbox 595 4206 3194 4369; baseline 0.004 -30"><span class='ocrx_word' id='word_1_331' title='bbox 595 4269 849 4340; x_wconf 90' lang='lat' dir='ltr'>latione</span> <span class='ocrx_word' id='word_1_332' title='bbox 908 4272 1357 4360; x_wconf 88' lang='lat' dir='ltr'>reliquiarum</span> <span class='ocrx_word' id='word_1_333' title='bbox 1419 4206 1611 4342; x_wconf 69' lang='lat' dir='ltr'>Ibeati</span> <span class='ocrx_word' id='word_1_334' title='bbox 1658 4285 1723 4341; x_wconf 89' lang='lat' dir='ltr'>et</span> <span class='ocrx_word' id='word_1_335' title='bbox 1771 4273 2054 4363; x_wconf 89' lang='lat' dir='ltr'>gloriosi</span> <span class='ocrx_word' id='word_1_336' title='bbox 2114 4276 2634 4363; x_wconf 85' lang='lat' dir='ltr'>protomartyris</span> <span class='ocrx_word' id='word_1_337' title='bbox 2699 4279 3075 4369; x_wconf 89' lang='lat' dir='ltr'>Stephani</span> <span class='ocrx_word' id='word_1_338' title='bbox 3124 4294 3194 4351; x_wconf 89' lang='lat' dir='ltr'>et</span> 
     </span>
     <span class='ocr_line' id='line_1_40' title="bbox 595 4359 3197 4462; baseline 0.005 -36"><span class='ocrx_word' id='word_1_339' title='bbox 595 4359 807 4449; x_wconf 89' lang='lat' dir='ltr'>primi</span> <span class='ocrx_word' id='word_1_340' title='bbox 856 4360 1135 4431; x_wconf 87' lang='lat' dir='ltr'>Diaconi</span> <span class='ocrx_word' id='word_1_341' title='bbox 1201 4361 1474 4442; x_wconf 87' lang='lat' dir='ltr'>Christi,</span> <span class='ocrx_word' id='word_1_342' title='bbox 1529 4375 1596 4431; x_wconf 91' lang='lat' dir='ltr'>et</span> <span class='ocrx_word' id='word_1_343' title='bbox 1658 4362 2053 4444; x_wconf 87' lang='lat' dir='ltr'>Nicodemi,</span> <span class='ocrx_word' id='word_1_344' title='bbox 2108 4362 2229 4450; x_wconf 91' lang='lat' dir='ltr'>qui</span> <span class='ocrx_word' id='word_1_345' title='bbox 2277 4364 2348 4431; x_wconf 92' lang='lat' dir='ltr'>in</span> <span class='ocrx_word' id='word_1_346' title='bbox 2398 4362 2782 4454; x_wconf 84' lang='lat' dir='ltr'>Evangelio</span> <span class='ocrx_word' id='word_1_347' title='bbox 2860 4370 3197 4462; x_wconf 85' lang='lat' dir='ltr'>scriptus</span> 
     </span>
     <span class='ocr_line' id='line_1_41' title="bbox 594 4448 3198 4553; baseline 0.006 -34"><span class='ocrx_word' id='word_1_348' title='bbox 594 4448 934 4540; x_wconf 85' lang='lat' dir='ltr'>est(Joan.</span> <span class='ocrx_word' id='word_1_349' title='bbox 968 4450 1056 4545; x_wconf 79' lang='lat' dir='ltr'>v),</span> <span class='ocrx_word' id='word_1_350' title='bbox 1093 4463 1158 4522; x_wconf 93' lang='lat' dir='ltr'>et</span> <span class='ocrx_word' id='word_1_351' title='bbox 1188 4450 1606 4533; x_wconf 82' lang='lat' dir='ltr'>GamalieliS,</span> <span class='ocrx_word' id='word_1_352' title='bbox 1636 4452 1757 4539; x_wconf 91' lang='lat' dir='ltr'>qui</span> <span class='ocrx_word' id='word_1_353' title='bbox 1784 4454 1854 4522; x_wconf 91' lang='lat' dir='ltr'>in</span> <span class='ocrx_word' id='word_1_354' title='bbox 1883 4452 2163 4523; x_wconf 83' lang='lat' dir='ltr'>Actibus</span> <span class='ocrx_word' id='word_1_355' title='bbox 2191 4451 2670 4543; x_wconf 84' lang='lat' dir='ltr'>Apostolorum</span> <span class='ocrx_word' id='word_1_356' title='bbox 2693 4458 2813 4540; x_wconf 88' lang='lat' dir='ltr'>(C.</span> <span class='ocrx_word' id='word_1_357' title='bbox 2843 4479 2887 4527; x_wconf 85' lang='lat' dir='ltr'><strong>v</strong></span> <span class='ocrx_word' id='word_1_358' title='bbox 2924 4471 2996 4530; x_wconf 81' lang='lat' dir='ltr'>et</span> <span class='ocrx_word' id='word_1_359' title='bbox 3022 4460 3198 4553; x_wconf 73' lang='lat'>1111)</span> 
     </span>
    </p>
   </div>
  </div>
 </body>
</html>
