3308 5004
719 328 848 396 ⁴38
1640 346 1722 393 ιιι
1771 345 1827 394 s.
1880 340 2189 399 nonnum
2884 323 3126 392 Auos*

622 427 851 499 socios
898 426 1142 497 fratres
1189 425 1369 497 inter
1400 445 1495 507 se,
1547 436 1613 495 et
1650 424 1855 496 illum
1917 423 2134 495 voluit
2200 422 2518 516 ingredi:
2574 424 2719 514 ipse
2771 423 2957 493 tertio
3008 423 3132 492 loco

625 516 1066 604 sequebatur.
1116 514 1244 586 Ubi
1292 514 1374 585 ad
1427 513 1718 586 fratrum
1769 526 2038 606 portam
2090 527 2366 584 ventum
2420 526 2560 596 est,
2604 534 2752 585 eam
2805 503 3134 604 diligenter
3259 549 3260 572 1

625 605 800 677 seris
868 604 1305 676 obfirmatam
1355 614 1672 674 cernunt.
1711 607 1860 675 Mox
1898 603 2202 694 Juvenis,
2240 602 2390 673 viae
2436 602 2578 673 dux
2609 657 2624 684 ,
2676 601 2761 672 ad
2800 599 3136 690 quamdam

625 707 863 796 portae
908 694 1061 784 ejus
1135 705 1396 784 partem
1447 713 1519 762 se
1565 691 1973 782 applicans,
2041 713 2191 761 eam
2255 692 2512 782 aperit:
2568 690 3139 782 primusquesipse

627 782 1041 875 ingreditur,
1095 794 1485 870 sequuntur
1531 779 1816 862 fratres,
1872 780 2152 850 demum
2253 792 2359 850 ost
2407 779 2563 851 illos
2617 781 2822 850 intrat
2866 779 2963 849 vir
3005 798 3144 872 san-

622 883 801 942 ctus.
855 871 981 942 Sed
1022 873 1279 962 juvene
1311 892 1556 942 rursus
1583 890 1885 961 egresso,
1920 882 2116 960 porta
2162 894 2197 939 c
2231 890 2402 940 ausa
2448 870 2721 939 inventa
2770 881 2890 940 est.
2926 866 3143 936 Scisci-

624 972 811 1030 tante
857 973 1084 1030 autem
1122 981 1204 1030 ex
1252 959 1448 1030 beato
1485 958 1629 1029 viro
1678 963 1746 1027 F.
1801 957 2175 1040 Tancredo,
2228 958 2388 1046 quis
2421 957 2538 1027 ille
2586 958 2849 1028 ‘uvenis
2892 955 3142 1034 fuisset,

626 1053 690 1118 S.
748 1049 1148 1119 Dominicus
1213 1046 1619 1138 respondit:
1664 1046 1964 1147 Angelus
2023 1046 2140 1116 Dei
2192 1046 2344 1129 fuit,
2399 1047 2488 1118 ab
2536 1047 2657 1118 ilo
2692 1047 2890 1117 nobis
2941 1055 3146 1114 custo·

623 1136 897 1209 diendis
926 1137 1306 1227 delegatus.
1360 1135 1529 1206 Inde
1561 1157 1721 1205 cum
1765 1157 1835 1205 ιη
1885 1134 2274 1217 ecclesiam,
2313 1149 2688 1206 nocturnas
2739 1155 2967 1226 preces
3007 1152 3146 1202 cum

621 1226 952 1297 fratribus
1001 1224 1446 1316 persoluturi,
1502 1224 1859 1304 intrarent,
1912 1222 2158 1294 fratres
2216 1224 2688 1307 mirabantur,
2750 1224 3024 1313 quinam
3060 1221 3151 1311 ja·

492 1391 495 1398 ι
622 1315 784 1385 nuis
831 1313 1089 1384 clausis
1137 1314 1238 1384 eis
1283 1313 1515 1383 aditus
1574 1314 1930 1404 patuisset.

710 1406 747 1491 ξ
794 1407 889 1474 1).
945 1409 1069 1472 Per
1099 1402 1164 1471 id
1217 1413 1493 1492 tempus
1538 1402 1824 1491 quidam
1880 1401 2180 1473 novitius
2220 1401 2524 1491 juveniS,
2572 1402 2746 1471 civis
2796 1406 3145 1478 Romanus,

620 1491 918 1562 Jacobus
966 1492 1269 1574 nomine,
1327 1491 1395 1561 in
1445 1513 1524 1561 eo
1563 1491 1895 1562 coenobio
1939 1502 2109 1561 erat.
2154 1494 2221 1561 Is
2273 1491 2675 1581 importuna
2717 1488 2972 1560 diaboli
3023 1498 3152 1557 ten·

619 1580 874 1651 tatione
904 1580 1185 1663 fractus,
1273 1579 1429 1650 lane
1462 1578 1978 1662 deliberaverat,
2015 1578 2437 1667 simulatque
2484 1578 2665 1650 fores
2715 1576 2954 1669 templi
2991 1589 3155 1668 pate·

617 1668 838 1740 factae
883 1682 1135 1750 essent,
1173 1602 1269 1739 ab
1314 1668 1568 1739 Ordine
1622 1667 2000 1739 discedere.
2042 1668 2197 1738 Fuit
2242 1669 2374 1738 hoc
2411 1669 2752 1741 divinitus
2800 1666 3149 1738 revelatum

618 1758 819 1829 beato
868 1758 1247 1829 Dominico.
1302 1762 1541 1845 ltaque
1573 1757 2083 1828 humanissime
2135 1757 2462 1828 admonet
2509 1757 3047 1835 adolescentem,
3087 1772 3159 1821 ne

621 1869 664 1917 a
702 1860 840 1918 tam
877 1859 1115 1919 sancto
1162 1846 1616 1917 contubernio
1665 1868 1738 1916 se
1772 1846 2012 1917 reddat
2045 1844 2379 1918 alienum.
2433 1851 2511 1915 At
2557 1846 2679 1918 ille
2730 1846 2909 1916 nihil
2963 1845 3158 1913 flexus

618 1935 774 2026 ejus
808 1935 1033 2006 verbis
1078 1947 1144 2005 et
1180 1935 1523 2026 precibus,
1568 1935 1884 2005 habitum
1928 1935 2059 2006 sibi
2096 1934 2421 2017 detraxit,
2466 1934 2713 2006 dicens
2777 1957 2853 2008 se
2901 1950 3162 2026 prorsus

619 2025 1003 2096 decrevisse
1051 2023 1211 2094 inde
1240 2023 1454 2094 abire.
1501 2023 1749 2094 Dolens
1781 2024 1885 2092 vir
1915 2024 2332 2094 mitissimus
2372 2023 2888 2096 adolescentem
2923 2045 3001 2092 ea
3032 2032 3162 2090 ten-

619 2113 898 2184 tationis
944 2112 1008 2181 vi
1048 2112 1339 2203 pulsari,
1395 2117 1710 2203 Expecta,
1758 2112 2008 2201 inquit,
2049 2133 2429 2202 parumper
2474 2113 2576 2183 flti
2627 2115 2754 2184 mi:
2805 2125 3040 2204 postea
3080 2107 3166 2177 fa·

617 2213 862 2274 cturus
892 2257 907 2283 ,
959 2201 1145 2290 quod
1198 2201 1319 2271 tibi
1368 2202 1595 2270 visum
1643 2200 1794 2271 erit.
1850 2200 2215 2271 Confestim
2279 2201 2367 2270 ad
2428 2222 2671 2292 preces
2722 2198 3167 2293 prosternitur

615 2290 723 2362 vir
768 2304 1073 2373 sanctus,
1125 2303 1274 2361 orat
1309 2290 1678 2360 Dominum
1731 2311 1855 2381 pro
1903 2290 2048 2361 filio
2080 2290 2151 2359 in
2207 2311 2405 2361 suam
2458 2292 2850 2380 perniciem
2919 2298 3164 2360 ruente.

617 2381 723 2453 Ibi
780 2394 925 2451 tum
969 2391 1247 2470 repente
1297 2378 1493 2450 licuit
1539 2401 1854 2460 cernere,
1911 2379 2077 2468 quid
2118 2380 2292 2469 justi
2346 2378 2565 2450 valeat
2620 2379 3067 2472 deprecatio,
3114 2385 3172 2444 et

613 2490 826 2558 quam
868 2467 1068 2540 facile
1118 2467 1355 2561 possit,
1400 2468 1583 2558 quod
1633 2468 1818 2552 velit,
1864 2469 2197 2541 obtinere.
2254 2468 2558 2540 Necdum
2615 2492 2868 2562 preces
2917 2467 3175 2539 finierat

526 2554 545 2575 ’
612 2560 719 2628 vir
765 2558 1029 2641 beatuS,
1067 2570 1132 2628 et
1179 2558 1581 2630 adolescens
1629 2571 1812 2629 totus
1861 2557 2138 2630 infusus
2196 2557 2568 2649 lacrymis,
2623 2561 2718 2631 ad
2775 2559 2989 2652 pedes
3036 2556 3175 2646 ejus

613 2668 688 2718 se
734 2646 1055 2730 advolvit,
1110 2647 1426 2718 habitum
1462 2669 1669 2735 quem
1715 2648 2083 2736 rejecisset,
2127 2648 2261 2718 sibi
2313 2646 2510 2717 reddi
2559 2650 2761 2739 petit,
2819 2646 3177 2741 pollicetur

614 2756 689 2806 se
736 2749 1067 2828 perpetuo
1133 2737 1205 2806 in
1253 2758 1334 2807 eo
1385 2737 1698 2807 instituto
1759 2736 2044 2806 Domino
2111 2736 2555 2808 serviturum.
2610 2742 2796 2809 Eum
2868 2737 2974 2807 vir
3033 2735 3180 2825 pius

611 2824 868 2896 blande
914 2824 1306 2914 compellat,
1371 2825 1686 2896 habitum
1743 2825 1806 2894 ei
1864 2825 2200 2906 restituit,
2260 2824 2578 2896 hortatur
2625 2839 2711 2898 ut
2773 2832 3179 2919 perseveret.

609 2914 787 2984 Vixit
833 2913 951 2983 ille
1000 2912 1442 3004 postmodum
1519 2913 1629 2983 sui
1691 2912 2166 2984 intercessoris
2216 2914 2484 2984 meritis
2560 2914 2865 3008 adjutus
2901 2970 2917 2998 ,
2971 2910 3183 2984 multo

611 3013 916 3094 tempore
964 3001 1282 3092 religiose
1312 3013 1379 3072 et
1410 3000 1540 3090 pie.
1582 3006 1780 3071 Mane
1827 3003 2080 3074 reversi
2120 3001 2205 3071 ad
2258 3023 2526 3074 sorores
2566 3003 2854 3088 fratreS,
2901 3009 3184 3075 narrant

618 3112 762 3161 rem
875 3100 1128 3159 estam:
1191 3090 1339 3180 ipse
1388 3110 1663 3176 quoque
1715 3090 1817 3160 vir
1854 3102 2139 3163 sanctus
2187 3090 2438 3161 fatetur
2494 3092 2587 3162 ita
2622 3115 2706 3164 se
2749 3094 3041 3174 habere,
3100 3089 3189 3160 ait

612 3178 819 3336 giabo
850 3201 987 3337 unli)
1020 3177 1320 3280 voluisse
1361 3199 1601 3268 rapere
1649 3201 1843 3250 ovem
1878 3179 2153 3261 Christi,
2200 3179 2320 3250 sed
2366 3202 2526 3250 eum
2589 3181 2947 3254 liberasse
3002 3180 3188 3252 illam

664 3289 700 3337 e
749 3289 935 3337 mam
991 3288 1074 3337 us
1120 3289 1157 3335 e
1187 3287 1296 3338 us,

700 3358 941 3444 §aa
1020 3289 1384 3446 lngiessus
1452 3354 1872 3455 quandoque
1940 3356 2184 3427 beatus
2252 3356 2660 3428 Dominicus
2711 3382 2888 3430 eum
2958 3355 3194 3429 multis

619 3444 952 3515 fratribus
1000 3444 1068 3513 in
1122 3456 1618 3514 monasterium
1656 3465 2009 3527 sororum,
2073 3444 2159 3514 de
2206 3443 2576 3516 fraudibus
2636 3458 2711 3517 et
2783 3446 3199 3540 imposturis

615 3532 1034 3605 daemonum
1077 3532 1162 3601 ad
1208 3555 1323 3603 eas
1370 3532 1937 3604 concionabatur.
1992 3539 2072 3603 Et
2115 3554 2274 3603 ecce
2320 3533 2515 3604 adest
2559 3547 2772 3605 satan
2836 3538 2913 3607 in
2973 3535 3197 3629 specie

614 3621 851 3693 lacerti
904 3621 1076 3690 mire
1120 3620 1450 3692 deformis
1482 3635 1548 3691 et
1594 3622 2111 3704 abominabilis,
2147 3622 2289 3693 duo
2335 3622 2627 3714 grandia
2680 3639 3066 3698 ostentans
3093 3646 3204 3695 ca-

612 3711 799 3803 pita:
838 3710 1167 3781 discurrit
1187 3712 1384 3801 juxta
1420 3710 1671 3801 ripam,
1710 3710 1793 3781 ad
1823 3733 2032 3800 quam
2077 3710 2431 3793 sedebant,
2461 3710 2771 3783 caudam
2804 3728 2877 3786 et
2902 3716 3202 3787 alterum

610 3812 822 3891 caput
852 3799 1211 3870 celerrime
1243 3799 1489 3869 attollit
1518 3812 1584 3870 et
1618 3801 1928 3891 deponit,
1967 3800 2131 3870 facit
2165 3800 2500 3891 impetum
2536 3801 2605 3869 in
2651 3824 2977 3889 sororeS,
3030 3818 3208 3876 tam-

609 3912 819 3979 quam
856 3890 926 3958 in
965 3889 1123 3959 illas
1169 3889 1565 3959 invasurus.
1604 3894 1682 3959 At
1730 3891 1833 3959 vir
1882 3888 1994 3959 Dei
2028 3911 2413 3981 agnoscens
2438 3890 2597 3977 quis
2645 3906 2878 3977 esset,
2925 3895 3001 3964 in
3039 3913 3204 3963 eum

608 3979 754 4049 zelo
804 3978 920 4049 Dei
969 3978 1468 4060 inflammatu5‚
1524 3978 1815 4049 terribili
1867 3978 2059 4051 vultu
2106 3989 2316 4069 caput
2385 3979 2703 4070 agitans,
2755 3982 2993 4055 dicit:
3066 3982 3213 4053 Ini-

610 4068 813 4147 mice,
869 4067 1173 4137 inimice.
1228 4071 1436 4139 Porro
1465 4066 1550 4136 ad
1594 4089 1863 4138 sorores
1896 4089 1970 4137 se
2008 4080 2302 4138 vertens:
2340 4072 2432 4137 Ne
2471 4068 2894 4154 timueritis,
2945 4071 3208 4161 inquit:

611 4155 790 4226 nihil
833 4156 1026 4227 vobis
1053 4156 1324 4226 officere
1356 4168 1600 4247 potest.
1641 4155 1770 4226 Sed
1805 4155 2229 4244 quibusdam
2270 4157 2418 4247 jam
2455 4177 2618 4247 prae
2652 4160 2903 4234 nimio
2947 4174 3218 4233 terrore

612 4242 854 4345 fugere
900 4244 1310 4327 volentibus,
1365 4245 1537 4315 dixit
1584 4244 1690 4314 vir
1749 4245 1910 4315 Dei:
1967 4245 2317 4337 praecipio
2380 4245 2506 4316 tibi
2554 4245 2872 4320 humani
2929 4251 3216 4343 generis

611 4333 936 4414 inimice,
990 4345 1066 4403 ut
1111 4334 1634 4426 quamprimum
1706 4347 1769 4405 te
1832 4333 2197 4425 demergas
2270 4334 2345 4404 in
2394 4333 2576 4405 hanc
2650 4357 2971 4426 aquam.
3029 4340 3221 4412 Fecit

611 4420 752 4505 ille,
805 4433 882 4492 ut
913 4434 1058 4493 erat
1087 4423 1355 4512 jussus,
1410 4444 1536 4494 nec
1583 4445 1883 4513 usquam
1935 4422 2283 4515 apparuit.
