3308 5004
202 323 342 393 Ano.
362 321 412 392 ’4
1128 338 1208 388 nt
1255 339 1313 387 s.
1365 337 1669 389 nonmrco
2451 325 2580 391 ⁴35

199 425 573 499 absconderet
599 448 639 496 a
672 424 897 496 calore
924 424 1100 496 e'us.
1140 424 1464 496 Fervebat
1496 437 1642 496 tum
1680 435 1816 496 tota
1861 425 2189 507 Bononia,
2232 425 2416 515 quod
2453 448 2672 498 novus

196 516 471 586 videretur
483 514 892 617 apparuisse
907 518 956 585 E
987 514 1113 585 iaS.
1132 520 1258 584 Per
1277 513 1345 583 id
1374 527 1645 605 tempus
1663 513 1919 585 multos
1941 516 2195 606 recepit
2210 514 2294 585 ad
2311 515 2663 599 Ordinem,

186 603 394 677 sivein
446 625 556 676 sm
623 603 919 674 instituti
974 602 1403 674 sodalitatem
1436 658 1452 686 ,
1518 615 1904 691 auctusque
1949 616 2051 675 est
2111 604 2665 676 Praedicatorum

184 714 496 764 numerus:
552 692 891 781 multique
936 691 1021 762 ad
1071 713 1189 763 eos
1236 691 1546 782 adjuncti
1587 703 1772 773 sunt,
1854 714 2104 764 uorum
2136 693 2669 784 praedicationis

181 780 317 862 luce,
363 782 680 872 permulti
726 782 796 851 in
848 782 1023 852 Orbe
1063 781 1281 852 instar
1318 779 1675 853 stellarum
1728 802 1802 850 ra
1858 780 2023 851 iant.
2076 786 2238 852 Eam
2291 782 2512 853 lucem
2563 782 2670 855 fu·

183 881 359 941 turam
393 875 568 942 Deus
612 882 769 940 ante
819 870 1414 961 praemonstravit.
1469 869 1876 1028 Priusquam
1929 871 2114 940 enim
2165 871 2513 942 venissent
2543 878 2670 943 Do·

182 960 452 1030 minicani
488 958 734 1031 fratres
770 959 1172 1039 Bononiam,
1212 958 1465 1029 mulier
1491 979 1670 1060 quae
1722 981 1830 1028 arn
1877 963 2011 1030 Deo
2043 958 2285 1030 devota
2332 973 2397 1030 et
2427 960 2662 1044 chara,

180 1061 363 1118 contra
408 1048 663 1130 locum,
700 1048 768 1118 in
818 1070 957 1137 quo
1004 1047 1109 1118 illi
1156 1047 1532 1118 habitatum
1563 1058 1783 1130 erant,
1820 1058 1885 1118 et
1926 1070 2113 1119 nunc
2152 1047 2486 1131 habitant,
2527 1072 2662 1119 non

177 1156 291 1206 raro
346 1137 535 1208 flexis
598 1137 894 1228 genibus
955 1136 1308 1207 adorabat.
1363 1140 1673 1225 Cumque
1718 1159 1870 1207 eam
1940 1136 2225 1239 perinde
2281 1150 2360 1208 ut
2407 1137 2663 1208 fatuam

177 1221 436 1296 homines
469 1225 1070 1316 reprehenderent,
1115 1224 1238 1295 illa
1284 1224 1593 1296 dicebat:
1645 1230 1778 1296 Vos
1826 1237 2059 1317 ponus
2108 1227 2344 1297 miseri
2389 1239 2456 1297 et
2493 1226 2664 1297 fatui

175 1312 333 1384 ostis:
377 1316 498 1404 qui
538 1316 599 1385 si
652 1315 941 1397 sciretis,
990 1314 1276 1402 quinam
1328 1327 1394 1384 et
1439 1313 1678 1402 qualia
1715 1315 1829 1385 hic
1884 1315 2119 1387 futura
2158 1316 2333 1398 sint,
2388 1337 2660 1386 mecum

172 1402 377 1490 pariter
400 1404 803 1475 adoraretis.
837 1408 965 1475 Per
993 1425 1110 1475 eos
1142 1404 1354 1485 enim,
1390 1404 1513 1491 qui
1554 1403 1744 1474 hunc
1780 1404 2004 1474 locum
2032 1405 2440 1495 occupaturi
2472 1417 2657 1488 sunt,

172 1500 311 1561 totus
344 1491 803 1564 illustrabitur
849 1493 1062 1564 orbis.
1121 1491 1618 1563 Habitaverunt
1665 1507 1865 1563 antea
1926 1493 2171 1563 fratres
2218 1493 2407 1584 apud
2448 1493 2665 1563 eccle·-

166 1577 301 1648 siam
332 1581 413 1652 de
435 1582 866 1653 Vascarella:
902 1582 1017 1652 sed
1054 1580 1263 1673 paulo
1297 1593 1448 1672 post
1494 1581 1863 1653 adventum
1912 1582 2225 1673 magistri
2273 1582 2660 1672 Reginaldi,

164 1682 400 1757 rogante
434 1671 786 1762 Hugolino
818 1670 1113 1743 Ostiensi
1146 1670 1504 1762 Episcopo,
1542 1672 1664 1759 qui
1700 1683 1931 1760 postea
1978 1670 2203 1742 factus
2230 1684 2333 1743 est
2361 1670 2666 1743 Pontifex

160 1757 489 1842 maximus,
541 1762 992 1832 Bononiensis
1031 1759 1338 1841 antisteS‚
1393 1759 1769 1829 Ecclesiam
1817 1761 2038 1829 sancti
2087 1760 2345 1832 Nicolai
2387 1759 2527 1830 illis
2558 1783 2665 1831 as-

162 1844 433 1945 signavit.
493 1850 703 1939 Cujus
745 1849 1134 1920 sacellanus
1179 1861 1247 1918 et
1287 1848 1659 1938 presbyter,
1689 1848 2126 1941 Rudolphus,
2187 1850 2291 1920 vir
2337 1848 2564 1920 bonus
2601 1860 2669 1920 et

156 1952 304 2021 pius,
347 1937 956 2008 Dominicanorum
999 1937 1312 2007 habitum
1350 1938 1739 2029 suscepit...

188 2025 251 2180 a?
293 2029 377 2097 ἲ.
429 2027 712 2098 Interim
753 2027 922 2097 dum
956 2048 1036 2097 ea
1080 2047 1260 2113 quae
1292 2025 1662 2097 retulimus
1690 2082 1705 2107 ‚
1775 2046 1897 2116 per
1947 2026 2406 2097 venerabilem
2459 2025 2664 2118 Regi-

152 2129 185 2177 n
244 2111 400 2184 dum
461 2137 506 2185 a
595 2128 833 2186 rentur
876 2115 1243 2196 Bononiae,
1301 2115 1738 2206 omnipotens
1790 2117 1963 2186 Deus
2012 2137 2135 2207 per
2189 2115 2433 2185 merita
2482 2115 2663 2187 beati

152 2198 451 2274 Dominici
553 2204 792 2276 iversis
828 2203 998 2274 locis
1047 2203 1266 2274 multa
1293 2204 1705 2274 admiranda
1749 2216 2075 2295 operatus
2106 2218 2231 2274 est.
2271 2209 2437 2275 Cum
2472 2205 2659 2275 enim

149 2289 368 2363 Romae
413 2292 604 2383 apud
646 2306 962 2364 sanctum
1013 2294 1275 2364 Sixtum
1317 2304 1595 2363 centum
1632 2293 1875 2363 fratres
1913 2314 2074 2364 cum
2119 2292 2238 2364 illo
2285 2292 2416 2363 sub
2446 2298 2665 2363 Evan-

215 2376 329 2449 lica
380 2381 711 2473 degerent
758 2392 1196 2474 paupertate,
1248 2381 1361 2451 die
1418 2382 1722 2470 quodam
1773 2382 1968 2452 missi
2034 2394 2196 2453 sunt
2243 2382 2331 2452 ab
2384 2403 2464 2452 eo
2523 2382 2661 2453 duo

167 2479 372 2552 ratres,
408 2476 715 2543 Joannes
771 2471 1052 2543 calaber
1096 2483 1164 2542 et
1215 2470 1527 2543 Albertus
1578 2477 1954 2553 Romanus,
2012 2483 2088 2542 ut
2144 2471 2660 2562 eleemosynam

146 2568 439 2652 peterent.
493 2561 643 2631 Illis
675 2584 715 2631 a
766 2582 967 2631 mane
994 2582 1216 2663 usque
1262 2560 1347 2630 ad
1392 2562 1660 2631 tertiam
1708 2559 1964 2632 frustra
2022 2560 2499 2631 laborantibus
2529 2615 2544 2642 ,
2596 2574 2665 2631 et

138 2662 252 2731 Jam
298 2650 796 2721 revertentibus
840 2663 1143 2721 occurrit
1188 2649 1529 2738 quaedam
1590 2650 1844 2720 mulier
1875 2704 1890 2731 ,
1943 2650 2117 2718 bene
2186 2671 2352 2740 erga
2418 2648 2663 2721 fratres

145 2732 371 2819 affecta,
444 2738 774 2827 deditque
818 2738 921 2809 eis
986 2759 1232 2829 panem
1284 2760 1547 2820 unum,
1602 2738 1882 2808 dicens:
1921 2737 2141 2810 Nolim
2199 2759 2318 2810 vos
2378 2759 2664 2828 prorsus

145 2838 359 2896 vacuos
391 2827 644 2898 redire.
682 2833 774 2899 Eo
821 2841 1098 2918 accepto
1146 2849 1347 2919 pane,
1450 2827 1688 2898 uidam
1741 2828 1843 2896 vir
1878 2825 2224 2897 candidus
2261 2838 2326 2896 et
2374 2826 2666 2917 pulcher

143 2916 369 3001 rogavit
427 2916 723 2997 obnixe,
776 2928 852 2987 ut
897 2916 1143 2987 darent
1200 2917 1333 3007 ipsi
1380 2939 1417 2986 e
1448 2938 1916 3007 eemosynam.
1969 2916 2080 2985 Illi
2144 2927 2480 2986 excusant
2535 2937 2654 2999 se,

144 3001 291 3098 qnod
342 3026 481 3075 non
524 3006 790 3107 possint
834 3006 1022 3087 dare,
1078 3027 1239 3076 cum
1284 3004 1418 3096 ipsi
1457 3018 1726 3096 egeant.
1787 3011 1874 3076 Ur
1922 3018 2078 3075 ente
2125 3004 2269 3086 illo,
2322 3004 2665 3078 dederunt

144 3105 189 3154 el
230 3112 468 3178 panem
527 3094 725 3165 illum
776 3116 903 3196 pro
934 3096 1049 3165 Dei
1082 3115 1356 3165 amore:
1412 3094 1605 3181 isque
1657 3117 1812 3165 mox
1846 3116 1884 3164 a
1971 3095 2072 3164 eis
2109 3094 2477 3184 disparuit.

208 3180 367 3266 §a
450 3183 931 3255 Redeuntnbus
1000 3184 1286 3254 domum
1339 3184 1523 3253 venit
1568 3183 1838 3254 obviam
1894 3183 2053 3285 pius
2111 3197 2302 3273 pater
2353 3182 2661 3253 Domini-

146 3286 261 3348 cus,
306 3272 430 3359 qui
480 3294 606 3373 per
634 3272 1112 3343 revelationem
1154 3274 1285 3342 ‘am
1339 3272 1677 3342 didicerat
1721 3294 1954 3342 omnia
1992 3293 2171 3358 quae
2203 3272 2343 3342 illis
2389 3272 2663 3342 accide-

146 3370 302 3427 rant:
352 3359 669 3449 dixntque
715 3360 857 3431 illis
903 3361 1124 3450 jucun
1181 3384 1220 3431 o
1268 3360 1504 3432 vultu:
1554 3368 1711 3432 Jam
1773 3360 1945 3430 nihil
1998 3361 2264 3432 habetis
2310 3360 2496 3431 filii?
2543 3359 2657 3431 Illi

146 3461 567 3520 narraverunt
611 3450 673 3520 ei
719 3451 978 3532 omnia,
1013 3462 1079 3521 et
1122 3450 1305 3538 quod
1358 3472 1604 3541 panem
1658 3450 2010 3520 dedissent
2059 3449 2368 3541 pauperi.
2414 3450 2517 3519 Ait
2557 3449 2661 3521 vir

150 3548 384 3609 sanctus
431 3538 523 3609 ad
556 3559 695 3608 eos:
728 3539 1025 3630 Angelus
1075 3539 1345 3611 Domini
1375 3540 1434 3608 is
1472 3539 1622 3621 suit,
1667 3552 1733 3609 et
1780 3540 2112 3610 Dominus
2148 3550 2377 3629 pascet
2425 3560 2657 3609 servos

150 3639 292 3694 suos.
326 3631 591 3698 Eamus
636 3640 931 3699 oratum.
987 3633 1317 3720 Egressus
1363 3628 1525 3697 inde
1557 3630 1646 3699 ab
1679 3627 1990 3707 eeclesia,
2051 3627 2251 3697 'ussit
2297 3627 2540 3699 fratres
2568 3627 2656 3698 ad

154 3713 481 3794 prandium
518 3716 783 3787 adesse.
818 3717 1246 3801 Quibusdam
1270 3717 1661 3787 dicentibus
1709 3718 1960 3788 frustra
1991 3651 2146 3787 illos
2171 3729 2654 3799 conventuros,

155 3816 267 3870 eum
314 3804 496 3875 nihil
531 3818 750 3888 esset,
815 3806 998 3895 quod
1048 3818 1276 3897 posset
1321 3807 1625 3897 apponi:
1680 3805 1797 3875 ille
1856 3806 2083 3875 sciens
2129 3805 2297 3892 quid
2349 3804 2660 3875 facturus

158 3902 286 3982 esset
322 3896 547 3966 Deus:
602 3894 960 3977 Dominus,
1014 3895 1263 3983 inquit,
1334 3908 1566 3986 pascet
1603 3916 1835 3965 servos
1883 3915 2071 3965 suos.
2130 3894 2278 3963 Illis
2319 3913 2482 3985 prae
2531 3915 2660 3984 pu-

161 3972 268 4047 alla
308 3980 448 4052 fide
523 3982 754 4054 adhuc
818 3984 1322 4055 haesitantibus
1366 3997 1432 4054 et
1478 3983 2013 4064 cunctantibus,
2067 3983 2332 4052 vocavit
2376 3980 2658 4051 fratrem

164 4061 456 4155 Rogemm
496 4070 891 4155 cellarium,
930 4072 1277 4143 mandans
1320 4074 1406 4155 ei,
1461 4087 1535 4143 ut
1583 4072 1827 4143 fratres
1875 4070 1959 4141 ad
2017 4092 2324 4141 mensam
2380 4070 2655 4153 acciret,

167 4155 491 4230 anomino
563 4160 958 4232 alimoniam
1034 4162 1416 4232 habituros.
1469 4162 1769 4231 Tandem
1840 4160 2195 4231 instructis
2266 4160 2524 4231 mensis
2596 4174 2663 4231 et

171 4245 389 4332 scyphis
417 4250 783 4340 appositis,
836 4249 994 4321 dato
1043 4251 1245 4341 signo
1276 4251 1570 4353 ingressi
1605 4261 1770 4320 sunt
1807 4248 2051 4319 fratres
2083 4250 2150 4316 in
2191 4247 2653 4330 refectorium,

173 4334 521 4407 Usanctus
595 4338 699 4407 vir
736 4341 996 4410 mensis
1064 4339 1434 4410 benedixit.
1495 4341 1774 4411 Cunctis
1835 4337 2274 4418 sedentibus,
2343 4336 2507 4439 legit
2572 4337 2657 4407 ad

172 4430 385 4494 mensas
414 4430 490 4495 F.
544 4428 881 4499 Henricus
916 4434 1291 4499 Romanus.
1345 4434 1551 4499 Porro
1599 4430 1705 4499 vir
1763 4429 1878 4498 Dei
1929 4426 2354 4508 Dominicus,
2391 4426 2659 4518 junctis
