3308 5004
643 329 773 395 622
1367 345 1446 392 nn
1493 345 1551 393 s.
1604 343 1989 393 nunscnunn
2037 344 2294 393 vincum
2523 379 2532 382 Δ
2775 327 2960 394 AUG.
3011 329 3108 393 25

504 433 507 436 ’
551 433 623 502 in
677 431 993 522 patriam,
1052 430 1284 500 omnia
1324 452 1450 501 sua
1511 451 1634 519 pro
1681 442 1833 500 voto
1900 428 2048 499 loco
2084 428 2207 509 illi,
2259 450 2465 517 quem
2515 428 2723 520 vulgo
2772 429 3109 499 Humola-

551 521 754 592 rias*
801 532 1065 601 vocant,
1120 517 1557 590 beatissimae
1604 518 1933 588 Genitrici
1978 519 2115 599 Dei,
2176 539 2386 606 seque
2432 517 2668 599 simul,
2720 532 2799 589 ut
2844 540 3110 590 concu-

552 610 789 701 pierat,
844 609 1109 679 Christo
1157 605 1300 676 illic
1331 607 1740 678 servituram
1776 606 2048 677 obtulit.

634 701 672 787 ξ
716 704 850 772 11.
906 703 1111 767 Porro
1145 717 1280 768 non
1314 695 1436 766 diu
1478 709 1633 786 post
1690 695 2043 766 Eudaldus
2091 708 2396 778 secutus,
2433 716 2664 765 rerum
2701 710 2766 766 et
2810 694 3108 767 faculta—

549 799 694 857 tum
741 789 893 878 ejus
963 785 1277 857 omnium
1351 785 1486 856 sibi
1550 785 1941 854 dominium
1995 785 2357 867 vendicat,
2412 785 2727 855 nesciens
2790 807 2905 856 eas
2944 785 3104 876 jam

544 874 777 947 divino
806 874 1027 946 cultui
1066 888 1132 945 et
1168 875 1647 945 sanctissimae
1680 873 1967 975 virginis
2003 875 2250 945 Mariae
2281 874 2663 964 patrocinio
2700 875 3101 965 mancipata

543 977 611 1036 et
652 964 952 1036 addicta.
993 963 1118 1035 Ubi
1144 974 1374 1033 autem
1416 963 1482 1032 id
1507 975 1866 1052 comperit,
1908 964 1978 1031 in
2015 985 2164 1032 sese
2199 972 2536 1045 reversus,
2578 984 2810 1033 secum
2843 964 3099 1034 tacitus

541 1065 608 1123 et
648 1053 886 1123 mirari
932 1065 997 1123 et
1047 1053 1351 1122 venerari
1403 1052 1648 1142 coepit,
1696 1051 2253 1121 animadvertens
2283 1064 2543 1139 quanta
2594 1073 2717 1142 per
2749 1053 3098 1142 virginem

544 1143 880 1212 Dominus
920 1141 1259 1212 miracula
1291 1141 1585 1211 fecisset.
1641 1144 1787 1211 Mox
1839 1141 2050 1230 igitur
2103 1141 2362 1231 gratias
2410 1153 2475 1210 et
2523 1140 2766 1210 laudes
2816 1146 2948 1211 Deo
2994 1141 3104 1211 of-

540 1230 693 1314 fert,
731 1231 914 1319 quod
964 1231 1197 1319 ipsum
1246 1230 1334 1300 ab
1366 1230 1686 1319 improbo
1732 1242 1985 1299 conatu
2050 1230 2481 1319 represserit,
2538 1251 2623 1298 ne
2663 1244 2972 1319 peccaret
3020 1231 3099 1302 in

520 1333 852 1391 sanctam
897 1320 1273 1409 virginem,
1325 1319 1648 1406 quodque
1710 1319 1938 1389 subita
2004 1331 2219 1388 morte
2279 1319 2509 1408 ipsum
2562 1318 2899 1388 furentem
2954 1340 3099 1388 non

541 1409 921 1479 extinxerit.
980 1409 1233 1500 Dignos
1290 1407 1578 1499 proinde
1628 1408 2084 1493 poenitentiae
2141 1408 2406 1477 fructus
2453 1406 2738 1489 facienS,
2796 1429 2931 1477 non
2980 1429 3102 1497 po-

545 1498 674 1568 tuit
710 1499 1032 1588 reperire,
1064 1499 1321 1584 quibus
1348 1497 1448 1566 vel
1485 1495 1812 1565 laudibus
1832 1497 2167 1587 virginem
2191 1496 2513 1576 afficeret,
2546 1495 2648 1565 vel
2685 1496 3099 1567 muneribus

543 1585 868 1677 placaret,
907 1599 985 1657 ut
1024 1600 1251 1677 posset
1298 1587 1371 1654 in
1425 1586 1577 1676 ejus
1617 1585 1889 1655 admitti
1947 1599 2420 1675 conspectum,
2473 1597 2538 1652 et
2595 1585 2860 1654 Christo
2903 1585 3098 1654 illius

542 1678 864 1766 precibus
911 1675 1406 1745 commendari.
1460 1674 1762 1743 Tandem
1814 1696 1972 1743 cum
2032 1674 2248 1743 multa
2317 1671 2748 1753 humilitate,
2817 1675 3094 1750 veniam

541 1765 629 1835 ab
669 1787 748 1835 ea
798 1764 1151 1855 poposcit,
1191 1786 1397 1834 orans
1428 1818 1443 1842 ‚
1496 1776 1574 1832 ut
1633 1785 1840 1850 quem
1893 1762 2228 1832 noluisset
2278 1762 2528 1832 habere
2568 1784 2942 1852 sponsum,
2988 1763 3098 1832 di-

541 1869 873 1945 gnaretur
910 1854 1159 1923 habere
1208 1873 1508 1922 servum:
1563 1875 1600 1917 «
1636 1851 2238 1938 Quandoquidem,
2286 1853 2526 1942 inquit,
2576 1873 2712 1921 non
2753 1874 2865 1920 me
2914 1874 3099 1923 mor·-

542 1942 663 2011 tali
709 1956 828 2011 aut
874 1942 1309 2031 corruptibili
1357 1942 1647 2011 amatori
1680 1940 2150 2030 postposuisti,
2206 1963 2331 2010 nec
2371 1940 2540 2008 mihi
2581 1940 2960 2027 quemlibet
2993 1941 3095 2011 vel

543 2042 887 2121 potentem
927 2030 1024 2099 vel
1061 2031 1395 2099 humilem
1459 2051 1822 2120 sponsum,
1868 2029 1983 2098 sed
2031 2035 2280 2119 Regem
2343 2028 2736 2099 seculorum
2787 2044 2853 2098 et
2895 2035 3093 2100 Crea-

541 2132 753 2189 torem
800 2121 1113 2189 omnium
1169 2117 1573 2221 praetulisti,
1629 2118 1891 2205 tibique
1938 2118 2300 2188 coelestem
2351 2123 2694 2207 Sponsum
2739 2119 2808 2186 in
2858 2131 3085 2188 torum

541 2209 925 2300 virgineum
975 2209 1301 2288 asciv1sti‚
1346 2221 1409 2278 et
1446 2208 1790 2296 meipsum
1838 2219 1905 2276 et
1943 2229 2093 2276 mea
2160 2228 2498 2298 propenso
2556 2207 2791 2277 animo
2845 2207 2948 2277 illi
2992 2206 3089 2277 of-

535 2298 702 2378 fer0,
737 2311 803 2368 et
847 2320 1024 2385 quae
1057 2298 1220 2367 olim
1273 2298 1395 2368 tibi
1431 2318 1720 2365 munera
1772 2296 2171 2386 nuptiarum
2216 2296 2499 2365 nomine
2551 2296 2843 2386 largitus
2891 2320 3072 2374 sum,

534 2409 615 2457 ea
645 2400 719 2456 tu
752 2386 982 2456 tradas
1021 2409 1274 2476 sponso
1315 2408 1469 2456 vero
1498 2386 1661 2454 Jesu
1687 2385 1975 2466 ChristO,
2012 2396 2088 2454 ut
2132 2385 2200 2453 in
2252 2406 2569 2454 sororum
2601 2399 2667 2454 et
2701 2406 3073 2475 pauperum

535 2476 782 2547 cedant
827 2477 1256 2546 alimoniam.
1322 2481 1460 2567 Ego
1521 2491 1716 2555 vero,·
1754 2473 1921 2543 dum
1965 2473 2261 2563 ‘spiritus
2324 2473 2449 2543 hos
2500 2487 2687 2566 reget
2732 2488 2927 2551 artus,
2997 2473 3064 2539 in

534 2567 744 2636 rebus
776 2568 1072 2635 externis
1100 2566 1315 2635 lidum
1360 2588 1470 2634 me
1520 2565 1641 2635 tibi
1672 2576 2182 2654 procuratorem
2212 2563 2570 2634 exhibebo:
2619 2572 2899 2650 cumque
2944 2560 3069 2629 ob-

534 2659 697 2736 iero,
763 2652 1349 2724 facultates'meas
1410 2675 1651 2724 omnes
1716 2666 1781 2721 et
1831 2652 2179 2742 mancipia
2245 2652 2458 2739 hujus
2513 2650 2885 2722 testamenti
2936 2650 3074 2719 mei

532 2744 936 2814 auctoritate
975 2744 1124 2813 volo
1185 2744 1425 2813 cedere
1476 2744 1540 2812 in
1587 2744 1710 2830 jus
1756 2754 1821 2810 et
1869 2742 2198 2811 honorem
2262 2742 2758 2842 omnipo-tentis
2807 2741 2958 2819 Dei,
3010 2752 3080 2809 et

534 2834 1011 2903 sanctissimae
1042 2833 1271 2902 Matris
1300 2834 1473 2921 ejus.
1527 2837 1650 2911 Tu,
1707 2852 1988 2917 quaem,
2048 2831 2240 2919 virgo
2288 2842 2680 2901 castissima
2738 2829 3080 2918 suscipias

533 2922 701 2992 haec
749 2945 789 2991 a
840 2943 970 3003 me,
1024 2937 1088 2991 et
1120 2921 1411 2990 cadaver
1445 2942 1676 2990 meum
1716 2921 1842 2988 hoc
1890 2920 1959 2988 in
1996 2919 2143 2988 loco
2186 2919 2672 2988 tumulandum
2710 2931 2975 2998 curato,
3007 2929 3083 2987 ut

532 3033 689 3080 cum
724 3023 788 3081 te
841 3015 1261 3099 Sponsus-et
1309 3016 1446 3080 Rex
1507 3008 1920 3077 immortalis
1971 3008 2039 3075 in
2082 3030 2291 3078 suum
2355 3008 2812 3078 introduxerit
2870 3006 3084 3077 thala-

533 3121 752 3180 mum,
805 3121 932 3190 ego
970 3121 1243 3187 quoque
1292 3098 1586 3188 nuptiali
1628 3098 1925 3166 amictus
1968 3111 2168 3177 veste,
2211 3098 2389 3165 inter
2429 3097 2752 3166 convivas
2810 3117 3087 3166 mensae

530 3189 681 3277 ejus
731 3187 830 3256 vel
883 3186 1172 3257 ultimus
1204 3209 1470 3257 merear
1504 3185 1870 3254 inveniri.»
1921 3186 2042 3256 His
2075 3185 2302 3256 dictis.
2338 3198 2704 3275 postquam
2759 3186 3086 3277 impetra-

536 3277 634 3346 vit
678 3276 858 3363 quod
928 3276 1162 3352 voluit,
1215 3299 1376 3344 cum
1413 3289 1650 3346 sancta
1681 3275 1899 3343 animi
1932 3275 2288 3343 devotione
2316 3274 2688 3344 incolumis
2725 3274 3080 3346 discessit:

529 3365 1004 3455 praestititque
1046 3365 1147 3433 illi
1198 3365 1529 3434 Dominus
1577 3364 1870 3454 gratiam
1921 3364 2093 3433 bene
2142 3361 2438 3441 vivendi,
2489 3364 2781 3452 ejusque
2817 3377 2966 3433 vota
2999 3363 3087 3431 ad

527 3464 837 3543 optatum
882 3453 1199 3544 perduxit
1230 3453 1463 3522 finem.
1505 3454 1714 3523 Multo
1746 3453 1932 3521 enim
1969 3452 2193 3540 plura,
2240 3474 2447 3539 quam
2505 3464 2814 3543 posceret
2848 3474 3086 3522 neces-

529 3544 719 3623 sitaS,
774 3543 1281 3613 sacratissimae
1311 3542 1562 3632 virgini
1589 3541 2078 3631 suppeditavit,
2133 3541 2583 3628 institutoque
2654 3540 3086 3611 xenodochio

527 3633 784 3703 victum
834 3645 900 3701 et
941 3644 1155 3701 vestes
1209 3631 1547 3722 praebuit.
1594 3628 1833 3701 Fultus
1881 3630 2132 3699 deinde
2185 3629 2596 3699 multimoda
2647 3630 2900 3699 Christi
2948 3630 3088 3698 vir-

528 3734 693 3803 tute,
730 3722 799 3790 in
836 3720 1238 3810 hujusmodi
1269 3721 1595 3811 operibus
1631 3720 1835 3789 vitam
1869 3719 2149 3808 exigens
2191 3728 2417 3799 suam,
2449 3731 2696 3790 exutus
2742 3732 2848 3791 est
2879 3719 3088 3807 hujus

527 3811 774 3881 mundi
822 3810 1183 3901 contagiis.
1248 3816 1370 3879 Pro
1418 3811 1568 3899 ejus
1617 3809 1851 3878 anima
1902 3808 2091 3897 virgo
2153 3807 2613 3899 Hunegundis
2649 3830 2771 3898 per
2835 3829 3089 3876 manus

525 3899 960 3972 sacerdotum
1013 3899 1434 3969 sacrificium
1494 3905 1624 3968 Deo
1673 3896 1967 3968 obtulit:
2021 3919 2275 3988 corpus
2335 3918 2489 3965 vero
2540 3898 2607 3965 in
2665 3897 3086 3966 monasterio

528 4011 656 4060 suo
681 3989 892 4076 jussit
925 3989 1224 4078 sepeliri.
1370 4032 1383 4047 ·
1638 4020 1643 4025 ·

602 4082 650 4235 v}
696 4084 846 4150 12.
901 4084 992 4148 Eo
1041 4092 1270 4147 autem
1312 4078 1446 4145 vita
1493 4076 1753 4153 functo,
1809 4076 2084 4145 arctiori
2135 4098 2208 4145 se
2253 4088 2318 4143 et
2366 4074 2686 4143 severiori
2724 4075 2898 4142 vitae
2944 4086 3085 4142 tra—

525 4167 594 4235 di
653 4167 725 4247 it,
756 4167 961 4235 etiam
1011 4167 1480 4256 cogitationeS,
1518 4164 1704 4233 haud
1736 4187 1936 4234 secus
1971 4178 2173 4253 atque
2209 4163 2389 4232 mala
2439 4185 2669 4252 opera,
2711 4161 3086 4252 deplorans

525 4267 590 4324 et
636 4255 1007 4344 castigans,
1064 4256 1459 4343 crebrisque
1499 4254 1790 4345 jejuniis
1830 4269 1893 4323 et
1948 4253 2206 4344 vigiliis
2255 4273 2615 4322 macerans
2674 4273 2931 4341 corpus
2965 4251 3086 4320 de-

528 4343 809 4421 fessum,
868 4365 998 4411 non
1052 4345 1381 4433 ignorans
1413 4343 1497 4412 ad
1551 4343 1843 4413 salutem
1894 4344 2060 4411 satis
2120 4364 2250 4410 non
2308 4364 2455 4412 esse
2516 4342 2825 4430 coepisse
2879 4342 3076 4419 bene,

582 4466 606 4491 ¹⁸
640 4462 908 4504 Ilombtibres
928 4474 1072 4514 prope
1094 4475 1254 4508 muros
1276 4467 1511 4516 Augustae
1532 4466 1982 4508 Veromanduorum.
