3308 5004
187 301 378 368 AUG.
432 301 519 367 ³0
1036 321 1116 368 na
1163 321 1220 369 s.
1275 318 1436 369 nosA
1483 321 1653 370 vma-
1710 324 1839 370 mu.
2518 310 2633 375 761

188 402 533 476 vulnerati
579 401 813 475 lateris
886 404 1313 495 myrothecio
1384 426 1534 477 eam
1587 407 1889 500 benigne
1959 408 2376 510 applicatam
2428 411 2514 483 ad
2564 411 2737 483 hau-

188 492 502 569 riendam
536 514 790 594 aquam
840 491 1085 566 salutis
1132 494 1219 567 de
1276 494 1586 566 fontibus
1626 494 1995 568 Salvatoris
2060 496 2248 569 illico
2294 520 2572 591 aegram
2624 523 2733 571 sa-

184 582 397 653 navit.
449 584 546 654 Ab
593 582 1086 654 mnocentibus
1117 583 1506 675 virginibus
1552 584 1700 655 visa
1731 599 1835 656 est
1861 608 2024 657 cum
2061 587 2213 677 ipso
2257 592 2425 659 Jesu
2458 589 2728 671 sistere,

179 671 598 761 quandoque
635 670 843 741 etiam
891 670 1361 755 deambulare,
1413 685 1479 745 et
1524 674 1990 746 secretissima
2049 675 2343 747 miscere
2386 677 2735 767 colloquia

181 760 302 833 tali
349 782 511 831 cum
579 760 956 851 majestate,
1006 773 1108 844 ut,
1161 782 1603 851 quocumque
1674 763 1919 853 pedem
1996 763 2256 837 fixisset
2330 765 2471 847 ille,
2546 770 2736 858 pavi-

180 862 494 920 mentum
542 848 836 940 fulgenti
883 848 1151 920 lumine
1189 849 1602 942 splenderet.
1665 856 1880 940 thue
1909 852 2068 923 talis
2099 859 2277 926 Rosa
2310 854 2489 926 nulli
2529 857 2724 927 alteri

182 938 462 1031 plantae
525 938 928 1009 adhaereret
971 961 1182 1040 quam
1230 940 1293 1010 ei
1340 940 1464 1028 qui
1531 952 1638 1011 est
1688 941 1814 1011 flos
1885 943 2117 1033 campi
2184 957 2248 1013 et
2297 942 2522 1015 lilium
2573 966 2736 1015 con-

181 1027 496 1108 vallium,
550 1027 811 1099 invenit
858 1026 1226 1099 basilicum
1262 1051 1387 1100 seu
1418 1028 1721 1100 ozimum
1760 1030 1997 1122 (quem
2032 1030 2416 1103 studiosius
2463 1033 2749 1105 colebat

179 1128 604 1188 reservatum
655 1128 733 1186 ut
781 1115 1086 1217 plantam
1140 1117 1400 1209 regiam
1449 1117 1587 1207 ipsi
1634 1120 1781 1211 regi
1829 1120 2301 1211 saeculorum)
2346 1121 2611 1195 siccum
2662 1138 2727 1193 et

178 1206 647 1287 eradicatum;
691 1228 832 1287 cul,
869 1205 957 1276 de
1001 1204 1133 1277 hoc
1178 1205 1466 1291 dolenti,
1519 1208 1671 1298 ipse
1712 1208 2023 1285 Christus
2069 1232 2415 1301 apparens
2452 1211 2625 1282 dixit
2655 1234 2727 1283 sa

182 1296 333 1368 suis
367 1295 695 1365 manibus
742 1294 941 1364 illum
991 1295 1382 1368 eradicasse
1426 1308 1493 1366 et
1540 1296 1936 1387 projecisse,
1990 1311 2067 1368 ut
2121 1299 2272 1390 ipse
2318 1298 2511 1372 solus
2557 1318 2735 1373 esset

179 1386 336 1477 ejus
384 1405 587 1454 verus
635 1383 996 1454 basilicus.
2494 1432 2506 1443 ·

266 1475 303 1561 ὅ
346 1476 506 1545 28.
543 1472 667 1542 His
699 1471 999 1544 ostendit
1032 1472 1498 1556 verissimum,
1524 1473 1708 1561 quod
1743 1474 1816 1544 in
1845 1476 2096 1545 exstasi
2121 1476 2402 1547 cuidam
2439 1478 2726 1560 dixerat,

174 1560 356 1632 idest
401 1583 474 1631 se
522 1567 773 1633 Rosam
823 1575 1092 1652 gestare
1159 1561 1227 1632 in
1308 1562 1554 1633 intimo
1602 1563 1716 1633 sui
1780 1563 2000 1634 divini
2058 1565 2287 1635 cordis
2362 1567 2720 1656 penetrali,

174 1673 340 1722 cum
389 1650 594 1720 sciret
639 1650 944 1723 vicissim
982 1652 1051 1720 in
1095 1649 1247 1737 ejus
1292 1651 1601 1742 virgineo
1643 1652 1926 1722 corculo
1981 1673 2055 1724 se
2091 1654 2319 1724 solum
2383 1656 2721 1743 tranquil·

175 1738 443 1810 lissime
511 1738 924 1823 inhabitare.
978 1739 1252 1810 Adstitit
1304 1740 1511 1810 etiam
1566 1762 1774 1831 saepe
1835 1741 2099 1831 Regina
2155 1743 2327 1814 coeli
2376 1766 2416 1813 a
2474 1743 2730 1815 dextris

173 1829 351 1920 ejuS,
405 1827 497 1897 ita
543 1840 623 1899 ut
668 1830 757 1899 ab
804 1828 1176 1899 undecimo
1222 1829 1464 1899 aetatis
1512 1851 1680 1900 suae
1712 1850 1897 1900 anno
1945 1852 2168 1919 usque
2223 1831 2307 1902 ad
2342 1842 2722 1903 extremum

176 1938 314 1986 non
373 1915 668 1986 defuerit
715 1918 779 1987 ei
843 1918 972 1987 hoc
1073 1917 1401 1988 retiosum
1465 1917 1958 1989 familiaritatis
2019 1920 2577 1992 contubernium.
2651 1928 2725 1991 In

176 2005 557 2076 Rosariano
601 2006 789 2077 enim
840 2004 1021 2077 sacel
1052 2029 1093 2076 o
1124 2028 1206 2077 ex
1239 2006 1481 2077 sedulo
1514 2007 1903 2079 ministerio
1934 2020 2176 2083 mutua
2210 2032 2370 2080 cum
2419 2010 2541 2081 itta
2580 2027 2718 2081 erat

131 2142 135 2148 ι
180 2095 244 2164 ei
294 2095 746 2176 conversatio,
796 2117 1013 2183 eoque
1045 2094 1305 2165 honore
1340 2096 1520 2165 hanc
1555 2118 1752 2165 suam
1787 2097 2123 2168 famulam
2160 2097 2443 2189 dignata
2482 2112 2606 2178 est,
2644 2115 2722 2170 ut

176 2181 647 2253 cubiculariae
696 2183 834 2273 ipsi
879 2184 1269 2255 exhibuerit
1309 2185 1714 2267 ministeria,
1752 2186 2112 2257 excitando
2145 2209 2297 2256 eam
2349 2187 2489 2257 illis
2550 2191 2728 2258 voci-

174 2270 345 2343 bus:
396 2275 615 2362 Surqe
669 2274 761 2343 ad
809 2275 1202 2353 orationem,
1259 2274 1436 2363 filia,
1482 2295 1709 2363 sui-qe,
1751 2297 1913 2345 nam
1970 2277 2176 2344 instat
2233 2276 2423 2345 hora.
2478 2276 2727 2365 Illique

177 2373 612 2451 experrectae
659 2382 732 2431 se
789 2361 1158 2451 praebebat
1223 2360 1589 2431 videndam
1639 2362 1813 2432 facie
1882 2361 1966 2431 ad
2027 2362 2295 2445 faciem,
2364 2365 2724 2453 majestate

176 2448 526 2532 decoram,
564 2461 629 2521 et
663 2449 924 2541 gloriae
973 2450 1287 2521 coelestis
1343 2450 1776 2542 paradisum,
1836 2450 2247 2523 exclamanti
2307 2473 2469 2524 cum
2512 2453 2721 2525 altera

175 2538 562 2612 Elisabeth:
621 2540 802 2610 Unde
835 2541 954 2609 hoc
981 2541 1175 2621 mihi,
1210 2551 1287 2610 ut
1315 2542 1543 2610 veniat
1571 2551 1792 2610 mater
1818 2543 2088 2611 Domini
2114 2543 2205 2611 ad
2231 2565 2335 2612 me
2353 2543 2387 2611 P

265 2630 492 2716 §24
547 2628 729 2698 Misit
775 2627 979 2698 etiam
1045 2629 1381 2699 Dominus
1432 2628 1760 2719 angelum
1822 2652 2057 2711 snum,
2102 2631 2225 2718 qui
2289 2632 2721 2722 praecederet

172 2720 453 2797 Rosam,
520 2732 586 2788 et
636 2717 995 2788 visibiliter
1040 2715 1441 2798 custodiret,
1499 2740 1578 2788 ac
1645 2718 2113 2789 introduceret
2159 2739 2307 2788 eam
2358 2720 2429 2789 in
2492 2721 2715 2792 locum

172 2826 382 2893 quem
425 2805 525 2875 illi
564 2819 939 2896 paraverat.
988 2806 1142 2876 Fuit
1194 2806 1378 2875 enim
1425 2820 1561 2876 tam
1603 2806 1981 2878 domestica
2042 2807 2301 2879 fiducia
2336 2809 2547 2900 hujus
2586 2811 2720 2879 vir·
2774 2859 2779 2868 ·

170 2893 357 2984 ginis
406 2917 565 2965 cum
600 2917 704 2977 eo,
750 2908 825 2966 ut
862 2895 1183 2966 habuerit
1222 2893 1422 2964 illum
1465 2918 1601 2965 non
1640 2895 1865 2967 solum
1908 2910 1984 2967 ut
2023 2896 2555 2986 amicissimum,
2597 2901 2711 2968 sed

170 2982 378 3052 etiam
413 2995 491 3052 ut
532 2984 907 3074 pararium,
952 2996 1071 3054 aut
1103 2982 1533 3065 viridarium,
1578 2986 2151 3073 quotiescumque
2195 2986 2365 3056 hora
2396 2991 2721 3058 consueta

170 3075 483 3161 Sponsus
525 3095 657 3144 non
729 3073 1131 3165 apparebat.
1199 3071 1534 3144 Deficiens
1576 3073 1878 3161 quadam
1951 3086 2146 3144 nocte
2204 3075 2473 3146 viribus
2536 3076 2722 3145 misit

170 3181 333 3230 eum
384 3160 468 3229 ad
520 3163 803 3232 Mariam
855 3162 940 3232 de
995 3160 1329 3251 Usatigui,
1384 3174 1462 3231 ut
1521 3162 1869 3232 nuntiaret
1900 3162 1962 3231 ei
2024 3185 2097 3232 se
2147 3184 2345 3253 egere
2384 3165 2714 3245 remedio,

164 3248 354 3337 quod
397 3271 520 3339 per
569 3251 913 3321 famulum
956 3249 1186 3319 statim
1246 3249 1367 3319 illa
1431 3252 1837 3336 transmisit,
1878 3250 2151 3321 vidente
2187 3264 2254 3322 et
2305 3275 2341 3321 a
2396 3266 2720 3324 noscente

165 3338 303 3408 hoc
350 3360 391 3408 a
424 3337 568 3408 filia
601 3361 723 3429 per
745 3338 1223 3422 ,obedientiam
1259 3350 1500 3410 matre.
1554 3340 1650 3410 Ab
1688 3340 1926 3410 eodem
1978 3341 2181 3411 etiam
2218 3341 2305 3411 ab
2396 3341 2525 3412 orti
2579 3343 2718 3413 cel-

165 3426 345 3508 lula,
417 3428 977 3518 aperientejpso
1039 3449 1229 3498 seras
1295 3441 1676 3518 portarum,
1742 3429 1828 3499 ad
1891 3429 2248 3520 genitricis
2311 3431 2713 3501 cubiculum

165 3515 550 3586 incolumis
579 3516 785 3588 ducta
825 3516 978 3587 fuit,
1037 3515 1203 3586 Aliis
1240 3518 1447 3587 etiam
1503 3518 1769 3609 angelis
1811 3519 2164 3590 mandavit
2220 3524 2399 3592 Deus
2436 3519 2522 3590 de
2556 3520 2713 3590 illa:

165 3605 541 3676 astiterunt
566 3606 750 3676 enim
787 3617 1066 3697 propter
1103 3606 1256 3695 ejus
1290 3628 1525 3696 preces
1558 3608 1838 3678 cuidam
1878 3607 2196 3708 religioso
2229 3610 2301 3678 in
2334 3608 2720 3699 periculoso

163 3693 438 3776 itinere,
492 3695 711 3766 donec
744 3695 872 3765 iste
899 3695 972 3763 in
1008 3693 1314 3765 deterius
1345 3709 1654 3766 mutatus
1688 3697 1859 3777 fuit3
1910 3719 2025 3768 cui
2059 3719 2219 3767 cum
2255 3697 2409 3788 ipsa
2450 3698 2717 3788 virgine

165 3782 258 3853 de
313 3783 444 3853 hac
501 3783 941 3853 derelictione
1004 3785 1453 3871 conquerenti
1512 3785 1837 3856 revelavit
1889 3786 2295 3875 mysterium
2346 3799 2412 3856 et
2467 3809 2713 3858 arcana

167 3872 556 3962 singularia
612 3873 746 3964 ipsi
786 3872 916 3942 soli
948 3884 1012 3942 et
1046 3877 1180 3943 Deo
1221 3885 1402 3954 nota,
1452 3887 1517 3944 et
1570 3896 1747 3962 quae
1781 3896 1819 3943 a
1873 3877 2062 3950 tanta
2109 3874 2440 3946 distantia
2490 3875 2713 3946 solum

168 3961 323 4051 ipso
357 3961 646 4034 Domino
700 3975 820 4032 aut
874 3961 1122 4052 angelo
1175 3961 1514 4032 revelante
1579 3963 1831 4052 virgini
1898 3963 2283 4033 innotuisse
2315 3977 2712 4056 potuerunt.

167 4055 385 4141 Saepe
431 4051 662 4132 etiam,
707 4072 786 4120 ex
818 4073 956 4138 quo
1005 4050 1133 4122 suit
1179 4051 1240 4121 ei
1275 4074 1315 4121 a
1364 4052 1629 4122 Christo
1673 4052 1959 4121 Domino
1994 4051 2257 4122 data‘in
2311 4053 2711 4143 magistram

168 4152 408 4212 sancta
456 4140 822 4211 catharina
888 4139 1233 4221 Senensis,
1301 4140 1469 4209 haec
1522 4162 1671 4210 eam
1741 4140 2102 4211 visibiliter
2152 4143 2599 4213 conveniebat
2648 4143 2713 4211 in

170 4231 396 4311 terriS,
435 4229 837 4320 praesertim
869 4252 1028 4299 cum
1065 4229 1216 4319 ejus
1249 4228 1559 4320 regulam
1606 4241 2068 4311 scrutaretur;
2122 4230 2430 4319 adeoque
2476 4232 2711 4301 crebra

169 4328 237 4387 et
283 4319 507 4388 amica
551 4318 682 4390 fuit
729 4320 907 4388 inter
942 4319 1067 4389 has
1116 4318 1417 4408 virgines
1469 4319 1920 4401 conversatio,
1986 4331 2060 4389 ut
2097 4341 2179 4389 ex
2240 4319 2434 4391 vultu
2479 4320 2715 4391 beatae

172 4406 575 4478 catharinae
624 4409 694 4479 in
728 4407 975 4479 faciem
1025 4413 1241 4478 Rosae
1277 4407 1677 4477 transierint
1707 4408 2016 4490 lumina;
2070 4408 2243 4479 itaut
2275 4423 2340 4479 et
2373 4410 2604 4481 vivens
2650 4425 2713 4479 et
