3308 5004
639 320 766 385 220
1391 335 1447 383 s.
1501 334 1859 383 cumanus
1904 334 2264 382 ‘ramanus
2815 317 3002 384 ΑΗΘ.
3056 319 3097 384 7

544 443 824 523 parcuS‚
878 444 958 492 ac
1005 420 1409 512 saepissime
1458 419 1676 491 solius
1725 420 1926 510 panis
1971 432 2039 489 et
2086 439 2347 506 aquae:
2404 439 2694 490 somnus
2748 419 2974 490 brevis
3034 433 3101 491 et

544 533 618 580 m
668 510 1121 598 stramentitia
1168 510 1478 589 culcitra,
1533 509 1738 599 cujtts
1769 507 2171 579 decubitum
2208 508 2410 577 etiam
2465 508 2534 576 in
2575 508 2826 578 ultima
2871 510 3102 611 aegri-

547 600 788 670 tudine
835 598 921 669 ad
978 614 1361 669 extremum
1412 619 1635 686 usque
1682 598 2039 678 sustinuit,
2098 596 2369 667 tametsi
2418 596 2776 679 medicus,
2852 598 2922 667 in
2974 597 3101 669 illa

546 689 1073 759 decumbentem
1109 688 1406 757 nimium
1439 687 1751 757 laborare
1774 686 2157 766 advertens,
2180 685 2471 756 adnisus
2498 685 2739 756 fuisset
2767 697 2844 756 ut
2874 686 3091 758 aliam

544 777 928 848 molliorem
964 777 1399 847 admitteret:
1452 777 1567 846 cui
1616 776 2023 864 cajetanus:
2077 799 2116 842 «
2151 780 2364 856 Mene,
2419 774 2667 862 inquit,
2723 786 2859 844 tam
2915 776 3095 845 mol-

544 866 703 936 liter
733 866 947 936 emori
973 867 1003 933 Ῥ
1033 879 1238 954 atque
1286 865 1352 934 in
1392 866 1621 936 cinere
1659 879 1724 935 et
1753 865 1980 935 cilicio
2010 866 2182 934 mori
2208 863 2421 933 debeo
2470 877 2535 932 et
2583 862 2806 933 volo»
2841 864 3098 936 Oculos

546 969 611 1026 et
658 956 967 1047 linguam
1008 956 1100 1025 ita
1147 955 1593 1044 compescuit,
1650 967 1727 1025 ut
1784 956 2086 1044 integros
2136 952 2284 1023 dies
2345 952 2617 1022 silentio
2669 954 3092 1043 praeteriret,

544 1058 610 1115 et
650 1044 805 1115 illos
839 1066 1112 1135 semper
1162 1044 1354 1113 humi
1405 1043 1665 1114 defixos
1714 1056 1993 1123 teneret;
2038 1063 2162 1111 nec
2192 1042 2356 1111 ullis
2393 1063 2701 1129 unquam
2755 1041 3102 1113 illecebris

546 1135 771 1225 potuit
816 1135 1097 1203 animus
1144 1133 1294 1223 ejus
1334 1132 1539 1213 vinci,
1578 1133 2124 1202 aut‘curiositate
2157 1130 2407 1200 molliri
2441 1154 2456 1199 ε
2499 1153 2638 1218 quo
2672 1130 2930 1201 factum
2961 1145 3088 1212 est,

543 1237 644 1305 ut,
684 1224 742 1293 si
791 1222 1071 1310 quando
1122 1221 1555 1313 praenobiles
1603 1235 1958 1291 matronae
2002 1242 2158 1289 eum
2228 1219 2486 1306 alloqui
2548 1218 2818 1300 vellent,
2881 1243 3096 1311 prope

546 1311 869 1382 accedere
910 1333 1041 1381 non
1094 1310 1448 1391 auderent,
1506 1310 1574 1379 ni
1624 1311 1909 1380 omnino
1939 1309 2238 1379 femineo
2293 1308 2485 1378 cultu
2540 1311 2862 1399 seposito,
2915 1324 3095 1379 exte-

542 1401 795 1471 riorem
848 1400 1158 1491 corporis
1198 1400 1515 1469 habitum
1568 1399 1654 1468 ad
1691 1399 2109 1469 christianae
2148 1398 2561 1467 humilitatis
2598 1421 2677 1467 ac
2726 1397 3100 1469 modestiae

547 1490 733 1580 leges
772 1502 1284 1579 componerent;
1337 1491 1595 1580 quippe
1642 1488 2025 1579 angelicam
2070 1487 2219 1577 ejus
2268 1488 2661 1577 puritatem,
2692 1488 3098 1577 gravitatem

546 1601 625 1648 ac
671 1577 1074 1648 modestiam
1125 1578 1265 1649 oris
1315 1579 1844 1658 reverebantur;
1896 1578 2127 1663 itaque
2176 1576 2529 1667 singulare
2589 1577 2657 1644 in
2715 1598 2796 1645 eo
2843 1577 2974 1648 iuit
3014 1590 3091 1647 ut

548 1667 993 1737 adventantes
1035 1668 1205 1737 mire
1239 1679 1504 1757 raperet
1551 1666 1635 1735 ad
1689 1667 2102 1767 virginitatis
2148 1685 2479 1744 amorem,
2534 1687 2613 1734 ac
2653 1665 2984 1735 coelibem
3023 1667 3096 1735 in

546 1757 899 1826 coenobiis
934 1757 1136 1826 vitam
1195 1756 1716 1846 capessendam.
1771 1762 2040 1843 Quique
2093 1777 2132 1824 a
2185 1753 2538 1824 diuturnis
2585 1766 2651 1823 et
2703 1754 3100 1825 inveteratis
3207 1813 3216 1820 .

547 1846 933 1915 carnalium
985 1846 1475 1935 cogitationum
1528 1845 1832 1915 stimulis
1866 1844 2308 1924 vexabantur,
2348 1843 2435 1912 ab
2466 1842 2605 1911 illis
2653 1865 2724 1912 se
2776 1844 3094 1934 protinus

550 1935 826 2004 liberari
864 1935 1365 2025 agnoscebant,
1415 1934 1536 2004 ubi
1589 1935 1893 2036 primum
1949 1933 2063 2002 Dei
2119 1954 2312 2001 servo
2362 1953 2433 2002 se
2479 1931 2968 2003 commendare
3014 1955 3098 2002 ex

546 2023 753 2093 corde
786 2024 1093 2114 aggressi
1143 2037 1328 2106 sunt,
1382 2036 1498 2092 aut
1546 2045 1589 2112 e,
1613 2045 1698 2092 us
1730 2022 2031 2111 alloquio
2067 2021 2166 2090 vel
2219 2020 2602 2111 praesentia
2633 2019 2767 2089 frui
2808 2043 3093 2091 conces-

549 2134 705 2183 sum
756 2127 926 2182 erat.
978 2117 1201 2195 Quare
1270 2112 1401 2182 tria
1467 2134 1584 2182 mu
1620 2112 1838 2181 ierum
1913 2110 2328 2180 monasteria
2390 2108 2667 2199 Neapoli
2731 2111 3091 2190 excitavit;

548 2199 841 2270 alterum
893 2224 1243 2271 sacrarum
1279 2201 1629 2292 virginum
1663 2202 1795 2271 sub
1826 2200 2212 2271 arctissima
2241 2199 2784 2288 Capuccinorum
2830 2200 3091 2290 regula,

548 2288 840 2359 alterum
886 2290 1326 2371 feminarum,
1380 2312 1558 2378 quae
1608 2289 1979 2379 pudicitiae
2018 2289 2362 2378 jacturam
2429 2287 2804 2373 aliquando
2855 2310 3099 2378 passae

547 2378 632 2448 ad
667 2392 937 2469 portum
967 2379 1214 2450 salutis
1251 2401 1369 2480 per
1401 2378 1887 2470 poenitentiam
1922 2390 2072 2467 post
2099 2375 2537 2466 naufragium
2575 2375 3092 2467 confugiebant,

546 2482 612 2540 et
646 2469 933 2550 ,tertium
990 2469 1395 2539 monialium
1467 2472 1533 2538 S.
1589 2467 1838 2537 Mariae
1884 2465 1969 2536 de.
2020 2466 2365 2557 Sapientia
2415 2479 2936 2557 nuncupatum,
2992 2466 3101 2535 in-

546 2559 883 2628 stitutrice
919 2559 1127 2628 Maria
1175 2558 1414 2628 Carasa
1443 2556 1729 2648 praefati
1779 2556 1972 2626 Pauli
2012 2555 2553 2644 praedecessoris
2586 2555 2798 2624 nostri
2833 2576 3088 2637 sorore,

546 2669 588 2718 a
623 2670 761 2736 quo
827 2648 1018 2717 illius
1065 2649 1369 2737 regimen
1421 2668 1614 2717 servo
1666 2646 1782 2714 Dei
1826 2646 2115 2735 ejusque
2161 2644 2427 2724 Ordini,
2485 2644 2817 2731 peculiari
2880 2643 3084 2732 jure,

547 2736 999 2807 commissum
1053 2736 1204 2805 fuit.

637 2830 672 2913 ξ
718 2830 868 2897 18.
923 2825 1346 2904 Humilitate,
1399 2822 1806 2893 dimissione
1853 2822 2068 2891 animi
2115 2844 2194 2891 ac
2234 2821 2574 2892 vilissima
2622 2822 2730 2891 sui
2773 2821 3099 2892 aestima-

548 2915 733 2984 tione
782 2913 1122 3001 insignis,
1185 2912 1428 2980 fratres
1474 2924 1538 2981 et
1585 2926 1872 3002 agnatos
1902 2965 1917 2991 ,
1970 2911 2091 2997 qui
2137 2933 2384 3000 magno
2444 2931 2603 2979 cum
2655 2911 2984 2980 comitatu
3032 2924 3099 2981 et

549 3006 802 3092 pompa
836 3001 1184 3092 Neapolim
1238 3000 1324 3069 ad
1374 3000 1603 3090 ipsum
1669 2999 2107 3069 invisendum
2161 3012 2638 3090 perrexerant,
2702 3021 2787 3068 ne
2835 2999 3097 3088 alloqui

507 3176 512 3180 .
548 3103 668 3160 aut
713 3090 798 3158 de
845 3090 1037 3159 vultu
1070 3088 1348 3176 quidem
1381 3089 1692 3179 excipere
1741 3087 1978 3168 voluit,
2031 3089 2289 3179 quippe
2320 3091 2441 3176 qui
2484 3089 2573 3158 ob
2623 3088 2871 3160 Christi
2903 3111 3098 3159 amo-

548 3200 691 3249 rem
747 3178 1008 3247 mundo
1055 3192 1120 3247 et
1173 3178 1442 3266 pompis
1479 3176 1902 3266 jamdudum
1945 3177 2402 3255 valedixisset:
2456 3198 2588 3246 non
2632 3177 2769 3247 alio
2815 3179 3098 3247 nomine

549 3280 669 3337 aut
709 3267 907 3336 titulo
954 3288 1026 3336 se
1072 3265 1383 3356 epistolis
1430 3266 1863 3356 obsignabat,
1916 3288 2126 3354 quam
2180 3269 2493 3358 cajetani
2535 3268 2915 3359 presbyteri
2967 3269 3097 3335 mi·

548 3358 688 3425 seri
733 3358 1133 3447 peccatoris;
1180 3354 1643 3446 abJectissima
1691 3377 2005 3443 quaeque
2071 3357 2453 3425 ministeria
2501 3355 2599 3424 vel
2653 3355 2929 3425 saeculo
2976 3356 3097 3424 de-

548 3466 718 3534 gens
769 3445 1155 3533 capessivit,
1208 3457 1274 3513 et
1319 3445 1636 3531 quamvis
1703 3445 1976 3535 primus
2023 3445 2301 3514 Ordinis
2352 3466 2599 3533 parens
2661 3442 2877 3525 foret,
2943 3446 3095 3534 ejus

552 3547 776 3603 tamen
824 3533 1127 3623 regimen
1177 3555 1532 3605 assumere
1581 3547 1870 3617 nonest
1920 3556 2189 3623 passuS,
2245 3533 2360 3603 sed
2417 3546 2788 3602 memorato
2824 3547 2987 3603 tunc
3022 3533 3093 3601 in

553 3621 945 3691 minoribus
977 3623 1346 3693 constituto
1364 3623 1622 3697 Joanni
1653 3629 1848 3693 Petro
1880 3622 2154 3692 Carafae
2186 3624 2412 3692 cessit.
2443 3618 2753 3691 Defectus
2785 3622 3097 3711 corporis

551 3709 636 3779 ad
674 3710 1150 3780 confusionem
1204 3712 1570 3803 pandebat,
1623 3712 1840 3782 animi
1893 3734 2047 3782 vero
2086 3710 2278 3781 dotes
2315 3725 2520 3798 atque
2553 3730 2591 3777 a
2643 3715 2774 3780 Deo
2821 3724 3100 3801 accepta

549 3799 730 3869 dona
784 3821 904 3890 pro
935 3800 1199 3870 viribus
1231 3801 1639 3871 occultabat.
1697 3800 1886 3883 Quod
1941 3801 1995 3871 si
2038 3800 2318 3888 quando
2384 3800 2717 3869 charitate
2764 3800 3098 3870 exstimu-

550 3887 735 3959 lante
780 3889 1154 3976 quicquam
1208 3911 1437 3959 rarum
1489 3890 1585 3960 vel
1641 3889 1996 3959 insolitum
2048 3891 2196 3961 suis
2236 3912 2276 3958 a
2326 3893 2457 3958 Deo
2510 3888 2833 3978 precibus
2882 3889 3100 3979 impe-

550 3989 798 4058 traret,
874 3992 1267 4048 sanctorum
1332 3980 1556 4068 potius
1621 3979 2238 4048 intercessionibus
2300 3977 2396 4046 vel
2465 3976 2759 4068 lipsanis
2828 3978 2907 4058 ¹¹²,
2981 3990 3100 4047 aut

548 4067 881 4137 orationis
928 4067 1160 4137 virtuti
1228 4066 1593 4137 tribuebat.
1648 4068 1954 4154 Denique
2002 4067 2415 4144 obedientia,
2474 4079 2895 4157 paupertate,
2953 4087 3103 4136 mo-

549 4155 899 4226 deratione
927 4156 1144 4226 animi
1180 4156 1247 4225 in
1284 4157 1615 4237 adversis,
1676 4155 2106 4246 providentia
2159 4156 2541 4243 ceterisque
2582 4155 2950 4226 virtutibus
3006 4155 3100 4224 ita

548 4242 783 4324 eluxit,
838 4257 914 4314 ut
958 4257 1284 4314 constans
1324 4245 1530 4317 fuerit
1566 4245 1943 4314 multorum
1978 4245 2214 4336 opinio
2247 4244 2442 4313 illum
2478 4243 2909 4314 sublimioris
2939 4266 3102 4314 san-

549 4332 802 4403 ctitatis
832 4333 1125 4424 gradum
1162 4335 1472 4426 attigisse
1502 4348 1567 4405 et
1604 4348 1971 4404 consuetas
2023 4346 2238 4404 metas
2287 4334 2844 4423 praetervolasse.

601 4441 626 4463 ·
657 4439 771 4483 Vide
799 4443 1041 4493 Ducange:
1069 4443 1269 4494 Llpcanoe
1297 4428 1576 4505 (karpau)
1604 4453 1802 4484 numero
1830 4439 2004 4491 plurali
2035 4444 2261 4494 Belsqutuo
2289 4445 2558 4483 Sanctorum.
