3308 5004
189 298 382 365 AUG.
437 299 519 365 ⁴5
883 317 963 364 nn
1011 318 1066 365 s.
1119 316 1455 365 annuntio
1504 316 1832 366 suassmrz.
1884 317 2084 368 muse.
2530 302 2657 369 365

189 412 487 472 conatur
533 421 868 471 amovere.
903 401 1312 471 Permittatis
1339 401 1521 471 filiae
1549 414 1810 472 vestrae
1848 424 1973 473 sua
2009 403 2139 475 hac
2171 403 2239 473 in
2273 408 2345 475 re
2370 405 2469 475 uti
2501 406 2747 476 volun-

189 502 370 560 tate:
421 501 488 560 et
517 490 606 560 ita
644 489 781 572 fiet,
818 503 897 560 ut
930 512 1035 560 res
1069 490 1155 560 ad
1187 503 1480 561 vestram
1515 490 1712 561 cedat
1752 491 2203 563 honestatem.
2244 515 2280 561 »
2313 493 2614 565 Credunt
2643 492 2748 564 illi

185 579 424 651 verbis
472 579 692 649 sancti
739 579 915 662 viri,
969 581 1250 670 nuptias
1297 591 1563 670 optatas
1613 580 1899 650 honesto
1965 595 2303 672 apparatu
2350 582 2743 663 celebrant,

189 668 575 755 sinuntque
625 666 839 738 filiam
890 667 1122 738 dilecti
1173 669 1300 738 viri
1347 668 1486 738 frui
1532 669 2007 739 contubernio.
2064 669 2186 740 Ille
2232 692 2414 754 ver0,
2467 694 2626 742 cum
2675 672 2746 741 in

186 756 266 826 id
318 756 516 828 valde
562 770 742 829 esset
789 758 1133 840 intentus,
1185 769 1265 827 ut
1312 768 1540 847 posset
1588 757 1789 827 miles
1837 758 2128 829 celebris
2173 770 2241 828 et
2285 758 2595 833 famosus
2626 762 2749 831 ha-

186 847 369 922 beri.
422 859 630 934 atque
677 868 756 916 ea
817 849 1028 917 causa
1079 868 1438 934 nunquam
1489 846 1690 916 vellet
1737 846 2022 929 abesse,
2084 847 2209 917 ubi
2274 848 2525 919 milites
2574 850 2751 920 inter

189 956 269 1005 se
318 935 925 1026 congrederentur,
979 935 1146 1005 dum
1198 935 1471 1005 avidius
1517 935 1735 1005 fertur
1781 935 1849 1005 in
1902 957 2118 1018 arma,
2172 935 2260 1006 ab
2299 938 2581 1008 armatis
2632 960 2751 1027 pe-

189 1024 499 1107 rimitur,
545 1035 611 1095 et
650 1046 729 1095 ex
760 1046 936 1095 nova
984 1046 1239 1116 sponsa
1278 1023 1466 1095 brevi
1505 1023 1716 1094 efficit
1745 1023 2054 1094 viduam.
2108 1029 2210 1095 Ita
2247 1026 2443 1116 juxta
2487 1027 2589 1095 vir
2635 1027 2751 1096 Dei

194 1134 592 1183 sermonem
628 1112 857 1204 puella
889 1135 960 1185 se
992 1113 1283 1184 contulit
1313 1112 1398 1182 ad
1433 1135 1739 1183 amorem
1778 1114 2028 1204 prioris
2058 1116 2321 1206 sponsi,
2361 1116 2562 1202 eique
2589 1137 2753 1185 con-

178 1202 459 1294 juncta,
517 1202 801 1273 alterius
824 1203 1171 1294 jacturam
1205 1202 1553 1272 moderate
1595 1201 1775 1273 tulit.

285 1294 324 1379 ξ
374 1295 544 1364 20.
599 1291 727 1362 Sed
775 1292 942 1379 quia
990 1304 1216 1361 ratum
1275 1291 1404 1362 hoc
1452 1303 1554 1363 est
1600 1291 1781 1361 inter
1828 1291 2189 1373 mortales,
2247 1292 2421 1361 nihil
2471 1313 2622 1363 esse
2671 1314 2753 1362 ex

189 1380 392 1450 omni
489 1394 633 1450 arte
691 1381 1010 1461 beatum,
1063 1392 1207 1450 erat
1255 1391 1402 1450 tum
1462 1380 1794 1471 temporis
1844 1380 1913 1449 in
1965 1380 2085 1451 illo
2148 1382 2562 1453 monasterio
2610 1381 2755 1452 Odo

191 1490 450 1539 monac
505 1491 613 1552 uS,
665 1469 1045 1540 honestatis
1084 1481 1477 1559 usurpator,
1533 1469 1806 1539 virtutis
1839 1468 2270 1560 depravator.
2305 1475 2374 1540 Is
2397 1470 2776 1562 Arnulpho⁸

187 1558 346 1628 viro
382 1558 495 1627 Dei
546 1559 716 1628 mire
765 1558 1135 1641 invidebat,
1193 1557 1614 1648 putabatque
1672 1579 1743 1628 se
1788 1557 1910 1628 illo
1961 1558 2350 1650 digniorem
2417 1559 2547 1629 loci
2594 1560 2749 1647 ejus

189 1647 822 1718 administratione.
864 1652 1100 1735 Itaque
1133 1658 1461 1738 perpetuo
1511 1646 1625 1716 ille
1654 1647 1890 1717 animo
1931 1647 2261 1730 volvebat,
2315 1668 2454 1736 qua
2495 1648 2755 1718 ratione

195 1749 437 1838 posset
473 1757 630 1805 eum
672 1738 760 1807 ab
808 1736 1084 1808 Abbatis
1143 1735 1493 1807 functione
1552 1756 1893 1806 amovere.
1952 1736 2288 1807 Indicavit
2354 1749 2581 1807 autem
2632 1758 2754 1829 per

192 1825 682 1895 internuncios
750 1825 918 1916 Regi
975 1830 1394 1895 Francorum
1457 1824 1799 1917 Philippo,
1876 1838 1953 1895 ut
1998 1837 2238 1896 contra
2284 1826 2513 1897 hostes
2561 1847 2756 1895 arma

192 1914 1009 2006 sumpturuS,‘Abbatem
1051 1918 1116 1984 S.
1159 1912 1460 1983 Medardi
1510 1936 1745 1984 secum
1781 1915 1851 1982 in
1895 1915 2214 1986 militiam
2265 1912 2610 2007 proficisci
2641 1914 2756 2004 ju-

192 2002 414 2073 beret.
452 2002 707 2073 Annuit
740 2007 878 2073 Rex
925 2002 1238 2073 consiliis
1266 2002 1546 2085 OdoniS,
1577 2014 1643 2073 et
1672 2024 1830 2072 cum
1874 2004 2247 2074 exercitum
2277 2004 2750 2095 promovisset,

198 2092 440 2162 missis
502 2092 781 2182 legatiS,
850 2092 1121 2161 monuit
1186 2091 1548 2161 dominum
1609 2091 1821 2161 Arnul
1880 2092 2047 2162 hum
2086 2148 2101 2175 ,
2154 2105 2231 2163 ut
2279 2115 2440 2162 cum
2491 2104 2756 2162 armato

201 2179 426 2251 milite
475 2203 707 2250 secum
758 2182 830 2249 in
887 2180 1588 2272 expeditionem·iret.
1654 2184 1732 2250 At
1771 2179 1813 2249 il
1849 2203 1908 2260 e,
1962 2182 2083 2268 qui
2133 2181 2484 2269 quondam
2528 2182 2599 2249 in
2650 2202 2758 2252 se-

200 2268 362 2338 culo
391 2283 667 2340 strenue
717 2291 787 2341 se
833 2269 904 2339 in
959 2269 1206 2338 militia
1254 2269 1600 2360 gessisset,
1652 2281 1720 2338 et
1770 2270 2066 2340 militare
2111 2272 2223 2341 cin
2277 2270 2476 2339 ulum
2513 2270 2583 2339 in
2638 2270 2756 2339 Dei

201 2356 616 2428 famulatum
676 2371 1218 2440 commutasset,
1294 2359 1730 2427 vehementer
1794 2358 1881 2428 ab
1940 2381 2021 2429 ea
2070 2381 2140 2429 re
2203 2381 2238 2428 a
2296 2359 2750 2439 horrescens,

207 2468 494 2538 prorsus
527 2447 868 2518 recusavit
906 2446 976 2517 id
1011 2469 1231 2539 genus
1271 2446 1478 2517 officii
1513 2446 1681 2537 Regi
1718 2458 2086 2538 praestare.
2139 2471 2177 2516 «
2201 2453 2248 2518 E
2299 2449 2454 2530 one,
2496 2447 2750 2535 inquit,

197 2536 442 2606 relicta
468 2539 678 2607 causa
711 2538 848 2619 Dei,
892 2560 1169 2607 rursum
1207 2537 1548 2607 militibus
1578 2536 1909 2627 stipabor,
1945 2560 2106 2607 cum
2146 2538 2239 2606 mi
2274 2538 2483 2606 itibus
2512 2559 2757 2608 rursus

196 2647 402 2695 arma
435 2625 789 2697 tractabo?
834 2625 1106 2696 Grande
1157 2624 1456 2716 profecto
1505 2624 1574 2694 id
1617 2624 1810 2696 nefas
1857 2625 2087 2696 suerit.
2143 2626 2373 2695 Malim
2424 2648 2590 2695 sane
2626 2624 2758 2694 Ab·

195 2714 383 2784 batis
429 2728 494 2785 et
522 2714 672 2785 loco
718 2727 782 2785 et
829 2715 1112 2785 nomine
1160 2728 1490 2806 perpetuo
1545 2714 1876 2796 caruisse,
1929 2736 2140 2802 quam
2191 2715 2322 2785 sub
2370 2714 2584 2803 hujus
2641 2714 2747 2783 di-

251 2804 488 2874 nitatis
529 2816 879 2894 praetextu
916 2804 1164 2874 iterum
1202 2804 1432 2874 seculo
1479 2802 1887 2873 inservire.»
1929 2804 2003 2874 Id
2045 2803 2166 2873 ubi
2215 2803 2553 2895 comperit
2599 2802 2758 2873 Phi-

232 2894 444 2994 ippus
477 2897 638 2974 Rex,
680 2916 722 2963 a
762 2892 961 2962 malis
1026 2892 1444 2963 consiliariis
1492 2891 1946 2983 depravatuS‚
2005 2892 2194 2963 misit
2258 2892 2518 2983 legatos
2552 2947 2568 2974 ,
2637 2891 2758 2980 qui

201 2980 514 3051 dicerent
545 2983 899 3052 Abbatiam
956 2982 1230 3073 magnis
1277 2980 1531 3073 opibus
1577 2992 1643 3050 et
1693 2981 2250 3083 possessionibus
2295 2982 2752 3062 instructam,

201 3069 573 3153 militibus,
609 3072 729 3158 qui
779 3071 983 3162 Regis
1021 3083 1252 3142 essent
1288 3069 1737 3150 beneficiarii,
1805 3070 2347 3153 circumfultam,
2399 3071 2522 3158 qui
2581 3070 2761 3140 anti-

200 3159 442 3246 quitus
488 3161 1005 3232 consuevissent
1051 3182 1212 3229 cum
1269 3159 1524 3229 Abbate
1567 3159 1820 3250 Regiae
1865 3159 2282 3251 expeditioni
2330 3159 2597 3230 adesse.
2642 3163 2762 3228 Fa-

199 3261 387 3318 ceret
424 3270 609 3339 ergo,
662 3248 846 3337 quod
913 3269 1063 3319 mos
1111 3248 1394 3319 haberet
1440 3248 1771 3336 antiquus
1802 3302 1818 3331 ,
1889 3261 2010 3319 aut
2057 3249 2206 3320 loco
2253 3248 2524 3319 cederet
2556 3303 2572 3330 ,
2624 3268 2762 3335 quo

201 3337 416 3427 Regis
452 3338 652 3428 jussa
684 3360 834 3408 com
895 3337 1188 3408 leantur.
1227 3338 1349 3407 His
1396 3336 1679 3420 auditiS‚
1724 3338 1829 3406 vir
1859 3337 2156 3408 eximius
2194 3336 2440 3408 cellam
2489 3337 2756 3428 repetit,

203 3447 357 3496 sese
407 3426 477 3494 in
508 3447 585 3495 ea
622 3427 808 3496 inclu
867 3427 940 3509 it,
995 3448 1120 3517 pro
1168 3426 1391 3496 nihilo
1433 3426 1701 3497 ducens
1748 3426 1921 3496 illud
1984 3426 2261 3497 culmen
2312 3426 2638 3496 honoris:
2683 3447 2764 3494 ac
2836 3436 2843 3452 ‘

203 3513 536 3605 deinceps
584 3514 789 3608 longe
825 3528 892 3585 et
926 3516 1174 3586 melius
1215 3529 1281 3586 et
1318 3515 1693 3586 ferventius
1740 3515 1811 3584 in
1870 3537 2185 3586 summae
2234 3515 2613 3606 majestatis
2659 3514 2765 3584 sa-

207 3602 482 3673 mulatu
516 3624 664 3674 sese
711 3615 997 3674 exercet.

295 3693 334 3778 ξ
385 3697 531 3765 ²1.
611 3698 860 3762 Verum
928 3692 1208 3781 quando
1254 3690 1375 3762 illa
1438 3691 1696 3763 nobilis
1743 3693 1962 3762 animi
2018 3692 2327 3784 ingenita
2445 3690 2767 3761 rudentia

208 3802 652 3869 nequaquam
696 3781 871 3851 ferre
917 3782 1161 3873 potuit,
1212 3794 1291 3852 ut
1323 3803 1487 3873 grex
1515 3782 1815 3852 eximius
1847 3783 2109 3869 absque
2149 3781 2389 3873 spirita
2421 3781 2445 3850 i
2476 3791 2758 3860 rectore,

207 3869 337 3939 diu
367 3871 758 3952 fluctuaret,
801 3871 1191 3942 convocatis
1223 3869 1308 3941 ad
1344 3892 1416 3941 se
1468 3870 1986 3962 praestantioris
2033 3871 2297 3961 ingenii
2342 3881 2410 3939 et
2467 3867 2764 3939 sanioris

205 3959 487 4030 consilii
534 3958 887 4041 fratribuS,
941 3958 1208 4030 salubri
1254 3982 1428 4031 usus
1475 3957 1791 4041 consilio,
1846 3958 2052 4062 elegit
2110 3958 2244 4029 sibi
2292 3977 2764 4030 successorem

204 4048 436 4118 virum
514 4069 652 4119 non
728 4049 962 4119 minus
1025 4048 1318 4140 dignum
1395 4046 1767 4119 Geraldum
1807 4102 1824 4131 ,
1897 4047 2187 4118 scientia
2249 4048 2765 4138 Scripturarum

211 4138 488 4228 egregie
542 4137 1000 4220 instructum,
1051 4150 1117 4209 et
1162 4137 1351 4207 omni
1422 4136 1778 4207 honestate
1835 4136 2320 4228 conspicuum.
2373 4142 2465 4206 Eo
2510 4135 2766 4206 Abbate

209 4248 432 4315 ocyus
491 4226 805 4299 instituto
836 4283 851 4311 ,
922 4227 1288 4317 derepente
1357 4224 1631 4296 advolat
1708 4225 2152 4317 supradictus
2228 4224 2347 4295 ille
2426 4224 2708 4296 Pontius
2743 4279 2759 4306 ,

208 4336 509 4386 vesanus
566 4317 926 4388 monastici
996 4315 1272 4388 Ordinis
1319 4325 1733 4397 temerator,
1810 4313 2074 4387 ducens
2120 4335 2359 4386 secum
2423 4314 2763 4406 Reginam
