3308 5004
187 318 382 385 wc.
436 319 523 385 25
2331 371 2334 376 .
2531 318 2647 384 θοι
2703 279 2708 285 ’

1190 509 1764 590 CERTAMEN

479 738 597 880 s.
670 731 1083 838 Ensssssn
1155 734 1274 837 ΕΤ
1341 684 1852 837 sociorum
1925 732 2171 838 Esus
2238 733 2418 837 MM.

276 994 352 1042 nx
400 989 675 1042 sescum
718 989 1077 1039 ms'roaum
1126 991 1184 1038 s.
1235 989 1551 1038 vmctn‘rn
1600 989 1941 1038 numne.
1992 968 2130 1038 Lib.
2184 990 2256 1049 11,
2305 992 2453 1060 cap.
2516 979 2662 1050 119,

859 1097 965 1147 cm
1013 1095 1538 1146 conansrononm·
1593 1095 2075 1145 naarvaotocu

1062 1289 1255 1347 Circa.
1294 1291 1412 1346 186
1454 1319 1531 1330 -
1572 1288 1885 1346 Romani.

284 1495 322 1580 ξ
369 1497 445 1563 1.
497 1490 953 1582 Temporibus
985 1489 1339 1561 Commodi
1387 1490 1729 1560 saeviente
1778 1489 2252 1579 persecutione
2299 1490 2367 1560 in
2420 1489 2749 1561 Christia-

196 1603 348 1662 nos,
385 1579 789 1650 adveniente
822 1578 1035 1649 natali
1083 1578 1195 1649 die
1241 1578 1490 1669 ipsius,
1528 1579 1878 1649 decretum
1915 1578 2003 1648 ab
2051 1601 2131 1648 eo
2178 1579 2362 1660 exiit,
2408 1592 2485 1648 ut
2517 1581 2748 1649 omnis

195 1670 392 1762 plebs
440 1675 789 1740 Romanae
836 1669 1031 1739 urbis
1077 1669 1147 1738 in
1201 1690 1419 1738 unum
1471 1667 1844 1747 adveniret,
1881 1680 1946 1737 et
1995 1667 2064 1736 in
2110 1666 2386 1737 laudem
2429 1668 2749 1741 Herculis

195 1781 275 1829 ac
302 1758 500 1828 Jovis
550 1757 939 1849 pompatica
986 1777 1147 1827 voce
1193 1755 1628 1826 acclamaret.
1703 1761 1990 1826 Ventum
2042 1769 2182 1838 est,
2233 1769 2299 1826 et
2345 1757 2750 1827 circumstat

196 1853 449 1940 Regem
505 1867 676 1936 pene
721 1847 1093 1916 universus
1137 1845 1351 1916 orbis.
1392 1850 1546 1936 Ipse
1580 1859 1810 1925 autern
1845 1844 2244 1915 deformiter
2278 1844 2588 1926 indutus,
2641 1869 2748 1916 re·-

244 1938 383 2006 iam
432 1957 591 2005 cum
644 1935 844 2005 mitra
892 1934 1207 2005 ascendit
1244 1934 1517 2016 sedem,
1588 1957 1669 2005 ac
1735 1934 1930 2025 prius
1997 1933 2417 2004 thurificavit
2464 1955 2747 2006 auream

194 1960 378 2095 §ovis
406 2036 729 2094 statuam.
774 2029 1027 2094 Tantae
1072 2023 1257 2094 enim
1318 2024 1686 2112 superbiae
1733 2035 1877 2095 erat
1922 2035 2287 2111 tantaeque
2325 2023 2743 2113 jactantiae,

195 2125 277 2184 ut
306 2112 621 2182 indueret
658 2133 732 2183 se
780 2112 956 2203 pelle
1003 2113 1244 2194 leonis,
1297 2112 1662 2202 designare
1697 2114 1765 2182 in
1804 2112 2208 2183 vestimento
2259 2113 2516 2192 volens,
2558 2114 2742 2200 quod

200 2203 384 2272 sicut
424 2201 526 2271 leo
575 2201 977 2283 bestiarum,
1014 2201 1112 2271 sic
1142 2214 1210 2271 et
1249 2201 1396 2291 ipse
1442 2215 1625 2271 esset
1671 2206 1809 2272 Rex
1839 2213 1902 2270 ct
1939 2202 2267 2292 magister
2297 2202 2744 2293 populorum.

201 2291 323 2360 Cui
367 2290 594 2361 omnis
645 2290 947 2381 populus
981 2289 1410 2370 acclamavit,
1447 2290 1729 2361 dicens:
1775 2295 2118 2360 Protector
2140 2302 2243 2360 est
2289 2290 2620 2361 Hercules
2642 2290 2751 2381 (a)

200 2378 621 2470 reipublicae
667 2392 734 2449 et
779 2377 1103 2450 defensor
1135 2377 1472 2449 libertatis
1507 2385 1855 2449 Romanae
1901 2377 2261 2448 audaciae.
2298 2378 2549 2448 Eodem
2579 2391 2751 2448 tem-

199 2488 360 2558 pore
410 2468 860 2540 morabamur
905 2468 975 2538 in
1025 2469 1199 2551 vic0,
1249 2468 1369 2556 qui
1418 2467 1902 2559 appellabatur
1932 2468 2323 2546 Carnarius,
2379 2466 2751 2538 Christiani

198 2558 502 2628 nominis
532 2557 856 2638 cultores,
909 2558 1087 2627 inter
1130 2578 1305 2645 quos
1352 2570 1547 2627 erant
1596 2557 1723 2626 viri
1779 2556 2081 2646 religiosi
2139 2557 2476 2627 Eusebius
2507 2609 2525 2635 ,
2582 2558 2746 2627 Vin-

197 2649 489 2727 centius,
560 2646 996 2746 Peregrinhs,
1049 2658 1252 2734 atque
1318 2646 1760 2717 Potentianus
1790 2645 1849 2724 *,
1913 2645 2090 2714 servi
2147 2645 2258 2714 Dei
2318 2645 2750 2718 orationibus

196 2735 553 2817 instanteS,
591 2757 765 2806 mort
816 2756 938 2826 pro
969 2735 1232 2832 Christo
1263 2734 1757 2805 desiderantes.
1796 2734 1877 2804 Hi
1926 2733 2011 2803 ad
2059 2734 2523 2830 ⁴imitationem
2575 2739 2749 2825 Apo-

196 2823 526 2894 stolorum
567 2847 696 2894 sua
743 2824 979 2895 omnia
1014 2823 1466 2894 vendiderunt
1497 2835 1562 2892 et
1593 2822 2021 2914 pauperibus
2049 2836 2528 2913 erogaverunt,
2577 2845 2753 2911 qua·

196 2924 398 2983 tenus
444 2911 615 2982 nudi
674 2912 763 2982 ab
811 2912 940 2983 hoc
987 2911 1220 2982 seculo
1270 2911 1551 2982 liberius
1604 2911 1733 2982 soli
1783 2911 2115 2982 servirent
2182 2917 2335 2982 Deo.
2390 2912 2523 2995 Qui
2587 2933 2751 2981 cum

196 3001 555 3072 audissent
603 2999 1092 3089 hujuscemodi
1127 3022 1268 3070 rem
1319 3023 1357 3070 a
1407 3000 1778 3070 Commodo
1826 3012 2116 3092 gestam,
2173 3001 2471 3071 ridiculo
2505 3023 2585 3072 ac
2631 3023 2751 3071 su-

198 3088 585 3182 perstitioni
636 3089 762 3160 hoc
808 3090 894 3160 de
950 3101 1243 3169 utantes,
1280 3090 1463 3160 vicos
1494 3104 1559 3159 et
1615 3090 1823 3160 urbes
1875 3088 2318 3179 perlustrant,
2372 3090 2634 3159 trinum
2685 3101 2752 3160 et

197 3200 418 3250 unum
468 3182 681 3250 Deum
719 3201 880 3271 prae
937 3180 1140 3259 icant,
1177 3178 1521 3275 dicentes:
1558 3202 1593 3245 «
1626 3179 1942 3249 Recedite
1973 3178 2368 3249 charissimi
2408 3201 2448 3247 a
2474 3178 2751 3250 cultura

197 3268 746 3338 daemoniorum.
801 3273 963 3339 Date
1010 3268 1339 3337 honorem
1378 3272 1508 3338 Deo
1557 3269 1737 3338 trino
1785 3281 1851 3338 et
1897 3268 2046 3348 uni,
2100 3269 2280 3338 Patri
2336 3281 2403 3337 et
2451 3266 2623 3337 Filio
2684 3277 2751 3337 et

200 3356 487 3449 Spiritui
536 3360 783 3428 Sancto
828 3356 1307 3447 omnipotenti,
1340 3368 1406 3427 et
1438 3358 1617 3448 agite
1650 3356 2141 3448 poenitentiam
2178 3369 2243 3426 et
2273 3356 2744 3447 baptizemini,

200 3467 285 3515 ne
331 3443 543 3514 simul
592 3465 753 3515 cum
805 3445 1176 3515 Commodo
1207 3446 1564 3535 pereatis·
1848 3516 1854 3522 ,
2509 3506 2514 3509 Α

284 3536 324 3623 ξ
370 3538 460 3608 D.
514 3538 752 3634 Itaque
781 3532 1068 3621 quidam
1118 3546 1391 3604 senator
1419 3534 1643 3604 Julius
1692 3532 1988 3604 audiens
2038 3534 2299 3603 monita
2342 3532 2752 3621 hujusmodi

201 3622 528 3693 salutaria
563 3676 580 3703 ,
643 3622 1025 3693 introduxit
1070 3642 1186 3694 eos
1233 3623 1303 3691 in
1365 3623 1649 3692 domum
1703 3644 1903 3692 suam
1938 3676 1953 3703 ‚
2006 3634 2074 3692 et
2120 3622 2416 3692 audiens
2487 3620 2750 3693 solicite

199 3712 807 3802 praedicationem,
869 3710 1282 3781 credidit**:
1333 3724 1399 3782 et
1445 3711 1804 3782 facultates
1843 3733 2008 3783 suas
2057 3711 2303 3789 varias,
2340 3733 2460 3802 per
2500 3731 2752 3780 manus

200 3821 435 3871 eorum
484 3800 862 3871 distribuit.
917 3800 1254 3871 Accersito
1323 3801 1539 3893 igitur
1603 3800 1905 3889 quodam
1991 3801 2389 3890 presbytero
2447 3799 2745 3879 Rufino,

201 3889 622 3979 baptismum
664 3910 826 3960 cum
875 3889 1064 3959 omni
1114 3888 1319 3960 domo
1357 3912 1483 3960 sua
1518 3890 1845 3979 suscepit.
1881 3890 2248 3981 coepitque
2296 3889 2446 3979 ipse
2475 3886 2752 3978 publice

204 3977 502 4066 profiteri
549 3978 920 4060 Christum,
972 3990 1040 4047 et
1136 4001 1213 4048 ro
1257 4000 1336 4048 eo
1371 3991 1662 4049 mortem
1698 4000 1922 4048 concu
1977 3979 2218 4049 iscenti
2273 3977 2510 4047 animo
2565 3976 2751 4046 desi-

205 4064 461 4138 derare.
511 4067 704 4151 Quod
757 4089 918 4138 cum
966 4089 1057 4137 au
1112 4068 1569 4151 isset·Caesar,
1604 4068 1904 4137 amaritu
1963 4069 2097 4136 inis
2137 4066 2292 4136 felle
2340 4065 2745 4155 exagitatus,

256 4190 326 4251 (α)
350 4190 497 4234 narei
523 4190 704 4234 Aurelii
732 4192 861 4234 filius
888 4193 1182 4239 Commodus.
1209 4190 1346 4232 Jovia
1377 4203 1428 4233 se
1449 4195 1612 4233 natum
1633 4191 1846 4239 vocitari,
1865 4193 1914 4234 et
1933 4194 2022 4233 nub
2042 4190 2140 4234 divi
2162 4189 2381 4233 Herculis
2401 4189 2587 4233 nomine
2608 4192 2753 4233 occla-

204 4256 322 4288 mtn
349 4250 664 4296 praeceperat.
692 4246 917 4296 nequitis
940 4248 1018 4287 hic
1046 4248 1095 4287 et
1122 4244 1311 4286 feritate
1341 4245 1483 4287 mimi
1512 4244 1735 4296 pessimis
1764 4250 1838 4287 eat
1856 4248 1985 4288 Rom.
2006 4245 2376 4296 Impar-toribus
2398 4248 2755 4296 comparandus.

202 4296 401 4339 liuciae
428 4299 718 4342 concubinae
746 4299 931 4343 insidiis
959 4298 1348 4350 praesentissimo
1374 4301 1545 4341 hausto
1564 4310 1758 4345 venem,
1776 4301 1888 4340 dum
1907 4297 2026 4342 illud
2046 4306 2298 4347 evomeret,
2319 4312 2345 4341 a
2365 4297 2583 4341 Narcisso
2602 4302 2752 4351 palae·

205 4352 350 4395 ttrit-
374 4355 630 4395 suffocatus
650 4359 725 4395 est
743 4364 866 4397 anno
885 4362 1027 4397 cxcii.

260 4407 284 4431 ¹·
314 4404 441 4447 Alias
470 4410 753 4449 Pom-uuus.

259 4460 313 4486 *⁸
342 4461 408 4500 De
427 4461 471 4503 8.
489 4459 620 4502 sulio
640 4459 688 4501 in
707 4462 914 4512 append.
930 4461 1030 4512 hus.
1049 4460 1151 4502 Vol.
1168 4459 1229 4501 od
1244 4457 1371 4519 diem
1393 4469 1500 4502 xxx.
