3308 5004
155 321 348 388 AUG.
407 322 488 388 ss·
969 341 1048 389 nr.
1096 341 1152 389 s.
1206 340 1622 390 wnnunrnmo
1673 342 1891 391 ransc.
2490 329 2618 395 3⁴9

153 425 588 515 Episcopalis
653 424 723 493 in
794 426 1095 513 Trajecto
1141 425 1540 517 gubernans
1589 427 2033 508 cathedram,
2106 430 2484 517 multisque
2533 422 2708 501 tanti

151 513 287 582 viri
335 514 762 584 sanctitatem
800 516 1228 605 prospiciens
1256 536 1406 586 esse
1437 514 1894 605 profuturam,
1925 518 2297 603 quemdam
2328 541 2493 589 suae
2519 521 2713 591 Dioe-

148 603 333 672 cesis
383 602 607 673 locum
645 603 823 674 Elste
872 617 1225 684 vocatum,
1281 604 1488 694 paulo
1535 618 1694 675 ante
1741 627 1778 674 a
1845 605 2078 675 Carolo
2126 606 2260 675 sibi
2328 609 2704 691 traditum,

145 691 680 773 commendavit,
732 692 931 779 eique
978 706 1256 763 sanctae
1315 692 1845 784 praedicationis
1892 698 2058 764 cura
2126 696 2532 785 regendum.
2591 703 2712 769 Est

146 779 738 879 enim-quaedam
790 780 1024 851 insula
1086 780 1283 851 valde
1353 782 1689 878 populosa
1747 787 1956 852 Batue
2019 797 2470 875 nuncupata,
2524 808 2706 874 quae

149 870 372 938 Rheni
437 869 751 939 fluminis
811 870 1121 958 undique
1169 870 1359 943 alveo
1405 871 2022 962 circumcingitur,
2076 872 2282 960 cujus
2350 873 2420 941 in
2477 876 2706 946 medio

149 956 347 1029 locus
397 957 578 1027 idem
637 959 1078 1059 supradictus
1137 960 1312 1030 situs
1358 980 1508 1030 esse
1560 961 2024 1051 cognoscitur.
2078 965 2281 1030 Hunc
2348 961 2560 1053 igitur
2603 965 2707 1033 vir

149 1047 326 1115 vitae
374 1047 805 1128 venerabilis,
862 1061 936 1118 ut
969 1071 1139 1119 suus
1191 1061 1421 1138 pastor
1467 1048 1881 1130 decreverat,
1920 1049 2158 1118 divina
2199 1071 2434 1119 secum
2484 1052 2705 1121 comi-

151 1147 336 1205 tante
381 1136 601 1226 gratia
633 1136 1014 1227 regendum
1048 1149 1462 1227 susceperat,
1520 1136 1615 1205 nil
1652 1150 1879 1207 tamen
1929 1137 2242 1209 ambiens
2279 1136 2531 1208 terreni
2584 1140 2705 1209 ho·

148 1224 363 1303 noris,
417 1224 535 1293 sed
589 1226 817 1313 potius
852 1225 946 1315 pii
998 1227 1210 1315 patris
1258 1227 1743 1315 obtemperans
1780 1226 2183 1316 praeceptis,
2218 1227 2396 1310 Quid
2443 1227 2699 1317 plura?

146 1317 281 1383 Res
310 1313 486 1383 inibi
525 1335 701 1400 quae
748 1313 834 1383 ad
883 1314 1254 1384 Ecclesiam
1288 1315 1529 1384 attinet
1580 1336 1866 1403 propere
1912 1316 2373 1395 construitur,
2428 1316 2701 1404 antiqui

145 1403 400 1471 erroris
447 1402 678 1473 cultus
710 1403 996 1473 omnino
1029 1402 1371 1489 dejicitur,
1426 1403 1619 1472 locus
1669 1418 2066 1474 sanctorum
2122 1405 2520 1493 patrociniis
2572 1428 2701 1496 op·-

150 1490 314 1579 pido
370 1490 678 1571 dicatur,
736 1491 928 1581 plebs
976 1504 1214 1561 sancta
1276 1491 1782 1579 praedicatione
1849 1491 2343 1572 sanctificatur,
2400 1493 2475 1562 fit
2522 1498 2704 1564 Deus

151 1601 275 1668 per
315 1581 486 1649 tanti
538 1580 666 1649 viri
716 1580 1037 1650 meritum
1095 1579 1348 1669 populo
1476 1580 1825 1661 lacabilis,
1895 1581 2166 1668 sibique
2207 1580 2510 1672 populus
2556 1604 2705 1655 esse

149 1680 456 1737 meretur
503 1668 986 1758 acceptabiliS‚
1035 1668 1233 1756 ‚iuxta
1284 1602 1469 1738 illud»
1516 1668 1700 1756 quod
1752 1670 1820 1738 in
1880 1674 2082 1759 Apoc.
2158 1671 2492 1760 scriptum
2542 1668 2690 1742 est:

143 1762 228 1826 Ει
265 1759 400 1847 ipsi
428 1761 718 1848 populus
765 1761 909 1849 ejus
947 1768 1165 1837 crunt,
1219 1759 1453 1846 etipse
1485 1763 1659 1827 Deus
1693 1781 1844 1827 cum
1876 1762 1971 1845 eis
2018 1761 2147 1828 erit
2195 1782 2420 1828 eorum
2453 1765 2650 1830 Deus.

235 1847 274 1932 ξ
318 1851 410 1917 8.
465 1851 754 1916 Sanctus
800 1861 1029 1916 antem
1087 1845 1577 1926 Werenfridus‚
1639 1859 1875 1936 utpote
1911 1846 2217 1937 prudens
2265 1847 2704 1938 dispensator

145 1954 352 2019 quem
402 1935 756 2005 constituit
802 1935 1133 2004 Dominus
1182 1957 1353 2004 suus
1402 1957 1611 2025 super
1657 1935 1992 2005 familiam
2048 1958 2272 2016 suam,
2318 1936 2509 2027 gregi
2571 1943 2698 2007 Do·-

147 2022 406 2092 minico
491 2029 669 2093 Evan
723 2023 878 2092 elici
949 2022 1291 2114 dogmatis
1359 2024 1617 2093 affatim
1680 2024 2178 2095 administrans
2239 2024 2638 2095 alimoniam
2675 2082 2691 2109 ‚

145 2111 331 2198 quod
370 2112 593 2182 verbis
638 2046 953 2193 egocuit,
1005 2111 1332 2202 operibus
1379 2112 1829 2201 adimplevit:
1882 2112 2064 2200 quod
2116 2113 2404 2183 salutari
2455 2114 2698 2185 admo-

147 2200 407 2269 nitione
463 2202 919 2290 praemonuit,
977 2201 1286 2270 moribus
1333 2215 1398 2270 et
1444 2200 1777 2288 exemplis
1843 2200 2163 2275 ostendit.
2238 2204 2390 2271 Fuit
2442 2204 2697 2273 etenim

147 2288 329 2358 ultra
373 2289 546 2359 vires
571 2289 758 2359 fandi
801 2290 1140 2360 bonorum
1183 2311 1470 2379 operum
1497 2290 1916 2360 exhibitione
1966 2290 2341 2380 praedituS‚
2383 2292 2699 2361 consola-

146 2377 328 2446 tione
379 2378 729 2468 providus,
776 2378 1165 2448 humilitate
1213 2378 1387 2447 nulli
1438 2379 1991 2467 comparandus,
2038 2380 2472 2468 susceptione
2526 2402 2697 2469 pau-

147 2488 388 2567 perum
413 2467 684 2538 cunctis
716 2466 1120 2550 imitanduS‚
1151 2467 1337 2537 mitis
1368 2466 1434 2536 in
1465 2468 1723 2548 animo,
1763 2467 1991 2539 dulcis
2021 2467 2090 2537 in
2112 2466 2407 2555 eloqui0,
2437 2490 2697 2559 pernox

142 2579 213 2624 1n
269 2557 328 2624 vi
386 2556 545 2636 iliis,
598 2555 831 2627 efficax
859 2557 927 2625 in
955 2557 1270 2644 jejuniis,
1311 2555 1748 2627 solummodo
1786 2556 1923 2627 fide
1965 2558 2219 2637 vivens,
2258 2558 2417 2644 quia
2468 2557 2696 2628 'ustus

141 2668 220 2714 ex
270 2644 318 2715 fi
370 2667 406 2712 e
438 2645 637 2715 vivit:
683 2645 990 2716 incultus
1032 2648 1099 2714 in
1168 2646 1444 2727 babitu,
1501 2645 1819 2734 placidus
1867 2647 1936 2715 in
1991 2645 2224 2725 vultu,
2279 2581 2567 2716 seduius
2619 2647 2689 2715 in

140 2734 451 2804 oratione
479 2787 498 2815 ,
568 2735 919 2806 studiosus
966 2735 1035 2803 in
1088 2756 1283 2803 sacra
1318 2734 1626 2815 lectione,
1660 2734 1816 2825 jugi
1865 2735 2037 2825 legis
2086 2733 2204 2803 Dei
2246 2735 2691 2805 meditatione

138 2822 442 2903 dedituS,
495 2824 802 2893 castitate
853 2823 1291 2913 praecipuuS,
1337 2823 1649 2893 omnium
1709 2845 1795 2893 ue
1828 2845 2098 2894 morum
2149 2823 2504 2893 honestate
2535 2845 2692 2913 per-

137 2912 470 3000 spicuuS,
522 2912 1036 3001 desperantium
1099 2911 1541 2992 reformator,
1591 2912 1680 2981 do
1711 2913 1973 2981 entium
2035 2910 2460 2981 consolator:
2515 2912 2694 2994 Quia

135 3000 539 3071 dolentibus
585 3000 959 3082 condoluit,
1013 2999 1531 3070 infirmantibus
1570 3001 1990 3091 congemuit,
2038 3000 2235 3087 juxta
2285 3022 2516 3069 vocem
2561 3005 2693 3070 Do-

136 3089 349 3158 ctoris
401 3089 740 3170 Gentium,
794 3089 1088 3159 dicentis
1133 3090 1230 3179 (2.
1270 3093 1416 3160 Cor.
1461 3112 1547 3171 xi,
1577 3089 1718 3178 29):
1771 3092 1931 3172 Quis
1990 3091 2398 3179 infirmatur,
2452 3099 2515 3157 ct
2569 3112 2692 3181 eqo

132 3201 268 3246 non
312 3179 619 3266 infirmor
642 3179 677 3246 9
715 3177 869 3247 Sici
924 3179 1061 3248 itur
1097 3190 1273 3246 recto
1306 3177 1479 3247 calle
1516 3199 1637 3268 per
1674 3178 1886 3265 hujus
1928 3177 2307 3247 mundialis
2341 3175 2690 3268 naufragii

134 3264 482 3336 circulum
534 3288 698 3336 suae
734 3288 854 3356 pro
885 3266 1177 3336 essionis
1215 3266 1462 3336 direxit
1508 3267 1906 3358 remigium,
1945 3280 2022 3336 ut
2056 3265 2123 3334 id
2173 3265 2442 3336 deliciis
2481 3266 2689 3356 spiri-

135 3354 397 3425 talibus
417 3354 847 3425 honestatum
884 3355 970 3424 ad
1011 3368 1323 3424 aeternae
1347 3354 1599 3441 quietis
1627 3356 2030 3445 perduceret
2064 3354 2349 3424 feliciter
2384 3368 2683 3444 portum.

134 3442 313 3526 Quid
368 3442 438 3511 in
491 3443 698 3513 tantis
746 3444 1112 3513 morabor?
1161 3442 1288 3513 Sed
1328 3443 1559 3513 adhuc
1609 3444 1707 3512 vel
1764 3465 1986 3534 pauca
2033 3443 2117 3511 de
2169 3443 2430 3524 multiS,
2472 3446 2687 3512 causa

133 3531 557 3621 compendii,
613 3534 1068 3602 memorabor.
1108 3536 1185 3601 In
1216 3532 1343 3600 hoc
1384 3533 1571 3601 enim
1600 3533 1746 3602 viro
1778 3533 1945 3603 satis
1977 3531 2237 3601 dictum
2276 3543 2461 3620 put0,
2496 3530 2683 3619 quod

135 3620 482 3689 mundum
530 3642 688 3690 cum
724 3621 871 3690 suis
919 3620 1262 3689 illecebris
1309 3619 1667 3711 despectui
1718 3621 1960 3691 habuit
2004 3621 2311 3701 omnino,
2360 3642 2494 3689 non
2543 3619 2683 3691 nisi

134 3709 454 3779 coelestia
500 3709 842 3800 cogitavit,
895 3731 1071 3796 quae
1140 3715 1272 3779 Deo
1319 3722 1481 3778 sunt
1539 3701 1794 3799 placita
1858 3709 2206 3778 inhianter
2262 3708 2683 3799 perscrutari

137 3818 275 3865 non
322 3799 635 3877 cessavit,
689 3797 922 3867 seculo
971 3797 1227 3878 nudus,
1269 3797 1403 3867 fide
1450 3797 1731 3879 ditatuS,
1760 3796 2206 3886 corporaliter
2254 3796 2684 3866 tantumdem

136 3887 551 3956 constitutus
592 3887 661 3955 in
698 3888 919 3968 terriS,
976 3886 1428 3976 spiritualiter
1474 3886 1934 3978 proculdubio
1984 3885 2384 3955 versabatur
2431 3885 2499 3953 in
2528 3905 2685 3954 coe-

136 3973 248 4054 lis;
287 3989 361 4045 ut
392 3976 489 4045 ait
534 3975 924 4066 Apostolus:
982 3980 1220 4045 Nostra
1258 3988 1486 4044 autem
1519 3975 1944 4044 conversatio
1996 3975 2065 4042 in
2117 3974 2326 4043 coelis
2373 3985 2497 4042 est.
2549 3978 2683 4042 Nec

130 4062 300 4135 satis
332 4077 569 4135 sancto
618 4064 760 4134 viro
808 4063 1190 4143 videbatur,
1223 4064 1281 4133 si
1331 4063 1588 4132 ibidem
1629 4063 1985 4133 dumtaxat
2020 4061 2210 4132 illius
2259 4061 2520 4152 patriae
2548 4061 2685 4152 ple·

124 4152 288 4223 bem
339 4153 629 4223 Domino
678 4152 1083 4234 lucraretur,
1137 4151 1255 4222 sed
1305 4152 1682 4222 Ecclesiam
1738 4152 1808 4220 in
1853 4151 2014 4220 villa
2060 4156 2505 4220 Westervoert
2555 4171 2680 4219 no-

122 4243 396 4311 minata
426 4255 917 4324 constructam,
955 4263 1133 4329 quae
1174 4242 1241 4311 in
1294 4242 1443 4331 ipsa
1501 4241 1724 4311 Rheni
1764 4240 2078 4310 fluminis
2127 4240 2276 4330 ripa
2346 4240 2469 4310 sita
2530 4261 2683 4309 esse

119 4354 204 4412 co
262 4331 606 4413 noscitur,
665 4353 706 4399 a
753 4332 1150 4421 supradicto
1214 4330 1535 4421 pontifice
1604 4330 1736 4399 sub
1808 4350 1976 4399 cura
2024 4328 2307 4420 regendi
2374 4328 2682 4419 suscepit

123 4442 225 4510 gu
322 4420 689 4490 rnandam.
