3308 5004
227 284 417 352 ΑΗΕ.
472 286 511 350 7
874 283 875 286 ’
1065 303 1121 350 s.
1175 302 1530 352 marmus
1579 303 1937 352 minaeus
2555 288 2685 353 217

212 384 392 456 Hinc
464 389 720 456 Romae
787 405 867 454 ac
940 383 1280 475 Neapoli,
1354 406 1493 473 quo
1530 437 1549 466 ‚
1622 405 1954 455 successu
2030 384 2360 475 temporis
2390 440 2405 467 ‚
2485 386 2776 476 contigit

214 473 624 565 perrexisse,
661 472 900 543 eodem
934 472 1169 542 animo
1203 495 1283 542 ac
1311 481 1391 543 ea
1422 472 1867 543 solicitudine
1899 473 2282 556 tenebatur,
2322 487 2397 544 ut
2439 474 2775 546 nimirum

208 584 585 653 corporum
636 561 846 633 simul
894 574 960 631 et
1007 561 1399 632 animarum
1450 560 1663 632 saluti
1701 561 2100 633 consultum
2135 563 2286 645 iret,
2333 564 2774 635 infirmorum

210 651 679 723 calamitatem
730 651 1059 738 utrinque
1106 650 1394 721 leniens.
1448 655 1593 734 Quo
1632 649 1889 721 factum
1941 664 2066 732 est,
2108 665 2205 733 ut,
2259 667 2620 743 grassante
2651 658 2778 723 Ve—

212 741 423 812 netiis
474 739 862 828 pestilentia
894 794 909 821 ,
962 761 1042 810 ea
1087 739 1497 830 contagione
1545 739 2028 816 laborantibus
2076 742 2373 831 propriis
2431 742 2580 832 ipse
2628 764 2775 812 ma-

213 830 431 900 nibus
480 829 835 908 inservire,
885 851 966 898 ac
1017 826 1354 898 vilissima
1386 850 1702 918 quaeque
1749 830 2004 899 munia·
2042 843 2360 920 prompto
2390 831 2626 910 animo
2659 854 2777 922 ag·-

213 918 412 1011 gredi
452 940 583 989 non
630 917 1055 988 formidaret.
1744 928 1752 936 '

305 1011 343 1096 ξ
392 1014 481 1082 ,1.
536 1012 824 1077 Romam
901 1005 1065 1076 inde
1136 1006 1526 1096 profectus,
1579 1021 1645 1076 et
1696 1005 2097 1077 recolendae
2159 1007 2534 1077 memoriae
2594 1008 2777 1095 lulio

216 1101 406 1188 Papa
454 1101 517 1167 11
566 1096 634 1165 in
691 1095 935 1186 primis
983 1117 1210 1177 carus,
1266 1095 1444 1165 inter
1478 1095 2004 1185 protonotarios,
2059 1108 2136 1166 ut
2183 1109 2446 1176 vocant,
2496 1097 2776 1187 partici-

218 1199 469 1276 pantes
497 1185 806 1255 adscitus
843 1197 983 1265 est,
1035 1206 1273 1253 verum
1310 1197 1563 1275 postea,
1610 1183 2030 1254 secularium
2087 1206 2318 1253 rerum
2371 1199 2724 1274 pertaesus
2755 1240 2771 1267 ‚

216 1274 698 1362 abdicatisque
744 1273 1075 1344 omnibus
1109 1328 1124 1353 ‚
1196 1273 1278 1342 ad
1344 1272 1740 1344 sodalitium
1810 1274 2044 1342 Divini
2098 1275 2361 1343 Amom's
2396 1328 2411 1354 ,
2463 1274 2650 1360 quod
2697 1295 2777 1344 eo

219 1376 531 1453 tempore
579 1362 838 1433 solidae
873 1362 1145 1453 pietatis
1192 1362 1375 1432 fama
1423 1362 1689 1433 celebre
1738 1360 1807 1432 in
1851 1362 2023 1432 Urbe
2067 1376 2238 1444 erat,
2276 1361 2670 1452 aufugienS,
2705 1363 2776 1432 in

216 1474 299 1524 eo
345 1451 646 1522 adscribi
717 1451 1126 1541 suppliciter
1192 1451 1407 1543 petiit.
1478 1450 1626 1522 Voti
1676 1471 1959 1541 compos
2025 1448 2295 1532 factus,
2370 1453 2624 1522 mirum
2675 1465 2780 1522 est

216 1556 561 1629 quantum
612 1542 681 1609 in
736 1541 1064 1610 virtutum
1114 1540 1428 1611 omnium
1480 1539 1943 1610 aemulatione
1992 1553 2251 1610 ceteros
2313 1539 2772 1610 antecelleret.

218 1630 393 1701 Inde
445 1630 663 1700 sacris
709 1629 1069 1710 initiatus,
1124 1643 1188 1699 et
1237 1630 1304 1699 in
1359 1630 1648 1720 patriam
1706 1642 1856 1718 post
1903 1627 2165 1717 aliquot
2212 1627 2360 1698 dies
2410 1650 2724 1700 reversus
2755 1684 2771 1711 ,

216 1732 633 1806 conceptum
685 1718 974 1788 caelitus
1023 1718 1252 1807 ignem
1305 1718 1372 1786 in
1407 1740 1557 1788 earn
1598 1718 1786 1787 visus
1820 1730 1921 1787 est
1954 1717 2296 1798 intulisse,
2337 1717 2510 1787 nihil
2550 1717 2774 1808 magis

220 1808 543 1897 cupiens,
594 1829 803 1895 quam
856 1819 933 1877 ut
978 1805 1213 1876 eodem
1255 1807 1510 1877 civium
1552 1806 1762 1877 corda
1809 1805 2278 1876 succenderet.
2332 1807 2620 1888 Etenim,
2677 1828 2780 1875 re-

218 1896 385 1966 licta
437 1899 719 1986 paterna
752 1894 981 1973 domo,
1016 1894 1103 1963 ad
1135 1897 1637 1987 aegrotantium
1686 1895 2051 1996 publicum
2106 1894 2447 1985 hospitale
2477 1894 2773 1976 divertit,

220 1998 436 2073 atque
484 1985 660 2055 inter
696 1984 982 2055 infimae
1043 1982 1264 2073 plebis
1312 1984 1626 2055 homines
1680 2005 1751 2053 in
1793 1984 2089 2054 oratorio
2137 1983 2277 2052 divi
2331 1984 2773 2072 Hieronymi,

220 2073 411 2162 quod
465 2087 697 2165 postea
745 2095 784 2144 a
830 2074 1071 2143 Divino
1122 2077 1362 2144 Amore
1410 2072 1622 2144 voluit
1668 2073 1932 2142 dictum
1970 2127 1986 2152 ,
2037 2083 2360 2143 mutuato
2408 2073 2690 2143 nomine
2739 2094 2781 2142 a

222 2168 540 2234 Romano
586 2162 707 2233 illo
752 2162 869 2232 cui
902 2162 1052 2250 ipse
1098 2161 1402 2263 primum
1454 2183 1703 2232 nomen
1742 2161 2045 2243 dederat,
2100 2161 2351 2249 cuique
2385 2162 2515 2231 hoc
2547 2183 2782 2252 aggre-

222 2251 534 2344 gandum
571 2252 873 2332 curavit,
928 2249 1213 2320 alterius
1251 2250 1571 2339 spiritum
1614 2251 1687 2319 in
1736 2250 2029 2320 alterum
2069 2249 2548 2320 transfundere
2599 2263 2782 2320 sata·-

228 2341 457 2433 gebat,
496 2339 563 2409 id
612 2361 884 2432 semper-
933 2338 1194 2410 habens
1249 2339 1317 2409 in
1369 2339 1537 2409 votis
1568 2352 1646 2409 ut
1688 2338 1917 2429 lapsos
1965 2338 2278 2410 fidelium
2322 2359 2547 2408 mores
2576 2392 2591 2419 ‚
2642 2359 2782 2426 qua

222 2430 434 2501 verbo
465 2484 481 2512 ‚
535 2451 672 2519 qua
718 2427 1033 2520 exemplo
1067 2482 1085 2510 ,
1137 2429 1315 2498 corri
1368 2440 1529 2509 eret,
1582 2442 1789 2516 atque
1833 2428 2106 2498 animos
2154 2427 2243 2497 ad
2294 2427 2412 2496 Dei
2474 2447 2779 2496 amorem

226 2521 716 2590 inflammaret.
773 2525 939 2589 Prae
986 2518 1228 2589 ceteris
1286 2518 1304 2586 i
1416 2531 1832 2605 assequutus
1878 2529 1978 2587 est
2040 2528 2117 2587 ut
2186 2529 2778 2587 sacramentorum

225 2609 654 2696 frequentem
707 2629 912 2677 usum
965 2606 1035 2676 in
1088 2605 1360 2677 sodales
1408 2606 1738 2697 primum,
1777 2604 2030 2675 dehinc
2065 2605 2133 2674 in
2169 2605 2343 2677 alios
2377 2604 2784 2675 ferventiore

120 2750 125 2757 ·
228 2699 481 2789 spiritu
531 2695 912 2777 induceret,
971 2717 1224 2785 magno
1273 2716 1430 2765 cum
1481 2716 1723 2764 eorum
1772 2716 1922 2764 com
1978 2694 2184 2765 endio
2219 2694 2254 2729 ⁴*
2284 2749 2300 2776 ‚
2354 2695 2524 2782 qui,
2577 2694 2785 2767 elutis

226 2789 506 2857 animae
537 2784 884 2869 sordibus,
936 2784 1021 2854 ad
1072 2785 1360 2856 coeleste
1404 2784 1691 2875 epulum
1743 2804 1900 2853 acce
1950 2783 2181 2865 ebant,
2242 2783 2425 2871 quod
2479 2783 2783 2873 propriis

224 2876 377 2967 ipse
403 2876 730 2946 manibus
755 2896 960 2965 saepe
985 2872 1124 2943 illis
1158 2873 1583 2948 ministrans.
1613 2871 1988 2942 identidem
2017 2871 2099 2941 ad
2133 2872 2446 2962 ejusdem
2475 2893 2780 2944 amorem

230 2986 312 3036 ac
345 2964 549 3123 dsittim
602 2964 840 3055 ignitis
887 2962 1091 3054 plane
1136 2962 1501 3050 colloquiis
1548 2961 2017 3052 lacrymarum
2067 2961 2133 3031 vi
2178 2984 2259 3032 ac
2308 2961 2634 3053 suspiriis
2673 2962 2785 3031 in-

229 3068 336 3124 ten
394 3075 431 3123 e
485 3065 576 3122 at.
2693 3080 2700 3086 ·

315 3145 353 3231 ξ
400 3148 492 3215 ὅ.
547 3146 820 3222 Verum,
873 3145 1158 3212 Romam
1211 3161 1549 3221 reversus,
1602 3139 1773 3209 inito
1819 3160 1978 3208 cum
2033 3138 2243 3209 Paulo
2290 3143 2408 3230 Pp.
2459 3144 2563 3221 lV,
2618 3152 2784 3210 tunc

230 3231 299 3301 in
337 3230 731 3301 minoribus
778 3229 1169 3308 constituto,
1220 3234 1487 3300 Joanne
1519 3234 1716 3300 Petro
1766 3228 2026 3299 Caraffa
2075 3240 2475 3318 nuncupato
2523 3241 2589 3298 et
2636 3228 2786 3318 epi—

232 3341 442 3410 scopo
490 3320 771 3389 'reatino
815 3317 907 3398 ⁴⁴,
964 3317 1277 3399 consilio,
1329 3317 1414 3387 de
1465 3315 1887 3388 restituendo
1933 3317 2019 3387 ad
2073 3317 2433 3408 pristinam
2486 3316 2783 3387 formam

227 3408 411 3480 clero
462 3408 764 3498 cogitare
821 3407 1067 3497 coepit.
1120 3411 1344 3490 Quare
1375 3461 1390 3484 ,
1446 3406 1564 3476 illo
1613 3406 1926 3493 adjutore
1991 3406 2233 3476 accitis
2296 3405 2572 3477 duobus
2625 3405 2785 3475 aliis

229 3497 525 3567 eximiae
561 3495 831 3586 pietatis
865 3494 1029 3566 viris
1057 3516 1137 3567 ex
1170 3493 1471 3587 praefata
1505 3495 1730 3565 Divini
1763 3495 2030 3566 Amoris
2062 3493 2148 3564 de
2179 3494 2356 3564 Urbe
2397 3494 2780 3576 sodalitate,

227 3584 582 3657 Bonifacio
632 3606 880 3685 nempe
927 3606 965 3654 a
1014 3583 1195 3655 Colle
1239 3584 1455 3655 nobili
1504 3584 1985 3665 Alexandrino,
2040 3596 2106 3654 et
2143 3583 2355 3653 Paulo
2387 3583 2785 3654 consiliario

230 3678 588 3755 Romane,
643 3672 1056 3744 clericorum
1122 3672 1567 3764 Regularium
1620 3672 1944 3744 Ordinem
1994 3672 2079 3742 ad
2142 3671 2485 3743 Ecclesiae
2533 3672 2785 3763 primi-

232 3762 408 3835 tivae
449 3784 765 3833 normam
815 3762 1135 3843 instituit,
1187 3766 1310 3831 seu
1360 3763 1587 3853 potius
1647 3761 2078 3842 instauravit,
2135 3762 2255 3848 qui
2305 3760 2642 3839 videlicet,
2694 3760 2785 3830 ad

229 3873 469 3923 eorum
524 3874 784 3922 morem
848 3850 1106 3939 quibus
1164 3872 1281 3920 cor
1342 3872 1561 3920 unum
1611 3864 1680 3921 et
1725 3849 1960 3919 anima
2023 3871 2163 3920 una
2220 3848 2436 3920 fuisse
2484 3848 2781 3949 legitur,

228 3940 550 4011 abdicata
602 3962 832 4011 rerum
862 3939 1179 4010 omnium
1214 3938 1698 4029 temporalium
1733 3942 1927 4017 cura,
1973 3937 2262 4027 ipsaque
2297 3937 2788 4007 emendicandi

230 4029 727 4110 sollicitudine,
771 4050 852 4100 ex
882 4028 1049 4099 solis
1095 4027 1552 4118 eleemosynis
1600 4040 1844 4118 sponte
1881 4026 2133 4097 oblatis
2169 4027 2488 4106 viverent,
2531 4027 2786 4113 Deique

230 4118 730 4211 omnipotentis
803 4116 1351 4189 misericordiam
1417 4124 1902 4208 expectarent3
1977 4127 2182 4203 atque
2254 4116 2348 4184 ita
2419 4115 2779 4205 pristinam

288 4319 311 4341 ⁶
338 4319 494 4359 Lucro
512 4314 736 4359 celeriter
754 4317 1039 4366 comparato.
2008 4362 2016 4373 .

287 4373 342 4399 **
358 4374 424 4413 Ex
441 4372 530 4412 hoc
545 4369 701 4421 primo
725 4372 768 4409 S.
790 4371 999 4420 Csjetnui
1027 4370 1153 4409 socio
1174 4378 1322 4409 novae
1352 4368 1477 4410 cler.
1496 4367 1637 4418 Reag.
1659 4365 2017 4418 congregationi
2040 4367 2383 4407 Tusa-rixosum
2404 4375 2575 4408 nomen
2595 4368 2787 4409 factum.

234 4426 388 4466 Thaca
416 4426 534 4467 urbs
562 4423 703 4478 (alins
722 4425 861 4470 Teate,
888 4421 1170 4474 itachium,
1192 4423 1436 4472 λίπηται.
1450 4433 1495 4473 p.
1517 4423 1583 4462 δ’.
