3308 5004
192 336 339 404 ΔΗΕ.
385 338 412 402 l
740 355 822 403 ns
867 355 963 404 ss.
1015 355 1214 405 emo
1259 356 1481 406 aros-r.
1534 357 1612 405 m·
1659 356 1887 405 raom.
1939 356 2086 406 tua
2514 340 2602 406 27

190 443 384 528 Itaque
425 439 775 511 obfuscato
830 439 998 522 sole,
1045 440 1317 512 coelum
1367 453 1515 512 erat
1558 440 2051 533 caliginosum.
2119 442 2363 513 Omnis
2435 454 2691 514 natura

187 542 418 622 propter
459 529 800 600 idolorum
874 529 1222 601 culturam
1298 530 1903 619 coinquinabatur.
1970 535 2147 623 Ergo
2207 544 2560 619 tamquam
2612 532 2687 602 in

188 631 346 688 nocte
394 619 627 707 aliqua
674 639 917 690 omnes
986 619 1488 702 ambulabant,
1542 620 1752 691 rebus
1796 621 2046 690 creatis
2076 675 2092 703 ,
2146 641 2281 690 non
2333 633 2688 709 tamquam

183 708 409 789 creatis,
442 708 757 778 animum
790 707 1220 779 adhibentes.
1256 708 1593 780 videbant
1634 707 1963 798 lapidem,
1997 721 2066 779 et
2089 721 2445 797 tamquam
2474 716 2690 780 Deum

181 795 541 867 adorabant.
593 796 930 866 Videbant
994 797 1220 889 ligna,
1280 811 1346 868 et
1411 797 1530 868 illa
1579 797 1902 867 similiter
1948 796 2288 868 colebant.
2341 798 2694 871 Altissima

180 885 356 974 igitur
398 907 531 956 nox
576 885 737 956 illos
780 907 1151 977 oppressos
1184 887 1478 970 tenebat,
1516 909 1679 956 cum
1717 892 2097 957 Creatorem
2128 886 2583 978 despicerent,
2626 898 2695 958 et

176 995 265 1044 res
301 987 556 1046 creatas
586 987 1101 1046 venerarentur.
1154 979 1230 1045 In
1285 988 1420 1045 tam
1475 975 1718 1046 multis
1757 975 2059 1046 tenebris
2091 977 2283 1048 solus
2322 977 2505 1046 Elias
2552 975 2694 1046 vir-

176 1063 310 1133 tutis
354 1064 703 1135 lucernam
755 1076 1018 1145 tenena,
1056 1076 1125 1135 et
1161 1076 1515 1153 tamquam
1555 1064 1623 1134 in
1676 1063 1978 1153 quodam
2023 1065 2277 1135 montis
2306 1067 2577 1147 vertice,
2613 1066 2686 1135 in

170 1173 229 1225 sa
273 1152 505 1223 ientiae
550 1151 826 1244 fastigio
874 1153 1146 1235 sedens,
1179 1153 1453 1224 virtutis
1481 1153 1762 1241 quidem
1805 1152 2022 1222 facem
2075 1152 2523 1244 praeferebat,
2563 1154 2686 1225 sed

169 1264 233 1331 sp
254 1242 566 1312 endorem
603 1240 1018 1342 praeferens,
1073 1242 1247 1312 nihil
1288 1254 1517 1312 tamen
1566 1264 1684 1313 eos
1704 1242 2016 1332 juvabat,
2051 1264 2129 1311 eo
2167 1243 2352 1331 quod
2404 1242 2687 1313 illorum

169 1352 335 1402 mens
359 1332 659 1401 tenebris
686 1353 1018 1433 oppressa
1048 1343 1217 1413 erat,
1246 1343 1312 1401 et
1350 1328 1780 1401 idololatriae
1812 1330 2193 1401 sceleribus
2221 1330 2682 1402 detinebatur.

166 1419 679 1490 Excandescebat
725 1420 937 1511 igitur
985 1419 1190 1503 Elias,
1243 1420 1479 1490 animo
1512 1419 2013 1502 dissecabatur,
2051 1419 2582 1502 lamentabatur,
2620 1431 2691 1491 et
2735 1484 2738 1489 .

168 1508 373 1580 multis
407 1509 638 1580 verbis
669 1507 827 1578 illos
865 1509 953 1578 ab
999 1509 1353 1581 erroribus
1383 1509 1784 1580 revocabat:
1830 1509 1949 1579 sed
2003 1529 2205 1584 nemo
2245 1522 2472 1580 tamen
2523 1531 2685 1580 eum

141 1643 148 1655 ·
255 1611 516 1669 nentem
594 1597 945 1668 audiebat.
1022 1599 1472 1679 Precabatur‚
1539 1598 1659 1667 sed
1712 1619 1912 1667 nemo
1961 1598 2064 1667 illi
2140 1599 2682 1689 obtemperabat.

162 1690 225 1755 ἵε
248 1709 282 1757 o
316 1687 531 1779 igitur
561 1701 972 1769 commotus,
1025 1687 1185 1757 illos
1221 1686 1499 1757 erudire
1532 1686 1774 1769 voluit,
1821 1701 1897 1757 ut
1926 1685 2108 1757 fame
2147 1688 2300 1775 ipsa
2335 1687 2678 1768 tabefacti,

161 1796 361 1864 preces
406 1797 576 1848 suas
610 1775 885 1846 tandem
934 1776 1020 1846 ad
1058 1780 1440 1847 Creatorem
1491 1775 1965 1858 transferrent,
2017 1797 2096 1845 ac
2143 1776 2361 1847 fames
2412 1777 2685 1868 pietatis

163 1864 446 1937 materies
495 1864 639 1935 illis
687 1866 898 1935 fieret.
951 1865 1176 1948 Nihil,
1240 1865 1505 1953 inquit,
1569 1864 1760 1934 aliud
1817 1864 2133 1935 homines
2195 1866 2361 1935 istos
2406 1864 2710 1945 erudire,

161 1955 408 2039 poterit,
479 1953 618 2024 nisi
664 1953 906 2025 fames:
959 1967 1038 2025 ut
1084 1954 1187 2025 vel
1238 1954 1339 2026 sio
1409 1955 1755 2045 angustiis
1803 1953 2116 2042 undique
2174 1956 2542 2035 coarctati,
2595 1954 2684 2024 ad

159 2043 437 2113 omnium
490 2047 871 2133 Creatorem
925 2049 1137 2114 Deum
1182 2054 1632 2113 revertantur.

225 2134 257 2218 ξ
297 2136 377 2204 8.
428 2132 609 2215 Quid
660 2131 679 2200 i
739 2133 875 2202 'tur
924 2133 1146 2202 Elias?
1178 2132 1352 2201 Vivit
1394 2133 1750 2210 Dominus,
1806 2131 1864 2200 si
1898 2131 2028 2202 erit
2077 2130 2334 2220 pluvia,
2381 2131 2515 2201 nisi
2562 2152 2688 2220 per

160 2239 220 2288 os
258 2241 509 2290 meum.
567 2225 692 2290 Pro
724 2234 829 2291 ata
880 2220 1009 2292 fuit
1043 2242 1165 2292 vox
1214 2220 1407 2302 haec,
1458 2232 1526 2290 et
1572 2220 1803 2291 statim
1856 2222 1973 2290 aer
2018 2232 2324 2290 mutatus
2362 2233 2486 2290 est.
2521 2225 2683 2290 Coe·

161 2305 274 2378 lum
320 2312 603 2379 aereum
653 2308 910 2380 factum
958 2309 1124 2390 fuit,
1178 2331 1315 2379 non
1370 2322 1696 2378 naturam.
1751 2322 2053 2390 mutans,
2107 2308 2228 2378 sed
2277 2308 2674 2379 facultatem

159 2417 322 2466 suam
372 2398 757 2471 refrenans.
812 2400 1051 2469 Statim
1087 2399 1449 2479 elementa,
1506 2411 1859 2484 tamquam
1911 2398 1981 2466 in
2037 2396 2247 2467 aliam
2295 2397 2675 2485 quamdam

160 2483 418 2576 figuram
452 2510 785 2560 conversa
835 2501 1019 2559 sunt.
1059 2488 1436 2590 Prophetae
1466 2487 1707 2568 oratio,
1745 2499 2096 2574 tamquam
2150 2487 2431 2556 flamma
2466 2508 2686 2574 quae·

161 2573 310 2649 dam.
351 2577 435 2646 ad
471 2590 698 2647 terrae
733 2578 994 2648 viscera
1022 2576 1324 2649 demissa
1355 2590 1481 2655 est,
1528 2589 1593 2646 et
1622 2577 1857 2646 omnia
1890 2576 2120 2645 statim
2160 2578 2673 2657 exarescebant‚

158 2665 357 2735 omnia
383 2666 858 2748 vastabantur,
896 2666 1133 2736 omnia
1161 2665 1733 2736 destruebantur:
1775 2665 2143 2752 statimque
2175 2663 2403 2734 videre
2437 2663 2686 2735 licebat

161 2751 371 2824 herbas
409 2756 609 2846 ipsas
654 2755 1009 2837 arefactas,
1062 2756 1226 2825 item
1276 2755 1558 2824 arbores
1590 2775 1670 2823 ac
1708 2752 2001 2840 plantas,
2057 2766 2192 2822 tam
2245 2752 2549 2823 fructum
2584 2752 2683 2824 fe·-

159 2855 368 2925 rentes,
394 2865 614 2933 quam
649 2865 827 2932 quae
852 2843 1155 2914 fructum
1191 2865 1326 2913 non
1354 2842 1620 2913 ferunt:
1660 2856 1795 2911 tam
1829 2864 2006 2929 quae
2031 2841 2100 2911 in
2137 2843 2429 2931 campis,
2468 2863 2678 2929 quam

159 2949 300 3016 quae
329 2933 511 3024 apud
575 2954 761 3003 mare
789 2934 1093 3003 consitae
1125 2945 1344 3011 erant,
1374 2931 1609 3002 omnia
1645 2931 1854 3002 simul
1888 2930 2211 3013 arefacta,
2265 2952 2685 3018 omnemque

161 3032 402 3091 aetatem
430 3022 728 3112 jamjam
767 3021 1282 3098 destruendam,
1324 3042 1701 3112 puerorum
1749 3019 2335 3101 lamentationem,
2383 3034 2682 3090 matrum

162 3106 472 3192 ejulatum,
527 3124 603 3181 et
632 3110 1179 3202 desperationem
1230 3111 1546 3180 multam.
1605 3114 1751 3179 Una
1800 3109 1930 3178 fuit
1987 3108 2374 3199 Prophetae.
2408 3109 2676 3178 oratio:

165 3195 255 3293 sed
296 3199 439 3270 vide
469 3222 690 3289 quam
742 3200 963 3270 multa
1008 3200 1331 3271 effecerit.
1370 3203 1627 3271 Omnes
1676 3197 1890 3287 igitur
1949 3196 2133 3268 ferae
2182 3197 2677 3280 moriebantur,

156 3301 443 3370 Jumenta,
502 3288 737 3380 pueri,
792 3289 943 3369 viri,
1009 3288 1379 3370 animalia,
1433 3287 1747 3358 volucres
1795 3308 2075 3367 omnes,
2132 3286 2432 3374 denique
2489 3285 2681 3357 orbis

165 3381 447 3447 terrarum
497 3389 656 3448 erat
703 3377 1173 3468 naufragium,
1224 3390 1291 3446 et
1329 3376 1689 3446 calamitas
1738 3375 1889 3465 ipsa
1926 3388 2131 3444 totam
2170 3389 2421 3445 terram
2471 3396 2682 3445 occu-

168 3477 341 3547 parat.
369 3472 587 3537 Nemo
635 3466 1062 3547 servabatur,
1103 3466 1221 3536 sed
1271 3465 1575 3536 universi
1622 3477 1899 3554 propter
1921 3484 2261 3552 aquarum
2310 3464 2680 3566 penuriam

171 3553 640 3626 moriebantur:
691 3555 1099 3625 arescebant
1141 3556 1436 3646 plantae,
1492 3553 1805 3632 arbores,
1861 3552 2104 3633 fontes,
2160 3552 2378 3631 fluvii,
2433 3565 2680 3643 stagna

168 3649 218 3704 et
254 3642 544 3729 paludes,
604 3645 837 3713 omnia
870 3644 1171 3733 denique
1200 3644 1425 3735 perire
1460 3642 1893 3723 videbantur,
1937 3652 2005 3711 et
2039 3641 2429 3713 universale
2456 3641 2684 3728 quod-

170 3722 293 3825 dam
338 3732 785 3823 naufragium
820 3733 1216 3804 universam
1255 3747 1504 3803 terram
1555 3730 1945 3801 detinebat:
1986 3730 2397 3819 coelumque
2444 3730 2680 3820 ipsum

169 3819 420 3890 siccitate
461 3820 950 3894 claudebatur.
999 3822 1126 3893 Sed
1181 3821 1353 3892 nihil
1417 3835 1645 3891 tamen
1699 3820 1881 3890 Elias
1935 3819 2105 3889 haec
2166 3820 2316 3909 ipsa
2362 3819 2675 3900 curabat,

174 3920 294 3972 mm
338 3931 495 4000 prae
540 3910 717 3993 zelo,
772 3923 1126 4000 tamquam
1176 3910 1415 3980 ebrius
1444 3963 1459 3991 ,
1512 3910 1996 3979 effervescebat
2041 3922 2280 3979 contra
2335 3928 2494 3986 eos,
2556 3907 2678 3995 qui

174 3990 337 4063 Deum
384 4021 517 4070 non
560 4000 1012 4087 quaerebant.
1079 4005 1254 4091 Ergo
1312 4013 1379 4070 et
1428 3999 1804 4068 immatura
1865 4009 2053 4067 aetas
2120 3995 2676 4085 extinguebatur.

178 4080 308 4158 Quid
338 4089 502 4178 agis,
536 4090 723 4159 Elia?
752 4093 931 4169 Esto,
959 4090 1253 4180 juvenes
1292 4100 1708 4179 peccarunt:
1740 4108 1868 4157 cur
1896 4084 2195 4155 infantes
2219 4085 2389 4155 casti
2441 4088 2682 4154 antur?

180 4166 314 4266 3⁵⁸⁰,
358 4176 676 4248 homines
722 4177 1208 4266 deliquerunt:
1260 4199 1389 4247 cur
1407 4176 1727 4267 jumenta
1776 4176 1923 4265 ipsa
1959 4195 2104 4276 una
2150 4195 2310 4276 cum
2344 4107 2485 4243 illlis
2533 4195 2682 4244 mo-

187 4268 447 4333 riuntur?
488 4271 800 4337 Tantane
844 4266 1275 4337 immanitate
1299 4266 1591 4336 indutus
1615 4286 1714 4345 es,
1755 4277 1832 4333 ut
1865 4264 2182 4334 homines
2222 4263 2395 4333 mhit
2436 4263 2683 4335 cures?

190 4342 284 4416 Ron
319 4350 520 4425 babes
567 4377 880 4439 uxorem,
936 4378 1072 4426 non
1120 4355 1454 4427 infantes:
1504 4355 1594 4425 ob
1647 4353 1718 4424 id
1774 4365 2137 4444 pereuntes
2186 4352 2504 4424 homines
2552 4351 2679 4422 tibi
