3308 5004
113 332 304 398 AUG.
356 331 441 398 28
664 351 744 398 nn
790 350 844 398 s.
901 349 1504 398 AUGUSTINO·13PISC.
1556 350 1632 397 ει·
1680 350 1851 399 Ecct..
1906 351 2087 400 noer.
2449 335 2577 400 695
2642 411 2646 415 ,

114 434 199 504 ad
251 456 455 522 quem
504 455 724 522 quum
776 434 1190 506 visitandum
1248 436 1394 526 jam
1447 435 1647 504 morti
1712 438 2379 527 appropinquantem
2446 437 2668 508 venti-

115 538 326 595 tasset
363 538 429 593 et
464 523 576 593 ille
624 545 959 593 manuum
1012 536 1210 614 gestu
1257 547 1328 593 se
1376 523 1460 592 de
1508 523 1742 594 seculo
1803 527 2148 594 exiturum
2213 525 2660 615 significaret,

116 626 323 702 atque
350 636 391 682 a
424 634 495 682 se
530 612 629 682 illi
679 625 857 683 esset
885 634 1319 702 responsum,
1367 612 1595 682 adhuc
1626 635 1784 682 eum
1820 613 2158 684 Ecclesiae
2200 615 2666 685 necessarium

114 704 339 773 vivere
375 723 593 792 posse,
649 701 890 782 illum,
950 723 1032 771 ne
1082 713 1438 792 putaretur
1488 703 1698 792 hujus
1752 702 1926 772 vitae
1976 702 2190 772 teneri
2236 703 2659 794 cupiditate,

117 790 558 881 respondisse
604 790 712 859 ei:
761 791 826 859 Si
894 810 1317 877 numquam,
1375 790 1586 860 bene:
1641 792 1709 861 Si
1757 791 2180 879 aliquando,
2234 814 2447 879 quare
2526 813 2663 862 non

122 881 374 949 modo?
436 884 512 948 Et
562 879 762 949 talem
837 880 1241 949 sententiam
1323 881 1707 949 mirabatur
1781 892 1846 949 et
1911 878 2233 950 laudabat
2310 881 2662 951 bominem

120 969 508 1060 protulisse,
566 973 773 1037 Deum
825 967 1104 1055 quidem
1152 969 1526 1049 timentem,
1581 983 2050 1038 verumtamen
2103 970 2170 1037 in
2226 968 2383 1038 villa
2427 983 2667 1041 natum

114 1071 181 1128 et
230 1059 563 1127 nutritum
604 1111 618 1136 ,
679 1057 796 1127 sed
861 1061 994 1126 non
1050 1057 1266 1127 multa
1318 1057 1625 1127 lectionis
1698 1057 2045 1126 eruditum
2097 1058 2407 1128 scientia,
2483 1057 2664 1128 Illud

116 1149 320 1218 etiam
372 1145 740 1237 cujusdam
812 1148 1228 1237 aegrotantis
1287 1146 1547 1215 dictum
1623 1146 1949 1215 afferebat
1998 1147 2338 1237 Episcopi,
2392 1146 2477 1216 de
2526 1169 2664 1235 quo

115 1250 399 1307 sanctus
433 1237 499 1303 in
541 1234 828 1325 epistola
876 1257 1027 1316 sua,
1080 1257 1288 1322 quam
1340 1234 1423 1304 de
1460 1235 1867 1312 mortalitate
1916 1236 2216 1324 scripsit,
2253 1247 2512 1325 martyr
2542 1242 2661 1326 Cy·

116 1326 407 1417 prianus
455 1325 546 1392 ita
583 1322 835 1403 retulit,
889 1323 1163 1392 dicens:
1220 1329 1383 1393 Cum
1428 1324 1709 1410 quidam
1748 1324 1833 1393 de
1883 1323 2165 1425 collegis
2204 1338 2269 1393 et
2306 1346 2664 1395 consacer-

115 1415 395 1484 dotibus
443 1413 696 1482 nostris
731 1411 1130 1481 infirmitate
1158 1412 1492 1491 defessuS,
1544 1427 1608 1482 et
1657 1412 1741 1481 de
1798 1417 2399 1504 appropinquante
2449 1427 2663 1483 morte

114 1504 450 1580 solicituS,
505 1513 965 1571 commeatum
1016 1501 1148 1569 sibi
1200 1514 1614 1592 precaretur,
1650 1502 1911 1571 adstitit
1958 1502 2375 1591 deprecanti,
2419 1516 2484 1571 et
2513 1503 2673 1592 jam,

117 1615 293 1684 pene
336 1590 649 1659 morienti
700 1590 1000 1677 juvenis,
1061 1590 1316 1659 honore
1370 1603 1435 1660 et
1494 1593 1838 1678 majestate
1889 1591 2325 1670 venerabilis,
2399 1594 2666 1662 statura

115 1681 345 1750 celsus
381 1736 395 1760 ,
460 1693 526 1748 et
573 1679 804 1749 clarus
852 1679 1228 1768 adspectu,
1282 1691 1347 1748 et
1392 1701 1595 1765 quem
1662 1680 2042 1750 adstantem
2097 1680 2227 1749 sibi
2281 1681 2389 1750 vix
2441 1692 2669 1771 posset

117 1770 472 1839 humanus
520 1768 886 1856 adspectus
953 1767 1174 1837 oculis
1221 1768 1616 1838 carnalibus
1688 1769 1990 1848 intueri,
2047 1769 2178 1838 nisi
2226 1769 2407 1856 quod
2463 1770 2665 1839 talem

119 1860 351 1928 videre
390 1859 534 1945 jam
590 1869 845 1946 poterat
877 1856 960 1925 de
991 1857 1221 1926 seculo
1274 1880 1692 1926 recessurus.
1725 1863 1936 1945 Atque
1987 1856 2100 1926 ille
2134 1879 2265 1926 non
2319 1859 2468 1926 sine
2497 1880 2667 1945 qua-

124 1948 284 2016 dam
338 1945 551 2014 animi
600 1959 664 2013 et
715 1946 898 2014 vocis
948 1947 1422 2037 indignatione
1468 1947 1826 2016 infremuit
1864 1959 1928 2016 et
1960 1946 2156 2016 dixit:
2197 1948 2335 2016 Pati
2386 1947 2664 2027 timetis»,

126 2036 310 2104 exire
351 2057 483 2103 non
538 2034 790 2108 vultis:
843 2035 1005 2121 quid
1062 2036 1304 2104 faciam
1346 2035 1588 2105 vobis?

210 2127 247 2211 ξ
293 2128 439 2195 87.
493 2129 657 2191 Ante
707 2125 1097 2213 proximum
1149 2146 1304 2192 vero
1352 2124 1532 2217 diem
1580 2125 1999 2193 infirmitatis
2045 2123 2275 2194 obitus
2323 2123 2457 2202 sui,
2513 2146 2552 2191 a
2593 2145 2664 2194 se

128 2212 415 2281 dictatos
474 2224 539 2282 et
585 2212 805 2283 editos
845 2213 1187 2282 recensuit
1229 2212 1462 2294 libros,
1516 2214 1657 2283 sive
1696 2236 1811 2282 eos
1871 2234 2045 2300 quos
2096 2215 2316 2301 primo
2368 2227 2670 2301 tempore

125 2301 591 2371 conversionis
640 2323 805 2370 suae
845 2302 1073 2370 adhuc
1126 2301 1377 2382 laicus,
1451 2303 1589 2371 sive
1649 2319 1822 2388 quos
1875 2302 2251 2402 presbyter,
2306 2302 2445 2370 sive
2493 2323 2668 2385 quos

122 2387 531 2482 Episcopus,
579 2389 987 2460 dictaverat:
1048 2402 1113 2459 et
1159 2412 1636 2477 quaecumque
1705 2392 1770 2459 in
1821 2390 1930 2458 his
1981 2390 2371 2479 recognovit
2418 2388 2658 2469 aliter,

122 2501 328 2567 quarn
384 2501 530 2550 sese
588 2479 870 2549 haberet
938 2479 1410 2548 Ecclesiastica
1480 2478 1738 2569 regula,
1792 2502 1828 2548 a
1897 2500 1969 2547 se
2020 2477 2229 2548 fuisse
2301 2477 2552 2547 dictata
2602 2491 2667 2546 et

121 2570 257 2638 scri
320 2585 402 2648 ta,
461 2590 621 2638 curn
652 2569 884 2638 adhuc
926 2569 1477 2637 Ecclesiasticum
1522 2591 1725 2636 usum
1763 2568 1993 2638 minus
2034 2568 2259 2646 sciret,
2299 2568 2669 2653 minusque

120 2593 578 2757 intell-igeret,
633 2681 672 2725 a
719 2658 1086 2747 semetipso
1147 2671 1211 2727 et
1280 2657 1691 2748 reprehensa
1739 2669 1805 2726 et
1867 2671 2167 2727 correcta
2238 2668 2422 2727 sunt.
2478 2655 2670 2725 Unde

118 2747 323 2815 etiam
377 2746 515 2815 duo
577 2746 989 2834 conscripsit
1039 2747 1410 2826 volumina,
1464 2767 1757 2832 quorum
1809 2760 1908 2814 est
1971 2744 2237 2824 titulus,
2295 2746 2395 2813 De
2443 2755 2665 2813 retra·
2759 2766 2764 2771 ·

120 2837 409 2903 ctatz'one
450 2834 549 2903 vel
603 2837 997 2904 recensione
1040 2835 1399 2904 librorum.
1455 2839 1852 2922 Praereptos
1901 2835 2104 2903 etiam
2147 2833 2280 2903 sibi
2329 2833 2667 2920 quosdam

121 2923 336 2992 libros
403 2936 557 2992 ante
631 2923 1134 3013 diligentiorem
1207 2922 1756 2991 emendationem
1809 2946 1848 2991 a
1918 2923 2274 2991 nonnullis
2341 2921 2676 2991 fratribus

104 3012 693 3098 conquerebatur,
728 3013 883 3083 licet
921 3036 1036 3082 eos
1070 3012 1504 3101 postmodum
1535 3012 1990 3081 emendasset.
2021 3016 2127 3092 ,Im
2143 3010 2434 3100 perfecta
2459 3010 2664 3079 etiam

116 3100 457 3188 quaedam
512 3100 844 3170 librorum
896 3124 1179 3170 suorum
1212 3157 1226 3182 ,
1287 3114 1693 3190 praeventus
1746 3116 1980 3179 morte,
2051 3100 2346 3187 reliquit.
2401 3100 2670 3186 Quique

119 3189 446 3279 prodesse
475 3190 801 3260 omnibus
850 3191 1104 3269 volens,
1137 3202 1200 3259 et
1234 3188 1617 3260 volentibus
1665 3189 1878 3259 multa
1924 3190 2254 3258 librorum
2307 3188 2552 3279 legere,
2605 3202 2670 3257 et

124 3302 257 3349 non
314 3278 741 3357 valentibuS,
796 3289 876 3347 ex
951 3292 1241 3365 utroque.
1290 3279 1522 3347 divino
1571 3285 1998 3349 Testamento
2073 3277 2275 3346 veteri
2329 3292 2393 3346 et
2444 3298 2613 3346 novo
2648 3333 2663 3357 ‚

120 3368 500 3459 praemissa
552 3368 993 3454 praefatione,
1054 3382 1410 3458 praecepta
1475 3368 1710 3436 divina
1759 3389 1882 3437 seu
1936 3368 2159 3445 vetita,
2198 3366 2282 3435 ad
2343 3367 2514 3436 vitae
2566 3387 2672 3434 re-

118 3457 356 3547 gulam
413 3457 843 3545 pertinentia,
899 3456 1255 3546 excerpsit,
1289 3472 1514 3544 ·atque
1561 3480 1640 3525 ex
1692 3456 1799 3525 his
1846 3478 2060 3525 unum
2114 3455 2421 3525 codicem
2467 3454 2662 3524 fecit:

121 3560 193 3614 ut
240 3545 363 3632 qui
417 3543 634 3625 vellet,
675 3545 948 3634 legeret:
994 3560 1198 3633 atque
1249 3547 1314 3614 in
1358 3569 1459 3622 eo,
1517 3546 1615 3614 vel
1674 3568 1880 3632 quam
1933 3544 2260 3614 obediens
2313 3550 2464 3622 Deo,
2520 3544 2669 3613 ino-

122 3634 486 3707 bediensve
519 3648 717 3713 esset,
748 3650 1167 3723 agnosceret:
1200 3650 1264 3707 et
1290 3636 1415 3704 hoc
1464 3657 1639 3725 opus
1672 3634 1885 3703 voluit
1909 3637 1955 3703 S
2005 3637 2270 3702 eculum
2291 3631 2662 3722 appellare.

209 3727 244 3809 ξ
292 3728 445 3795 88.
502 3727 746 3791 Verum
812 3725 996 3793 brevi
1054 3725 1498 3811 consequenti
1559 3738 1861 3812 tempore
1981 3724 2159 3790 ivina
2213 3722 2558 3790 voluntate
2606 3735 2672 3788 et

130 3818 451 3898 potestate
505 3811 831 3900 provenit,
875 3826 948 3882 ut
978 3835 1225 3881 manus
1265 3814 1529 3902 ingens,
1574 3811 1866 3882 diversis
1905 3811 2053 3879 telis
2088 3826 2351 3879 armata
2380 3824 2444 3878 et
2476 3808 2671 3877 bellis

129 3901 507 3979 exercitata3
564 3901 971 3970 immanium
1027 3901 1327 3970 hostium
1395 3900 1856 3970 vandalorum
1905 3914 1970 3970 et
2020 3901 2429 3980 alanorum,
2483 3919 2672 3967 com-

134 3989 404 4058 mixtam
458 4012 692 4059 secum
745 3990 1071 4060 habentes
1121 3991 1524 4061 Gotthorum
1591 4004 1900 4080 gentem,
1963 3989 2398 4074 aliarumque
2448 3986 2675 4055 diver-

135 4095 358 4146 sarum
436 4080 744 4168 gentium
793 4101 1158 4168 personas,
1213 4102 1292 4148 ex
1363 4080 1735 4167 Hispaniae
1803 4079 2114 4166 partibus
2175 4076 2672 4147 transmarinis

136 4167 418 4262 navibus
468 4168 723 4237 Africae
775 4168 1156 4236 influxisset
1182 4183 1247 4238 et
1296 4169 1629 4247 irruisset,
1663 4168 2124 4254 universaque
2168 4189 2286 4254 per
2320 4165 2461 4234 loca
2495 4170 2673 4234 Mau·

139 4257 561 4336 ritaniarum‚
601 4258 805 4326 etiam
848 4257 933 4326 ad
967 4257 1138 4326 alias
1187 4271 1453 4326 nostras
1504 4258 1845 4327 transiens
1891 4256 2283 4347 provincias
2340 4269 2405 4323 et
2459 4255 2680 4345 regio-

139 4361 278 4422 neS,
328 4347 515 4414 omni
580 4347 889 4418 saeviens
937 4345 1341 4415 crudelitate
1387 4361 1451 4415 et
1490 4346 1865 4428 atrocitate,
1918 4359 2171 4415 cuncta
2219 4366 2396 4430 quae
2461 4344 2679 4429 potuit

137 4432 603 4520 expoliatione,
657 4436 1011 4518 caedibus,
1051 4435 1477 4523 diversisque
1518 4436 1915 4516 tormentis,
1962 4433 2330 4515 incendiiS,
2385 4432 2722 4521 aliisque.
