3308 5004
207 353 398 420 AUG.
456 353 539 417 ⁴2
2538 349 2668 414 269

790 573 1029 676 VITA
1097 573 1178 676 S.
1249 572 1652 674 CLARAE
1728 569 2178 673 VlRGlNlS

1103 813 1441 862 mucuns
1488 811 1877 862 CONSPICUAE

568 978 760 1026 JUSSU
810 977 1163 1026 ALEXANnm
1210 977 1273 1024 1v
1324 975 1674 1025 PONTIFICIS
1722 975 1943 1022 nAxntt
1996 972 2400 1032 CONSCRIPTA,

325 1085 453 1134 CUM
499 1085 628 1132 mn
674 1085 740 1132 IN
788 1077 1062 1133 §.meus
1110 1081 1509 1142 RETULlssm,
1562 1081 1734 1130 ANNO
1781 1081 1861 1129 AB
1909 1080 2059 1129 Esus
2100 1080 2287 1129 OBITU
2336 1078 2640 1128 SECUNDO.

1007 1263 1194 1320 Obiit
1236 1276 1414 1319 anno
1455 1263 1609 1318 1257
1650 1292 1727 1303 —
1767 1261 1972 1317 Itala.

301 1452 660 1516 PRoLoous.
700 1445 909 1529 Quasi
947 1455 1242 1514 veterata
1279 1443 1523 1515 mundi
1565 1446 1838 1513 senecta
1873 1455 2182 1532 urgente,
2222 1441 2385 1511 fidei
2424 1440 2765 1531 caligabat

210 1535 431 1616 visus»,
469 1556 739 1605 morum
776 1534 1060 1604 nutabat
1088 1555 1392 1624 gressus,
1449 1532 1915 1603 marcescebat
1949 1530 2252 1600 virilium
2290 1552 2576 1620 operum
2626 1529 2766 1599 ior-

213 1623 483 1694 titudo:
536 1623 850 1711 quinimo
917 1622 1136 1692 faeces
1184 1636 1619 1723 temporum,
1675 1620 1860 1690 faece
1909 1620 2515 1690 commutabantur
2560 1620 2767 1688 etiam

216 1713 587 1793 vitiorum;
640 1733 797 1780 cum
857 1723 1123 1781 amator
1160 1712 1525 1780 hommum
1579 1714 1798 1790 DeuS,
1853 1731 1934 1779 ex
1983 1730 2148 1778 suae
2197 1708 2469 1799 pietatis
2516 1728 2768 1777 arcano

215 1822 574 1871 sacrorum
627 1799 962 1870 Ordinum
1014 1800 1359 1871 suscitans
1380 1798 1803 1878 'novitatem,
1858 1796 2156 1888 providit
2203 1819 2325 1888 per
2352 1817 2469 1866 eos
2508 1810 2571 1866 et
2606 1795 2771 1865 fidei

215 1889 731 1968 fulcimentum,
766 1899 830 1957 et
863 1887 1320 1958 reformandis
1357 1887 1671 1957 moribus
1719 1885 2191 1976 disciplinam.
2247 1884 2542 1955 Dixerim
2588 1897 2769 1955 certe

216 1978 589 2048 modernos
623 1990 851 2067 patres
897 1999 1056 2047 cum
1109 1976 1273 2046 viris
1306 1976 1757 2064 sequentibus
1793 1974 2167 2046 luminaria
2201 1974 2411 2056 orbis,
2451 1972 2596 2043 viae
2637 1972 2771 2042 du-

218 2078 464 2148 ctores,
518 2067 693 2135 vitae
753 2066 1156 2157 magistros:
1202 2067 1273 2135 in
1323 2066 1580 2152 quibus
1618 2063 2045 2140 meridianus
2095 2061 2323 2152 fulgor
2373 2061 2633 2132 mundo
2682 2061 2768 2131 ad

222 2177 579 2246 vesperam
629 2155 1080 2235 consurrexit,
1136 2170 1213 2225 ut
1261 2153 1492 2223 lumen
1548 2153 1855 2222 viderent
1893 2152 2013 2240 qui
2054 2151 2124 2220 in
2177 2150 2475 2221 tenebris
2526 2150 2773 2219 ambu-

225 2244 393 2314 lant.
448 2248 580 2314 Nec
620 2243 849 2313 decuit
897 2242 1301 2313 infirmioris
1351 2264 1551 2312 sexus
1599 2241 2027 2329 adjutorium
2061 2239 2195 2310 sibi
2243 2240 2523 2309 deesse:
2563 2261 2770 2327 quem

224 2332 541 2403 libidinis
580 2332 853 2423 gurgite
885 2333 1366 2422 interceptum,
1406 2353 1539 2401 non
1583 2331 1816 2400 minus
1849 2328 1934 2399 ad
1991 2328 2417 2419 peccandum
2463 2327 2774 2397 trahebat

223 2420 564 2512 voluptaS‚
599 2432 665 2489 et
700 2421 919 2512 magis
967 2420 1133 2490 satis
1163 2419 1499 2512 fragilitas
1549 2419 1969 2511 impellebat.
2017 2417 2384 2487 Suscitavit
2417 2429 2774 2508 propterea

275 2514 385 2580 ius
412 2515 591 2580 Deus
622 2510 955 2600 virginem
1009 2509 1462 2580 venerabilem
1516 2508 1809 2588 Claram,
1852 2520 2054 2595 atque
2093 2508 2164 2576 in
2200 2529 2277 2577 ea
2309 2506 2773 2577 clarissimam

252 2600 549 2669 oeminis
596 2598 952 2668 lucernam
1002 2598 1358 2668 accendit:
1415 2619 1622 2685 quam
1675 2612 1740 2667 et
1788 2610 1863 2666 tu
1910 2601 2091 2687 Papa
2141 2596 2533 2667 beatissime
2584 2607 2776 2684 pater

223 2709 435 2778 super
467 2686 960 2757 candelabrum
999 2709 1284 2777 ponens,
1340 2700 1420 2757 ut
1452 2686 1678 2756 luceat
1723 2685 2053 2755 omnibus
2083 2685 2202 2771 qui
2234 2686 2304 2753 in
2341 2684 2546 2753 domo
2582 2694 2769 2764 sunt,

219 2779 472 2846 virtute
505 2790 912 2868 percogente
947 2776 1331 2867 signorum,
1390 2780 1797 2845 Sanctorum
1842 2772 2159 2864 Catalogo
2191 2772 2622 2862 adscripsisti
2657 2827 2671 2841 .
2708 2822 2723 2838 .
2755 2827 2771 2841 .

222 2870 399 2936 Sane
449 2864 711 2955 placuit
762 2864 1224 2935 Dominationi
1273 2877 1559 2945 vestrae,
1620 2883 1811 2933 meae
1850 2862 2170 2953 parvitati
2227 2861 2596 2952 injungere
2630 2915 2645 2941 ,
2699 2872 2777 2930 ut

219 2954 581 3025 recensitis
615 2955 885 3024 actibus
913 2958 978 3024 S.
1013 2954 1268 3034 Clarae,
1311 2952 1698 3044 Legendam
1726 2951 1877 3042 ejus
1915 2951 2320 3020 formarem:
2359 2971 2536 3041 opus
2565 2961 2769 3029 certe,

219 3043 408 3131 quod
451 3064 603 3112 mea
639 3042 934 3113 multum
973 3043 1240 3113 ruditas
1279 3040 1717 3121 formidabat,
1767 3040 1900 3109 nisi
1937 3039 2356 3131 pontificalis
2403 3037 2779 3108 auctoritas

220 3133 513 3202 verbum
567 3154 801 3201 coram
853 3134 1072 3221 posito
1122 3133 1368 3201 iterum
1421 3142 1623 3217 atque
1672 3130 1924 3199 iterum
1975 3130 2352 3219 repetisset.
2398 3127 2619 3217 Igitur
2669 3147 2781 3195 me

221 3221 563 3311 colligens
591 3219 678 3289 ad
715 3219 1147 3303 mandatum,
1204 3241 1327 3289 nec
1378 3231 1567 3289 tutus
1618 3240 1740 3309 per
1786 3239 1867 3287 ea
1917 3217 2306 3308 procedere,
2368 3237 2544 3304 quae
2595 3213 2781 3284 defe-

220 3311 401 3379 ctiva
437 3309 764 3399 legeram,
803 3309 889 3378 ad
922 3309 1142 3380 socios
1174 3308 1353 3378 beati
1384 3307 1757 3389 Francisci,
1797 3320 2002 3393 atque
2028 3306 2112 3376 ad
2147 3307 2376 3397 ipsum
2407 3303 2779 3395 collegium

220 3399 579 3489 virginum
620 3398 868 3467 Christi
924 3398 1232 3487 perrexi,
1287 3396 1681 3484 frequenter
1722 3394 1893 3465 illud
1946 3394 2151 3465 corde
2211 3393 2585 3475 revolvens,
2642 3414 2780 3461 non

223 3486 510 3558 licuisse
556 3486 941 3573 antiquitus
991 3486 1344 3555 historiam
1399 3500 1641 3568 texere,
1688 3485 1824 3556 nisi
1873 3484 1960 3554 iis
1992 3484 2113 3572 qui
2165 3484 2520 3564 vidissent,
2575 3495 2693 3551 aut
2741 3503 2782 3550 a

225 3575 625 3645 videntibus
655 3574 1106 3665 accepissent.
1162 3574 1279 3655 lis,
1332 3575 1648 3663 inquam,
1707 3573 1985 3643 veritate
2033 3573 2307 3665 praevia
2341 3593 2501 3641 cum
2538 3571 2783 3640 timore

226 3664 502 3733 Domini
538 3663 812 3753 plenius
847 3664 1375 3745 instruentibuS,
1406 3663 1641 3751 aliqua
1674 3662 1832 3732 colli
1884 3684 2031 3742 enS,
2067 3677 2131 3731 et
2162 3661 2365 3752 plura
2397 3660 2777 3739 dimittenS,

230 3751 439 3840 plano
483 3751 660 3840 stylo
706 3751 741 3787 ⁴*
782 3752 1209 3822 transcurri:
1262 3763 1340 3821 ut
1385 3753 1552 3840 quia
1602 3773 1852 3853 magna
1887 3752 1953 3821 ia
1983 3751 2311 3841 Virgini5‚
2348 3748 2651 3839 virgines
2693 3746 2785 3816 le-

234 3861 388 3928 gere
417 3840 809 3922 delectabit,
843 3841 1038 3913 rudis
1069 3840 1524 3932 intelligentia
1559 3863 1696 3910 non
1734 3840 2062 3921 inveniat,
2101 3839 2223 3909 ubi
2257 3859 2381 3930 pro
2415 3837 2783 3907 verborum

234 3930 501 4000 ambitu
564 3930 1011 4000 tenebrescat.
1088 3934 1477 4017 sequantur
1535 3951 1699 4019 ergo
1752 3929 1880 3997 viri
1936 3928 2120 3997 viros
2180 3927 2380 3997 Verbi
2442 3924 2784 3994 incarnati

235 4037 442 4088 novos
467 4018 875 4107 discipulos.
903 4020 1268 4089 Imitentur
1291 4017 1629 4088 foeminae
1657 4016 1947 4097 Claram,
1976 4017 2092 4085 Dei
2123 4015 2363 4085 matris
2388 4014 2774 4104 vestigium,

236 4127 479 4177 novam
517 4108 949 4197 capitaneam
1000 4106 1458 4177 mulierum...
1503 4105 1740 4176 Valere
1787 4127 1905 4175 vos
1959 4103 2162 4173 faciat
2201 4103 2534 4174 Dominus
2580 4108 2785 4173 Jesus

235 4194 546 4266 Christus
583 4218 769 4266 nunc
801 4211 866 4266 et
897 4197 966 4264 in
1004 4217 1275 4276 aevum,
1309 4200 1546 4264 Amen.

279 4395 303 4416 ⁵
328 4396 466 4436 Plano
496 4394 591 4435 sibi
616 4390 752 4433 visus
774 4394 849 4433 est
878 4396 1042 4434 auctor
1070 4395 1183 4445 stylo
1211 4395 1308 4437 uti:
1338 4393 1420 4433 sed
1442 4389 1733 4442 ineleganter
1763 4392 1970 4432 tumidae
1992 4393 2039 4431 et
2067 4391 2199 4431 tricia
2220 4391 2420 4431 refertae
2440 4390 2660 4433 dictionis
2683 4399 2787 4431 ver-

224 4448 499 4493 bositntem.
526 4447 619 4487 huc
648 4448 763 4488 mne
792 4448 1046 4489 resecando
1075 4452 1123 4488 et
1151 4446 1489 4491 contrahendo,
1518 4447 1735 4487 nonnihil
1757 4446 1975 4488 cohibere
2005 4446 2269 4488 debuimus.
2298 4445 2441 4487 Plura
2468 4442 2582 4486 item
2610 4455 2665 4487 ex
2694 4454 2789 4485 me·

230 4498 345 4541 llort
369 4502 493 4550 apud
523 4501 738 4542 Bolland.
768 4500 991 4542 Lectione
1020 4498 1375 4552 castigavimus.
