3308 5004
737 327 866 395 702
1505 344 1586 391 nt
1633 344 1690 392 s.
1743 343 2011 393 summo
2059 277 2348 392 narras
2864 325 3062 394 ΑΗΕ.
3105 328 3179 394 28

815 434 896 500 2.
946 434 1023 500 In
1076 429 1222 499 loco
1271 442 1496 498 autem
1536 428 1678 508 illo,
1716 450 1854 515 quo
1901 429 2145 498 beatus
2175 443 2435 517 martyr
2465 442 2569 499 est
2598 450 3004 520 percussuS,
3047 429 3180 500 fons

644 520 731 589 ha
828 533 942 588 tur
973 516 1409 610 splendidus,
1465 516 1656 599 levis,
1725 517 2052 587 dulcibus
2101 519 2302 604 aquis
2349 518 2768 600 uberrimus,
2821 519 2891 586 in
2943 541 3096 606 quo
3132 535 3182 587 et

645 632 685 679 a
724 608 1280 699 persecutoribus
1320 619 1527 695 caput
1576 619 2009 695 amputatum
2044 606 2361 676 ablutum
2411 619 2536 686 est,
2582 607 2668 676 de
2697 608 2962 694 quibus
2997 609 3181 694 aquis

645 697 902 768 multae
935 698 1261 767 sanitates
1294 695 1700 766 tribuuntur
1730 696 2053 765 infirmis.
2106 700 2273 765 Nam
2311 718 2515 785 saepe
2560 717 2922 766 caecorum
2980 698 3176 770 oculi.

643 787 732 857 ab
779 785 889 855 his
940 785 1121 867 tacti,
1175 784 1549 854 illuminati
1591 797 1785 854 sunt:
1843 786 2291 854 tertianarum
2340 800 2836 872 quartanarum
2891 784 3177 855 febrium

643 875 1009 945 ardoribus
1056 873 1352 952 accensi,
1408 885 1482 941 ut
1532 886 1864 961 potatum,
1971 873 2036 941 ui
2092 874 2468 961 patiuntur,
2526 874 2805 954 iverint,
2860 875 3182 961 conquie-

642 976 869 1035 scunt.
936 969 1102 1033 Nam
1152 977 1218 1032 et
1283 961 1341 1030 si
1408 962 1565 1049 quis
1615 962 1807 1052 gravi
1870 961 1932 1031 la
1986 984 2191 1030 orans
2249 962 2734 1042 incommodo,
2803 962 3179 1052 inspirante

645 1065 943 1141 martyre
989 1051 1408 1122 desiderium
1478 1049 1797 1119 habuerit
1859 1050 2269 1133 hauriendi,
2326 1051 2640 1141 protinus
2701 1067 2777 1121 ut
2828 1052 3174 1130 hauserit,

641 1141 1100 1211 convalescit:
1153 1154 1219 1210 et
1265 1139 1357 1210 ita
1407 1140 1727 1210 velociter
1770 1140 2198 1230 extinguitur
2247 1141 2345 1210 vis
2395 1140 2738 1221 febrium,
2791 1163 2927 1210 ceu
2997 1143 3058 1210 si
3102 1142 3178 1209 vi-

639 1230 805 1331 deas
852 1252 1061 1331 super
1107 1230 1527 1299 immensum
1581 1251 1824 1318 rogum
1880 1228 2203 1319 projectis
2252 1229 2458 1298 undis
2495 1229 2812 1298 incendia
2864 1232 3175 1300 universa

640 1331 852 1388 restin
910 1341 1006 1389 ut.
1786 1335 1790 1340 ’

728 1410 767 1495 ἓ
813 1341 907 1479 §g
952 1413 1106 1477 Post
1154 1406 1545 1497 passionem
1616 1427 1772 1475 vero
1823 1407 1997 1476 beati
2073 1406 2395 1494 martyris
2442 1429 2522 1475 ac
2580 1406 2762 1475 fama
2817 1420 3176 1497 praeeunte

641 1495 726 1565 de
774 1496 1084 1577 senibus,
1127 1496 1282 1582 qui,
1336 1496 1503 1565 dum
1558 1510 1839 1564 sanctus
1887 1509 2079 1566 artus
2128 1495 2524 1583 sepulturae
2567 1496 3016 1577 mandarent,
3068 1497 3176 1566 sor·

642 1585 927 1655 titudini
978 1585 1307 1673 pristinae
1354 1582 1612 1652 fuerint
1664 1585 1978 1664 restituti,
2037 1584 2252 1685 muolta
2285 1585 2379 1655 ibi
2423 1583 2755 1654 beneficia
2797 1601 3174 1675 expetentes

639 1673 1157 1760 credentesque,
1192 1672 1593 1762 indulgente
1623 1689 1943 1762 martyre,
1983 1688 2526 1760 consequuntur.
2566 1678 2656 1743 De
2679 1675 2956 1761 quibus
2987 1697 3171 1765 pauca

640 1762 1124 1852 perstringenti
1177 1761 1508 1851 deprecor
1543 1763 1809 1831 veniam
1843 1762 2244 1842 condonari,
2281 1762 2462 1850 quod
2503 1785 2611 1832 me
2659 1765 2907 1833 nninus
2945 1767 3043 1833 vel
3080 1786 3170 1855 pe-

642 1852 880 1933 ritum,
936 1852 1035 1921 vel
1088 1851 1409 1920 idoneum
1464 1849 1546 1918 ad
1608 1851 1777 1920 baec
1829 1850 2169 1921 narranda
2220 1873 2599 1941 cognosco,
2655 1873 2780 1921 nec
2843 1855 3166 1923 imbutum

690 1941 1113 2010 rammaticis
1159 1940 1450 2017 artibus,
1509 1959 1633 2007 nec
1685 1939 1899 2009 literis
1949 1940 2352 2010 liberalibus
2398 1941 2778 2010 eruditum.
2837 1942 2972 2011 Sed
3021 1940 3160 2028 quid

666 2029 840 2107 acio,
895 2029 1075 2116 quod
1131 2027 1423 2117 impellit
1473 2050 1580 2096 me
1628 2050 1823 2098 amor
1872 2029 2163 2120 patroni,
2219 2041 2292 2098 ut
2345 2051 2675 2116 nequeam
2733 2030 2908 2099 haec
2950 2031 3168 2100 silere?

639 2119 922 2189 Vinctus
953 2117 1236 2204 quidam
1291 2117 1376 2185 ab
1409 2116 1738 2217 Hispanis
1793 2132 1857 2186 et
1902 2120 2158 2187 carceri
2211 2117 2508 2197 dedituS,
2565 2116 2647 2187 ad
2692 2122 3160 2208 Imperatorem

639 2206 908 2275 Treveri
953 2228 1111 2276 cum
1162 2205 1442 2294 capitali
1489 2205 1916 2292 diiudicatus
1966 2208 2298 2276 sententia
2351 2208 2729 2277 tenebatur.
2785 2208 2978 2290 Quod
3025 2229 3163 2276 con-

634 2295 757 2386 jux
806 2294 996 2364 illius
1055 2295 1455 2384 cognitum,
1525 2294 1692 2363 dum
1762 2295 2107 2365 tumulare
2170 2296 2291 2364 viri
2345 2296 2650 2365 membra
2706 2295 3022 2377 festinat,
3085 2293 3156 2362 ad

636 2385 1097 2456 Brivatensem
1174 2385 1401 2455 vicum
1473 2384 1820 2472 pervenit:
1888 2398 2329 2472 repertosque
2377 2386 2604 2464 viros,
2675 2385 2846 2454 dum
2912 2385 3152 2453 diversa

638 2473 866 2546 studio
915 2473 1173 2545 intento
1214 2474 1605 2553 rimaretur,
1647 2474 2024 2563 cognoscit,
2079 2473 2260 2560 quod
2313 2474 2381 2542 in
2433 2495 2512 2543 eo
2563 2473 2658 2543 vel
2717 2474 2806 2543 de
2850 2486 3135 2561 martyre,

638 2563 739 2633 vel
790 2563 875 2632 de
908 2564 1193 2634 senibus
1240 2562 1445 2632 luerit
1491 2575 1788 2651 gestum,
1845 2563 2171 2649 fidelique
2220 2563 2686 2633 insinuatione
2741 2564 3013 2637 credens
3053 2557 3133 2626 ad

637 2651 1033 2741 sepulcrum
1088 2652 1267 2721 beati
1316 2651 1639 2739 martyris
1687 2651 2020 2722 deliberat
2071 2673 2436 2742 properare
2467 2707 2482 2733 ,
2538 2667 2614 2721 ut
2683 2672 2934 2721 causam
2979 2669 3135 2737 sug-

636 2753 849 2831 gerat,
903 2763 1108 2810 casus
1170 2743 1444 2821 reseret,
1500 2738 1596 2808 vel
1647 2753 1977 2810 cunctum
2039 2739 2340 2810 laborem
2385 2741 2501 2831 sui
2551 2740 2812 2811 doloris
2849 2752 3143 2828 exponat.

635 2830 1111 2900 Asserentibus
1151 2843 1376 2900 tamen
1431 2841 1778 2917 praeterea
1817 2829 2262 2899 hominibus:
2315 2831 2586 2916 Absque
2634 2830 2848 2900 dubio
2896 2826 3152 2919 poltice-

636 2940 819 2998 mur,
853 2918 1161 3000 domina,
1205 2918 1325 2988 tibi
1361 2941 1403 2988 a
1435 2932 1734 3007 martyre
1774 2917 1964 2987 reddi
2002 2918 2353 2998 laetitiam,
2388 2920 2507 3005 qui
2543 2940 2790 2988 senum
2829 2916 3146 3006 quondam

635 3006 1023 3098 decrepitae
1070 3007 1333 3087 aetatis,
1389 3006 1694 3077 membra
1734 3008 2024 3096 rigentia
2072 3008 2357 3093 antiquo
2407 3008 2621 3097 vigori
2675 3009 2995 3079 restituit.
3039 3010 3149 3075 lm·

637 3095 956 3187 pletaque
1006 3098 1143 3189 hac=
1166 3097 1499 3176 oratione,
1538 3097 1895 3186 promittit,
1949 3109 2026 3165 ut
2075 3096 2131 3166 si
2188 3096 2513 3185 sospitem
2556 3096 2901 3186 reciperet
2953 3095 3153 3183 conju—
3231 3096 3240 3101 ’

636 3206 822 3277 gem,
876 3199 1053 3255 mart
1107 3186 1200 3255 ris
1248 3184 1674 3275 sepulcrum,
1730 3186 1797 3255 in
1838 3205 1978 3271 quo
2027 3185 2241 3274 possit
2288 3186 2512 3276 spatio
2545 3239 2560 3263 ,
2611 3201 2984 3256 caemento
3021 3203 3159 3254 cou-
3275 3222 3276 3225 ¹

636 3286 909 3365 tegeret.
964 3275 1034 3343 Fi
1088 3297 1125 3343 e
1174 3274 1399 3365 plena,
1451 3286 1514 3343 et
1552 3273 1637 3342 de
1689 3273 2012 3363 martyris
2056 3274 2300 3364 pietate
2353 3295 2594 3344 secura
2626 3328 2641 3353 ,
2687 3275 3044 3346 Treverim
3081 3286 3170 3343 est

633 3362 969 3451 ingressa,
1016 3366 1511 3450 inventumque
1555 3363 1645 3432 ob
1698 3364 1946 3444 virum,
2001 3377 2066 3432 et
2107 3363 2328 3450 gratia
2377 3362 2722 3452 imperiali
2781 3379 3172 3457 receptum,
3275 3440 3276 3445 ,

634 3449 808 3521 laeta
859 3452 1265 3543 regreditur.
1319 3451 1794 3538 Inquisitoque
1845 3465 2169 3539 tempore,
2223 3473 2361 3537 quo
2410 3452 2512 3521 vir
2551 3451 2919 3525 relaxatus
2957 3469 3182 3524 essete

632 3561 928 3615 carcere,
982 3542 1167 3611 novit
1195 3538 1378 3628 quod
1414 3539 1580 3609 haec
1611 3539 2230 3611 fuitabsolutionis
2278 3539 2471 3621 hora,
2523 3562 2661 3626 qua
2699 3540 2827 3611 illa
2872 3542 3184 3633 martyris

633 3645 736 3701 est
767 3629 1102 3701 auxilium
1146 3640 1442 3720 precata.
1500 3628 1756 3698 Dehinc
1805 3628 2398 3719 pollicitationem,
2451 3650 2660 3717 quam
2716 3635 3184 3719 promiserat,

633 3740 793 3790 cum
832 3718 1191 3790 immensis
1240 3716 1649 3788 muneribus
1682 3717 2112 3808 adimplevit.

694 3816 762 3889 ,ἓ
810 3810 906 3876 θ.
959 3812 1116 3877 Erat
1160 3806 1345 3876 enim
1398 3806 1582 3875 haud
1621 3806 1862 3897 procul
1893 3830 1931 3876 a
1964 3806 2240 3883 cellula,
2278 3828 2490 3894 quam
2530 3827 2746 3897 supra
2780 3810 3194 3899 sepulerum

632 3896 959 3986 martyris
1008 3895 1176 3966 baec
1228 3907 1539 3965 matrona
1584 3907 2111 3976 construxerat,
2165 3895 2427 3987 grande
2474 3895 2894 3977 delubrum,
2957 3899 3088 3969 ubi
3131 3899 3193 3968 in

632 3984 1028 4059 columnam
1081 3984 1488 4055 altissimam
1541 3983 1997 4054 simulacrum
2037 3985 2270 4055 Martis
2300 3985 2756 4072 mercuriique
2795 3986 3194 4061 colebatur.

552 4156 555 4159 Δ
633 4074 939 4162 Cu'mque
985 4072 1256 4146 delubri
1306 4071 1500 4143 illius
1545 4070 1717 4144 festa
1774 4094 1817 4141 a
1871 4071 2250 4161 gentilibus
2309 4084 2723 4162 agerentur,
2796 4095 2893 4145 ac
2947 4076 3198 4149 mortui

632 4163 924 4234 mortuis
974 4163 1177 4234 thura
1213 4162 1578 4243 deferrent,
1635 4160 1862 4230 medio
1908 4182 1948 4230 e
1996 4159 2204 4262 vulgo
2250 4172 2776 4230 commoventur
2815 4167 3038 4250 pueri
3072 4166 3203 4238 duc

631 4250 702 4321 in
753 4250 1208 4323 scandalum:
1264 4249 1661 4338 nudatoque
1721 4270 1908 4321 unus
1955 4248 2188 4340 gladto
2221 4302 2236 4330 ,
2291 4248 2584 4349 alterum
2647 4252 2936 4338 appetit
2999 4254 3202 4324 truci·

607 4340 969 4411 dandum.
1020 4346 1097 4410 At
1143 4340 1259 4410 ille
1304 4361 1595 4412 cernens
1644 4337 1820 4409 nihil
1858 4339 2092 4409 veniae
2141 4358 2501 4423 reservari,
2556 4359 2717 4407 cum
2763 4338 3032 4414 auiis
3069 4340 3206 4414 suis

634 4449 769 4499 non
801 4429 1296 4514 defensaretur,
1318 4440 1590 4501 nostrae
1618 4428 1973 4521 religionis
1997 4428 2408 4510 custodiam,
2435 4439 2708 4498 nostrae
2724 4428 3208 4504 confessionis
