3308 5004
674 320 806 388 432
1244 339 1325 386 nn
1371 338 1427 386 s.
1481 335 1849 385 rmuannro
1897 335 2138 383 Antan
2184 334 2457 383 sana-r.
2801 315 2986 384 AUG.
3038 318 3133 384 20

586 436 666 496 ut
720 426 925 495 etiam
967 423 1257 494 Abbates
1315 421 1433 492 alii
1483 443 1609 491 sua
1667 420 2084 491 monasteria
2143 418 2654 507 relinquerent,
2724 418 2828 489 vel
2879 419 3137 509 proba-

590 513 893 586 tissimos
943 512 1318 583 monachos
1364 532 1528 581 suos
1578 509 1661 578 ad
1713 531 1871 579 eum
1923 508 2355 598 ablegarent,
2409 521 2484 577 ut
2540 507 2756 579 multo
2826 522 3138 600 tempore

588 602 775 703 apud
834 624 991 672 eum
1055 601 1378 691 degentes
1413 655 1428 681 ,
1481 600 1633 690 ejus
1701 600 1904 668 vitam
1966 611 2032 668 et
2089 597 2676 667 conversationem
2735 597 3132 680 discerent,

588 712 826 780 sicque
864 690 948 760 ad
985 711 1148 761 suos
1180 689 1456 771 reversi,
1502 688 1758 758 rectius
1808 687 1949 759 illis
1994 685 2356 757 consulere
2398 697 2695 776 possent.
2732 692 2859 756 Eos
2889 709 3139 760 omnes

586 780 693 849 vir
727 793 1007 851 sanctus
1054 792 1118 848 et
1164 780 1234 847 in
1286 778 1422 847 fide
1471 799 1627 846 vera
1677 777 1891 865 probe
1947 775 2348 845 instituebat
2393 774 2493 844 vel
2544 774 3022 858 confirmabat,
3068 789 3141 846 et

585 881 665 938 ut
712 881 1025 938 mutuam
1077 868 1559 954 sinceramque
1607 867 1786 936 inter
1832 887 1905 935 se
1950 864 2354 935 charitatem
2407 864 2820 946 retinerent,
2888 864 3138 935 admo·

587 958 817 1028 nebat.
854 956 1060 1027 Multa
1103 968 1247 1026 tum
1279 956 1342 1025 ei
1376 956 1670 1043 pecunia
1703 977 1744 1023 a
1772 959 1952 1111 Rege
1980 966 2047 1024 et
2079 952 2404 1023 fidelibus
2434 952 2882 1024 offerebatur:
2927 954 3138 1044 cujus

586 1045 705 1115 ille
730 1046 1069 1116 decimam
1105 1057 1364 1134 partem
1397 1044 1556 1114 inde
1581 1044 1833 1134 septies
1918 1043 2181 1112 etraxit.
2216 1046 2522 1129 Cumque
2550 1041 2617 1110 id
2650 1063 2834 1113 anno
2865 1042 3137 1133 integro

586 1134 881 1216 fecisset,
939 1156 1214 1224 semper
1247 1133 1404 1224 plus
1450 1133 1513 1202 ei
1549 1132 1884 1224 pecuniae
1923 1132 2296 1201 accessisse
2342 1130 2701 1221 comperit,
2739 1153 2950 1219 quam
2984 1131 3139 1221 ipse

587 1221 749 1294 inde
783 1223 1250 1294 abstraxisset.
1305 1227 1433 1291 Eas
1465 1243 1623 1292 vero
1657 1220 1960 1302 decimas
1989 1220 2279 1310 captivis
2310 1219 2735 1290 redimendis
2767 1233 2833 1289 et
2862 1219 3138 1292 alendis

587 1312 1017 1404 pauperibus
1043 1310 1462 1413 assignabat,
1502 1310 1710 1398 idque
1747 1309 1919 1380 adeo
1967 1308 2364 1390 liberaliter,
2399 1323 2476 1378 ut
2513 1308 2721 1380 etiam
2754 1309 3138 1379 monachos

588 1423 754 1472 suos
800 1423 956 1471 cum
994 1414 1261 1471 onustis
1313 1399 1601 1469 navibus
1651 1399 1720 1467 in
1775 1399 2085 1488 regiones
2126 1398 2628 1468 transmarinas
2662 1398 2978 1480 mitteret,
3010 1397 3134 1486 qui

589 1489 736 1558 illic
785 1489 1209 1580 captivorum
1279 1511 1396 1579 gre
1447 1510 1521 1557 es
1576 1487 2011 1558 redimerent.
2068 1487 2135 1556 Si
2182 1508 2319 1574 qua
2379 1487 2582 1556 etiam
2652 1508 2776 1577 pro
2838 1485 3134 1557 fratrum

586 1578 882 1648 utilitate
917 1578 1113 1648 vellet
1142 1598 1348 1668 opera
1406 1578 1554 1658 ieri,
1608 1577 1767 1667 plus
1810 1575 2145 1646 mercedis
2176 1574 2434 1647 solebat
2466 1575 2653 1657 dare,
2697 1597 2905 1663 quam
2941 1597 3136 1647 secu-

587 1666 767 1737 lares
820 1667 1134 1736 homines
1187 1667 1727 1737 consuevissent.
1772 1670 1985 1751 Atque
2046 1665 2136 1734 ita
2198 1663 2491 1734 laetante
2536 1664 2761 1734 vicino
2813 1664 3077 1754 populo
3114 1719 3129 1745 ‚

577 1755 806 1846 justos
857 1755 1125 1825 labores
1155 1755 1389 1846 dignis
1421 1754 1914 1845 compensabat
1951 1753 2302 1843 praemiis.

676 1848 713 1932 §
760 1847 898 1916 18.
954 1849 1158 1914 Porro
1207 1856 1433 1914 autem
1477 1866 1635 1914 cum
1692 1842 1967 1934 pestifer
2001 1841 2115 1911 ille
2149 1841 2512 1923 EbroinuS,
2565 1841 2685 1929 qui
2720 1840 2807 1910 ob
2840 1841 3135 1911 nimiam

588 1931 1064 2002 crudelitatem
1100 1955 1140 2003 a
1188 1938 1605 2003 Francorum
1657 1944 1858 2021 gente
1887 1930 2195 2000 Palatino
2242 1930 2464 2000 fuerat
2503 1929 2762 1999 honore
2797 1929 3131 2012 nudatuS,

586 2034 654 2090 et
710 2021 779 2089 in
824 2022 1229 2091 Luxoviensi
1277 2019 1605 2091 coenobio
1654 2033 1894 2090 tonsus
1924 2075 1939 2099 ‚
2012 2033 2245 2111 postea
2306 2019 2462 2088 vilis
2509 2030 2818 2108 apostata
2857 2017 3086 2089 factus
3114 2074 3129 2100 ,

588 2110 1045 2200 malignitatis
1091 2132 1247 2180 eum
1293 2108 1686 2199 impellente
1732 2109 2023 2199 spiritu,
2078 2108 2296 2180 multa
2353 2108 2539 2177 rabie
2586 2106 2748 2176 ferri
2794 2106 3135 2198 coepisset

590 2198 664 2268 in
715 2197 984 2269 nobiles
1029 2199 1277 2268 Christi
1335 2197 1721 2267 sacerdotes
1767 2210 1834 2267 et
1891 2202 2188 2268 Francos
2219 2252 2234 2279 ,
2291 2196 2667 2285 multisque
2722 2196 2785 2265 ei
2841 2217 3137 2267 consen-

587 2287 942 2369 tientibuS,
988 2300 1225 2357 contra
1259 2287 1374 2356 Dei
1410 2285 1813 2355 mandatum
1864 2286 2232 2376 pristinum
2269 2298 2740 2376 recuperasset
2770 2283 3129 2367 honorem,

587 2381 655 2447 S.
711 2376 1128 2448 Philibertus
1174 2374 1261 2446 ad
1309 2397 1470 2445 eum
1522 2374 1888 2466 profectuS,
1942 2388 2321 2464 apostatam
2363 2395 2519 2444 eum
2572 2372 2965 2464 appellavit,
3018 2397 3134 2445 as·

584 2487 843 2547 serens,
881 2463 1153 2536 nullum
1188 2464 1539 2535 hominem
1573 2463 2034 2534 Christianum
2086 2485 2248 2533 cum
2285 2462 2305 2532 i
2359 2484 2435 2534 so
2464 2463 2985 2533 communicare
3015 2462 3137 2533 de·

585 2554 769 2625 bere.
825 2556 1006 2624 Fecit
1054 2555 1182 2625 hoc
1232 2555 1332 2624 vir
1380 2555 1533 2637 Dei,
1587 2554 1767 2642 quod
1821 2564 2124 2644 speraret
2171 2574 2243 2622 se
2315 2574 2468 2622 erro
2516 2551 2936 2623 trucidatum
2972 2605 2990 2634 ‚
3042 2553 3134 2622 ad

585 2644 901 2744 martyrii
940 2644 1242 2734 palmam
1282 2657 1797 2744 perventurum.
1838 2641 1965 2711 Sed
2002 2642 2334 2712 Dominus
2365 2663 2523 2711 eum
2560 2640 2936 2710 multorum
2972 2663 3135 2732 pro·

582 2731 793 2803 fectui
827 2733 1141 2813 servavit,
1177 2754 1298 2819 qui
1332 2733 1484 2822 ejus
1512 2734 1722 2822 opera
1753 2729 2045 2799 vocandi
2083 2741 2278 2799 erant
2323 2729 2407 2799 ad
2459 2751 2673 2821 regna
2706 2728 3086 2799 coelorum.

673 2825 710 2909 ξ
758 2826 907 2892 19.
963 2825 1039 2891 At
1087 2842 1242 2890 vero
1289 2820 1608 2890 diabolus
1657 2820 1876 2888 instar
1926 2818 2193 2909 rapacis
2244 2817 2388 2908 lupi
2438 2819 2750 2888 saeviens
2783 2873 2798 2899 ,
2850 2831 2918 2887 et
2978 2818 3136 2887 ani·

585 2932 858 2978 marum
896 2932 1138 3000 greges
1186 2908 1716 2979 immanissimis
1763 2907 2087 2977 dentibus
2138 2907 2438 2976 lacerare
2488 2907 2743 2986 volens,
2785 2906 3131 2994 quosdam

583 2997 656 3066 in
722 2998 995 3068 beatum
1050 2999 1269 3067 virum
1336 2999 1920 3087 Rothomagenses
1983 2994 2271 3064 clericos
2318 2995 2826 3066 inflammavit:
2884 2995 3007 3083 qui
3057 3008 3137 3065 ut

584 3084 766 3154 inter
823 3108 982 3155 eum
1045 3098 1112 3156 et
1181 3087 1452 3157 beatum
1518 3085 1921 3155 Audoenum
1968 3084 2004 3120 ³
2070 3084 2686 3173 Rothomagensem
2736 3083 3131 3185 praesulem

585 3172 1002 3243 discordiam
1054 3187 1377 3256 sererent,
1433 3173 1614 3263 apud
1674 3172 1844 3243 illud
1895 3174 2308 3264 Episcopum
2363 3174 2584 3242 virum
2639 3178 2752 3242 Dei
2786 3171 2959 3242 falso
3008 3172 3132 3242 de·

584 3261 917 3344 tulerunt,
949 3275 1355 3351 tantumque
1377 3261 1643 3332 efficere
1670 3274 2062 3352 potuerunt,
2094 3274 2171 3330 ut
2199 3260 2676 3342 Philibertum,
2698 3283 2901 3348 quem
2930 3273 3134 3332 antea

585 3351 958 3441 praecipue
987 3351 1276 3421 charum
1314 3351 1674 3430 habuerat,
1706 3350 1991 3439 jusserit
2035 3352 2104 3420 in
2145 3349 2530 3420 custodiam
2567 3349 2755 3419 duci.
2810 3349 2937 3420 Sed
2972 3371 3133 3420 ecce

585 3437 756 3508 dum
792 3440 897 3509 vir
930 3440 1041 3508 Dei
1075 3440 1143 3509 in
1192 3440 1310 3509 illo
1337 3438 1686 3528 ergastulo
1737 3440 2038 3529 psalmos
2088 3438 2445 3509 Davidicos
2492 3438 2820 3519 concinit,
2858 3460 3134 3529 vesper-

586 3527 883 3609 tiliones,
919 3529 1042 3615 qui
1089 3527 1235 3598 illic
1270 3548 1520 3617 magno
1553 3549 1844 3597 numero
1890 3528 2288 3619 congregati
2336 3540 2554 3609 erant,
2607 3527 2844 3597 divina
2878 3528 3132 3597 virtute

583 3617 1078 3687 suavissimum
1110 3617 1197 3686 de
1228 3638 1301 3686 se
1330 3615 1629 3686 reddunt
1660 3616 1963 3687 odorem.
1997 3615 2164 3686 Inde
2194 3638 2232 3686 e
2263 3637 2537 3686 carcere
2570 3615 2787 3686 literis
2818 3616 3131 3686 Audoeni

584 3704 919 3777 dimissus
948 3760 963 3788 ,
1006 3706 1090 3775 ad
1150 3704 1569 3775 Ansoaldum
1621 3704 1844 3776 virum
1896 3704 2197 3776 nobilem
2232 3759 2252 3785 ,
2313 3705 2743 3776 Pictavorum
2784 3705 3105 3794 (poitiers

582 3795 1002 3885 Episcopum
1038 3849 1054 3877 ‚
1110 3794 1507 3866 monasterii
1575 3794 2023 3864 construendi
2071 3796 2283 3865 causa
2330 3793 2676 3884 profectus
2737 3805 2885 3876 est,
2940 3816 3038 3881 qu

582 3904 820 3953 eorum
872 3883 1260 3965 hominum,
1295 3883 1416 3970 qui
1445 3883 1599 3970 ejus
1632 3882 2264 3973 praedicationibus
2309 3884 2901 3964 convertebantur,
2944 3883 3130 3956 mul-

583 3970 949 4044 titudinem
1001 3971 1196 4043 locus
1233 3994 1419 4042 unus
1466 3993 1712 4062 capere
1758 3993 1895 4042 non
1951 3985 2200 4062 posset.

670 4062 708 4149 ξ
755 4064 926 4133 20.
980 4066 1106 4132 Per
1151 4060 1219 4131 id
1273 4074 1547 4151 tempus
1594 4060 1891 4131 seculari
1927 4063 2228 4152 potentia
2278 4060 2438 4151 plus
2476 4059 2643 4131 satis
2682 4060 2974 4131 florebat
3002 4065 3131 4132 An·

583 4147 890 4219 scaldus.
944 4154 1180 4239 Itaque
1227 4150 1332 4220 vir
1380 4149 1496 4220 Dei
1543 4149 1743 4221 illum
1794 4164 2052 4221 secreto
2107 4148 2594 4241 reprehendit,
2658 4149 3021 4238 multaque
3068 4151 3127 4221 ei

581 4234 816 4307 futura
851 4239 1207 4328 praedixit,
1301 4261 1431 4310 uae
1464 4251 1697 4331 postea
1730 4240 1826 4309 rei
1875 4239 2188 4330 probavit
2213 4250 2521 4309 eventus.
2562 4242 2858 4309 Cernens
2890 4252 3124 4309 autem

582 4323 841 4396 electus
891 4327 1005 4396 Dei
1054 4349 1244 4400 sacer
1296 4350 1371 4398 os
1420 4327 1805 4398 Ansoaldus
1851 4327 2074 4399 virum
2126 4329 2402 4399 beatum
2467 4327 2674 4398 etiam
2726 4328 3126 4419 prophetico

635 4450 662 4478 ⁸
689 4451 850 4493 Beool.
867 4444 912 4494 S.
933 4453 1183 4495 Audebunt!
1205 4455 1256 4495 in
1279 4455 1524 4505 unx-tyrol.
1544 4465 1663 4498 xxxv
1679 4457 1781 4508 huj.
