<?xml version="1.0" encoding="UTF-8"?>
<!DOCTYPE html PUBLIC "-//W3C//DTD XHTML 1.0 Transitional//EN"
    "http://www.w3.org/TR/xhtml1/DTD/xhtml1-transitional.dtd">
<html xmlns="http://www.w3.org/1999/xhtml" xml:lang="en" lang="en">
 <head>
  <title>
</title>
<meta http-equiv="Content-Type" content="text/html;charset=utf-8" />
  <meta name='ocr-system' content='tesseract 3.04.00' />
  <meta name='ocr-capabilities' content='ocr_page ocr_carea ocr_par ocr_line ocrx_word'/>
</head>
<body>
  <div class='ocr_page' id='page_1' title='image "./historiaeseuvit01lippgoog_0226.png"; bbox 0 0 3308 5004; ppageno 0'>
   <div class='ocr_carea' id='block_1_1' title="bbox 624 323 3072 395">
    <p class='ocr_par' dir='ltr' id='par_1_1' title="bbox 624 323 3072 395">
     <span class='ocr_line' id='line_1_1' title="bbox 624 323 3072 395; baseline -0.003 0"><span class='ocrx_word' id='word_1_1' title='bbox 624 330 753 395; x_wconf 73' lang='grc'>212</span> <span class='ocrx_word' id='word_1_2' title='bbox 1405 344 1482 391; x_wconf 74' lang='lat' dir='ltr'>na</span> <span class='ocrx_word' id='word_1_3' title='bbox 1530 340 1585 389; x_wconf 90' lang='lat' dir='ltr'>s.</span> <span class='ocrx_word' id='word_1_4' title='bbox 1642 342 1953 392; x_wconf 77' lang='lat' dir='ltr'>v1cra1cto</span> <span class='ocrx_word' id='word_1_5' title='bbox 2001 341 2200 391; x_wconf 72' lang='lat' dir='ltr'>msc.</span> <span class='ocrx_word' id='word_1_6' title='bbox 2793 323 2979 389; x_wconf 77' lang='lat' dir='ltr'><strong>AUG.</strong></span> <span class='ocrx_word' id='word_1_7' title='bbox 3033 324 3072 388; x_wconf 85' lang='lat'>7</span> 
     </span>
    </p>
   </div>
   <div class='ocr_carea' id='block_1_2' title="bbox 530 425 3105 4437">
    <p class='ocr_par' dir='ltr' id='par_1_2' title="bbox 530 425 3105 2210">
     <span class='ocr_line' id='line_1_2' title="bbox 536 425 3077 517; baseline -0.004 -14"><span class='ocrx_word' id='word_1_8' title='bbox 536 431 793 503; x_wconf 89' lang='lat' dir='ltr'>sanctis</span> <span class='ocrx_word' id='word_1_9' title='bbox 854 430 1183 499; x_wconf 85' lang='lat' dir='ltr'>continua</span> <span class='ocrx_word' id='word_1_10' title='bbox 1250 429 1496 498; x_wconf 91' lang='lat' dir='ltr'>diebus</span> <span class='ocrx_word' id='word_1_11' title='bbox 1553 450 1632 498; x_wconf 91' lang='lat' dir='ltr'>ac</span> <span class='ocrx_word' id='word_1_12' title='bbox 1685 428 2002 500; x_wconf 91' lang='lat' dir='ltr'>noctibus</span> <span class='ocrx_word' id='word_1_13' title='bbox 2060 427 2306 498; x_wconf 82' lang='lat' dir='ltr'>Christi</span> <span class='ocrx_word' id='word_1_14' title='bbox 2377 425 2648 496; x_wconf 87' lang='lat' dir='ltr'>Domini</span> <span class='ocrx_word' id='word_1_15' title='bbox 2717 425 3077 517; x_wconf 87' lang='lat' dir='ltr'>praedica-</span> 
     </span>
     <span class='ocr_line' id='line_1_3' title="bbox 538 513 3080 618; baseline -0.003 -28"><span class='ocrx_word' id='word_1_16' title='bbox 538 523 718 591; x_wconf 84' lang='lat' dir='ltr'>tione</span> <span class='ocrx_word' id='word_1_17' title='bbox 788 518 1223 590; x_wconf 89' lang='lat' dir='ltr'>mulcentur:</span> <span class='ocrx_word' id='word_1_18' title='bbox 1294 519 1363 586; x_wconf 89' lang='lat' dir='ltr'>in</span> <span class='ocrx_word' id='word_1_19' title='bbox 1425 539 1563 604; x_wconf 86' lang='lat' dir='ltr'>qua</span> <span class='ocrx_word' id='word_1_20' title='bbox 1614 516 1754 589; x_wconf 89' lang='lat' dir='ltr'>illis</span> <span class='ocrx_word' id='word_1_21' title='bbox 1800 538 1924 618; x_wconf 88' lang='lat' dir='ltr'>per</span> <span class='ocrx_word' id='word_1_22' title='bbox 1987 515 2430 586; x_wconf 87' lang='lat' dir='ltr'>devotissima</span> <span class='ocrx_word' id='word_1_23' title='bbox 2494 514 2802 584; x_wconf 84' lang='lat' dir='ltr'>fidelium</span> <span class='ocrx_word' id='word_1_24' title='bbox 2866 513 3080 584; x_wconf 88' lang='lat' dir='ltr'>corda</span> 
     </span>
     <span class='ocr_line' id='line_1_4' title="bbox 536 603 3080 698; baseline -0.002 -20"><span class='ocrx_word' id='word_1_25' title='bbox 536 609 958 680; x_wconf 90' lang='lat' dir='ltr'>famulorum</span> <span class='ocrx_word' id='word_1_26' title='bbox 987 607 1326 698; x_wconf 84' lang='lat' dir='ltr'>plurimae</span> <span class='ocrx_word' id='word_1_27' title='bbox 1358 606 1640 676; x_wconf 87' lang='lat' dir='ltr'>virtutes</span> <span class='ocrx_word' id='word_1_28' title='bbox 1676 627 1962 685; x_wconf 79' lang='lat' dir='ltr'>amicae,</span> <span class='ocrx_word' id='word_1_29' title='bbox 2005 618 2266 696; x_wconf 82' lang='lat' dir='ltr'>gratam</span> <span class='ocrx_word' id='word_1_30' title='bbox 2306 604 2609 692; x_wconf 80' lang='lat' dir='ltr'>requiem</span> <span class='ocrx_word' id='word_1_31' title='bbox 2644 617 2709 674; x_wconf 88' lang='lat' dir='ltr'>et</span> <span class='ocrx_word' id='word_1_32' title='bbox 2741 603 3080 673; x_wconf 80' lang='lat' dir='ltr'>familiare</span> 
     </span>
     <span class='ocr_line' id='line_1_5' title="bbox 536 691 3081 786; baseline -0.003 -18"><span class='ocrx_word' id='word_1_33' title='bbox 536 711 883 769; x_wconf 87' lang='lat' dir='ltr'>metantur</span> <span class='ocrx_word' id='word_1_34' title='bbox 940 697 1361 786; x_wconf 78' lang='lat' dir='ltr'>hospitium:</span> <span class='ocrx_word' id='word_1_35' title='bbox 1416 695 1536 766; x_wconf 87' lang='lat' dir='ltr'>ubi</span> <span class='ocrx_word' id='word_1_36' title='bbox 1600 695 2004 783; x_wconf 90' lang='lat' dir='ltr'>quotidiano</span> <span class='ocrx_word' id='word_1_37' title='bbox 2060 694 2405 784; x_wconf 84' lang='lat' dir='ltr'>sapienter</span> <span class='ocrx_word' id='word_1_38' title='bbox 2463 691 2905 785; x_wconf 89' lang='lat' dir='ltr'>psallentium</span> <span class='ocrx_word' id='word_1_39' title='bbox 2960 714 3081 783; x_wconf 89' lang='lat' dir='ltr'>per</span> 
     </span>
     <span class='ocr_line' id='line_1_6' title="bbox 536 782 3080 876; baseline -0.003 -20"><span class='ocrx_word' id='word_1_40' title='bbox 536 787 925 876; x_wconf 88' lang='lat' dir='ltr'>frequentes</span> <span class='ocrx_word' id='word_1_41' title='bbox 977 784 1301 855; x_wconf 90' lang='lat' dir='ltr'>ecclesias</span> <span class='ocrx_word' id='word_1_42' title='bbox 1353 797 1419 853; x_wconf 90' lang='lat' dir='ltr'>et</span> <span class='ocrx_word' id='word_1_43' title='bbox 1478 784 1889 855; x_wconf 90' lang='lat' dir='ltr'>monasteria</span> <span class='ocrx_word' id='word_1_44' title='bbox 1933 785 2195 855; x_wconf 72' lang='lat' dir='ltr'>&#39;secreta</span> <span class='ocrx_word' id='word_1_45' title='bbox 2245 794 2623 863; x_wconf 84' lang='lat' dir='ltr'>concentu,</span> <span class='ocrx_word' id='word_1_46' title='bbox 2669 782 3080 853; x_wconf 87' lang='lat' dir='ltr'>castissimis</span> 
     </span>
     <span class='ocr_line' id='line_1_7' title="bbox 535 869 3078 946; baseline -0.003 0"><span class='ocrx_word' id='word_1_47' title='bbox 535 878 765 946; x_wconf 91' lang='lat' dir='ltr'>ovium</span> <span class='ocrx_word' id='word_1_48' title='bbox 799 888 1073 946; x_wconf 88' lang='lat' dir='ltr'>tuarum</span> <span class='ocrx_word' id='word_1_49' title='bbox 1106 887 1174 944; x_wconf 91' lang='lat' dir='ltr'>et</span> <span class='ocrx_word' id='word_1_50' title='bbox 1208 872 1536 943; x_wconf 90' lang='lat' dir='ltr'>cordibus</span> <span class='ocrx_word' id='word_1_51' title='bbox 1590 871 2019 943; x_wconf 85' lang='lat' dir='ltr'>delectantur</span> <span class='ocrx_word' id='word_1_52' title='bbox 2059 885 2126 942; x_wconf 93' lang='lat' dir='ltr'>et</span> <span class='ocrx_word' id='word_1_53' title='bbox 2177 872 2502 941; x_wconf 88' lang='lat' dir='ltr'>vocibus:</span> <span class='ocrx_word' id='word_1_54' title='bbox 2568 884 2634 940; x_wconf 88' lang='lat' dir='ltr'>et</span> <span class='ocrx_word' id='word_1_55' title='bbox 2693 893 2881 940; x_wconf 88' lang='lat' dir='ltr'>nunc</span> <span class='ocrx_word' id='word_1_56' title='bbox 2922 869 3078 940; x_wconf 92' lang='lat' dir='ltr'>illos</span> 
     </span>
     <span class='ocr_line' id='line_1_8' title="bbox 536 959 3080 1054; baseline -0.002 -19"><span class='ocrx_word' id='word_1_57' title='bbox 536 967 941 1035; x_wconf 87' lang='lat' dir='ltr'>intemerata</span> <span class='ocrx_word' id='word_1_58' title='bbox 972 963 1332 1054; x_wconf 87' lang='lat' dir='ltr'>virginitas</span> <span class='ocrx_word' id='word_1_59' title='bbox 1373 963 1443 1030; x_wconf 91' lang='lat' dir='ltr'>in</span> <span class='ocrx_word' id='word_1_60' title='bbox 1497 962 1675 1039; x_wconf 85' lang='lat' dir='ltr'>sacri</span> <span class='ocrx_word' id='word_1_61' title='bbox 1721 962 2028 1051; x_wconf 90' lang='lat' dir='ltr'>corporis</span> <span class='ocrx_word' id='word_1_62' title='bbox 2074 960 2330 1051; x_wconf 89' lang='lat' dir='ltr'>templo</span> <span class='ocrx_word' id='word_1_63' title='bbox 2370 972 2571 1042; x_wconf 90' lang='lat' dir='ltr'>tenet,</span> <span class='ocrx_word' id='word_1_64' title='bbox 2625 972 2702 1030; x_wconf 90' lang='lat' dir='ltr'>ut</span> <span class='ocrx_word' id='word_1_65' title='bbox 2740 960 2809 1028; x_wconf 92' lang='lat' dir='ltr'>in</span> <span class='ocrx_word' id='word_1_66' title='bbox 2863 959 3080 1029; x_wconf 88' lang='lat' dir='ltr'>visce-</span> 
     </span>
     <span class='ocr_line' id='line_1_9' title="bbox 539 1048 3082 1144; baseline -0.003 -20"><span class='ocrx_word' id='word_1_67' title='bbox 539 1055 733 1124; x_wconf 89' lang='lat' dir='ltr'>ribus</span> <span class='ocrx_word' id='word_1_68' title='bbox 785 1053 1079 1144; x_wconf 88' lang='lat' dir='ltr'>pudicis,</span> <span class='ocrx_word' id='word_1_69' title='bbox 1135 1051 1601 1139; x_wconf 87' lang='lat' dir='ltr'>requiescente</span> <span class='ocrx_word' id='word_1_70' title='bbox 1641 1050 1941 1130; x_wconf 87' lang='lat' dir='ltr'>Christo,</span> <span class='ocrx_word' id='word_1_71' title='bbox 1999 1050 2305 1141; x_wconf 86' lang='lat' dir='ltr'>hospites</span> <span class='ocrx_word' id='word_1_72' title='bbox 2351 1048 2577 1119; x_wconf 88' lang='lat' dir='ltr'>faciat.</span> <span class='ocrx_word' id='word_1_73' title='bbox 2633 1053 2764 1119; x_wconf 90' lang='lat' dir='ltr'>Nec</span> <span class='ocrx_word' id='word_1_74' title='bbox 2814 1048 3082 1117; x_wconf 92' lang='lat' dir='ltr'>minore</span> 
     </span>
     <span class='ocr_line' id='line_1_10' title="bbox 537 1137 3082 1231; baseline -0.003 -17"><span class='ocrx_word' id='word_1_75' title='bbox 537 1142 811 1214; x_wconf 85' lang='lat' dir='ltr'>eosdem</span> <span class='ocrx_word' id='word_1_76' title='bbox 864 1142 1211 1212; x_wconf 89' lang='lat' dir='ltr'>voluntate</span> <span class='ocrx_word' id='word_1_77' title='bbox 1245 1140 1501 1210; x_wconf 90' lang='lat' dir='ltr'>sanctis</span> <span class='ocrx_word' id='word_1_78' title='bbox 1547 1140 1876 1231; x_wconf 90' lang='lat' dir='ltr'>operibus</span> <span class='ocrx_word' id='word_1_79' title='bbox 1924 1152 1989 1209; x_wconf 94' lang='lat' dir='ltr'>et</span> <span class='ocrx_word' id='word_1_80' title='bbox 2020 1140 2134 1230; x_wconf 91' lang='lat' dir='ltr'>pio</span> <span class='ocrx_word' id='word_1_81' title='bbox 2168 1138 2562 1208; x_wconf 88' lang='lat' dir='ltr'>ministratu</span> <span class='ocrx_word' id='word_1_82' title='bbox 2611 1137 3082 1227; x_wconf 83' lang='lat' dir='ltr'>inexpugnata</span> 
     </span>
     <span class='ocr_line' id='line_1_11' title="bbox 540 1225 3082 1318; baseline -0.003 -15"><span class='ocrx_word' id='word_1_83' title='bbox 540 1246 748 1302; x_wconf 90' lang='lat' dir='ltr'>noctu</span> <span class='ocrx_word' id='word_1_84' title='bbox 789 1231 1048 1318; x_wconf 88' lang='lat' dir='ltr'>diuque</span> <span class='ocrx_word' id='word_1_85' title='bbox 1097 1229 1581 1300; x_wconf 87' lang='lat' dir='ltr'>famulantium</span> <span class='ocrx_word' id='word_1_86' title='bbox 1633 1228 2000 1297; x_wconf 87' lang='lat' dir='ltr'>viduarum</span> <span class='ocrx_word' id='word_1_87' title='bbox 2060 1228 2276 1318; x_wconf 87' lang='lat' dir='ltr'>pascit</span> <span class='ocrx_word' id='word_1_88' title='bbox 2326 1227 2714 1318; x_wconf 81' lang='lat' dir='ltr'>integritas,</span> <span class='ocrx_word' id='word_1_89' title='bbox 2773 1225 2873 1295; x_wconf 85' lang='lat' dir='ltr'>vel</span> <span class='ocrx_word' id='word_1_90' title='bbox 2915 1226 3082 1296; x_wconf 90' lang='lat' dir='ltr'>sub-</span> 
     </span>
     <span class='ocr_line' id='line_1_12' title="bbox 530 1315 3082 1411; baseline -0.002 -20"><span class='ocrx_word' id='word_1_91' title='bbox 530 1326 611 1411; x_wconf 84' lang='lat' dir='ltr'>ju</span> <span class='ocrx_word' id='word_1_92' title='bbox 663 1338 930 1391; x_wconf 88' lang='lat' dir='ltr'>atorum</span> <span class='ocrx_word' id='word_1_93' title='bbox 981 1325 1112 1388; x_wconf 91' lang='lat' dir='ltr'>Deo</span> <span class='ocrx_word' id='word_1_94' title='bbox 1166 1319 1542 1408; x_wconf 82' lang='lat' dir='ltr'>conjugum</span> <span class='ocrx_word' id='word_1_95' title='bbox 1600 1339 1852 1387; x_wconf 88' lang='lat' dir='ltr'>arcana</span> <span class='ocrx_word' id='word_1_96' title='bbox 1902 1317 2363 1407; x_wconf 81' lang='lat' dir='ltr'>germanitaS,</span> <span class='ocrx_word' id='word_1_97' title='bbox 2416 1337 2595 1403; x_wconf 90' lang='lat' dir='ltr'>quae</span> <span class='ocrx_word' id='word_1_98' title='bbox 2651 1315 3082 1385; x_wconf 88' lang='lat' dir='ltr'>orationibus</span> 
     </span>
     <span class='ocr_line' id='line_1_13' title="bbox 540 1346 3080 1499; baseline -0.003 -19"><span class='ocrx_word' id='word_1_99' title='bbox 540 1346 804 1480; x_wconf 53' lang='lat' dir='ltr'>segutis</span> <span class='ocrx_word' id='word_1_100' title='bbox 853 1409 1106 1478; x_wconf 85' lang='lat' dir='ltr'>laetum</span> <span class='ocrx_word' id='word_1_101' title='bbox 1157 1408 1227 1475; x_wconf 91' lang='lat' dir='ltr'>in</span> <span class='ocrx_word' id='word_1_102' title='bbox 1271 1406 1596 1499; x_wconf 91' lang='lat' dir='ltr'>operibus</span> <span class='ocrx_word' id='word_1_103' title='bbox 1643 1406 1791 1476; x_wconf 90' lang='lat' dir='ltr'>suis</span> <span class='ocrx_word' id='word_1_104' title='bbox 1838 1406 2181 1476; x_wconf 87' lang='lat' dir='ltr'>Christum</span> <span class='ocrx_word' id='word_1_105' title='bbox 2250 1404 2335 1474; x_wconf 90' lang='lat' dir='ltr'>ad</span> <span class='ocrx_word' id='word_1_106' title='bbox 2386 1404 2885 1484; x_wconf 86' lang='lat' dir='ltr'>visitationem,</span> <span class='ocrx_word' id='word_1_107' title='bbox 2945 1425 3080 1472; x_wconf 90' lang='lat' dir='ltr'>non</span> 
     </span>
     <span class='ocr_line' id='line_1_14' title="bbox 532 1494 3082 1588; baseline -0.003 -19"><span class='ocrx_word' id='word_1_108' title='bbox 532 1500 675 1588; x_wconf 89' lang='lat' dir='ltr'>jam</span> <span class='ocrx_word' id='word_1_109' title='bbox 729 1497 1064 1567; x_wconf 86' lang='lat' dir='ltr'>maritalis</span> <span class='ocrx_word' id='word_1_110' title='bbox 1122 1496 1272 1578; x_wconf 91' lang='lat' dir='ltr'>tori,</span> <span class='ocrx_word' id='word_1_111' title='bbox 1328 1496 1444 1566; x_wconf 90' lang='lat' dir='ltr'>sed</span> <span class='ocrx_word' id='word_1_112' title='bbox 1516 1494 1799 1565; x_wconf 85' lang='lat' dir='ltr'>fraterni</span> <span class='ocrx_word' id='word_1_113' title='bbox 1846 1494 2096 1565; x_wconf 88' lang='lat' dir='ltr'>cubilis</span> <span class='ocrx_word' id='word_1_114' title='bbox 2159 1495 2437 1574; x_wconf 80' lang='lat' dir='ltr'>invitat,</span> <span class='ocrx_word' id='word_1_115' title='bbox 2488 1515 2649 1564; x_wconf 89' lang='lat' dir='ltr'>cum</span> <span class='ocrx_word' id='word_1_116' title='bbox 2725 1494 2872 1582; x_wconf 91' lang='lat' dir='ltr'>ipso</span> <span class='ocrx_word' id='word_1_117' title='bbox 2921 1515 3082 1562; x_wconf 91' lang='lat' dir='ltr'>san-</span> 
     </span>
     <span class='ocr_line' id='line_1_15' title="bbox 542 1581 3083 1680; baseline -0.002 -23"><span class='ocrx_word' id='word_1_118' title='bbox 542 1588 806 1680; x_wconf 82' lang='lat' dir='ltr'>ctisque</span> <span class='ocrx_word' id='word_1_119' title='bbox 852 1587 1003 1677; x_wconf 90' lang='lat' dir='ltr'>ejus</span> <span class='ocrx_word' id='word_1_120' title='bbox 1051 1585 1352 1656; x_wconf 87' lang='lat' dir='ltr'>vicissim</span> <span class='ocrx_word' id='word_1_121' title='bbox 1407 1584 1638 1664; x_wconf 82' lang='lat' dir='ltr'>mixta,</span> <span class='ocrx_word' id='word_1_122' title='bbox 1675 1584 2048 1654; x_wconf 89' lang='lat' dir='ltr'>concubitu</span> <span class='ocrx_word' id='word_1_123' title='bbox 2085 1583 2455 1664; x_wconf 77' lang='lat' dir='ltr'>castitati8‚</span> <span class='ocrx_word' id='word_1_124' title='bbox 2510 1582 2872 1672; x_wconf 87' lang='lat' dir='ltr'>spiritibus</span> <span class='ocrx_word' id='word_1_125' title='bbox 2920 1581 3083 1651; x_wconf 87' lang='lat' dir='ltr'>visi-</span> 
     </span>
     <span class='ocr_line' id='line_1_16' title="bbox 542 1671 3084 1761; baseline -0.002 -16"><span class='ocrx_word' id='word_1_126' title='bbox 542 1690 811 1746; x_wconf 89' lang='lat' dir='ltr'>tantum</span> <span class='ocrx_word' id='word_1_127' title='bbox 861 1675 1307 1744; x_wconf 90' lang='lat' dir='ltr'>immaculato</span> <span class='ocrx_word' id='word_1_128' title='bbox 1355 1694 1586 1742; x_wconf 89' lang='lat' dir='ltr'>amore</span> <span class='ocrx_word' id='word_1_129' title='bbox 1634 1673 2121 1743; x_wconf 88' lang='lat' dir='ltr'>confunditur:</span> <span class='ocrx_word' id='word_1_130' title='bbox 2176 1695 2363 1742; x_wconf 92' lang='lat' dir='ltr'>nunc</span> <span class='ocrx_word' id='word_1_131' title='bbox 2425 1693 2582 1741; x_wconf 85' lang='lat' dir='ltr'>vero</span> <span class='ocrx_word' id='word_1_132' title='bbox 2643 1692 2763 1761; x_wconf 89' lang='lat' dir='ltr'>per</span> <span class='ocrx_word' id='word_1_133' title='bbox 2812 1671 3084 1741; x_wconf 89' lang='lat' dir='ltr'>miseri-</span> 
     </span>
     <span class='ocr_line' id='line_1_17' title="bbox 541 1758 3085 1851; baseline -0.003 -16"><span class='ocrx_word' id='word_1_134' title='bbox 541 1764 815 1835; x_wconf 89' lang='lat' dir='ltr'>cordiae</span> <span class='ocrx_word' id='word_1_135' title='bbox 867 1765 1127 1834; x_wconf 90' lang='lat' dir='ltr'>viscera</span> <span class='ocrx_word' id='word_1_136' title='bbox 1192 1762 1643 1844; x_wconf 87' lang='lat' dir='ltr'>reficiuntur,</span> <span class='ocrx_word' id='word_1_137' title='bbox 1712 1775 1776 1832; x_wconf 93' lang='lat' dir='ltr'>et</span> <span class='ocrx_word' id='word_1_138' title='bbox 1825 1762 1894 1830; x_wconf 91' lang='lat' dir='ltr'>in</span> <span class='ocrx_word' id='word_1_139' title='bbox 1947 1762 2112 1832; x_wconf 91' lang='lat' dir='ltr'>filiis</span> <span class='ocrx_word' id='word_1_140' title='bbox 2162 1760 2432 1851; x_wconf 91' lang='lat' dir='ltr'>pietatis</span> <span class='ocrx_word' id='word_1_141' title='bbox 2505 1775 2709 1848; x_wconf 88' lang='lat' dir='ltr'>atque</span> <span class='ocrx_word' id='word_1_142' title='bbox 2773 1758 3085 1848; x_wconf 86' lang='lat' dir='ltr'>justitiae</span> 
     </span>
     <span class='ocr_line' id='line_1_18' title="bbox 542 1847 3105 1942; baseline -0.003 -17"><span class='ocrx_word' id='word_1_143' title='bbox 542 1854 1066 1942; x_wconf 88' lang='lat' dir='ltr'>conquiescunt,</span> <span class='ocrx_word' id='word_1_144' title='bbox 1107 1867 1168 1922; x_wconf 90' lang='lat' dir='ltr'>te</span> <span class='ocrx_word' id='word_1_145' title='bbox 1215 1852 1287 1921; x_wconf 90' lang='lat' dir='ltr'>in</span> <span class='ocrx_word' id='word_1_146' title='bbox 1335 1851 1664 1921; x_wconf 90' lang='lat' dir='ltr'>omnibus</span> <span class='ocrx_word' id='word_1_147' title='bbox 1714 1851 2124 1922; x_wconf 90' lang='lat' dir='ltr'>eruditionis</span> <span class='ocrx_word' id='word_1_148' title='bbox 2165 1864 2319 1921; x_wconf 90' lang='lat' dir='ltr'>tuae</span> <span class='ocrx_word' id='word_1_149' title='bbox 2367 1849 2531 1921; x_wconf 87' lang='lat' dir='ltr'>filiis</span> <span class='ocrx_word' id='word_1_150' title='bbox 2579 1847 2968 1938; x_wconf 84' lang='lat' dir='ltr'>diligentes,</span> <span class='ocrx_word' id='word_1_151' title='bbox 3020 1858 3105 1918; x_wconf 89' lang='lat' dir='ltr'>et·</span> 
     </span>
     <span class='ocr_line' id='line_1_19' title="bbox 541 1938 3084 2030; baseline -0.003 -18"><span class='ocrx_word' id='word_1_152' title='bbox 541 1944 612 2012; x_wconf 93' lang='lat' dir='ltr'>in</span> <span class='ocrx_word' id='word_1_153' title='bbox 664 1957 724 2012; x_wconf 91' lang='lat' dir='ltr'>te</span> <span class='ocrx_word' id='word_1_154' title='bbox 753 1943 1091 2012; x_wconf 89' lang='lat' dir='ltr'>Christum</span> <span class='ocrx_word' id='word_1_155' title='bbox 1130 1952 1463 2021; x_wconf 85' lang='lat' dir='ltr'>amantes,</span> <span class='ocrx_word' id='word_1_156' title='bbox 1497 1963 1577 2010; x_wconf 90' lang='lat' dir='ltr'>ac</span> <span class='ocrx_word' id='word_1_157' title='bbox 1609 1962 1732 2030; x_wconf 91' lang='lat' dir='ltr'>per</span> <span class='ocrx_word' id='word_1_158' title='bbox 1765 1941 1892 2009; x_wconf 89' lang='lat' dir='ltr'>hoc</span> <span class='ocrx_word' id='word_1_159' title='bbox 1926 1940 2209 2009; x_wconf 79' lang='lat' dir='ltr'>virtutes</span> <span class='ocrx_word' id='word_1_160' title='bbox 2259 1939 2397 2020; x_wconf 93' lang='lat' dir='ltr'>Dei,</span> <span class='ocrx_word' id='word_1_161' title='bbox 2438 1939 2506 2008; x_wconf 94' lang='lat' dir='ltr'>id</span> <span class='ocrx_word' id='word_1_162' title='bbox 2548 1951 2671 2018; x_wconf 89' lang='lat' dir='ltr'>est,</span> <span class='ocrx_word' id='word_1_163' title='bbox 2709 1938 3084 2029; x_wconf 87' lang='lat' dir='ltr'>potentiam</span> 
     </span>
     <span class='ocr_line' id='line_1_20' title="bbox 543 2028 3087 2119; baseline -0.002 -19"><span class='ocrx_word' id='word_1_164' title='bbox 543 2033 614 2102; x_wconf 91' lang='lat' dir='ltr'>in</span> <span class='ocrx_word' id='word_1_165' title='bbox 666 2031 930 2103; x_wconf 89' lang='lat' dir='ltr'>Christo</span> <span class='ocrx_word' id='word_1_166' title='bbox 1002 2052 1195 2102; x_wconf 90' lang='lat' dir='ltr'>suam</span> <span class='ocrx_word' id='word_1_167' title='bbox 1247 2032 1317 2100; x_wconf 89' lang='lat' dir='ltr'>in</span> <span class='ocrx_word' id='word_1_168' title='bbox 1386 2041 1506 2099; x_wconf 85' lang='lat' dir='ltr'>tua</span> <span class='ocrx_word' id='word_1_169' title='bbox 1574 2029 2014 2119; x_wconf 84' lang='lat' dir='ltr'>potissimum</span> <span class='ocrx_word' id='word_1_170' title='bbox 2080 2028 2398 2109; x_wconf 89' lang='lat' dir='ltr'>civitate,</span> <span class='ocrx_word' id='word_1_171' title='bbox 2464 2040 2541 2098; x_wconf 90' lang='lat' dir='ltr'>ut</span> <span class='ocrx_word' id='word_1_172' title='bbox 2587 2038 2973 2114; x_wconf 77' lang='lat' dir='ltr'>consortem</span> <span class='ocrx_word' id='word_1_173' title='bbox 3025 2037 3087 2095; x_wconf 89' lang='lat' dir='ltr'>te</span> 
     </span>
     <span class='ocr_line' id='line_1_21' title="bbox 543 2132 1576 2210; baseline -0.006 -17"><span class='ocrx_word' id='word_1_174' title='bbox 543 2144 748 2193; x_wconf 89' lang='lat' dir='ltr'>suum</span> <span class='ocrx_word' id='word_1_175' title='bbox 789 2133 1137 2199; x_wconf 89' lang='lat' dir='ltr'>testentur,</span> <span class='ocrx_word' id='word_1_176' title='bbox 1191 2132 1576 2210; x_wconf 88' lang='lat' dir='ltr'>operantes.</span> 
     </span>
    </p>

    <p class='ocr_par' dir='ltr' id='par_1_3' title="bbox 540 2202 3097 3633">
     <span class='ocr_line' id='line_1_22' title="bbox 631 2202 3086 2298; baseline -0.004 -16"><span class='ocrx_word' id='word_1_177' title='bbox 631 2212 666 2297; x_wconf 69' lang='grc' dir='ltr'>ξ</span> <span class='ocrx_word' id='word_1_178' title='bbox 712 2214 805 2282; x_wconf 75' lang='lat'>8.</span> <span class='ocrx_word' id='word_1_179' title='bbox 860 2210 1085 2280; x_wconf 89' lang='lat' dir='ltr'>Gratia</span> <span class='ocrx_word' id='word_1_180' title='bbox 1118 2207 1218 2277; x_wconf 90' lang='lat' dir='ltr'>illi</span> <span class='ocrx_word' id='word_1_181' title='bbox 1250 2222 1315 2277; x_wconf 93' lang='lat' dir='ltr'>et</span> <span class='ocrx_word' id='word_1_182' title='bbox 1346 2207 1590 2298; x_wconf 87' lang='lat' dir='ltr'>gloria,</span> <span class='ocrx_word' id='word_1_183' title='bbox 1636 2206 1758 2293; x_wconf 90' lang='lat' dir='ltr'>qui</span> <span class='ocrx_word' id='word_1_184' title='bbox 1785 2227 2356 2296; x_wconf 86' lang='lat' dir='ltr'>operamanuum</span> <span class='ocrx_word' id='word_1_185' title='bbox 2395 2226 2678 2275; x_wconf 90' lang='lat' dir='ltr'>suarum</span> <span class='ocrx_word' id='word_1_186' title='bbox 2715 2225 2852 2273; x_wconf 90' lang='lat' dir='ltr'>non</span> <span class='ocrx_word' id='word_1_187' title='bbox 2883 2202 3086 2274; x_wconf 83' lang='lat' dir='ltr'>omi-t-</span> 
     </span>
     <span class='ocr_line' id='line_1_23' title="bbox 546 2291 3088 2382; baseline -0.004 -14"><span class='ocrx_word' id='word_1_188' title='bbox 546 2314 716 2380; x_wconf 80' lang='lat' dir='ltr'>tenS,</span> <span class='ocrx_word' id='word_1_189' title='bbox 761 2320 1034 2368; x_wconf 91' lang='lat' dir='ltr'>omnem</span> <span class='ocrx_word' id='word_1_190' title='bbox 1079 2297 1429 2366; x_wconf 90' lang='lat' dir='ltr'>hominem</span> <span class='ocrx_word' id='word_1_191' title='bbox 1482 2295 1627 2366; x_wconf 88' lang='lat' dir='ltr'>vult</span> <span class='ocrx_word' id='word_1_192' title='bbox 1674 2295 1940 2366; x_wconf 87' lang='lat' dir='ltr'>salvum</span> <span class='ocrx_word' id='word_1_193' title='bbox 1992 2294 2164 2375; x_wconf 86' lang='lat' dir='ltr'>fieri,</span> <span class='ocrx_word' id='word_1_194' title='bbox 2202 2307 2266 2363; x_wconf 89' lang='lat' dir='ltr'>et</span> <span class='ocrx_word' id='word_1_195' title='bbox 2315 2294 2382 2362; x_wconf 92' lang='lat' dir='ltr'>in</span> <span class='ocrx_word' id='word_1_196' title='bbox 2444 2294 2864 2382; x_wconf 85' lang='lat' dir='ltr'>agnitionem</span> <span class='ocrx_word' id='word_1_197' title='bbox 2916 2291 3088 2361; x_wconf 90' lang='lat' dir='ltr'>veri-</span> 
     </span>
     <span class='ocr_line' id='line_1_24' title="bbox 547 2381 3090 2476; baseline -0.004 -18"><span class='ocrx_word' id='word_1_198' title='bbox 547 2388 703 2458; x_wconf 91' lang='lat' dir='ltr'>tatis</span> <span class='ocrx_word' id='word_1_199' title='bbox 752 2388 1027 2458; x_wconf 91' lang='lat' dir='ltr'>venire:</span> <span class='ocrx_word' id='word_1_200' title='bbox 1073 2385 1456 2476; x_wconf 86' lang='lat' dir='ltr'>etpedibus</span> <span class='ocrx_word' id='word_1_201' title='bbox 1486 2391 1666 2455; x_wconf 86' lang='lat' dir='ltr'>Evan</span> <span class='ocrx_word' id='word_1_202' title='bbox 1721 2384 1838 2453; x_wconf 90' lang='lat' dir='ltr'>elii</span> <span class='ocrx_word' id='word_1_203' title='bbox 1887 2396 2021 2454; x_wconf 91' lang='lat' dir='ltr'>toto</span> <span class='ocrx_word' id='word_1_204' title='bbox 2048 2384 2211 2454; x_wconf 90' lang='lat' dir='ltr'>orbe</span> <span class='ocrx_word' id='word_1_205' title='bbox 2257 2381 2680 2464; x_wconf 90' lang='lat' dir='ltr'>discurrens,</span> <span class='ocrx_word' id='word_1_206' title='bbox 2721 2394 2783 2452; x_wconf 92' lang='lat' dir='ltr'>te</span> <span class='ocrx_word' id='word_1_207' title='bbox 2815 2402 3090 2468; x_wconf 88' lang='lat' dir='ltr'>quoque</span> 
     </span>
     <span class='ocr_line' id='line_1_25' title="bbox 544 2469 3086 2577; baseline -0.004 -29"><span class='ocrx_word' id='word_1_208' title='bbox 544 2476 935 2566; x_wconf 88' lang='lat' dir='ltr'>speciosum</span> <span class='ocrx_word' id='word_1_209' title='bbox 972 2476 1159 2547; x_wconf 87' lang='lat' dir='ltr'>verbi</span> <span class='ocrx_word' id='word_1_210' title='bbox 1212 2477 1321 2547; x_wconf 91' lang='lat' dir='ltr'>sui</span> <span class='ocrx_word' id='word_1_211' title='bbox 1374 2473 1615 2577; x_wconf 89' lang='lat' dir='ltr'>pedem</span> <span class='ocrx_word' id='word_1_212' title='bbox 1704 2495 1920 2553; x_wconf 89' lang='lat' dir='ltr'>acere,</span> <span class='ocrx_word' id='word_1_213' title='bbox 1963 2475 2031 2542; x_wconf 94' lang='lat' dir='ltr'>in</span> <span class='ocrx_word' id='word_1_214' title='bbox 2083 2494 2220 2561; x_wconf 91' lang='lat' dir='ltr'>quo</span> <span class='ocrx_word' id='word_1_215' title='bbox 2267 2470 2599 2541; x_wconf 84' lang='lat' dir='ltr'>exultaret</span> <span class='ocrx_word' id='word_1_216' title='bbox 2643 2483 2720 2542; x_wconf 90' lang='lat' dir='ltr'>ut</span> <span class='ocrx_word' id='word_1_217' title='bbox 2768 2470 2964 2561; x_wconf 86' lang='lat' dir='ltr'>gigas</span> <span class='ocrx_word' id='word_1_218' title='bbox 2998 2469 3086 2539; x_wconf 92' lang='lat' dir='ltr'>ad</span> 
     </span>
     <span class='ocr_line' id='line_1_26' title="bbox 540 2560 3089 2654; baseline -0.004 -17"><span class='ocrx_word' id='word_1_219' title='bbox 540 2567 954 2637; x_wconf 86' lang='lat' dir='ltr'>currendam</span> <span class='ocrx_word' id='word_1_220' title='bbox 1008 2566 1211 2647; x_wconf 89' lang='lat' dir='ltr'>viam,</span> <span class='ocrx_word' id='word_1_221' title='bbox 1265 2579 1330 2634; x_wconf 92' lang='lat' dir='ltr'>et</span> <span class='ocrx_word' id='word_1_222' title='bbox 1375 2586 1446 2634; x_wconf 80' lang='lat' dir='ltr'>tn</span> <span class='ocrx_word' id='word_1_223' title='bbox 1500 2564 2090 2654; x_wconf 89' lang='lat' dir='ltr'>praeparationem</span> <span class='ocrx_word' id='word_1_224' title='bbox 2142 2560 2619 2652; x_wconf 87' lang='lat' dir='ltr'>Evangelicam</span> <span class='ocrx_word' id='word_1_225' title='bbox 2682 2560 2871 2651; x_wconf 87' lang='lat' dir='ltr'>pacis</span> <span class='ocrx_word' id='word_1_226' title='bbox 2919 2581 3089 2628; x_wconf 87' lang='lat' dir='ltr'>suae</span> 
     </span>
     <span class='ocr_line' id='line_1_27' title="bbox 543 2647 3083 2745; baseline -0.003 -23"><span class='ocrx_word' id='word_1_227' title='bbox 543 2657 828 2745; x_wconf 82' lang='lat' dir='ltr'>vestigio</span> <span class='ocrx_word' id='word_1_228' title='bbox 862 2655 1167 2725; x_wconf 91' lang='lat' dir='ltr'>calceare</span> <span class='ocrx_word' id='word_1_229' title='bbox 1214 2654 1542 2744; x_wconf 83' lang='lat' dir='ltr'>dignatus</span> <span class='ocrx_word' id='word_1_230' title='bbox 1587 2666 1735 2723; x_wconf 88' lang='lat' dir='ltr'>est:</span> <span class='ocrx_word' id='word_1_231' title='bbox 1797 2666 1874 2722; x_wconf 89' lang='lat' dir='ltr'>ut</span> <span class='ocrx_word' id='word_1_232' title='bbox 1923 2673 2042 2742; x_wconf 88' lang='lat' dir='ltr'>per</span> <span class='ocrx_word' id='word_1_233' title='bbox 2088 2665 2150 2720; x_wconf 92' lang='lat' dir='ltr'>te</span> <span class='ocrx_word' id='word_1_234' title='bbox 2195 2666 2471 2739; x_wconf 88' lang='lat' dir='ltr'>quoque</span> <span class='ocrx_word' id='word_1_235' title='bbox 2519 2672 2730 2739; x_wconf 90' lang='lat' dir='ltr'>super</span> <span class='ocrx_word' id='word_1_236' title='bbox 2776 2647 3083 2739; x_wconf 90' lang='lat' dir='ltr'>aspidem</span> 
     </span>
     <span class='ocr_line' id='line_1_28' title="bbox 542 2738 3086 2823; baseline -0.004 -10"><span class='ocrx_word' id='word_1_237' title='bbox 542 2761 608 2814; x_wconf 89' lang='lat' dir='ltr'>et</span> <span class='ocrx_word' id='word_1_238' title='bbox 656 2745 1059 2815; x_wconf 89' lang='lat' dir='ltr'>basiliscum</span> <span class='ocrx_word' id='word_1_239' title='bbox 1110 2742 1516 2823; x_wconf 89' lang='lat' dir='ltr'>ambularet,</span> <span class='ocrx_word' id='word_1_240' title='bbox 1571 2756 1637 2812; x_wconf 92' lang='lat' dir='ltr'>et</span> <span class='ocrx_word' id='word_1_241' title='bbox 1682 2740 2120 2811; x_wconf 88' lang='lat' dir='ltr'>conculcaret</span> <span class='ocrx_word' id='word_1_242' title='bbox 2168 2739 2431 2809; x_wconf 91' lang='lat' dir='ltr'>leonem</span> <span class='ocrx_word' id='word_1_243' title='bbox 2466 2752 2530 2808; x_wconf 92' lang='lat' dir='ltr'>et</span> <span class='ocrx_word' id='word_1_244' title='bbox 2564 2738 2958 2809; x_wconf 89' lang='lat' dir='ltr'>draconem.</span> <span class='ocrx_word' id='word_1_245' title='bbox 2998 2740 3086 2805; x_wconf 78' lang='lat' dir='ltr'>Ac</span> 
     </span>
     <span class='ocr_line' id='line_1_29' title="bbox 545 2826 3079 2907; baseline -0.003 -5"><span class='ocrx_word' id='word_1_246' title='bbox 545 2856 631 2902; x_wconf 90' lang='lat' dir='ltr'>ne</span> <span class='ocrx_word' id='word_1_247' title='bbox 659 2847 795 2902; x_wconf 91' lang='lat' dir='ltr'>tam</span> <span class='ocrx_word' id='word_1_248' title='bbox 824 2833 1114 2902; x_wconf 88' lang='lat' dir='ltr'>illustris</span> <span class='ocrx_word' id='word_1_249' title='bbox 1154 2832 1435 2901; x_wconf 88' lang='lat' dir='ltr'>lucerna</span> <span class='ocrx_word' id='word_1_250' title='bbox 1461 2832 1593 2901; x_wconf 83' lang='lat' dir='ltr'>sub</span> <span class='ocrx_word' id='word_1_251' title='bbox 1634 2828 1863 2900; x_wconf 90' lang='lat' dir='ltr'>modio</span> <span class='ocrx_word' id='word_1_252' title='bbox 1906 2828 2394 2899; x_wconf 86' lang='lat' dir='ltr'>taciturnitatis</span> <span class='ocrx_word' id='word_1_253' title='bbox 2426 2830 2726 2898; x_wconf 89' lang='lat' dir='ltr'>obscura</span> <span class='ocrx_word' id='word_1_254' title='bbox 2758 2826 3079 2907; x_wconf 86' lang='lat' dir='ltr'>latitaret,</span> 
     </span>
     <span class='ocr_line' id='line_1_30' title="bbox 546 2914 3093 3021; baseline -0.002 -30"><span class='ocrx_word' id='word_1_255' title='bbox 546 2923 645 2991; x_wconf 86' lang='lat' dir='ltr'>sic</span> <span class='ocrx_word' id='word_1_256' title='bbox 695 2936 755 2991; x_wconf 91' lang='lat' dir='ltr'>te</span> <span class='ocrx_word' id='word_1_257' title='bbox 802 2921 1224 3021; x_wconf 85' lang='lat' dir='ltr'>Apostolicae</span> <span class='ocrx_word' id='word_1_258' title='bbox 1271 2920 1455 2990; x_wconf 87' lang='lat' dir='ltr'>sedis</span> <span class='ocrx_word' id='word_1_259' title='bbox 1482 2932 1719 2989; x_wconf 87' lang='lat' dir='ltr'>evectu</span> <span class='ocrx_word' id='word_1_260' title='bbox 1752 2919 1951 3005; x_wconf 91' lang='lat' dir='ltr'>quasi</span> <span class='ocrx_word' id='word_1_261' title='bbox 2000 2940 2210 3007; x_wconf 86' lang='lat' dir='ltr'>super</span> <span class='ocrx_word' id='word_1_262' title='bbox 2242 2916 2733 2987; x_wconf 90' lang='lat' dir='ltr'>candelabrum</span> <span class='ocrx_word' id='word_1_263' title='bbox 2789 2914 3093 2987; x_wconf 86' lang='lat' dir='ltr'>sublime</span> 
     </span>
     <span class='ocr_line' id='line_1_31' title="bbox 546 3003 3094 3089; baseline -0.002 -10"><span class='ocrx_word' id='word_1_264' title='bbox 546 3011 939 3089; x_wconf 78' lang='lat' dir='ltr'>constituit,</span> <span class='ocrx_word' id='word_1_265' title='bbox 1002 3023 1079 3080; x_wconf 91' lang='lat' dir='ltr'>ut</span> <span class='ocrx_word' id='word_1_266' title='bbox 1126 3022 1259 3078; x_wconf 90' lang='lat' dir='ltr'>tota</span> <span class='ocrx_word' id='word_1_267' title='bbox 1321 3009 1526 3078; x_wconf 92' lang='lat' dir='ltr'>domo</span> <span class='ocrx_word' id='word_1_268' title='bbox 1596 3008 1969 3078; x_wconf 89' lang='lat' dir='ltr'>multorum</span> <span class='ocrx_word' id='word_1_269' title='bbox 2048 3006 2555 3076; x_wconf 87' lang='lat' dir='ltr'>illu-minatione</span> <span class='ocrx_word' id='word_1_270' title='bbox 2618 3004 2905 3075; x_wconf 66' lang='lat' dir='ltr'>luceres</span> <span class='ocrx_word' id='word_1_271' title='bbox 2962 3003 3094 3074; x_wconf 90' lang='lat' dir='ltr'>Sed</span> 
     </span>
     <span class='ocr_line' id='line_1_32' title="bbox 544 3092 3095 3185; baseline -0.002 -18"><span class='ocrx_word' id='word_1_272' title='bbox 544 3098 801 3185; x_wconf 89' lang='lat' dir='ltr'>quibus</span> <span class='ocrx_word' id='word_1_273' title='bbox 850 3112 913 3167; x_wconf 92' lang='lat' dir='ltr'>te</span> <span class='ocrx_word' id='word_1_274' title='bbox 960 3098 1324 3168; x_wconf 87' lang='lat' dir='ltr'>itineribus</span> <span class='ocrx_word' id='word_1_275' title='bbox 1372 3098 1458 3167; x_wconf 90' lang='lat' dir='ltr'>ad</span> <span class='ocrx_word' id='word_1_276' title='bbox 1510 3098 1689 3167; x_wconf 90' lang='lat' dir='ltr'>viam</span> <span class='ocrx_word' id='word_1_277' title='bbox 1739 3119 1905 3166; x_wconf 87' lang='lat' dir='ltr'>suae</span> <span class='ocrx_word' id='word_1_278' title='bbox 1963 3096 2261 3167; x_wconf 86' lang='lat' dir='ltr'>veritatis</span> <span class='ocrx_word' id='word_1_279' title='bbox 2318 3094 2646 3164; x_wconf 75' lang='lat' dir='ltr'>adduxit?</span> <span class='ocrx_word' id='word_1_280' title='bbox 2685 3092 3095 3165; x_wconf 86' lang='lat' dir='ltr'>Carnalibus</span> 
     </span>
     <span class='ocr_line' id='line_1_33' title="bbox 544 3174 3095 3277; baseline -0.003 -21"><span class='ocrx_word' id='word_1_281' title='bbox 544 3187 812 3257; x_wconf 87' lang='lat' dir='ltr'>muniis</span> <span class='ocrx_word' id='word_1_282' title='bbox 851 3186 935 3256; x_wconf 88' lang='lat' dir='ltr'>ad</span> <span class='ocrx_word' id='word_1_283' title='bbox 986 3186 1322 3277; x_wconf 82' lang='lat' dir='ltr'>spiritalia</span> <span class='ocrx_word' id='word_1_284' title='bbox 1371 3209 1538 3256; x_wconf 87' lang='lat' dir='ltr'>suae</span> <span class='ocrx_word' id='word_1_285' title='bbox 1577 3185 1848 3256; x_wconf 86' lang='lat' dir='ltr'>virtutis</span> <span class='ocrx_word' id='word_1_286' title='bbox 1895 3185 2288 3266; x_wconf 81' lang='lat' dir='ltr'>instituenS‚</span> <span class='ocrx_word' id='word_1_287' title='bbox 2342 3184 2596 3253; x_wconf 87' lang='lat' dir='ltr'>creavit</span> <span class='ocrx_word' id='word_1_288' title='bbox 2658 3183 2855 3267; x_wconf 70' lang='lat' dir='ltr'>initio</span> <span class='ocrx_word' id='word_1_289' title='bbox 2905 3174 3095 3250; x_wconf 87' lang='lat' dir='ltr'>mili-</span> 
     </span>
     <span class='ocr_line' id='line_1_34' title="bbox 547 3271 3097 3366; baseline -0.002 -21"><span class='ocrx_word' id='word_1_290' title='bbox 547 3290 708 3357; x_wconf 90' lang='lat' dir='ltr'>tem,</span> <span class='ocrx_word' id='word_1_291' title='bbox 762 3297 969 3361; x_wconf 91' lang='lat' dir='ltr'>quem</span> <span class='ocrx_word' id='word_1_292' title='bbox 1023 3289 1257 3365; x_wconf 86' lang='lat' dir='ltr'>postea</span> <span class='ocrx_word' id='word_1_293' title='bbox 1316 3275 1520 3366; x_wconf 87' lang='lat' dir='ltr'>elegit</span> <span class='ocrx_word' id='word_1_294' title='bbox 1577 3274 2007 3345; x_wconf 84' lang='lat' dir='ltr'>Antistitem:</span> <span class='ocrx_word' id='word_1_295' title='bbox 2060 3287 2126 3343; x_wconf 90' lang='lat' dir='ltr'>et</span> <span class='ocrx_word' id='word_1_296' title='bbox 2188 3295 2439 3363; x_wconf 89' lang='lat' dir='ltr'>passus</span> <span class='ocrx_word' id='word_1_297' title='bbox 2495 3286 2597 3343; x_wconf 87' lang='lat' dir='ltr'>est</span> <span class='ocrx_word' id='word_1_298' title='bbox 2664 3271 2959 3341; x_wconf 87' lang='lat' dir='ltr'>militare</span> <span class='ocrx_word' id='word_1_299' title='bbox 3029 3282 3097 3340; x_wconf 88' lang='lat' dir='ltr'>te</span> 
     </span>
     <span class='ocr_line' id='line_1_35' title="bbox 546 3360 3095 3444; baseline -0.002 -11"><span class='ocrx_word' id='word_1_300' title='bbox 546 3365 838 3444; x_wconf 86' lang='lat' dir='ltr'>Caesari,</span> <span class='ocrx_word' id='word_1_301' title='bbox 890 3378 965 3434; x_wconf 92' lang='lat' dir='ltr'>ut</span> <span class='ocrx_word' id='word_1_302' title='bbox 1014 3370 1144 3434; x_wconf 91' lang='lat' dir='ltr'>Deo</span> <span class='ocrx_word' id='word_1_303' title='bbox 1177 3364 1476 3434; x_wconf 89' lang='lat' dir='ltr'>disceres</span> <span class='ocrx_word' id='word_1_304' title='bbox 1527 3363 1860 3433; x_wconf 90' lang='lat' dir='ltr'>militare:</span> <span class='ocrx_word' id='word_1_305' title='bbox 1915 3376 1992 3433; x_wconf 91' lang='lat' dir='ltr'>ut</span> <span class='ocrx_word' id='word_1_306' title='bbox 2038 3362 2207 3432; x_wconf 91' lang='lat' dir='ltr'>dum</span> <span class='ocrx_word' id='word_1_307' title='bbox 2249 3362 2485 3432; x_wconf 89' lang='lat' dir='ltr'>labore</span> <span class='ocrx_word' id='word_1_308' title='bbox 2544 3360 2878 3433; x_wconf 89' lang='lat' dir='ltr'>castrensi</span> <span class='ocrx_word' id='word_1_309' title='bbox 2939 3381 3095 3429; x_wconf 90' lang='lat' dir='ltr'>cor-</span> 
     </span>
     <span class='ocr_line' id='line_1_36' title="bbox 549 3447 3094 3544; baseline -0.002 -22"><span class='ocrx_word' id='word_1_310' title='bbox 549 3454 734 3542; x_wconf 89' lang='lat' dir='ltr'>poris</span> <span class='ocrx_word' id='word_1_311' title='bbox 783 3453 992 3523; x_wconf 89' lang='lat' dir='ltr'>robur</span> <span class='ocrx_word' id='word_1_312' title='bbox 1024 3475 1320 3533; x_wconf 80' lang='lat' dir='ltr'>exerceS,</span> <span class='ocrx_word' id='word_1_313' title='bbox 1360 3452 1789 3544; x_wconf 87' lang='lat' dir='ltr'>spiritalibus</span> <span class='ocrx_word' id='word_1_314' title='bbox 1838 3465 1900 3522; x_wconf 90' lang='lat' dir='ltr'>te</span> <span class='ocrx_word' id='word_1_315' title='bbox 1932 3451 2210 3542; x_wconf 90' lang='lat' dir='ltr'>praeliis</span> <span class='ocrx_word' id='word_1_316' title='bbox 2236 3452 2622 3532; x_wconf 82' lang='lat' dir='ltr'>roborareS,</span> <span class='ocrx_word' id='word_1_317' title='bbox 2666 3447 3094 3520; x_wconf 88' lang='lat' dir='ltr'>confessioni</span> 
     </span>
     <span class='ocr_line' id='line_1_37' title="bbox 548 3540 2446 3633; baseline -0.002 -19"><span class='ocrx_word' id='word_1_318' title='bbox 548 3543 870 3633; x_wconf 89' lang='lat' dir='ltr'>spiritum</span> <span class='ocrx_word' id='word_1_319' title='bbox 920 3542 1233 3622; x_wconf 79' lang='lat' dir='ltr'>firmanS,</span> <span class='ocrx_word' id='word_1_320' title='bbox 1277 3555 1341 3612; x_wconf 88' lang='lat' dir='ltr'>et</span> <span class='ocrx_word' id='word_1_321' title='bbox 1390 3542 1694 3633; x_wconf 90' lang='lat' dir='ltr'>passioni</span> <span class='ocrx_word' id='word_1_322' title='bbox 1742 3563 1997 3632; x_wconf 88' lang='lat' dir='ltr'>corpus</span> <span class='ocrx_word' id='word_1_323' title='bbox 2027 3540 2446 3610; x_wconf 73' lang='lat' dir='ltr'>indurans*.</span> 
     </span>
    </p>

    <p class='ocr_par' dir='ltr' id='par_1_4' title="bbox 549 3626 3104 3907">
     <span class='ocr_line' id='line_1_38' title="bbox 636 3626 3104 3727; baseline -0.004 -23"><span class='ocrx_word' id='word_1_324' title='bbox 636 3635 673 3720; x_wconf 68' lang='grc' dir='ltr'>ἓ</span> <span class='ocrx_word' id='word_1_325' title='bbox 720 3637 805 3705; x_wconf 76' lang='grc'>4;</span> <span class='ocrx_word' id='word_1_326' title='bbox 859 3633 1048 3714; x_wconf 88' lang='lat' dir='ltr'>Quod</span> <span class='ocrx_word' id='word_1_327' title='bbox 1100 3631 1373 3701; x_wconf 88' lang='lat' dir='ltr'>divinae</span> <span class='ocrx_word' id='word_1_328' title='bbox 1417 3631 1881 3721; x_wconf 79' lang='lat' dir='ltr'>providentiae</span> <span class='ocrx_word' id='word_1_329' title='bbox 1917 3630 2100 3699; x_wconf 90' lang='lat' dir='ltr'>circa</span> <span class='ocrx_word' id='word_1_330' title='bbox 2150 3641 2214 3699; x_wconf 91' lang='lat' dir='ltr'>te</span> <span class='ocrx_word' id='word_1_331' title='bbox 2261 3629 2474 3700; x_wconf 87' lang='lat' dir='ltr'>fuisse</span> <span class='ocrx_word' id='word_1_332' title='bbox 2520 3627 2934 3708; x_wconf 91' lang='lat' dir='ltr'>consilium,</span> <span class='ocrx_word' id='word_1_333' title='bbox 2992 3626 3104 3727; x_wconf 54' lang='lat' dir='ltr'>in:</span> 
     </span>
     <span class='ocr_line' id='line_1_39' title="bbox 549 3715 3089 3812; baseline -0.002 -23"><span class='ocrx_word' id='word_1_334' title='bbox 549 3743 720 3812; x_wconf 88' lang='lat' dir='ltr'>gens</span> <span class='ocrx_word' id='word_1_335' title='bbox 764 3734 992 3810; x_wconf 91' lang='lat' dir='ltr'>postea</span> <span class='ocrx_word' id='word_1_336' title='bbox 1038 3720 1259 3789; x_wconf 88' lang='lat' dir='ltr'>exitus</span> <span class='ocrx_word' id='word_1_337' title='bbox 1292 3734 1455 3790; x_wconf 91' lang='lat' dir='ltr'>tuus</span> <span class='ocrx_word' id='word_1_338' title='bbox 1501 3743 1543 3790; x_wconf 88' lang='lat' dir='ltr'>a</span> <span class='ocrx_word' id='word_1_339' title='bbox 1583 3719 1851 3800; x_wconf 90' lang='lat' dir='ltr'>militia,</span> <span class='ocrx_word' id='word_1_340' title='bbox 1904 3731 1969 3788; x_wconf 88' lang='lat' dir='ltr'>et</span> <span class='ocrx_word' id='word_1_341' title='bbox 2007 3719 2367 3810; x_wconf 87' lang='lat' dir='ltr'>ingressus</span> <span class='ocrx_word' id='word_1_342' title='bbox 2414 3717 2499 3787; x_wconf 91' lang='lat' dir='ltr'>ad</span> <span class='ocrx_word' id='word_1_343' title='bbox 2551 3716 2785 3799; x_wconf 87' lang='lat' dir='ltr'>fidem,</span> <span class='ocrx_word' id='word_1_344' title='bbox 2826 3715 3089 3786; x_wconf 89' lang='lat' dir='ltr'>docuit.</span> 
     </span>
     <span class='ocr_line' id='line_1_40' title="bbox 551 3806 3097 3907; baseline -0.003 -27"><span class='ocrx_word' id='word_1_345' title='bbox 551 3816 716 3880; x_wconf 87' lang='lat' dir='ltr'>Cum</span> <span class='ocrx_word' id='word_1_346' title='bbox 841 3810 1013 3879; x_wconf 90' lang='lat' dir='ltr'>rimo</span> <span class='ocrx_word' id='word_1_347' title='bbox 1080 3809 1328 3878; x_wconf 87' lang='lat' dir='ltr'>Christi</span> <span class='ocrx_word' id='word_1_348' title='bbox 1400 3830 1633 3879; x_wconf 86' lang='lat' dir='ltr'>amore</span> <span class='ocrx_word' id='word_1_349' title='bbox 1698 3829 2123 3888; x_wconf 88' lang='lat' dir='ltr'>succensus,</span> <span class='ocrx_word' id='word_1_350' title='bbox 2175 3807 2539 3885; x_wconf 86' lang='lat' dir='ltr'>ordinante</span> <span class='ocrx_word' id='word_1_351' title='bbox 2604 3806 2756 3907; x_wconf 89' lang='lat' dir='ltr'>ipso</span> <span class='ocrx_word' id='word_1_352' title='bbox 2809 3806 3097 3876; x_wconf 86' lang='lat' dir='ltr'>Domino</span> 
     </span>
    </p>

    <p class='ocr_par' dir='ltr' id='par_1_5' title="bbox 549 3894 3100 4437">
     <span class='ocr_line' id='line_1_41' title="bbox 597 3894 3098 3989; baseline -0.002 -22"><span class='ocrx_word' id='word_1_353' title='bbox 597 3921 755 3968; x_wconf 91' lang='lat' dir='ltr'>uam</span> <span class='ocrx_word' id='word_1_354' title='bbox 813 3921 920 3968; x_wconf 88' lang='lat' dir='ltr'>am</span> <span class='ocrx_word' id='word_1_355' title='bbox 990 3899 1217 3989; x_wconf 91' lang='lat' dir='ltr'>operis</span> <span class='ocrx_word' id='word_1_356' title='bbox 1263 3898 1372 3967; x_wconf 90' lang='lat' dir='ltr'>sui</span> <span class='ocrx_word' id='word_1_357' title='bbox 1422 3920 1795 3988; x_wconf 90' lang='lat' dir='ltr'>pompam,</span> <span class='ocrx_word' id='word_1_358' title='bbox 1872 3919 1992 3987; x_wconf 89' lang='lat' dir='ltr'>per</span> <span class='ocrx_word' id='word_1_359' title='bbox 2040 3896 2385 3985; x_wconf 90' lang='lat' dir='ltr'>insignem</span> <span class='ocrx_word' id='word_1_360' title='bbox 2453 3896 2747 3966; x_wconf 78' lang='lat' dir='ltr'>concilio</span> <span class='ocrx_word' id='word_1_361' title='bbox 2810 3894 3098 3963; x_wconf 87' lang='lat' dir='ltr'>militari</span> 
     </span>
     <span class='ocr_line' id='line_1_42' title="bbox 601 3985 3094 4079; baseline -0.002 -22"><span class='ocrx_word' id='word_1_362' title='bbox 601 3988 728 4057; x_wconf 93' lang='lat' dir='ltr'>iem</span> <span class='ocrx_word' id='word_1_363' title='bbox 785 4009 1188 4079; x_wconf 85' lang='lat' dir='ltr'>progressus</span> <span class='ocrx_word' id='word_1_364' title='bbox 1241 3987 1311 4055; x_wconf 91' lang='lat' dir='ltr'>in</span> <span class='ocrx_word' id='word_1_365' title='bbox 1362 4010 1510 4056; x_wconf 92' lang='lat' dir='ltr'>cam</span> <span class='ocrx_word' id='word_1_366' title='bbox 1569 4010 1686 4057; x_wconf 91' lang='lat' dir='ltr'>um</span> <span class='ocrx_word' id='word_1_367' title='bbox 1738 4009 1835 4068; x_wconf 90' lang='lat' dir='ltr'>es,</span> <span class='ocrx_word' id='word_1_368' title='bbox 1890 4000 2025 4055; x_wconf 91' lang='lat' dir='ltr'>toto</span> <span class='ocrx_word' id='word_1_369' title='bbox 2078 3985 2221 4067; x_wconf 80' lang='lat' dir='ltr'>illo,</span> <span class='ocrx_word' id='word_1_370' title='bbox 2266 4007 2471 4073; x_wconf 89' lang='lat' dir='ltr'>quem</span> <span class='ocrx_word' id='word_1_371' title='bbox 2514 3985 2662 4073; x_wconf 86' lang='lat' dir='ltr'>jam</span> <span class='ocrx_word' id='word_1_372' title='bbox 2715 3995 2942 4053; x_wconf 85' lang='lat' dir='ltr'>mente</span> <span class='ocrx_word' id='word_1_373' title='bbox 2989 4005 3094 4052; x_wconf 91' lang='lat' dir='ltr'>re-</span> 
     </span>
     <span class='ocr_line' id='line_1_43' title="bbox 549 4072 3099 4165; baseline -0.002 -19"><span class='ocrx_word' id='word_1_374' title='bbox 549 4099 860 4165; x_wconf 83' lang='lat' dir='ltr'>spueraS,</span> <span class='ocrx_word' id='word_1_375' title='bbox 915 4077 1386 4146; x_wconf 89' lang='lat' dir='ltr'>muniminum</span> <span class='ocrx_word' id='word_1_376' title='bbox 1439 4076 1520 4146; x_wconf 93' lang='lat' dir='ltr'>be</span> <span class='ocrx_word' id='word_1_377' title='bbox 1553 4076 1842 4146; x_wconf 87' lang='lat' dir='ltr'>licorum</span> <span class='ocrx_word' id='word_1_378' title='bbox 1944 4075 2329 4145; x_wconf 87' lang='lat' dir='ltr'>raecinctus</span> <span class='ocrx_word' id='word_1_379' title='bbox 2369 4088 2652 4143; x_wconf 87' lang='lat' dir='ltr'>ornatu:</span> <span class='ocrx_word' id='word_1_380' title='bbox 2687 4072 3099 4159; x_wconf 87' lang='lat' dir='ltr'>cunctisque</span> 
     </span>
     <span class='ocr_line' id='line_1_44' title="bbox 550 4162 3088 4251; baseline -0.001 -18"><span class='ocrx_word' id='word_1_381' title='bbox 550 4165 965 4235; x_wconf 88' lang='lat' dir='ltr'>mirantibus</span> <span class='ocrx_word' id='word_1_382' title='bbox 993 4165 1549 4236; x_wconf 89' lang='lat' dir='ltr'>accuratissimos</span> <span class='ocrx_word' id='word_1_383' title='bbox 1587 4166 1654 4235; x_wconf 87' lang='lat' dir='ltr'>in</span> <span class='ocrx_word' id='word_1_384' title='bbox 1697 4177 1759 4234; x_wconf 91' lang='lat' dir='ltr'>te</span> <span class='ocrx_word' id='word_1_385' title='bbox 1810 4165 1894 4233; x_wconf 92' lang='lat' dir='ltr'>ha</span> <span class='ocrx_word' id='word_1_386' title='bbox 1953 4165 2113 4244; x_wconf 88' lang='lat' dir='ltr'>itus,</span> <span class='ocrx_word' id='word_1_387' title='bbox 2162 4186 2242 4233; x_wconf 87' lang='lat' dir='ltr'>ac</span> <span class='ocrx_word' id='word_1_388' title='bbox 2292 4162 2633 4234; x_wconf 90' lang='lat' dir='ltr'>terribiles</span> <span class='ocrx_word' id='word_1_389' title='bbox 2683 4173 3088 4251; x_wconf 86' lang='lat' dir='ltr'>apparatus,</span> 
     </span>
     <span class='ocr_line' id='line_1_45' title="bbox 550 4248 3100 4352; baseline -0.001 -31"><span class='ocrx_word' id='word_1_390' title='bbox 550 4267 828 4352; x_wconf 80' lang='lat' dir='ltr'>repente</span> <span class='ocrx_word' id='word_1_391' title='bbox 894 4253 1363 4345; x_wconf 87' lang='lat' dir='ltr'>obstupefacto</span> <span class='ocrx_word' id='word_1_392' title='bbox 1424 4277 1801 4324; x_wconf 84' lang='lat' dir='ltr'>conversus</span> <span class='ocrx_word' id='word_1_393' title='bbox 1846 4254 2197 4334; x_wconf 86' lang='lat' dir='ltr'>exercitu,</span> <span class='ocrx_word' id='word_1_394' title='bbox 2266 4267 2426 4322; x_wconf 87' lang='lat' dir='ltr'>ante</span> <span class='ocrx_word' id='word_1_395' title='bbox 2495 4250 2700 4343; x_wconf 91' lang='lat' dir='ltr'>pedes</span> <span class='ocrx_word' id='word_1_396' title='bbox 2775 4248 3100 4351; x_wconf 83' lang='lat' dir='ltr'>sacrilegi</span> 
     </span>
     <span class='ocr_line' id='line_1_46' title="bbox 554 4339 3094 4437; baseline -0.001 -27"><span class='ocrx_word' id='word_1_397' title='bbox 554 4340 839 4411; x_wconf 77' lang='lat' dir='ltr'>Tribuni</span> <span class='ocrx_word' id='word_1_398' title='bbox 875 4342 1159 4413; x_wconf 92' lang='lat' dir='ltr'>militiae</span> <span class='ocrx_word' id='word_1_399' title='bbox 1193 4356 1624 4413; x_wconf 88' lang='lat' dir='ltr'>sacramenta</span> <span class='ocrx_word' id='word_1_400' title='bbox 1660 4357 2084 4437; x_wconf 62' lang='lat' dir='ltr'>permutans,</span> <span class='ocrx_word' id='word_1_401' title='bbox 2124 4363 2318 4411; x_wconf 89' lang='lat' dir='ltr'>arma</span> <span class='ocrx_word' id='word_1_402' title='bbox 2350 4341 2716 4431; x_wconf 85' lang='lat' dir='ltr'>sanguinis</span> <span class='ocrx_word' id='word_1_403' title='bbox 2756 4339 3094 4427; x_wconf 79' lang='lat' dir='ltr'>abjecisti,</span> 
     </span>
    </p>
   </div>
   <div class='ocr_carea' id='block_1_3' title="bbox 605 4466 1892 4521">
    <p class='ocr_par' dir='ltr' id='par_1_6' title="bbox 605 4466 1892 4521">
     <span class='ocr_line' id='line_1_47' title="bbox 605 4466 1892 4521; baseline 0.002 -13"><span class='ocrx_word' id='word_1_404' title='bbox 605 4468 633 4495; x_wconf 73' lang='lat'>¹⁸²</span> <span class='ocrx_word' id='word_1_405' title='bbox 662 4466 912 4510; x_wconf 71' lang='lat' dir='ltr'>victricius</span> <span class='ocrx_word' id='word_1_406' title='bbox 941 4469 1031 4511; x_wconf 77' lang='lat' dir='ltr'>sub</span> <span class='ocrx_word' id='word_1_407' title='bbox 1059 4471 1247 4512; x_wconf 63' lang='lat' dir='ltr'>auliano</span> <span class='ocrx_word' id='word_1_408' title='bbox 1278 4472 1501 4520; x_wconf 70' lang='lat' dir='ltr'>apostata</span> <span class='ocrx_word' id='word_1_409' title='bbox 1530 4468 1749 4511; x_wconf 74' lang='lat' dir='ltr'>militiam</span> <span class='ocrx_word' id='word_1_410' title='bbox 1780 4472 1892 4521; x_wconf 69' lang='lat' dir='ltr'>egit.</span> 
     </span>
    </p>
   </div>
  </div>
 </body>
</html>
