3308 5004
240 336 425 405 AUG.
468 338 550 404 lt)
728 357 808 403 ns
856 355 946 404 ss.
1001 356 1118 404 nu.
1163 357 1345 407 s1xro
1393 359 1489 406 Pr.
1544 355 1621 404 nr
1670 355 2025 405 muasnno
2072 353 2299 405 utrm
2563 339 2679 406 23⁴

239 440 515 522 ferreOS,
570 452 637 510 et
682 439 1086 511 linteamina
1115 454 1182 512 et
1213 465 1491 530 aquam,
1527 455 1607 512 ut
1646 441 2084 513 sacrificent:
2123 462 2428 529 curaque
2456 441 2557 511 eis
2582 442 2782 512 adhi-

237 530 504 612 beatur,
557 541 632 600 ut
678 529 1133 600 extendantur
1182 532 1249 600 in
1296 532 1488 602 lectis
1536 532 1775 601 {erreis
1823 551 2034 620 super
2083 553 2369 622 prunas,
2425 542 2500 601 ut
2532 532 2631 601 sic
2665 530 2783 602 de—

234 617 515 700 ficiant;
569 617 985 706 tradiditque
1031 640 1149 689 eos
1195 620 1460 691 Vitellio
1511 621 1740 691 Anisio
1789 619 2066 702 vicario,
2121 621 2241 707 qui
2288 619 2459 690 dixit
2498 619 2581 690 ad
2626 641 2777 690 eos:

235 711 381 777 Non
428 707 595 777 estis
648 707 909 790 nescii,
968 709 1136 795 quid
1179 707 1467 797 jusserit
1512 707 2135 780 excellentissimus
2192 708 2488 779 Decius:
2540 722 2620 779 ut
2664 710 2785 796 qui

239 796 635 866 sacrificant
679 808 747 867 et
793 809 1065 867 servant
1111 809 1473 890 praecepta
1522 798 1946 888 principum,
1991 797 2456 879 honorentur,
2509 797 2786 886 sintque

241 885 446 955 amici
482 886 904 976 principum,
932 899 999 956 et
1034 899 1422 977 augeantur
1459 886 1739 968 divitiis,
1776 885 2155 956 honoribus
2185 898 2251 955 et
2291 884 2778 975 dignitatibus:

240 974 357 1060 qui
400 995 557 1044 vero
598 973 843 1044 nolunt
874 976 1217 1058 assentiri,
1273 976 1564 1046 diversis
1610 975 1833 1046 affecti
1886 974 2148 1065 poenis,
2202 974 2523 1064 spiritum
2580 975 2784 1044 exha-

240 1060 400 1131 lent.
457 1063 794 1134 Maximus
853 1063 1252 1153 respondit:
1309 1088 1344 1133 «
1388 1070 1564 1149 Quot
1611 1086 1769 1146 vero
1829 1063 2155 1132 horarum
2220 1074 2383 1133 sunt
2446 1074 2784 1134 tormenta

240 1152 518 1220 vestra?
564 1152 751 1222 brevi
802 1173 966 1221 sane
998 1165 1062 1222 et
1111 1175 1227 1224 vos
1277 1154 1600 1244 spiritum
1648 1152 2077 1223 exhalabitis.
2135 1156 2266 1222 Nos
2311 1150 2592 1239 quidem
2645 1163 2783 1222 tor-

238 1252 468 1309 menta
519 1253 740 1310 vestra
788 1261 923 1310 non
975 1241 1197 1311 modo
1229 1263 1364 1312 non
1409 1241 1902 1323 sormidamuS,
1947 1240 2061 1312 sed
2105 1240 2497 1331 appetimus
2543 1240 2774 1309 etiam.

236 1329 520 1398 Aeterna
566 1342 797 1400 autem
845 1330 1193 1420 supplicia
1241 1331 1640 1412 metuimuS,
1696 1352 1875 1419 quae
1922 1328 2337 1430 torquebunt
2382 1349 2501 1398 vos
2546 1341 2613 1398 et
2659 1350 2782 1418 pa-

238 1427 407 1485 trem
461 1428 761 1488 vestrum
812 1417 1195 1489 diabolum.
1235 1431 1272 1487 »
1321 1419 1633 1490 Vitellius
1679 1418 1955 1489 Anisius
2004 1417 2323 1499 vicarius,
2362 1415 2594 1487 surore
2640 1417 2780 1508 ple·

236 1526 395 1575 nus,
440 1506 652 1595 jussit
702 1527 938 1577 eorum
988 1508 1215 1597 capita
1263 1508 1624 1579 securibus
1665 1508 1887 1578 tundi.
1942 1505 2133 1590 Quod
2183 1527 2341 1576 cum
2391 1504 2516 1578 diu
2562 1505 2774 1588 fieret,

234 1592 689 1665 reddiderunt
726 1595 1045 1686 spiritum
1084 1650 1099 1665 .
1153 1597 1502 1687 Praecepit
1552 1618 1637 1666 ue
1684 1595 2038 1676 Vitellius,
2084 1606 2162 1665 ut
2207 1615 2495 1684 corpora
2539 1615 2778 1665 eorum

238 1682 531 1752 canibus
579 1683 1153 1771 relinquerentur.
1209 1690 1446 1773 Itaque
1544 1685 1642 1756 ies
1686 1684 1995 1772 quinque
2055 1684 2146 1753 ita
2187 1682 2604 1772 jacuerunt,
2661 1682 2779 1753 sed

236 1791 444 1840 canes
490 1793 627 1842 non
670 1771 893 1842 solum
938 1794 1072 1841 non
1109 1773 1390 1864 attigere
1427 1796 1546 1844 cor
1595 1794 1714 1843 ora
1747 1793 2011 1854 eorum,
2048 1770 2162 1842 sed
2204 1772 2407 1842 etiam
2441 1771 2781 1859 quosdam

231 1859 431 1949 juxta
477 1882 556 1930 ea
604 1860 914 1951 mugitus
943 1860 1304 1932 dederunt.
1340 1868 1493 1933 Post
1575 1863 1704 1932 iem
1788 1862 2060 1931 uintum
2099 1860 2465 1931 Christiani
2496 1861 2782 1948 quidam

234 1946 505 2019 nobiles
534 2003 550 2030 ‚
602 1950 872 2040 cognati
913 1949 1145 2019 Abdon
1198 1963 1263 2020 et
1310 1956 1589 2033 Sennes,
1641 1949 1745 2020 col
1778 1960 2066 2041 egerunt
2111 1970 2186 2019 ea
2248 1960 2314 2020 et
2364 1949 2783 2040 sepelierunt

236 2035 308 2105 in
350 2036 555 2107 domo
583 2059 712 2107 sua
744 2037 1151 2108 duodecimo
1201 2038 1531 2110 Calendas
1568 2039 1819 2130 Aprilis
1854 2037 1983 2130 (a).

324 2127 362 2212 ἓ
408 2131 501 2197 Θ.
556 2126 805 2196 Eodem
857 2137 1163 2217 tempore
1191 2129 1596 2200 nunciatum
1631 2141 1735 2198 est
1764 2128 1962 2199 Decio
1992 2125 2275 2197 Galbam
2305 2125 2782 2218 (Gordianum)

240 2226 592 2284 mortuum
629 2270 644 2296 ,
695 2228 762 2285 et
809 2220 1094 2286 Romam
1210 2216 1503 2289 rofectus
1567 2228 1704 2287 est:
1766 2238 1906 2304 quo
1993 2227 2099 2287 ost
2155 2237 2426 2285 menses
2484 2228 2783 2303 quatuor

237 2302 445 2384 venit,
498 2324 733 2374 secum
782 2303 1136 2376 adducens
1160 2239 1598 2377 beatissimos
1640 2305 1946 2397 subregu
1975 2327 2052 2375 os
2089 2303 2324 2374 Abdon
2373 2317 2439 2374 et
2478 2309 2772 2388 Sennen,

236 2391 498 2461 catenis
559 2392 822 2464 vinctos
894 2415 1016 2484 pro
1081 2395 1360 2464 nomine
1426 2394 1695 2464 Domini
1769 2394 1983 2464 nostri
2046 2399 2213 2464 Jesu
2260 2392 2544 2463 Christi:
2603 2414 2778 2480 quos

239 2492 541 2553 servarat
592 2483 834 2555 Decius
863 2481 933 2552 in
969 2504 1166 2554 suam
1219 2483 1536 2574 gloriam,
1573 2481 1754 2571 quod
1796 2481 2061 2553 nobiles
2091 2493 2340 2564 essent,
2383 2494 2451 2552 et
2486 2481 2778 2552 Romani

238 2569 482 2661 populi
530 2571 1029 2728 sgecmculum.
1080 2572 1295 2642 Jussit
1341 2586 1567 2643 autem
1611 2572 2012 2642 Valerianus
2047 2570 2326 2661 publica
2377 2570 2779 2642 auctoritate

237 2678 480 2731 omnes
525 2662 569 2728 C
626 2659 947 2730 ristianos
993 2660 1485 2752 comprehendi
1535 2673 1599 2730 et
1646 2660 1937 2731 includi.
1988 2659 2207 2731 Jussit
2254 2671 2482 2729 autern
2533 2658 2777 2730 Decius

236 2767 512 2817 omnem
565 2750 886 2819 Senatum
935 2751 1320 2833 convocari,
1374 2749 1671 2836 fecitque
1716 2761 2127 2820 conventum
2182 2747 2252 2817 in
2288 2746 2568 2817 Tellude
2613 2769 2777 2818 cum

236 2834 598 2906 Valeriano
644 2836 985 2927 praesecto
1042 2839 1283 2925 quinto
1349 2837 1679 2909 Calendas
1725 2838 2034 2929 Augusti.
2104 2836 2208 2906 Ibi
2256 2847 2401 2906 tum
2452 2857 2533 2905 eo
2580 2857 2779 2905 man-

235 2923 464 3006 dante,
518 2926 932 3015 praesentati
980 2940 1144 2996 sunt
1188 2927 1252 2997 ei
1299 2928 1532 2997 Abdon
1581 2940 1647 2997 et
1695 2932 1952 2997 Sennes
1989 2923 2345 3015 subreguli
2380 2924 2772 3007 Christiani,

172 3067 185 3077 .
235 3034 408 3099 quos
447 3013 533 3083 de
574 3013 848 3084 Perside
895 3013 1319 3099 adduxerat,
1373 3016 1664 3086 diversis
1714 3016 1952 3106 poenis
2001 3027 2417 3086 maceratos:
2472 3013 2779 3101 dixitque

234 3102 480 3172 Decius
525 3102 611 3171 ad
647 3107 969 3173 Senatum
1005 3126 1020 3171 :
1074 3104 1320 3174 Audiat
1363 3117 1598 3175 coetus
1631 3116 1871 3186 vester,
1928 3109 2157 3174 Patres
2202 3102 2619 3192 conscripti:
2669 3102 2777 3172 Dii

234 3189 538 3278 deaeque
583 3190 1017 3262 tradiderunt
1082 3193 1281 3262 nobis
1328 3193 1556 3263 hostes
1611 3191 2118 3274 ferocissimos,
2171 3191 2492 3263 inimicos
2546 3191 2776 3281 reipu-

234 3276 458 3349 blicae
524 3290 590 3349 et
650 3280 934 3381 Imperii
982 3283 1297 3353 Romani.
1373 3286 1582 3351 Erant
1651 3293 1796 3352 tum
1847 3280 2080 3350 Abdon
2131 3292 2195 3349 et
2243 3284 2503 3352 Sennes
2549 3280 2777 3350 ornati

234 3388 404 3437 auro
450 3379 516 3437 et
562 3367 916 3458 lapidibus
964 3369 1301 3459 pretiosis,
1359 3370 1704 3458 vinctique
1756 3369 2040 3441 catenis.
2076 3373 2204 3439 Eos
2234 3381 2313 3438 ut
2344 3368 2515 3440 vidit
2543 3368 2775 3441 omnis

237 3459 551 3538 SenatuS,
603 3456 925 3527 admirati
965 3470 1127 3529 sunt
1173 3459 1243 3528 in
1280 3459 1611 3549 adspectu
1643 3480 1908 3528 eorum.
1948 3463 2228 3528 Tantam
2261 3458 2446 3527 enim
2482 3457 2776 3549 gratiam

236 3544 527 3614 contulit
567 3550 743 3617 Deus
783 3546 995 3618 servis
1027 3547 1198 3630 suis,
1239 3561 1318 3618 ut
1344 3547 1541 3617 dolor
1619 3547 1802 3618 otius
1838 3568 2077 3617 eorum
2111 3545 2445 3616 obtineret
2473 3547 2770 3627 animm,

235 3652 439 3719 quam
490 3633 707 3704 furor.
747 3635 974 3706 Jussit
1024 3657 1178 3706 vero
1228 3638 1472 3708 Decius
1518 3659 1558 3706 a
1609 3636 1767 3705 duci
1821 3635 2183 3706 Claudium
2224 3633 2616 3725 pontificem
2654 3639 2777 3705 Ca-

237 3720 479 3810 pitolii,
536 3723 733 3811 isque
777 3723 1111 3814 tripodem
1163 3747 1396 3795 secum
1447 3725 1698 3795 attulit.
1752 3730 1922 3794 Tum
1974 3723 2217 3794 Decius
2263 3724 2357 3793 ait
2403 3723 2490 3793 ad
2538 3722 2774 3793 Abdon

238 3821 304 3878 et
330 3814 599 3894 Sennen
626 3834 641 3879 ε
665 3813 1067 3889 ,ὃθοτίῆοεῑθ
1106 3812 1265 3896 diis,
1303 3827 1369 3884 et
1399 3826 1608 3885 estote
1639 3811 2000 3905 subreguli
2033 3810 2771 3893 RomanaelibertatiS,

240 3900 785 3988 possideatisque
821 3901 1057 3971 omnia
1105 3915 1351 3983 vestra,
1411 3915 1477 3973 et
1527 3902 1859 3972 fruamini
1909 3923 2075 3992 pace
2128 3900 2419 3971 Romani
2467 3898 2773 3990 Imperii,

291 4091 358 4153 (q)
382 4096 478 4139 Etsi
508 4094 642 4138 Decii
668 4097 971 4148 Imperatoris
986 4098 1171 4139 Persica
1192 4098 1426 4147 expeditio
1445 4100 1557 4148 jure
1578 4098 1705 4139 inter
1735 4098 1918 4138 fabulas
1947 4096 2207 4145 reficiatur,
2242 4096 2369 4136 haud
2395 4095 2596 4156 absurde
2623 4095 2781 4136 tmen

237 4151 548 4197 retinendum.
567 4161 675 4192 cum
706 4153 933 4193 Lectione
951 4152 1179 4192 Brevin-ii
1199 4153 1327 4192 Rom.
1349 4162 1437 4193 xxx
1464 4153 1492 4192 J
1497 4152 1579 4196 ul..
1605 4153 1769 4193 Abdon
1807 4153 1854 4191 et
1889 4151 2074 4191 sennen
2108 4151 2166 4191 sb
2182 4151 2385 4198 ipsomet
2419 4150 2561 4189 Decio
2578 4148 2677 4189 illic
2704 4158 2784 4190 ve·

237 4203 385 4248 ¹8⁸0ss
405 4205 600 4246 Romam
618 4204 799 4251 ductos,
816 4206 1005 4246 tandem
1039 4215 1094 4245 eo
1115 4202 1376 4254 imperante
1410 4201 1688 4254 martyrium
1725 4201 1944 4245 subiisse.
1962 4204 2133 4244 Decius
2152 4212 2387 4263 namque,1
2396 4200 2630 4243 exercitiis
2652 4202 2785 4244 Rom.

232 4255 339 4295 Dux
359 4257 547 4308 oblmp.
579 4258 816 4299 Gordiano
848 4257 1025 4300 missus
1053 4260 1103 4299 tn
1127 4260 1383 4301 Orientem.
1410 4259 1460 4298 in
1488 4258 1779 4299 Christianos
1801 4258 2031 4303 saeviens,
2057 4257 2366 4306 Polychromo
2403 4259 2452 4295 et
2479 4256 2587 4296 aliis
2618 4256 2783 4298 multis

231 4306 416 4356 occisis.
444 4321 496 4351 re
528 4311 704 4352 bellios
734 4313 939 4353 feliciter
967 4316 1110 4364 gesta,
1137 4312 1299 4352 Abdon
1333 4312 1382 4352 et
1416 4312 1598 4352 sennen
1627 4312 1824 4353 Romam
1845 4307 2074 4360 pertz-uit
2092 4311 2150 4350 sd
2169 4309 2460 4358 triumphum
2477 4310 2683 4350 tonnae
2711 4320 2783 4350 re·

232 4367 467 4408 servatos:
490 4366 576 4406 sed
604 4362 801 4412 interes,
816 4367 1052 4407 Gordiano
1070 4362 1395 4411 extincto,sub
1412 4365 1638 4413 Philippis
1669 4367 1750 4414 qui
1780 4362 2060 4405 Christianis
2080 4364 2313 4408 favebunt.
2350 4364 2400 4403 in
2433 4373 2548 4411 pace
2578 4364 2672 4404 duo
2704 4373 2785 4403 nc·

230 4413 453 4457 bilissimi
474 4418 647 4458 Perste
666 4420 714 4460 in
734 4421 857 4461 Urbe
877 4417 1104 4460 demorati
1125 4421 1262 4463 sunt:
1281 4415 1402 4459 tenti
1423 4418 1609 4458 demum
1638 4418 1882 4470 religionis
1905 4415 2046 4458 causa
2081 4427 2108 4457 s
2140 4414 2281 4459 Decio
2302 4416 2385 4466 qui
2415 4414 2647 4467 Philippis
2678 4425 2783 4458 suc·

232 4473 443 4511 cessent
460 4470 536 4523 (V.
555 4472 658 4512 flur.
678 4473 730 4513 V.
745 4483 790 4520 v,
816 4483 863 4523 p.
883 4470 981 4523 401)
998 4482 1082 4523 pro
1104 4473 1290 4513 Christo
1309 4472 1520 4514 coronati
1539 4473 1667 4512 sunt.
