3308 5004
179 329 314 396 Ana.
348 327 385 396 ὁ
1094 346 1174 393 Μ
1221 346 1278 394 s,
1332 343 1637 396 noniuico
2420 329 2549 396 415

179 453 298 522 ergo
318 430 691 502 auctoritate
738 429 1086 521 praecepit
1118 429 1182 501 ei
1221 430 1325 500 vir
1364 444 1675 513 sanctus,
1720 441 1797 501 ut
1825 429 2215 501 chartulam
2255 429 2399 502 illic
2431 431 2643 502 relin-

177 533 365 608 queret.
419 520 601 590 Fecit
662 518 727 589 id
790 518 907 604 ille
968 519 1217 590 virtute
1280 518 1533 590 Christi
1589 518 2016 610 compulsus.
2079 520 2348 591 Invenit
2412 533 2639 591 autem

206 608 434 678 uaedam
484 609 557 680 in
591 630 673 679 ea
705 612 773 678 S.
818 608 1240 688 Dominicus,
1282 629 1463 709 quae
1497 607 1679 678 filios
1712 629 1874 678 suos
1906 608 2270 679 admonuit
2302 621 2379 680 ut
2408 629 2646 680 emen-

199 711 369 854 arenht.
416 702 512 769 En
562 709 640 769 ut
677 697 951 788 capitur
987 697 1275 785 inmuus
1309 718 1379 766 in
1426 695 1705 767 insidiis
1734 697 1904 778 suis,
1942 710 2008 767 ct
2041 697 2137 788 pii
2187 700 2277 769 ab
2306 698 2646 790 angustiis

160 799 302 855 extra
351 799 576 858 untur.
2441 847 2444 854 .

226 882 256 956 ἓ
298 879 438 956 ²0,
496 874 801 959 Quodam
833 885 1138 965 tempore
1164 879 1234 943 B.
1276 873 1683 944 Dominicus
1714 885 1909 943 nocte
1946 873 2270 963 vigilans,
2299 887 2366 946 et
2408 895 2645 947 muros

156 965 481 1034 Jerusalem
522 963 942 1046 custodiens,
994 963 1166 1033 vidit
1210 985 1368 1034 eum
1411 963 1531 1049 qui
1582 962 1928 1042 circumit,
1975 974 2330 1051 tamquam
2374 964 2478 1034 leo
2526 986 2662 1036 ru-.

160 1050 327 1141 giens,
361 1075 695 1142 quaerens
722 1074 924 1141 quem
968 1052 1263 1132 devoret,
1321 1073 1445 1143 per
1488 1051 1726 1121 omnia
1776 1052 2174 1122 monasterii
2222 1051 2370 1123 loca
2404 1073 2644 1141 perva-

159 1152 403 1228 gamem,
437 1142 742 1230 dixitque
773 1141 856 1211 ad
889 1163 1095 1212 eum:
1141 1140 1317 1226 Quid
1361 1140 1456 1210 ita
1498 1140 1611 1210 hic
1657 1141 1987 1211 circumis
2037 1153 2322 1212 cruenta
2363 1142 2582 1212 bestia
2613 1143 2646 1211 ‘l

160 1228 246 1298 Ille
276 1231 655 1321 respondit:
693 1237 973 1322 Propter
999 1229 1301 1312 lucrum,
1345 1229 1529 1318 quod
1565 1229 1677 1300 hic
1708 1227 1908 1299 facio.
1946 1230 2050 1299 Ait
2078 1230 2140 1299 ei
2182 1230 2286 1299 vir
2324 1243 2636 1300 sanctus:

160 1319 364 1405 Ecquid
396 1320 692 1392 lucraris
725 1320 796 1390 in
829 1320 1286 1390 dormitorio?
1331 1318 1712 1408 Respondit
1760 1323 2056 1388 Daemon
2092 1342 2108 1387 ε
2164 1323 2491 1389 Somnum
2530 1340 2645 1388 ne-

158 1409 474 1478 cessarium
526 1410 626 1479 eis
672 1407 933 1490 aufero,
983 1410 1280 1509 quietem
1335 1407 1882 1497 interpellando:
1935 1406 2294 1495 efficioque
2342 1419 2418 1478 ut
2473 1429 2645 1478 cun·

158 1495 428 1567 ctabundi
475 1508 789 1588 surgant,
846 1497 1123 1588 pigritia
1176 1518 1293 1567 eos
1350 1495 1728 1567 retinente:
1782 1495 2151 1584 hortorque
2177 1509 2256 1567 ut
2301 1518 2341 1566 a
2386 1496 2643 1566 divinis

154 1582 350 1654 officiis
377 1608 449 1658 se
482 1586 898 1658 subducant.
952 1590 1305 1656 Praeterea
1352 1606 1509 1655 vero
1559 1585 1618 1656 si
1654 1583 1826 1654 mihi
1875 1584 1941 1655 id
1998 1585 2461 1676 permittatur,
2519 1606 2643 1656 no-

154 1683 384 1745 cturnas
438 1675 751 1766 corporis
800 1674 1312 1763 inquinationes
1344 1687 1410 1743 et
1457 1672 1867 1744 libidinosos
1916 1686 2143 1745 motus
2182 1674 2251 1743 in
2292 1673 2641 1744 dormien-

151 1760 293 1832 tibus
347 1764 588 1835 excito.
650 1763 818 1834 Inde
864 1764 969 1833 vir
1018 1764 1131 1833 Dei
1194 1762 1280 1832 de
1327 1761 1583 1864 templo
1635 1763 2114 1854 interrogavit,
2165 1762 2332 1851 quid
2381 1764 2450 1832 in
2502 1775 2638 1833 tam

150 1863 342 1922 sancto
387 1852 776 1925 lucraretur
822 1851 995 1924 loco.
1047 1852 1425 1944 Respondit
1475 1851 1611 1932 ille,
1667 1852 1744 1921 Id
1795 1874 1947 1941 ag0,
2001 1864 2078 1924 ut
2127 1851 2319 1921 tarde
2360 1851 2497 1921 huc
2527 1872 2644 1921 ve-

150 1937 327 2022 niant,
377 1942 513 2012 cito
561 1942 725 2014 hinc
775 1939 1116 2021 recedant,
1159 1942 1407 2030 suique
1448 1941 1892 2011 immemores
1938 1940 2100 2010 sint.
2156 1946 2245 2011 De
2295 1939 2646 2011 refectorio

148 2027 483 2100 sciscitanti
534 2032 675 2102 viro
722 2036 796 2101 B.
846 2031 989 2101 ait:
1045 2031 1295 2118 Ecquis
1346 2052 1482 2100 non
1536 2029 1694 2120 plus
1727 2084 1742 2109 ,
1812 2029 1971 2117 quis
2024 2050 2157 2100 non
2222 2029 2512 2099 minus?
2559 2033 2643 2098 De

143 2115 422 2206 colloquii
480 2119 626 2190 loco
656 2120 1141 2210 interrogatus,
1178 2119 1633 2189 cachinnatus
1667 2118 1883 2188 dixit:
1937 2119 2062 2188 Hic
2102 2117 2299 2189 locus
2333 2131 2513 2188 totus
2542 2131 2646 2187 est

144 2225 327 2276 meus.
378 2209 504 2279 Hic
550 2209 776 2279 existit
824 2210 1055 2289 risuS,
1111 2209 1224 2278 hic
1271 2209 1429 2277 vani
1479 2206 1872 2277 referuntur
1919 2229 2270 2288 rumores.
2325 2218 2391 2277 et
2439 2208 2644 2278 verba

142 2290 339 2366 inania
384 2296 852 2389 proferuntur.
887 2300 1234 2367 Postremo
1267 2297 1353 2367 ad
1399 2296 1624 2366 locum
1663 2295 2120 2387 Capitularem
2153 2318 2189 2364 a
2226 2296 2422 2365 beato
2455 2309 2645 2385 patre

142 2379 375 2467 ductus,
426 2408 588 2458 cum
631 2387 910 2456 horrore
941 2384 1241 2473 quodam
1294 2385 1593 2476 refugit:
1648 2388 1805 2465 Iste,
1844 2384 2189 2471 inquienS,
2244 2384 2436 2454 locus
2470 2383 2638 2453 mihi

141 2479 397 2548 tartarus
433 2489 561 2547 est.
600 2477 670 2547 Si
706 2475 872 2565 quid
910 2475 1096 2546 enirn
1138 2474 1306 2545 alibi
1339 2473 1670 2554 lucrifeci,
1714 2473 1863 2565 ejus
1897 2472 2009 2542 hic
2059 2472 2233 2543 facio
2265 2472 2636 2561 jacturam.

143 2562 241 2631 Hic
272 2586 567 2654 namque
611 2565 1075 2636 admonentur
1119 2563 1387 2645 fratres,
1426 2564 1540 2633 hic
1574 2562 2012 2641 confitentur,
2051 2562 2165 2631 hic
2199 2574 2638 2643 accusantur,

142 2645 229 2718 liic
272 2654 760 2737 verberantur,
815 2654 928 2723 hic
973 2651 1451 2724 absolvuntur.
1506 2657 1652 2735 Qua
1701 2652 1911 2721 causa
1965 2650 2195 2720 locum
2248 2652 2436 2719 hunc
2485 2671 2649 2740 prae

142 2743 386 2835 caeteris
446 2743 855 2824 abominor,
925 2741 1266 2833 planeque
1319 2742 1636 2812 detestor.
1704 2743 1806 2831 Ita
1868 2739 2079 2809 miser
2147 2738 2309 2814 ille,
2364 2750 2647 2829 cogente

142 2823 306 2898 illum
358 2843 601 2904 sancto
632 2832 801 2911 viro,
838 2831 1165 2901 Altissimi
1205 2831 1476 2913 virtute,
1522 2828 1825 2899 malitiae
1857 2850 2025 2898 suae
2060 2827 2313 2899 detexit
2343 2826 2643 2909 fraudeS,

142 2927 201 2983 iit
229 2919 502 3017 videant
537 2921 729 3010 justi,
768 2934 831 2990 et
860 2920 1055 2990 illuni
1092 2920 1446 3001 irrideant,
1483 2918 1756 3007 sibique
1784 2940 1825 2987 a
1852 2917 2116 3006 laqueis
2148 2918 2301 3006 eJus
2338 2930 2644 2997 caveant,

143 3021 207 3073 ne
236 3011 474 3080 irretiti
511 3009 900 3101 capiantur.
2147 3093 2160 3106 ·
2583 3093 2596 3107 ⁸

206 3095 239 3181 ἓ
282 3102 424 3170 ²2.
483 3103 816 3169 Summus
861 3098 994 3168 fuit
1041 3098 1283 3169 beatus
1334 3097 1733 3167 Dominicus
1781 3106 2204 3185 paupertatis
2242 3105 2531 3175 amator,
2577 3115 2647 3163 in

146 3187 374 3256 cunctis
421 3187 821 3259 actionibus
865 3199 930 3258 et
980 3187 1292 3258 moribus
1339 3187 1484 3256 suis
1532 3185 1728 3256 illam
1768 3206 1930 3275 prae
1961 3204 2036 3253 se
2083 3183 2335 3262 ferens,
2376 3182 2558 3254 filios
2588 3196 2652 3253 et

146 3265 350 3346 fratres
385 3298 555 3348 suos
591 3276 677 3347 ad
730 3299 877 3346 eam
924 3275 1456 3347 consectandam
1515 3287 1836 3344 accurate
1883 3272 2184 3342 invitans
2234 3271 2651 3343 admonitio—

151 3358 320 3435 nibus
386 3378 455 3435 et
521 3365 875 3457 exemplis.
947 3363 1171 3453 Hujus
1243 3363 1518 3434 divinae
1582 3374 1648 3433 et
1712 3361 2089 3452 singularis
2143 3360 2649 3451 discipulorum

148 3446 355 3522 Christi
387 3455 667 3525 virtutis
697 3453 950 3534 studio,
991 3454 1481 3545 possessiones,
1519 3461 1693 3540 q'uas
1727 3451 2043 3530 habebat,
2079 3450 2348 3540 abjecit,
2383 3448 2650 3520 oblatas

150 3540 409 3641 recipere
461 3543 707 3624 noluit,
760 3555 1146 3631 statutoque
1196 3553 1523 3633 perpetuo
1581 3541 1900 3612 severiter
1943 3539 2144 3621 cavit,
2186 3560 2269 3608 ne
2309 3539 2377 3608 in
2429 3538 2650 3630 ipsius

151 3624 360 3701 Ordine
395 3631 845 3704 haberentur.
875 3636 952 3702 ln
982 3630 1348 3702 structuris
1383 3630 1598 3701 voluit
1637 3651 1928 3731 magnos
1958 3628 2154 3699 vitari
2187 3639 2531 3717 sumptus.
2571 3631 2649 3696 In

158 3718 389 3808 templis
434 3743 714 3809 quoque
761 3721 1225 3791 curiositatem
1275 3719 1489 3811 fugit,
1546 3719 1812 3789 studuit
1860 3716 2269 3821 paupertati.
2332 3720 2410 3786 ln
2447 3715 2655 3816 ‘cultu

157 3812 455 3881 etei-natu
496 3811 788 3882 vestium
830 3810 1487 3889 Ecclesiasticarum,
1543 3808 1926 3878 sanctitatis
1971 3818 2036 3876 et
2078 3816 2501 3895 paupertatis
2533 3826 2651 3873 vo-

161 3883 252 3986 luit
288 3897 497 3990 signa
542 3912 769 3971 extare
817 3900 1069 3990 potiuS,
1107 3919 1316 3987 quam
1351 3918 1517 3987 opes
1556 3896 1906 3967 ostentari.
1953 3899 2115 3995 Eam
2149 3894 2238 3963 ob
2276 3915 2447 3995 rem,
2483 3892 2652 3961 dum

164 3995 363 4056 meret
402 3987 705 4058 multum
743 3988 815 4058 in
851 3988 917 4057 id
966 3988 1310 4068 incubuit,
1356 4008 1441 4057 ne
1478 3985 1725 4055 fratres
1757 3984 1825 4054 in
1878 3982 2214 4054 altaribus
2246 4001 2484 4054 sericis
2510 3993 2658 4051 ute-

169 4082 352 4145 remur
390 4078 727 4159 vestibus,
767 4088 887 4147 aut
919 4076 1261 4169 argenteis
1291 4075 1392 4145 vel
1429 4075 1660 4145 aureis
1691 4072 1897 4154 vasis,
1944 4071 2246 4163 demptis
2277 4069 2652 4142 calicibus:

173 4157 247 4228 Sed
276 4185 477 4237 sacra
512 4166 916 4237 indumenta
949 4165 1195 4236 maluit
1231 4186 1269 4234 e
1311 4185 1541 4255 panno
1580 4161 1884 4248 simplici
1924 4160 2187 4231 haberi.

227 4249 441 4333 528.
502 4256 806 4347 Injunxit
849 4277 1124 4344 quoque
1171 4252 1539 4336 fratribus,
1591 4264 1659 4321 et
1713 4251 1861 4353 ipse
1918 4271 2193 4338 quoque
2244 4247 2649 4329 observavit,

179 4340 486 4415 utilibus
516 4344 740 4415 induti
772 4344 1098 4419 vestibus,
1153 4363 1510 4431 nunquam
1561 4342 1633 4411 in
1685 4340 1926 4410 itinere
1962 4338 2148 4430 apud
2185 4360 2257 4409 se
2290 4338 2652 4431 pecuniam

180 4415 393 4515 fetent,
432 4433 567 4503 sed.
606 4433 863 4522 ubique
893 4433 1281 4503 victitarent
1310 4430 1791 4522 eleemosynis,
1844 4427 2403 4501 Possessionibus
2448 4447 2656 4498 suum

282 4554 567 4613 surius·
592 4553 752 4614 Vitae
776 4552 886 4615 SS.
905 4582 933 4600 -
951 4552 1077 4612 Vol.
1119 4548 1274 4613 vm.
2429 4549 2502 4607 10
