3308 5004
51 435 224 505 tUG.
280 436 367 501 28
672 479 679 487 -
740 427 750 438 ’
858 394 982 501 'nx
1029 455 1087 502 s.
1138 451 1408 502 :numo
1454 453 1749 501 nitamur
1781 381 1822 494 -·
2369 435 2500 503 705

114 541 155 627 ξ
207 541 356 611 15.
411 533 521 607 Sic
548 535 626 608 et'
658 537 993 628 Anagilus
1041 538 1328 626 quidam
1388 550 1682 620 mutuS,·
1720 537 1980 608 surdus
2025 548 2092 607 et
2125 558 2398 621 caecus,
2442 559 2592 609 om-

51 629 235 698 :ium
298 624 768 697 membrorum
826 630 1162 719 compage
1210 625 1610 699 debilitatus
1643 682 1659 708 ,
1704 626 1792 696 ad
1850 626 2095 697 limina
2156 640 2593 700 sacrosancta

52 717 387 807 ›rojectus
418 728 545 795 est,
599 714 862 785 scilicet
907 729 983 786 ut
1029 717 1132 787 vel
1176 716 1270 786 ab
1319 716 1494 807 stipe
1544 727 1942 807 pasceretur
1983 715 2412 797 devotorum,
2471 718 2595 805 qui

51 806 261 877 rictus
306 803 711 874 alimoniam
764 806 1065 895 propriis
1114 804 1440 875 manibus
1488 804 1803 876 laborare
1841 827 1985 875 non
2019 817 2308 896 poterat.
2363 806 2597 897 Igitur

51 918 198 964 :um
252 915 377 984 per
422 915 687 963 annum
724 894 1069 985 integrum
1117 908 1277 963 ante
1313 909 1625 965 sanctam
1676 894 1914 964 aedem
1949 893 2383 975 decubasset,
2441 906 2595 964 tan-

52 984 192 1052 lem'
245 982 563 1053 visitatus
610 1004 651 1051 a
697 981 947 1052 virtute
996 983 1175 1054 beati
1226 984 1592 1073 martyris,
1644 983 1734 1053 ab
1781 984 1974 1053 omni
2032 983 2434 1052 infirmitate
2481 1005 2595 1053 sa-

51 1085 243 1142 iatus
286 1083 416 1141 est.
471 1070 755 1141 Videtur
798 1085 1026 1142 autem
1081 1071 1252 1140 mihi
1304 1094 1436 1142 non
1490 1074 1983 1164 incongruum,
2033 1084 2112 1142 ut
2158 1072 2338 1143 sicut
2372 1072 2594 1142 sancti

51 1164 289 1230 rirtute
347 1173 591 1230 curata
640 1159 957 1230 morbida
1005 1173 1407 1231 retexuntur
1440 1215 1456 1240 ,
1511 1161 1606 1231 ita
1651 1176 1717 1232 et
1765 1160 2154 1234 infidelium
2222 1161 2594 1251 pravitates

51 1250 346 1319 »ratione
392 1249 586 1321 illius
630 1249 1046 1331 confutatae,
1099 1249 1184 1319 ad
1235 1250 1788 1322 emendationem
1837 1249 2161 1330 aliorum,
2213 1271 2299 1319 ne
2333 1249 2595 1321 similia

51 1349 389 1430 uppetant,
441 1337 921 1410 declarentur:
974 1339 1138 1426 quia
1185 1350 1479 1427 utraque
1526 1340 1746 1411 sancti
1795 1340 2014 1430 gloria
2053 1352 2376 1429 praestat,
2420 1348 2596 1409 utet

49 1451 162 1498 ios
196 1427 477 1497 sanitati
510 1426 768 1502 reddat.
822 1450 906 1498 ne
952 1427 1259 1517 amplius
1295 1429 1740 1499 crucientur:
1787 1441 1857 1499 et
1888 1427 2048 1498 illos
2083 1439 2356 1519 arguat,
2397 1427 2590 1498 ne'2in

51 1519 275 1587 'uturo
312 1515 584 1607 judicio
632 1516 1207 1596 condemnentur.

122 1608 162 1693 ξ
210 1611 363 1680 10.
420 1610 498 1675 Et
559 1604 717 1676 licet
778 1605 1055 1676 nullum
1130 1606 1341 1676 latere
1394 1606 1676 1676 credam
1748 1603 2013 1694 aliquid
2073 1605 2158 1675 de
2222 1604 2597 1676 hostilitate

51 1694 443 1765 theodorici
492 1694 721 1784 RegiS,
775 1717 855 1765 ac
902 1694 1428 1766 infirmitatibus
1475 1695 1829 1786 sigivaldi,
1869 1716 2047 1782 quae
2078 1693 2243 1764 eiin
2295 1699 2598 1764 Arverno

51 1785 265 1872 posito
312 1784 798 1874 contigerunt,
855 1797 1133 1875 propter
1180 1785 1498 1854 virtutem
1570 1799 1796 1854 tamen
1869 1783 2052 1854 beati
2117 1783 2444 1871 martyris
2491 1794 2597 1853 est

51 1873 447 1964 liligentius
493 1872 1024 1963 exponendum,
1076 1872 1261 1961 quod
1334 1871 1608 1943 facilius
1654 1873 1829 1944 fides
1889 1872 2095 1944 dictis
2150 1871 2591 1941 adhibeatur.

51 1962 261 2051 [gitur
306 1982 466 2030 cum
516 1961 603 2031 ob
640 1961 1096 2052 direptionem
1127 1966 1584 2036 Arvernorum
1618 1967 1758 2038 Rex
1790 1962 2181 2034 antedictus
2214 1959 2594 2043 festinaret,

52 2065 98 2118 et
150 2049 552 2141 ingrediens
603 2051 999 2132 terminum,
1052 2050 1431 2121 vastatione
1466 2064 1719 2122 cuncta
1752 2051 2125 2153 subigeret,
2165 2071 2327 2140 pars
2363 2049 2602 2137 aliqua

51 2139 118 2206 ib
174 2138 481 2209 exercitu
542 2152 853 2230 separata
888 2193 904 2222 ,
971 2138 1056 2209 ad
1124 2141 1584 2210 Brivatensem
1647 2140 1874 2210 vicum
1929 2139 2172 2209 infesta
2225 2138 2596 2230 prorupit,

51 2227 228 2297 ’ama
280 2226 607 2318 vulgante
634 2280 652 2309 ,
703 2227 889 2316 quod
938 2228 1010 2297 in
1062 2228 1351 2302 basilica
1380 2241 1611 2300 essent
1657 2228 1926 2300 incolae
1971 2245 2135 2300 cum
2177 2226 2417 2298 multis
2459 2226 2603 2296 the-

51 2317 272 2388 :auris
334 2315 747 2388 absconditi.
823 2321 1132 2406 Cumque
1198 2317 1672 2408 pervenissent
1718 2316 1806 2386 ad
1874 2317 2156 2397 locum,
2234 2315 2603 2386 inveniunt

51 2404 567 2475 multitudinem
620 2407 998 2494 promiscui
1050 2428 1254 2476 sexus
1286 2461 1301 2488 ,
1354 2405 1692 2477 obseratis
1737 2405 1958 2487 ostiis,
2013 2404 2085 2473 in
2138 2403 2396 2494 templo
2444 2403 2597 2494 ipso

53 2516 204 2564 cum
258 2494 559 2586 propriis
588 2494 1035 2568 facultatibus
1082 2495 1404 2568 residere.
1460 2499 1767 2582 Cumque
1797 2494 2061 2564 intrare
2095 2515 2232 2563 non
2270 2505 2549 2584 possent
2575 2502 2622 2575 ,⁸

53 2606 229 2654 unus
294 2608 415 2686 per
471 2585 824 2656 effractam
874 2607 1004 2655 ceu
1052 2583 1165 2655 fur
1212 2585 1282 2654 in
1333 2583 1530 2654 altari
1591 2596 1831 2654 sancto
1878 2582 2250 2653 fenestram
2311 2583 2599 2652 vitream

55 2672 477 2762 ingreditur:
531 2674 696 2761 quia
743 2674 865 2761 qui
916 2696 1050 2744 non
1103 2675 1313 2745 intrat
1360 2694 1483 2763 per
1517 2673 1807 2762 januam
1837 2728 1853 2754 ,
1908 2672 2021 2742 bic
2071 2670 2245 2741 latro
2291 2684 2417 2741 est.
2473 2676 2602 2740 De-

57 2760 207 2830 hinc
260 2762 578 2833 reseratis
639 2763 831 2835 aedis
892 2762 1086 2833 illius
1150 2760 1409 2843 valvis,
1461 2762 1835 2831 exercitum
1901 2760 2320 2831 intromittit.
2372 2765 2451 2830 At
2498 2758 2600 2828 illi

59 2849 315 2939 direpta
361 2863 612 2920 cuncta
648 2873 1033 2943 pauperum
1075 2849 1514 2941 supellectili,
1567 2871 1730 2920 cum
1783 2850 2126 2920 ministris
2157 2850 2382 2940 ipsius
2415 2847 2602 2918 basi-

61 2937 221 3007 licae
271 2937 390 3007 reli
445 2961 614 3009 uum
669 2941 1033 3031 populum,
1083 2940 1205 3027 qui
1256 2937 1436 3008 infra
1482 2950 1650 3018 erat,
1707 2937 2032 3009 eductum
2069 2937 2294 3019 foraS,
2350 2936 2603 3007 divise-

63 3039 209 3096 runt
256 2961 443 3096 haud
494 3029 734 3118 procul
785 3053 825 3099 a
874 3030 1042 3099 vico.
1098 3033 1286 3111 Quae
1331 3048 1490 3097 cum
1542 3027 1629 3096 ad
1688 3032 1941 3117 Regem
1993 3026 2222 3097 delata
2269 3024 2597 3106 fuissent,

65 3115 583 3206 :omprehensos
627 3139 709 3188 ex
741 3119 850 3188 bis
897 3117 1169 3205 aliquos
1216 3116 1508 3186 diversis
1543 3117 1887 3187 mortibus
1920 3115 2432 3187 condemnavit.
2471 3118 2605 3183 Fu·-

67 3204 244 3359 ξίεηε
293 3226 451 3275 vero
498 3204 638 3289 ille,
692 3209 810 3295 qui
862 3208 1130 3297 irrupta
1175 3205 1344 3275 aede
1390 3218 1601 3295 caput
1649 3204 1779 3275 fuit
1817 3205 2032 3296 hujus
2084 3203 2388 3286 sceleris,
2440 3203 2604 3293 igne

101 3315 133 3359 e
178 3293 368 3364 coelo
427 3292 700 3381 dilapso
757 3306 1216 3385 consumptus
1278 3295 1589 3364 interiit:
1643 3316 1858 3385 super
1914 3314 2123 3380 quem
2182 3315 2341 3364 cum
2397 3290 2604 3363 multi

71 3402 368 3452 acervum
420 3381 733 3471 lapidum
783 3395 1359 3474 congregassent,
1419 3406 1461 3452 a
1516 3383 1841 3454 tonitruis
1888 3396 1953 3453 et
1999 3380 2606 3453 coruscationibus

73 3468 362 3562 detectus
399 3526 414 3552 ,
490 3485 757 3541 terrena
820 3472 1044 3543 caruit
1100 3472 1483 3564 sepultura.
1550 3472 1682 3555 Qui
1733 3492 1889 3542 vero
1936 3471 2023 3542 de
2071 3470 2600 3552 consentaneiS,

76 3562 335 3658 latentes
384 3565 664 3652 Regem,
719 3560 789 3630 in
843 3562 1135 3651 patriam
1194 3572 1361 3633 sunt
1412 3561 1732 3652 regressi,
1785 3561 2080 3653 correpti
2131 3583 2170 3630 a
2220 3561 2598 3641 daemone,

77 3643 341 3720 liversis
389 3650 690 3719 exitibus
725 3649 905 3720 hanc
940 3652 1147 3719 vitam
1184 3650 1542 3722 finierunt.
1576 3654 1761 3721 Haec
1794 3649 2089 3723 audiens
2122 3655 2289 3732 Rex,
2334 3647 2596 3728 omnia,
2639 3660 2644 3669 '

79 3737 294 3808 :xinde
346 3759 525 3825 quae
572 3738 859 3809 ‘fuerant
906 3739 1181 3820 ablata,
1239 3738 1559 3809 reddidit.
1615 3744 2064 3829 Praeceperat
2108 3738 2296 3810 enim
2333 3794 2350 3820 ,
2405 3758 2492 3806 ne
2528 3737 2604 3804 in

79 3828 342 3911 teptimo
372 3850 411 3896 a
444 3826 735 3898 basilica
774 3827 1057 3898 milliari
1086 3829 1247 3916 quis
1276 3828 1413 3898 vim
1434 3826 1758 3901 inferret.
2577 3826 2578 3835 ’

84 3930 85 3935 ’
150 3914 354 3996 ἓίῖ.
408 3921 647 3987 Pastor
693 3938 853 3987 vero
879 3917 1193 4005 quidam,
1231 3937 1368 3987 non
1410 3918 1841 3997 strenuitate,
1896 3916 2012 3986 sed
2065 3915 2374 3995 nomine,
2410 3914 2609 4005 inge-

83 4014 242 4100 nuus
269 4028 541 4106 genere,
594 4005 765 4077 dum
817 4006 886 4075 in
925 4005 1163 4077 multis
1196 4007 1405 4077 rebus
1450 4019 1694 4076 contra
1740 4005 2102 4076 basilicam
2156 4003 2377 4074 sancti
2424 4023 2609 4072 mar·

85 4094 231 4185 tyris
274 4097 525 4184 injuste
572 4107 853 4185 ageret,
906 4094 991 4164 ad
1046 4095 1177 4165 hoc
1226 4094 1466 4165 levitas
1492 4094 1648 4186 ejus
1695 4094 1982 4165 inimico
2038 4106 2392 4186 grassante
2445 4113 2608 4163 con-

87 4174 294 4263 valuit,
342 4196 419 4253 ut
464 4182 775 4255 colonias
820 4183 1149 4254 basilicae
1195 4185 1722 4276 concupiscens,
1773 4204 1952 4273 quae
2003 4204 2170 4274 agro
2215 4182 2368 4273 ejus
2412 4188 2609 4250 erarrt

89 4260 407 4365 proximae
438 4328 455 4356 ,
511 4273 881 4364 pervadere
949 4294 1105 4343 non·
1134 4273 1428 4343 timeret.
1481 4273 1576 4343 Ad
1625 4293 1833 4361 quem
1894 4272 2214 4343 sacerdos
2265 4270 2398 4341 loci
2445 4290 2607 4341 cum

91 4349 327 4445 tliquos
376 4362 462 4432 de
522 4362 797 4433 clericis
865 4362 1065 4450 quasi
1131 4361 1391 4453 legatos
1456 4363 1756 4433 mitteret
1788 4416 1804 4443 ,
1869 4373 1949 4432 ut
2013 4373 2296 4451 accepta
2341 4360 2608 4429 ratione

128 4445 249 4515 uod
298 4450 471 4521 male
522 4465 932 4542 pervaserat,
990 4450 1365 4521 relaxaret:
1421 4450 1537 4521 ille
1584 4453 1786 4539 quasi
1831 4463 2068 4520 contra
2117 4451 2436 4537 iniquum
2483 4450 2609 4519 ho·

144 4552 240 4602 em
274 4539 416 4609 telis
452 4541 784 4632 correptis
817 4539 1135 4631 prosiliit,
1170 4539 1562 4631 fugatisque
1590 4540 1858 4632 sagittis
1883 4540 2177 4623 clericis,
2222 4562 2332 4610 res
2364 4558 2610 4609 omnes

126 4732 131 4741 Ι
235 4657 503 4720 suriue-
529 4660 691 4720 Vitas
714 4660 823 4722 88.
846 4689 871 4704 ·
891 4660 1017 4719 Vol.
1059 4656 1216 4720 v111.
2368 4661 2447 4718 45
