3308 5004
702 325 833 391 7⁴6
1026 303 1035 312 ⁴
1235 341 1302 390 nt
1347 340 1541 389 riisro
1587 339 1929 389 nitentur.
1982 342 2037 389 s.
2092 340 2319 391 ioann-
2371 340 2552 389 carr.
2846 323 3059 390 tuo.
3107 325 3186 391 29
3255 395 3256 404 χ

700 429 739 514 5
788 432 932 498 81.
986 425 1291 496 Infertur
1310 439 1541 496 autem
1583 438 1796 515 caput
1827 425 2111 515 plenum
2146 425 2510 517 sanguine,
2549 424 2854 497 invitatis
2885 426 3182 514 quidem
3255 461 3256 466 ,

612 526 864 586 tetrum
914 513 1413 605 spectaculum,
1465 529 1534 585 et
1576 514 1763 602 quod
1814 535 2092 585 omnem
2154 514 2451 585 convivii
2520 512 2850 584 laetitiam
2915 527 3186 604 poterat

612 605 686 676 in
734 603 1040 674 dolorem
1089 616 1530 685 convertere,
1580 603 1787 673 niatri
1833 616 2066 674 autem
2130 602 2402 694 puellae
2452 604 2825 673 maximam
2878 603 3186 675 afferens
3257 667 3258 694 χ

613 691 1056 794 voluptatem.
1095 692 1324 762 Talem
1365 693 1553 763 enim
1588 693 1864 763 sitiebat
1895 714 2055 780 epum
2101 691 2352 773 videre,
2387 693 2507 781 qui
2540 715 2694 763 eam
2731 691 3179 782 prohibebat,

614 804 701 853 ne
737 795 984 852 viveret
1013 803 1095 851 ex
1141 783 1252 853 sui
1299 783 1520 852 animi
1568 782 1932 863 sententia,
1984 794 2052 852 et
2091 781 2237 852 zelo
2291 781 2606 872 linguam
2674 781 2991 853 habebat
3052 804 3180 852 non

613 871 850 943 minus
905 870 1139 962 gladio
1185 882 1488 953 acutam,
1542 870 1701 942 licet
1762 883 2047 942 mutam.
2119 870 2361 941 Divina
2405 871 2592 940 enim
2653 870 3018 959 quaedam
3087 893 3185 940 res

609 974 717 1032 est
747 960 989 1040 virtus,
1042 973 1111 1030 et
1143 981 1323 1049 quae
1368 960 1552 1031 vinci
1594 982 1732 1030 non
1783 971 2025 1051 potest,
2079 972 2164 1031 ut
2201 981 2383 1048 quae
2427 960 2635 1029 etiam
2679 972 2834 1051 post
2886 971 3177 1030 mortem

611 1050 768 1140 ejus
808 1048 930 1136 qui
988 1071 1140 1119 eam
1193 1049 1537 1141 possedit,
1588 1049 1824 1119 adhuc
1892 1048 2317 1119 dominetur.
2369 1048 2499 1132 Qui
2547 1049 2733 1118 enim
2799 1057 2967 1119 erat
3013 1048 3172 1118 adeo

613 1138 863 1229 turpiS,
917 1149 983 1208 et
1015 1138 1551 1219 abominandus,
1605 1151 1673 1208 et
1718 1136 2151 1240 voluptatum
2192 1160 2437 1209 servus
2485 1142 2662 1219 Rex,
2713 1137 2839 1225 qui
2892 1138 3170 1208 caedem

614 1228 773 1299 talis
818 1227 972 1310 viri,
1016 1239 1369 1316 tamquam
1407 1227 1621 1298 unius
1647 1228 1897 1318 abjecti
1930 1240 1996 1297 et
2024 1226 2424 1316 contempti,
2457 1226 2669 1316 jussu
2707 1225 3002 1304 fecerat.
3033 1226 3172 1295 vide

611 1315 1203 1404 quemadmodum
1242 1330 1393 1406 post
1440 1315 1635 1386 illius
1671 1331 1957 1386 mortem
1990 1315 2217 1385 evadit
2264 1314 2554 1386 timidus
2599 1328 2666 1384 et
2693 1315 3164 1387 meticulosus.

612 1405 796 1476 Adeo
830 1418 1013 1476 certe
1051 1405 1360 1487 timidus,
1395 1418 1473 1475 ut
1517 1426 1703 1486 eum,
1755 1405 1877 1493 qui
1915 1417 2061 1475 erat
2090 1418 2428 1485 mortuiis,
2472 1416 2740 1493 putaret
2779 1426 3015 1495 prope
3041 1426 3168 1475 esse

616 1508 836 1565 morte
874 1495 1328 1584 superiorein.
1383 1499 1547 1563 Cum
1597 1494 1785 1563 enim
1826 1493 1914 1564 de
1957 1500 2124 1564 lesu
2172 1493 2532 1574 audiisset,
2574 1494 3042 1585 Evangelium
3076 1493 3164 1562 in·

664 1584 787 1664 uit,
846 1583 1173 1663 Herodes,
1218 1595 1284 1652 et
1341 1601 1684 1670 quaenam
1754 1581 2006 1653 faceret
2081 1581 2456 1652 miracula:
2509 1582 2635 1651 Hic
2671 1594 2827 1663 est,
2891 1583 3157 1671 inquit,

611 1604 912 1743 Joannes
942 1672 1270 1764 Baptista,
1325 1672 1437 1742 liic
1484 1670 1781 1742 surrexit
1826 1694 1868 1742 a
1930 1672 2245 1744 mortuis.
2312 1672 2535 1761 Hujus
2582 1684 2816 1741 autem
2877 1673 2983 1742 rei
3026 1693 3160 1763 pro·

614 1761 801 1832 batio
847 1774 1029 1832 erat:
1082 1763 1376 1832 Virtutes
1398 1762 1582 1830 enim
1622 1760 2189 1851 dicebatoperari
2237 1761 2310 1830 in
2351 1782 2455 1842 e0‚
2488 1760 2761 1831 Domini
2811 1761 3154 1851 signorum

613 1863 684 1921 et
730 1850 1225 1920 miraculorum
1276 1850 1375 1920 sic
1433 1870 1688 1920 vocans
1752 1852 2248 1942 operationem.
2304 1855 2668 1937 Postquam
2749 1863 2994 1920 autem
3051 1847 3157 1918 fuit

616 1939 1017 2012 interfectus
1049 1939 1330 2009 divinus
1363 1936 1479 2008 ille
1523 1944 1853 2021 JoanneS,
1899 1951 1965 2010 et
2012 1960 2266 2030 magna
2306 1938 2744 2009 contentione
2794 1939 3148 2029 petendum

617 2049 696 2099 ca
752 2040 831 2098 ut
862 2027 1250 2119 praemium
1303 2027 1689 2099 saltationis
1721 2026 2054 2098 donatum
2095 2027 2226 2098 fuit
2274 2026 2374 2097 illi
2423 2027 2884 2098 debacchanti
2927 2027 3148 2119 juven-

617 2139 841 2199 cuae,
886 2129 953 2186 et
995 2116 1061 2185 id
1112 2138 1236 2206 per
1289 2116 1510 2218 ipsam
1572 2116 1817 2187 habuit
1868 2129 2124 2186 mater:
2178 2115 2319 2198 illa,
2385 2138 2545 2186 cum
2612 2115 2682 2185 id
2745 2117 3143 2206 accepisset.

665 2205 804 2276 uod
854 2205 1178 2275 ardenter
1225 2205 1519 2285 sitiebat,
1574 2204 1916 2296 profunde
1950 2205 2217 2286 infodit,
2253 2218 2320 2275 et
2365 2205 2548 2296 apud
2583 2228 2656 2275 se
2689 2218 2839 2276 tuto
2886 2208 3144 2302 abscon·

666 2295 761 2365 it:
792 2308 868 2366 ut
912 2317 993 2365 ex
1042 2295 1151 2378 iis,
1203 2316 1383 2383 quae
1414 2316 1454 2365 a
1502 2294 1820 2365 Patribus
1868 2307 2032 2365 sunt
2081 2295 2366 2376 tradita,
2423 2294 2942 2365 narrationibus
2993 2313 3139 2363 scri-

620 2385 896 2475 ptisque
955 2383 1115 2454 licet
1158 2383 1448 2454 discere.
1504 2389 1604 2454 Ma
1662 2405 1795 2453 nus
1842 2385 2028 2454 enim
2081 2384 2310 2466 timor,
2374 2396 2439 2454 et
2516 2385 2922 2474 magnitudo
2961 2382 3127 2471 ejus.

617 2495 823 2562 quem
858 2473 1153 2544 habebat
1186 2472 1368 2555 odio,
1397 2472 1616 2544 efficia
1669 2486 1760 2557 at,
1796 2485 1873 2543 ut
1904 2473 1920 2542 i
1977 2495 2052 2543 sa
2083 2473 2216 2545 sibi
2246 2484 2536 2544 caveret.
2574 2477 2810 2561 Neque
2843 2466 3119 2563 permitiit

619 2577 831 2665 caput
860 2564 1192 2655 conjungi
1245 2585 1406 2633 cum
1456 2585 1766 2654 corpore,
1819 2561 1915 2633 du
1972 2564 2150 2632 itans
2198 2584 2284 2633 ne
2337 2564 2438 2634 sic
2485 2575 2879 2653 resurgeret,
2929 2570 2985 2628 et
3030 2553 3107 2622 ad

621 2673 888 2743 priores
950 2653 1201 2723 rediret
1248 2652 1859 2743 reprehensiones:
1917 2652 2044 2723 Sed
2094 2653 2178 2731 si,
2233 2651 2483 2740 inquit,
2557 2653 2750 2743 apud
2796 2670 2886 2719 iiie
2929 2654 3114 2734 caput

619 2754 801 2812 recte
834 2740 1320 2822 abscondatur,
1364 2741 1432 2811 id
1483 2763 1620 2811 non
1670 2740 1873 2811 facile
1920 2741 2216 2830 potuerit
2263 2763 2645 2899 resur-igere.
3077 2821 3091 2832 ‚

708 2832 747 2919 ξ
789 2835 932 2903 82.
987 2836 1351 2918 Postquam
1399 2844 1632 2900 autem
1690 2852 1900 2902 curae
1949 2829 2191 2901 suisset
2233 2831 2388 2920 ejus
2487 2829 2833 2920 iscipulis,
2881 2838 2953 2897 ut
2990 2820 3128 2893 reli·

618 2940 839 3006 quum
869 2941 1125 3009 corpus
1158 2919 1228 2988 in
1261 2919 1561 3008 quodam
1614 2918 1763 2989 loco
1809 2919 2071 3021 insigni
2104 2919 2481 2989 honorifice
2514 2919 2946 3009 sepeliretur,
2992 2913 3040 2982 ii
3061 2908 3130 2981 ad

619 3014 858 3078 Jesum
910 3008 1279 3090 venientes,
1317 3009 1552 3078 omnia
1585 3008 1647 3077 ei
1702 3021 2138 3099 renunciant.
2184 3008 2307 3077 Ille
2345 3021 2600 3088 autem,
2673 3020 2914 3099 utpote
2964 3019 3129 3101 exneo

622 3096 858 3167 dolore
890 3098 1198 3176 affectus,
1226 3119 1365 3166 non
1398 3096 1705 3187 amplius
1744 3098 2002 3187 patitur
2035 3118 2314 3167 manere
2356 3099 2423 3166 in
2463 3097 2788 3187 regione:
2825 3094 2948 3166 sed
2978 3092 3128 3162 illinc

624 3187 849 3287 surgit
895 3188 1233 3276 protinus,
1268 3199 1335 3257 et
1379 3207 1523 3256 una
1554 3207 1716 3255 cum
1764 3185 1912 3257 suis
1957 3184 2328 3275 discipulis
2374 3208 2613 3256 navem
2664 3182 3131 3283 conscendens,

624 3286 811 3344 venit
869 3274 938 3345 in
996 3276 1343 3345 desertum
1406 3274 1778 3362 quemdam
1849 3274 2076 3345 locum
2130 3275 2572 3355 Betlisaidae,
2622 3288 2690 3343 et
2737 3296 2840 3352 se,
2899 3285 2965 3343 et
3019 3269 3143 3367 illos

674 3363 852 3434 uiete
886 3385 1225 3440 recreans.
1262 3375 1329 3433 et
1360 3363 1567 3433 veluti
1602 3363 1972 3433 consolans
2005 3364 2376 3434 tristitiam.
2414 3369 2626 3451 Atque
2685 3362 2982 3434 divinus
3021 3379 3148 3447 qui·

618 3384 782 3521 dem
832 3458 1156 3533 Joannes,
1191 3473 1350 3522 cum
1386 3465 1653 3543 praeter
1677 3451 1815 3522 alia
1851 3453 2052 3535 bona,
2094 3453 2354 3540 quibus
2382 3467 2526 3522 erat
2564 3451 2915 3543 locuples,
2947 3450 3151 3523 etiam,

623 3540 811 3628 quod
845 3563 886 3610 a
935 3541 1197 3612 Christo
1243 3554 1622 3633 acceperat,
1660 3541 2050 3612 testimonio
2082 3540 2325 3612 suisset
2358 3541 2760 3623 honoratus,
2795 3540 3154 3610 coelorum.

624 3631 885 3719 quibus
930 3644 1074 3702 erat
1119 3631 1401 3723 dignus,
1455 3632 1737 3702 sortitus
1784 3630 1912 3699 fuit
1961 3630 2477 3710 habitationem,
2514 3652 2675 3700 cuin
2710 3627 3160 3722 trigintaduos

625 3742 870 3800 annos,
917 3734 983 3790 et
1042 3743 1153 3792 sex
1218 3741 1492 3790 menses
1540 3741 1700 3811 pere
1752 3718 1916 3789 isset
1963 3721 2031 3789 in
2094 3733 2296 3790 terra.
2356 3718 2694 3791 Herodem
2772 3719 3165 3789 autembei

632 3808 918 3891 ‘ustitia,
950 3809 1076 3878 etsi
1113 3822 1188 3879 ut
1221 3808 1607 3910 plurimum
1642 3743 1857 3878 soqeat
1882 3830 2031 3879 esse
2066 3808 2254 3878 tarda
2289 3809 2374 3878 ad
2423 3807 2892 3966 supplicium,
2957 3821 3166 3903 tamen

682 3899 744 3968 ic
790 3897 1080 3969 fortasse
1112 3898 1385 3991 insigne
1419 3897 1648 3968 scelus
1679 3897 1945 3968 habens
1972 3897 2154 3980 odio,
2187 3898 2374 3968 haud
2407 3898 2500 3967 ita
2594 3899 2666 3966 iu
2705 3909 2864 3987 post
2898 3891 3168 3967 invadit.

626 4078 760 4119 tem
788 4075 1036 4120 inventum
1064 4080 1114 4119 et
1141 4089 1283 4128 nepe
1308 4078 1499 4129 saepiu·
1526 4078 1815 4119 onustatum
1843 4074 1939 4131 (res
1960 4074 2009 4119 in
2030 4078 2232 4119 obscuro
2251 4074 2507 4128 versatur).
2526 4086 2582 4117 ex
2603 4076 2871 4117 orientem
2894 4073 3177 4131 Occidam·

628 4132 819 4173 saeculo
848 4130 1157 4181 probabiliter
1187 4142 1272 4173 xiii
1308 4133 1555 4172 devectum
1585 4134 1672 4171 eat.
1702 4132 1992 4181 Insignioren
2021 4134 2125 4181 eJu·
2155 4134 2317 4182 psi-ten
2347 4129 2438 4172 sibi
2456 4127 2702 4170 vindicant
2719 4127 2770 4169 in
2792 4128 2956 4172 thlia
2972 4128 3181 4171 cedant·

627 4185 673 4226 Β.
701 4186 899 4225 loannis
925 4186 1151 4236 duna-279.
1178 4188 1230 4224 et
1254 4187 1583 4226 ambianensis
1611 4188 1819 4230 «Ae-iens)
1849 4183 2161 4231 cathedralis.
2190 4188 2238 4225 tn
2254 4187 2376 4225 Urbe
2395 4182 2662 4235 (moerente
2683 4184 2817 4224 Rom.
2839 4180 3177 4234 mmmm

628 4240 833 4280 eeclesia
859 4240 902 4279 8.
922 4236 1155 4283 silvestri.
1174 4240 1348 4279 idcirco
1366 4242 1413 4278 tn
1432 4241 1579 4289 captu
1597 4236 1746 4281 dicta:
1768 4239 2079 4287 fragminibus
2102 4240 2384 4288 quibusdam
2405 4238 2628 4286 utrinque
2646 4236 2831 4278 denti·
2850 4248 2979 4288 qnae
2998 4234 3180 4277 divertit

628 4292 922 4343 temporibus
953 4290 1149 4341 adipisci
1180 4295 1437 4340 potuerunt
1463 4289 1778 4333 'reatinensis
1808 4294 1859 4331 et
1889 4294 2162 4341 Augustam
2191 4294 2240 4332 in
2278 4289 2547 4341 subalpinis
2587 4290 2842 4337 civitates.
2878 4290 3179 4331 veneti-un
3265 4312 3266 4339 ᾗ

627 4346 971 4395 Lugdunensis.
1000 4346 1253 4386 Nemeeius
1278 4345 1547 4398 (Nm-oure).
1575 4347 1692 4387 Nola
1720 4347 1923 4395 dentque
1947 4357 2032 4395 per
2060 4348 2101 4386 8.
2124 4347 2388 4391 Paulinum.
2408 4340 2568 4386 Brixis
2588 4354 2676 4395 per
2696 4345 2740 4384 S.
2760 4344 3104 4389 eumenem
3119 4342 3177 4382 1³-

627 4398 715 4438 dex
732 4399 922 4448 digitus.
936 4409 1030 4447 quo
1046 4401 1088 4438 8.
1108 4400 1392 4439 Ρηοοιιηοι·
1422 4404 1581 4450 mmm
1602 4401 1685 4439 Det
1703 4401 1999 4444 monstravit,
2020 4403 2292 4441 acervatur
2313 4398 2362 4439 in
2382 4400 2546 4440 Insula
2565 4394 2731 4438 Melita
2752 4395 2804 4438 in
2826 4398 3037 4440 aeaut·
3051 4397 3180 4445 lque-

632 4452 748 4493 ·trt·
767 4450 903 4493 tntu·
920 4452 1123 4494 ordinis.
1143 4453 1212 4493 De
1228 4450 1583 4495 venerabilibus
1601 4451 1866 4500 cinei-ibus.
1879 4454 2020 4495 inti-⁸.
