3308 5004
275 319 467 387 AUG.
518 289 609 385 20
985 336 1066 384 aa
1112 337 1169 386 s.
1221 337 1555 387 unewanno
1601 337 1747 387 aaa.
1792 335 2181 387 cunum..
2616 321 2748 389 507

277 441 358 490 ac
400 418 455 489 si
493 437 770 507 semper
805 415 876 485 in
927 437 1088 487 rure
1140 418 1484 489 nutritus:
1538 418 1639 489 sic
1689 418 1977 491 caeteris
2022 418 2419 508 quibusque
2465 418 2833 490 hominum

278 507 678 611 generibus,
732 505 916 575 velut
964 505 1022 576 si
1063 527 1340 577 omnem
1383 506 1887 610 investigandis
1917 528 2155 577 eorum
2188 508 2517 600 operibus
2553 528 2835 601 operam

280 595 756 687 impendisset.
812 593 1147 665 Literatus
1205 595 1392 686 apud
1451 597 1807 679 erudltos,
1861 595 2046 687 apud
2098 595 2451 689 simplices
2499 597 2627 668 sim
2684 596 2832 678 lex,

280 684 464 777 apud
516 683 911 776 spirituales
975 685 1156 755 viros
1212 684 1652 777 perfectionis
1708 698 1775 756 et
1838 684 2217 786 sapientiae
2269 686 2560 757 affluens
2671 707 2839 758 ocu-

287 774 559 854 mentis,
596 773 925 844 omnibus
951 794 1024 843 se
1060 774 1445 864 coaptabat,
1498 795 1741 845 omnes
1775 794 2068 866 cupiens
2108 774 2511 846 lucrifacere
2538 774 2832 846 Christo.

286 869 538 934 Cautus
583 873 730 932 erat
767 862 1337 933 artificiosissime
1368 865 1755 946 observare,
1807 862 1989 951 quod
2032 862 2543 957 ad,Eugenlum
2582 869 2835 957 Papam

283 953 617 1034 scribens,
671 950 757 1021 de
804 952 913 1023 sui
961 950 1190 1022 cordis
1230 951 1665 1043 plenitudine
1696 953 2031 1023 eructavit
2064 975 2097 1020 ε.
2546 965 2551 974 ·

357 1044 405 1199 ¹5
450 1044 529 1113 θ.
582 1044 816 1132 Nugae
864 1041 918 1111 si
969 1040 1313 1122 incidant,
1369 1041 1744 1123 interdum,
1798 1041 2050 1129 inquit,
2105 1038 2428 1110 ferendae
2472 1040 2829 1124 fortassis,

280 1129 675 1200 reerendae
725 1151 1107 1217 nunquam.
1164 1128 1766 1201 Interveniendum
1817 1142 2018 1201 caute
2065 1140 2133 1199 et
2182 1129 2558 1221 prudenter
2617 1151 2840 1224 nuga·
2912 1181 2913 1184 ,

279 1219 494 1289 citati.
546 1218 1145 1309 Prorumpendum
1213 1240 1379 1289 sane
1433 1219 1505 1289 in
1567 1219 1826 1290 serium
1877 1217 2045 1307 quid
2081 1274 2097 1300 ,
2150 1218 2336 1307 quod
2406 1239 2543 1288 non
2604 1219 2835 1291 solum

277 1307 582 1388 utiliter,
635 1307 755 1377 sed
801 1320 868 1376 et
915 1305 1208 1377 libenter
1253 1308 1566 1389 audiant,
1621 1320 1700 1378 ut
1748 1307 2246 1399 supersedeant
2292 1306 2555 1380 otiosis.
2609 1312 2835 1391 Quam

278 1418 438 1467 vero
487 1395 895 1499 placabilem
943 1407 1008 1466 et
1058 1397 1585 1487 persuasibilem
1618 1451 1633 1477 ,
1702 1417 2054 1485 quamque
2114 1395 2456 1466 eruditam
2517 1396 2835 1488 linguam

279 1486 547 1557 dederit
590 1486 649 1555 ei
704 1490 902 1566 DeuS‚
958 1497 1036 1555 ut
1083 1485 1309 1568 sciret,
1362 1507 1571 1574 quem
1604 1497 1673 1555 et
1699 1486 1981 1575 quando
2018 1485 2297 1555 deberet
2344 1483 2649 1577 proferre
2694 1507 2839 1556 ser-

280 1596 583 1656 monem,
635 1575 895 1661 quibus
941 1572 1258 1644 videlicet
1304 1575 1684 1645 consolatio
1718 1576 1818 1645 vel
1850 1574 2253 1656 obsecratiO,
2292 1575 2555 1663 quibus
2587 1574 2838 1644 exhor-

283 1664 447 1734 tatio
493 1674 902 1754 congrueret
946 1677 1068 1733 aut
1113 1664 1517 1755 increpatio,
1574 1685 1780 1736 nosse
1828 1676 2151 1754 poterunt
2192 1663 2658 1752 aliquatenus,
2708 1664 2839 1752 ‘qui

283 1751 506 1843 ipsius
556 1752 843 1843 legerint
890 1752 1183 1843 scripta:
1234 1755 1359 1823 etsi
1411 1753 1613 1843 longe
1664 1753 1900 1822 minus
1948 1752 2035 1823 ab
2082 1754 2206 1835 eis,
2258 1753 2381 1841 qui
2432 1753 2636 1822 verba
2685 1752 2831 1823 oris

223 1861 232 1866 ’
280 1843 431 1930 ejus
480 1841 758 1933 saepius
819 1841 1210 1911 audierunt.
1284 1842 1635 1931 Siquidem
1704 1842 1957 1912 diffusa
2010 1856 2156 1912 erat
2220 1841 2438 1932 gratia
2504 1842 2576 1912 in
2630 1840 2836 1911 labiis

283 1931 436 2021 ejus
468 1985 484 2012 ,
534 1943 598 2000 et
646 1930 943 2088 ignitum
1010 1929 1363 2020 eloquium
1413 1932 1564 2023 ejus
1610 1930 2095 2001 vehementer:
2162 1943 2238 2000 ut
2288 1951 2423 2031 non
2478 1943 2703 2021 posset
2752 1939 2869 2000 no'

287 2020 510 2107 ipsius
556 2019 672 2107 qui
728 2041 833 2088 em
883 2019 1110 2110 'stylus
1157 2021 1452 2092 eximius
1483 2074 1504 2102 ,
1563 2032 1770 2090 totam
1821 2019 2010 2090 illam
2055 2018 2494 2090 dulcedinem
2536 2073 2551 2100 ,
2618 2030 2834 2089 totum

290 2108 577 2178 retinere
624 2106 979 2177 servorem.
1034 2107 1158 2177 Mel
1208 2121 1274 2178 et
1324 2109 1426 2178 lac
1475 2109 1607 2180 sub
1658 2109 1894 2200 lingua
1943 2109 2117 2200 eJuS,
2160 2119 2228 2178 et
2260 2106 2722 2177 nihilominus
2761 2106 2833 2176 in

288 2217 406 2265 ore
451 2195 601 2284 eJus
649 2198 667 2264 i
725 2219 849 2266 nea
899 2195 1000 2266 lex
1030 2251 1046 2278 ,
1090 2198 1289 2288 juxta
1338 2197 1507 2268 illud
1560 2198 1822 2268 Cantici
1890 2197 2375 2267 canticorum:
2427 2199 2618 2267 Sicut
2664 2199 2838 2266 vitta

287 2287 582 2356 coccinea
614 2289 684 2356 la
729 2288 798 2355 ia
837 2295 980 2367 tua,
1024 2296 1089 2355 et
1125 2289 1467 2378 eloquium
1500 2297 1692 2356 tuum
1740 2287 1957 2356 dulce.
2000 2285 2166 2355 Inde
2212 2297 2380 2366 erat,
2432 2285 2616 2374 quod
2669 2289 2836 2356 Ger-

287 2374 576 2444 manicis
623 2376 829 2445 etiam
881 2374 1159 2465 populis
1209 2375 1227 2444 l
1323 2397 1498 2446 uens
1528 2430 1543 2457 ,
1611 2376 1789 2445 miro
1835 2373 2249 2444 audiebatur
2301 2374 2590 2455 affectu,
2643 2385 2710 2442 et
2755 2394 2837 2444 ex

288 2484 601 2536 sermone
648 2464 822 2556 ejus,
875 2484 1082 2552 quem
1121 2464 1284 2536 intel
1320 2466 1528 2557 igere,
1565 2475 1799 2557 utpote
1832 2462 2118 2535 alterius
2159 2463 2440 2566 linguae
2489 2462 2829 2545 homines,

285 2574 422 2623 non
473 2554 788 2624 valebant
824 2608 839 2635 ,
891 2553 1118 2656 magis
1163 2576 1373 2642 quam
1423 2576 1503 2625 ex
1656 2554 1967 2625 ritissimi
2031 2552 2405 2644 cujuslibet
2468 2565 2623 2643 post
2669 2572 2834 2622 eum

284 2640 629 2729 loquentis
680 2643 1111 2733 interpreuS,
1165 2643 1510 2714 intellecta
1585 2644 1905 2713 ocutione
1970 2641 2323 2711 aedificari
2388 2640 2668 2711 illorum
2721 2639 2838 2709 de·

286 2732 465 2801 votio
513 2732 897 2812 videbatur,
951 2742 1016 2800 et
1063 2732 1426 2802 verborum
1476 2731 1628 2823 ejus
1678 2730 2205 2823 magisffientire
2235 2730 2580 2800 virtutem.
2620 2729 2836 2818 Cujus

284 2820 383 2890 rei
437 2821 745 2910 probatio
791 2828 998 2901 certa,
1055 2822 1285 2891 tunsio
1335 2834 1687 2911 pectorum
1735 2829 1903 2902 erat,
1957 2833 2022 2890 et
2053 2817 2300 2890 effusio
2335 2818 2829 2908 lacrymarum.

374 2910 412 2996 ξ
458 2912 540 2980 8.
597 2908 924 2979 Utebatur
972 2930 1136 2981 sane
1186 2909 1561 3000 Scripturis
1592 2919 1730 2979 tam
1770 2909 1984 2979 libere
2030 2906 2552 2995 commodeque,
2590 2916 2833 2977 utnon

285 3009 424 3066 tam
476 2998 669 3085 sequi
717 2997 895 3080 illaS,
933 3020 1141 3086 quam
1197 2999 1604 3089 praecedere
1648 2997 2067 3080 crederetur,
2120 3010 2186 3067 et
2219 2996 2473 3067 ducere
2515 2996 2667 3087 ipso
2697 3016 2835 3084 quo

285 3084 507 3168 vellet,
561 3099 907 3157 auctorem
939 3109 1179 3157 earum
1214 3088 1463 3157 ducem
1499 3087 1822 3178 spiritum
1860 3107 2177 3174 sequens.
2218 3091 2449 3169 Quem'
2472 3086 2831 3167 nimirum,

284 3186 364 3244 ut
403 3175 470 3243 in
522 3175 752 3245 medio
801 3176 1141 3247 Ecclesiae
1197 3200 1234 3246 a
1289 3177 1495 3246 eriret
1540 3198 1617 3246 os
1667 3178 1854 3267 ejus,
1906 3175 2009 3246 sic
2057 3175 2307 3266 spiritu
2366 3179 2544 3244 Deus
2594 3173 2838 3264 imple-

288 3275 476 3334 verat
530 3265 906 3356 sapientiae
953 3278 1019 3335 et
1068 3266 1232 3336 intel
1265 3278 1477 3347 ectus,
1529 3277 1630 3347 ut,
1684 3264 2072 3335 secundum
2122 3263 2306 3352 quod
2357 3264 2427 3333 in
2484 3263 2660 3333 libro
2706 3263 2841 3333 Job

290 3352 584 3444 legitur,
645 3354 987 3445 profunda
1036 3375 1312 3444 quoque
1366 3354 1737 3425 fluviorum
1789 3365 2258 3433 scrutaretur,
2322 3363 2388 3422 et
2433 3351 2840 3422 abscondita

287 3442 618 3531 proferret
664 3443 733 3512 in
780 3443 1029 3514 lucem.
1085 3450 1252 3515 Nam
1301 3455 1367 3515 et
1413 3443 1772 3514 confessus
1820 3455 1922 3513 est
1968 3442 2332 3531 aliquoties
2364 3497 2379 3520 ,
2433 3441 2564 3511 stbi
2626 3439 2841 3509 medi·

289 3533 460 3601 tanti
508 3532 609 3601 vel
652 3534 923 3614 oranti,
978 3554 1242 3602 sacram
1307 3554 1580 3602 omnem
1634 3531 1819 3601 velut
1867 3531 1999 3601 sub
2054 3553 2124 3603 se
2174 3530 2466 3621 positam
2518 3540 2585 3599 et
2629 3550 2839 3619 expo-

290 3620 489 3689 sitam
543 3621 674 3691 sibi
725 3623 1132 3712 apparuisse
1180 3623 1631 3712 Scripturam.
1689 3626 2038 3690 Caeterum
2088 3640 2297 3708 quam
2363 3619 2578 3709 gratis
2632 3639 2838 3686 evan·

286 3709 697 3800 gelizaverit,
743 3712 902 3796 quis
941 3710 1151 3798 digne
1201 3711 1601 3800 praedicet?
1638 3711 1800 3797 quis
1826 3708 2034 3810 digne
2075 3709 2405 3778 miretur?
2440 3708 2665 3776 Minus
2697 3704 2837 3775 fore

285 3798 605 3880 credidit,
661 3799 891 3867 nullas
939 3799 1070 3869 sibi
1106 3799 1192 3869 ab
1231 3799 1666 3868 auditoribus
1718 3798 2147 3867 transitorias
2183 3809 2410 3888 petere
2449 3793 2831 3877 facultates»,

294 3887 426 3957 nisi
489 3888 757 3959 oblatas
832 3887 1111 3977 saepius
1180 3887 1504 3957 refutaret
1575 3887 1783 3957 etiam
1860 3887 2371 3957 Ecclesiasticas
2435 3883 2832 3985 dignitates.

289 3980 536 4046 Parum
589 3976 691 4046 illi
741 3974 892 4057 suit,
935 3976 1125 4045 nulla
1155 3998 1485 4064 quaerere
1520 3975 1863 4067 stipendia
1904 3974 2356 4044 militantem:
2410 3994 2499 4042 ne
2533 3971 2835 4062 insignia

291 4066 568 4152 quidem
614 4066 746 4137 reci
802 4087 915 4135 ere
963 4065 1323 4152 acquievit.
1375 4065 1679 4153 Denique
1707 4064 1892 4134 velut
1925 4063 2098 4132 alter
2144 4061 2349 4132 David
2386 4082 2838 4152 processurus

293 4152 375 4221 ad
427 4154 713 4237 bellum,
815 4154 1012 4225 ellica
1048 4176 1243 4224 arma
1277 4154 1410 4223 sibi
1446 4155 1760 4245 graviora
1791 4164 2119 4223 causatus
2147 4163 2272 4231 est,
2310 4162 2546 4242 utpote
2575 4150 2836 4252 quibus

289 4243 568 4326 multOS,
604 4267 730 4315 suo
764 4244 1164 4336 praesertim
1204 4255 1531 4333 tempore,
1576 4254 1884 4312 cerneret
1931 4239 2415 4333 praegravari:
2469 4252 2535 4310 et
2564 4240 2635 4309 in
2672 4260 2837 4308 stm-

291 4330 594 4421 plicitate
623 4356 746 4404 sua
787 4333 1157 4425 gloriosius
1205 4331 1701 4422 triumphabat.
1739 4336 2023 4400 Tantam
2074 4330 2257 4399 enim
2291 4328 2585 4420 gratiam
2617 4328 2837 4398 virtus

290 4419 520 4492 divina
554 4423 616 4492 ei
647 4422 1051 4507 contulerat,
1105 4433 1183 4493 ut
1231 4421 1388 4492 licet
1433 4419 1745 4509 abjectus
1790 4440 1939 4491 esse
1985 4419 2307 4509 elegisset
2338 4419 2411 4488 in
2442 4417 2651 4489 domo
2690 4415 2831 4493 Dei.
