3308 5004
568 379 575 392 ι
631 342 760 407 266
1417 359 1495 407 nr.
1543 359 1599 407 s.
1653 355 1886 408 numo
1932 358 2222 407 uanmr.
2754 340 2941 407 AUG.
2998 340 3082 406 ⁴2

540 443 734 514 locus
780 443 968 514 haud
1016 442 1257 534 procul
1306 443 1500 514 abest
1546 447 1952 525 Camerac0,
2005 443 2170 513 olim
2234 441 2652 513 daemonum
2715 443 2938 514 cultui
2994 442 3085 513 ab

536 531 919 604 idololatris
967 533 1037 602 in
1089 533 1484 602 animarum
1533 533 1820 603 exitium
1871 531 2256 603 dedicatus.
2311 532 2439 602 Sed
2490 532 2593 602 vir
2649 533 2763 602 Dei
2815 536 3087 623 Gange-

533 623 724 691 ricus
772 621 956 691 idola
1002 622 1502 704 exterminavit,
1556 620 1797 692 lucum
1850 621 2169 705 succidit,
2213 633 2278 692 et
2311 620 2538 692 locum
2581 621 2934 712 spurcitiis
2963 619 3085 691 ad-

535 711 825 793 dictum,
879 711 950 780 in
1000 710 1333 781 orationis
1380 722 1446 781 et
1493 710 1817 781 sacrificii
1868 711 2106 781 aedem
2167 711 2478 781 mutavit.
2546 714 2624 781 Et
2674 711 2821 802 jam
2885 710 3084 783 locus

534 799 651 869 ille
697 811 765 870 et
809 798 990 870 beati
1037 800 1168 869 viri
1217 800 1552 870 memoria
1598 813 1702 870 est
1748 799 2186 879 venerabilis,
2240 811 2306 869 et
2343 798 2682 871 nundinis
2716 798 3085 870 celeberri-

534 910 734 959 mus:
789 899 1367 980 praestanturque
1415 887 1559 958 illic
1606 910 1694 959 us
1746 910 1832 959 ue
1879 889 1965 958 ad
2068 910 2344 958 raesens
2379 888 2715 958 beneficia
2745 888 3085 958 divinain

532 976 808 1047 laudem
861 978 1136 1047 Domini
1186 977 1403 1049 nostri
1451 982 1616 1049 Jesu
1667 982 1711 1048 C
1767 979 1955 1048 risti:
2059 979 2128 1048 ui
2177 990 2279 1049 est
2325 977 2547 1048 honor
2593 990 2659 1048 et
2722 977 2944 1069 gloria
3006 977 3085 1046 in

532 1065 763 1137 secula
793 1066 1214 1148 seculorum,
1261 1072 1499 1136 Amen.

968 1310 1593 1414 MARTYRIUM
1660 1311 1744 1414 S.
1814 1311 2164 1414 EUPLll
2238 1309 2654 1416 DlACONl

1258 1498 1548 1550 AUCTORE
1582 1500 1855 1550 slxssonss
1887 1499 2339 1549 ulturnnasrss

1221 1625 1322 1681 1v
1381 1638 1553 1683 saec.
1613 1625 1895 1683 ineunte
1955 1654 2034 1664 —
2095 1624 2386 1682 Siculus.

616 1774 653 1860 ξ
699 1779 776 1846 ¹.
834 1771 1253 1843 Diocletiano
1301 1784 1365 1843 et
1414 1773 1828 1843 Maximiano
1876 1773 2409 1863 imperantibu3‚
2459 1770 2803 1842 idolorum
2842 1792 2924 1841 su
2979 1793 3087 1843 er-

528 1861 713 1932 stitio
760 1861 853 1931 ita
905 1883 1026 1952 per
1070 1883 1314 1933 omnes
1361 1863 1678 1953 regiones
1725 1873 1792 1932 et
1838 1862 2106 1933 insulas
2167 1861 2691 1941 celebrabatur,
2761 1872 2839 1929 ut
2895 1860 2919 1928 i
2969 1861 3086 1931 ola

526 1950 763 2020 omnia
811 1951 1243 2041 erigerentur
1272 2006 1287 2033 ,
1340 1964 1405 2020 et
1452 1950 1824 2021 Christiani
1863 1951 2170 2022 universi
2218 1950 2451 2043 gladio
2499 1949 3076 2020 interficerentur.

529 2040 863 2109 Miserunt
909 2040 1123 2131 igitur
1156 2039 1606 2131 imperatores
1640 2040 1776 2131 ipsi
1810 2040 2161 2110 hominem
2202 2038 2574 2127 quemdam
2610 2040 3081 2130 Pentagilrum

532 2128 838 2210 nomine,
893 2129 963 2197 in
1014 2129 1188 2198 fines
1289 2128 1631 2198 rovinciae
1681 2128 1977 2210 Siciliae,
2034 2139 2111 2199 ut
2155 2148 2674 2217 quemcumque
2707 2127 3085 2202 invenisset

529 2217 653 2305 qui
701 2216 1048 2288 Christum
1099 2150 1564 2300 confiteretur,
1615 2239 1773 2287 eum
1827 2217 2150 2308 pessimis
2197 2216 2423 2287 modis
2473 2216 2909 2286 interficeret.
2945 2221 3085 2287 Ita-

527 2326 663 2393 que
713 2306 896 2375 venit
933 2309 1364 2397 Pentagt'lrus
1395 2306 1465 2374 in
1501 2307 1746 2379 urbem
1789 2310 2138 2377 Catanam.
2177 2305 2606 2376 Calvisianus
2644 2317 2874 2375 autem
2915 2325 3080 2374 cum

528 2394 599 2463 in
650 2414 731 2463 ea
781 2394 1167 2485 praesidem
1219 2407 1471 2486 ageret,
1515 2396 1730 2486 jussit
1775 2395 2013 2466 turbas
2063 2395 2273 2496 ipsas,
2328 2415 2507 2482 quae
2541 2395 2610 2462 in
2652 2393 2825 2464 urbe
2854 2406 3075 2476 erant,

528 2483 801 2555 obviam
856 2484 1176 2574 prodire,
1234 2496 1438 2576 prout
1485 2497 1986 2557 consueverant
2034 2483 2146 2554 his
2205 2483 2328 2572 qui
2388 2483 2476 2554 ab
2542 2483 3084 2574 imperatoribus

526 2573 1005 2644 mittebantur.
1059 2578 1427 2665 Ingressus
1473 2574 1689 2664 igitur
1733 2576 2163 2665 Pentagilrus
2211 2574 2282 2643 in
2332 2594 2483 2643 eam
2534 2573 2818 2654 urbem,
2862 2573 3083 2662 jussit

526 2661 991 2733 Calvisianum
1046 2664 1464 2733 constituere
1515 2662 1818 2733 tribunal
1869 2663 1937 2732 in
1991 2662 2138 2733 loco
2185 2661 2305 2732 illo
2352 2662 2474 2750 qui
2535 2661 2792 2732 dicitur
2854 2661 3083 2731 Achil-

523 2750 686 2832 liuS,
740 2766 805 2822 et
854 2773 1228 2842 praecones
1278 2751 1546 2822 mittere
1596 2774 1719 2842 per
1767 2750 2028 2842 plateas
2074 2763 2139 2821 et
2185 2752 2372 2821 vicos
2418 2750 2614 2822 urbis
2644 2806 2659 2832 ‚
2712 2750 2834 2840 qui
2873 2749 3086 2840 jube-

523 2851 677 2909 rent
724 2861 966 2910 omnes
1014 2839 1098 2908 ad
1150 2841 1303 2928 ejus
1352 2839 1696 2910 nefarium
1750 2838 2054 2910 tribunal
2104 2840 2495 2909 convenire.

611 2930 649 3015 ξ
699 2933 788 2999 ².
842 2932 1080 3015 Itaque
1129 2949 1288 2998 cum
1339 2932 1772 3020 Pentagurus
1811 2928 1880 2997 in
1916 2928 2037 2998 illa
2078 2927 2337 2997 nefaria
2372 2926 2533 3000 sede
2563 2949 2704 2996 una
2734 2948 2891 2996 cum
2930 2927 3083 2997 Cal-

524 3016 789 3085 visiano
839 3014 1280 3106 praesideret,
1333 3018 1704 3088 universus
1752 3016 2054 3108 populus
2103 3017 2286 3087 stetit
2324 3029 2484 3086 ante
2513 3014 2843 3088 tribunal.
2882 3021 3079 3086 Tunc

523 3107 955 3193 Pentagurus
1004 3104 1176 3176 dixit
1225 3104 1640 3175 Calvisiano:
1694 3110 1869 3176 Num
1919 3126 2158 3176 omnes
2198 3105 2312 3175 isti
2351 3104 2638 3195 deorum
2678 3115 3078 3176 nostrorum

522 3191 645 3261 reli
705 3193 930 3262 ionem
981 3193 1398 3264 observant?
1446 3195 1758 3276 Maxime,
1813 3195 2038 3281 inquit
2093 3194 2542 3264 CalvisianuS.
2601 3195 2724 3263 His
2788 3192 3070 3275 auditiS,

522 3280 631 3349 val
685 3302 721 3350 e
751 3282 1032 3373 gavisus
1070 3294 1192 3363 est,
1233 3295 1296 3352 et
1322 3283 1536 3370 jussit
1566 3282 1806 3353 turbas
1845 3282 2125 3352 dimitti.
2165 3288 2354 3353 Tunc
2387 3286 2819 3374 Pentagurus
2852 3282 3078 3372 impe-

524 3383 831 3440 ratorum
881 3370 1106 3441 edicta
1145 3371 1529 3441 Calvisiano
1569 3371 1673 3441 illi
1719 3372 2042 3454 ostendit,
2097 3393 2398 3459 eumque
2446 3371 2639 3441 urbis
2689 3370 3075 3462 praesidem

523 3458 981 3539 confirmavit,
1020 3472 1086 3529 et
1117 3460 1341 3529 edicta
1376 3460 1524 3550 ipsa
1557 3461 1621 3530 ei
1669 3460 1976 3542 tradidit,
2021 3473 2097 3532 ut
2144 3461 2569 3531 Christianos
2616 3460 2932 3530 homines
2969 3461 3078 3528 in-

523 3546 848 3635 quireret.
897 3554 1088 3619 Tunc
1136 3549 1286 3640 ipse
1319 3550 1403 3617 in
1456 3549 1630 3618 alias
1675 3549 1886 3620 urbes
1931 3550 2060 3619 iter
2098 3572 2304 3629 suum
2353 3549 2718 3640 dirigebat,
2764 3548 3073 3619 studium

522 3657 728 3706 omne
765 3636 1105 3707 adhibens
1138 3638 1225 3707 ad
1276 3637 1700 3709 Christianos
1731 3639 2210 3727 inquirendos.
2255 3644 2520 3710 Interea
2569 3638 3000 3710 Calvisianus
3035 3661 3076 3708 a

523 3736 714 3816 patre
762 3748 888 3797 suo
937 3726 1214 3797 diabolo
1261 3726 1505 3808 elatuS,
1540 3740 1608 3797 et
1636 3728 1873 3819 impiis
1920 3728 2163 3798 edictis
2192 3729 2690 3819 imperatorum
2731 3726 3066 3809 confisuS,

521 3834 939 3906 magnopere
988 3816 1513 3897 intumescebat,
1569 3816 1886 3918 ingentes
1924 3818 2212 3907 spiritus
2259 3829 2324 3887 et
2357 3816 2755 3908 superbiam
2848 3837 2963 3886 rae
2999 3837 3075 3886 se

519 3901 770 3974 ferens.
823 3904 1090 3975 vocatis
1126 3905 1337 3996 igitur
1371 3905 1749 3976 ministms:
1794 3906 2005 3997 Agite,
2046 3906 2295 3994 inquit,
2350 3928 2468 3977 vos
2516 3906 2692 3976 exite
2737 3927 2775 3974 a
2876 3906 3080 3976 urbis

524 3992 783 4083 plateas
831 4006 897 4064 et
944 3994 1279 4063 finitimas
1338 3994 1678 4086 regiones,
1741 4017 1820 4064 ac
1887 3995 1947 4065 si
1992 4016 2195 4083 quem
2248 3995 2649 4065 inveneritis
2714 3994 2834 4084 qui
2883 3994 3080 4065 Chri·-

525 4093 705 4151 stum
758 4083 1189 4164 confiteatur,
1242 4082 1548 4153 vinctum
1601 4082 1688 4152 ad
1740 4104 1848 4153 me
1894 4084 2148 4154 ducite.
2204 4086 2271 4155 Si
2319 4084 2503 4154 enim
2569 4083 2698 4154 hoc
2744 4083 3070 4167 feceritiS,

522 4170 716 4240 vobis
762 4193 1038 4243 annona
1086 4184 1151 4242 et
1198 4171 1418 4241 victus
1466 4171 1743 4263 publice
1791 4173 2370 4264 suppeditabitur.
2414 4172 2508 4243 Ad
2558 4172 2729 4243 haec
2777 4173 3082 4245 honores

524 4257 779 4329 multos
812 4282 851 4329 a
886 4282 994 4331 me
1028 4260 1445 4352 percipietis.

613 4347 649 4432 ἓ
695 4349 788 4417 8.
842 4353 1010 4419 Cum
1061 4349 1229 4419 haec
1277 4349 1394 4419 ille
1443 4349 1719 4430 diceret,
1776 4371 1963 4420 unus
2014 4371 2093 4419 ex
2132 4371 2370 4421 eorum
2414 4370 2726 4431 numer0,
2773 4350 2895 4437 qui
2928 4349 3075 4422 illic

524 4435 832 4505 stabant:
887 4442 1021 4519 Est,
1054 4437 1301 4524 inquit,
1343 4438 1412 4507 in
1465 4438 1594 4509 hac
1641 4439 1814 4509 urbe
1850 4439 2056 4509 homo
2090 4438 2400 4527 quidam,
2433 4439 2723 4530 Euplius
2760 4439 3066 4522 nomine,
