3308 5004
632 297 769 366 480
1224 309 1308 362 un
1354 312 1413 361 s.
1467 309 1995 368 scammum.
2039 305 2434 372 ,cunavm.
2780 287 2975 360 ΑΗΘ.
3023 287 3103 360 20

550 395 725 466 urbe
771 393 1033 465 factum
1077 392 1460 464 abluerent.
1512 392 1738 482 Abbas
1771 413 1935 483 ergo
1982 411 2144 462 cum
2191 387 2563 482 praedictis
2597 386 2788 471 viris,
2845 409 3027 476 quos
3071 409 3110 459 a

553 483 838 555 domino
887 488 1071 573 Papa
1117 481 1418 571 collegas
1471 493 1856 572 acceperat,
1911 477 2183 550 addidit
2229 477 2573 550 consortio
2635 491 2702 547 et
2751 477 3111 548 communi

553 571 845 643 consilio
894 572 1120 642 virum
1172 569 1630 642 venerabilem
1667 568 2090 641 Gaufredum
2125 571 2612 640 Carnotensem
2663 565 3109 657 Episcopum,

555 659 762 750 cujus
794 659 1261 731 innocentiam
1304 671 1375 731 et
1408 659 1873 730 sinceritatem
1927 658 1996 727 in
2052 656 2290 728 multis
2317 656 2744 749 probaverat.
2776 658 2856 724 Et
2889 655 3115 728 visum

557 763 661 821 est
707 749 1189 820 Cardinalibus
1232 748 1523 830 bonum,
1577 760 1652 819 ut
1701 760 1888 819 tanto
1937 745 2254 835 adjutore
2303 745 2652 837 negotium
2706 743 2877 814 tanti
2948 766 3120 836 pon-

556 838 745 909 deris
783 837 1167 909 fulciretur.
1205 842 1630 908 Transcenso
1665 836 1896 926 itaque
1928 835 2362 928 Appennino,
2402 833 2524 905 ubi
2574 832 2951 934 audierunt
2983 838 3122 904 Me·

557 926 1038 1010 diolanenseS,
1089 926 1417 997 Abbatem
1489 925 1958 998 desideratum
2025 925 2180 995 ‚suis
2257 923 2521 994 finibus
2591 943 3118 1013 propinquare,

528 1014 761 1107 ,longe
820 1039 865 1087 a
907 1016 1180 1086 civitate
1216 1014 1665 1087 'milliaribus
1729 1027 1988 1104 septem
2069 1013 2300 1086 omnis
2367 1013 2430 1083 ei
2489 1011 2794 1103 populus
2840 1010 3117 1084 obviat:

560 1103 854 1187 nobiles,
925 1104 1291 1196 ignobileS,
1334 1106 1623 1193 equites,
1678 1102 1965 1205 pediteS,
2029 1102 2433 1184 mediocres,
2486 1122 2852 1192 paupereS,
2917 1099 3124 1188 quasi

558 1195 644 1264 de
691 1194 963 1265 civitate
1004 1193 1408 1285 migrarent,
1464 1215 1781 1284 proprios
1832 1192 2009 1266 lares
2034 1191 2387 1271 deserunt,
2423 1202 2490 1261 et
2518 1189 2865 1260 distinctis
2899 1188 3122 1281 agmi-

560 1284 796 1364 nibus,
821 1282 1215 1353 incredibili
1249 1283 1619 1353 reverentia
1650 1281 2103 1373 suscipiunt*.
2130 1285 2386 1352 Omnes
2413 1279 2668 1372 pariter
2692 1278 3126 1374 delectantur

559 1372 687 1443 ads
740 1384 936 1442 ectu:
990 1371 1225 1442 felices
1274 1393 1348 1443 se
1388 1371 1726 1459 judicant.
1784 1371 1907 1472 qui
1954 1371 2106 1464 ejus
2156 1382 2435 1461 possent
2484 1367 2624 1438 frui
2679 1367 2951 1440 auditu.
2992 1372 3128 1438 Deo

562 1485 685 1531 scu
717 1461 1017 1531 abantur
1062 1461 1274 1553 pedes
1322 1460 1475 1549 ejus
1527 1461 1859 1531 universi:
1912 1472 1977 1529 et
2024 1457 2183 1529 licet
2225 1457 2394 1528 haec
2443 1457 2560 1529 ille
2619 1456 2902 1527 moleste
2939 1455 3128 1527 acci-

563 1562 775 1652 peret,
835 1549 1028 1620 nulla
1077 1562 1342 1641 poterat
1376 1572 1629 1640 pronos
1675 1561 1742 1619 et
1787 1548 2064 1618 devotos
2113 1548 2374 1618 ratione
2420 1568 2881 1637 compescere,
2929 1545 3129 1615 nulla

562 1638 1048 1710 interdictione
1087 1638 1439 1730 repellere.
1493 1637 1916 1709 vellicabant
1953 1637 2160 1707 etiam
2199 1637 2401 1727 pilos,
2438 1656 2615 1723 quos
2665 1646 3001 1727 poterant,
3041 1632 3132 1735 de

563 1726 996 1799 indumentis
1025 1727 1198 1817 ejus,
1233 1741 1299 1798 et
1329 1727 1416 1797 ad
1470 1727 1866 1798 morborum
1920 1725 2226 1796 remedia
2271 1725 2358 1796 de
2406 1746 2797 1816 pannorum
2849 1722 3131 1793 laciniis

564 1815 833 1906 aliquid
882 1815 1370 1887 detrahebant:
1415 1817 1651 1887 omnia
1701 1829 1961 1895 sancta,
2017 1836 2194 1903 quae
2241 1813 2358 1884 ille
2407 1812 2763 1904 tetigisset,
2793 1810 3132 1913 judican-

564 1919 688 1988 tes,
744 1918 915 1976 etse
962 1927 1200 1976 eorum
1257 1918 1443 1976 tactu
1499 1905 1600 1975 vel
1653 1928 1788 1974 usu
1854 1903 2297 1976 sanctificari.
2357 1902 2845 1972 Praecedentes
2894 1913 3133 1988 ltaque

564 2006 631 2064 et
680 1994 1202 2081 subsequenteS,
1265 1993 1703 2065 laetabundis
1752 1992 2370 2064 acclamationibus
2415 1990 2936 2082 applaudebant
2995 1990 3134 2060 Ab-

565 2083 732 2164 bati,
786 2095 852 2151 et
917 2082 1040 2152 diu
1089 2083 1266 2154 inter
1313 2083 1674 2174 agminum
1739 2083 2201 2173 spissamenta
2250 2080 2629 2163 detentum,
2684 2079 2965 2150 tandem
3018 2101 3133 2151 so·

564 2171 781 2240 lemni
829 2171 1187 2240 reddidere
1235 2171 1558 2261 hospitio.
1606 2177 1685 2241 Et
1731 2194 1890 2242 cum
1941 2183 2306 2242 tractatum
2377 2183 2556 2240 esset
2604 2170 2671 2239 in
2719 2167 3005 2260 publico
3047 2168 3133 2238 de

568 2283 653 2331 ne
704 2260 864 2340 otio,
920 2273 1196 2351 propter
1240 2260 1423 2350 quod
1479 2274 1616 2331 tam
1650 2261 1754 2329 vir
1802 2261 1942 2343 Dei,
1997 2283 2205 2349 quam
2245 2258 2640 2329 cardinales
2674 2258 3126 2340 advenerant,

564 2283 777 2420 obffita
826 2348 1251 2422 fortitudinis
1299 2371 1468 2420 suae
1516 2349 1781 2430 civitas,
1821 2349 2012 2420 omni
2061 2348 2325 2419 feritate
2360 2347 2694 2438 deposita,
2743 2369 2814 2416 se
2850 2346 2948 2417 ita
2999 2348 3134 2420 Ab·

568 2439 712 2510 bati
748 2438 1140 2521 substravit,
1193 2452 1272 2510 ut
1330 2439 1762 2510 obedientiae
1809 2460 2048 2509 eorum
2103 2460 2239 2509 non
2294 2437 2676 2528 incongrue
2733 2434 2851 2507 ille
2903 2446 3138 2529 posset

566 2529 789 2621 aptari
814 2531 1052 2619 poetae
1079 2529 1488 2600 versiculus:
1514 2528 1717 2599 Jussa
1758 2529 1979 2616 sequi.
2013 2540 2151 2598 tam
2189 2526 2360 2597 velle
2400 2526 2597 2608 mihi,
2651 2548 2864 2615 quam
2898 2547 3130 2618 posse,

570 2640 848 2689 necesse
886 2631 1011 2687 est.

655 2711 691 2795 ξ
738 2710 836 2778 9.
869 2706 1134 2777 Pacatis
1160 2706 1492 2776 omnibus
1526 2704 1965 2775 reconciliata
1998 2703 2326 2787 Ecclesia,
2357 2702 2870 2777 formatisinter
2897 2702 3140 2795 plebes

565 2795 977 2867 concordiae
1005 2795 1466 2885 pactionibuS,
1510 2794 1646 2864 alia
1688 2805 2066 2884 coeperunt
2090 2793 2282 2863 nasci
2319 2815 2404 2863 ne
2454 2793 2615 2873 otia,
2656 2805 2721 2862 et
2754 2792 3144 2863 insanienti

567 2884 870 2967 diabolo,
916 2897 982 2954 et
1030 2885 1098 2952 in
1150 2883 1572 2971 quibusdam
1609 2883 1914 2954 obsessis
1961 2882 2374 2971 corporibus
2461 2881 2867 2952 ebacchanti
2913 2902 3142 2972 oppo-

569 2975 779 3045 situm
830 2985 933 3043 est
981 2972 1304 3043 vexillum
1365 2970 1651 3053 Christi,
1713 2984 1778 3041 et
1826 2971 2224 3061 increpante
2293 2971 2438 3040 viro
2488 2971 2604 3040 Dei
2660 2970 2747 3040 de
2796 2970 3143 3062 possessis

567 3062 764 3132 atriis
811 3061 1337 3151 superveniente
1398 3061 1840 3131 eminentiori
1914 3061 2211 3141 virtute,
2269 3060 2503 3129 territa
2559 3071 2624 3129 et
2674 3058 3144 3130 tremebunda

574 3149 913 3241 diffugere
947 3149 1336 3220 daemonia.
1392 3149 1715 3220 Inaudita
1748 3162 1851 3220 est
1897 3148 2153 3221 nostris
2201 3147 2633 3239 temporibus
2667 3160 2857 3218 tanta
2894 3148 3146 3240 populi

573 3238 771 3320 fides,
826 3251 1017 3308 tanta
1050 3239 1121 3307 in
1156 3238 1439 3309 homine
1486 3239 1745 3308 virtus:
1781 3239 1959 3308 inter
2004 3260 2180 3326 quos
2213 3235 2536 3329 religiosa
2581 3249 2726 3307 erat
2759 3238 3138 3323 contentio,

573 3349 734 3397 cum
787 3327 1143 3417 signorum
1262 3327 1505 3397 loriam
1557 3327 1782 3398 Abbas
1839 3326 2232 3398 credulitati
2281 3348 2520 3397 eorum
2551 3380 2567 3409 ,
2620 3325 2725 3395 illi
2770 3348 2928 3397 vero
2977 3349 3150 3397 san-

532 3416 791 3486 -ctitati
838 3416 1119 3486 Abbatis
1156 3439 1196 3485 a
1251 3416 1651 3496 scriberent,
1705 3429 1770 3486 et
1815 3416 1945 3487 hoc
1993 3415 2078 3487 de
2123 3438 2201 3487 eo
2249 3415 2724 3495 indubitanter
2773 3416 3141 3498 sentirent,

560 3517 651 3575 .ut
696 3504 1031 3592 quicquid
1073 3527 1113 3574 a
1140 3504 1430 3575 Domino
1468 3518 1742 3595 peteret,
1796 3506 2218 3596 impetraret.
2250 3504 2619 3575 Adducunt
2668 3527 2831 3596 ergo
2858 3503 2944 3575 ad
2973 3526 3150 3575 eum

572 3593 752 3664 nihil
804 3593 1223 3665 haesitantes
1274 3593 1632 3664 mulierem
1684 3594 2015 3666 omnibus
2064 3607 2323 3677 notam,
2362 3608 2574 3683 quam
2631 3608 2893 3685 septem
2929 3595 3150 3665 annis

572 3682 992 3754 immundus
1023 3694 1378 3753 vexaverat
1425 3683 1753 3774 spiritus:
1808 3697 1875 3754 et
1909 3684 2261 3773 postulant
2310 3706 2395 3754 su
2451 3683 2703 3774 plices,
2772 3696 2851 3754 ut
2897 3682 2970 3753 in
3023 3705 3150 3754 no-

524 3840 531 3843 .
574 3772 767 3843 mine
815 3770 1087 3843 Domini
1137 3771 1460 3842 daemoni
1510 3771 1801 3864 imperet
1839 3772 2105 3865 fugam,
2157 3786 2224 3844 et
2264 3795 2383 3842 mu
2417 3772 2539 3842 ieri
2574 3772 2889 3844 restituat
2915 3773 3154 3864 sospi-

577 3873 812 3932 tatem.
867 3866 1056 3945 Quae
1096 3861 1337 3952 populi
1388 3859 1561 3934 fides
1622 3884 1758 3934 non
1817 3861 2181 3933 minimam
2232 3861 2746 3933 ·verecundiam
2815 3862 2965 3933 viro
3027 3862 3153 3932 Dei

572 3951 952 4042 ingerebat,
1004 3962 1072 4021 et
1118 3950 1512 4021 humilitate
1580 3951 1909 4043 magistra
1956 3950 2283 4023 conscius
2329 3950 2509 4034 sibi,
2563 3950 2974 4022 inconsueta
3033 3974 3153 4022 ex-

577 4039 788 4129 periri
837 4061 973 4109 non
1012 4039 1523 4130 praesumebat:
1557 4052 1623 4111 et
1654 4040 1954 4112 instante
1996 4039 2323 4132 petitione
2363 4037 2625 4132 populi,
2663 4039 3145 4125 erubescebat,

507 4159 518 4169 ·
577 4127 639 4197 si
685 4127 1005 4200 charitati
1053 4129 1557 4220 postulantium
1606 4130 2025 4201 obstinatius
2077 4129 2462 4200 resisteret:
2515 4142 2581 4199 et
2640 4128 3008 4200 videbatur
3055 4130 3145 4214 ei,

577 4216 762 4303 quod
785 4217 1159 4289 offenderet
1181 4224 1423 4302 Deum,
1446 4230 1514 4290 et
1540 4218 2118 4311 omnipotentiam
2141 4219 2294 4311 ejus
2315 4216 2703 4290 diffidentia
2730 4217 3152 4291 obnubilare

630 4378 658 4436 ξ
687 4377 786 4437 ¹³⁰⁶.
815 4377 848 4438 5·
864 4380 913 4419 et
942 4389 1074 4431 seqq.
1102 4379 1394 4424 effusissima
1418 4380 1846 4425 mediolanensium
1866 4384 1918 4426 tn
1938 4385 1984 4427 S.
2004 4384 2230 4426 Abbatem
2248 4383 2544 4424 reverentiae
2563 4380 2700 4434 signs
2716 4379 3076 4429 describuntur.
3098 4391 3152 4425 ao

580 4431 818 4472 mix-chuta
837 4433 940 4475 ulto
958 4444 1044 4484 per
1061 4444 1175 4477 eum
1192 4438 1383 4487 nnn-:tn
1398 4440 1726 4480 mouentur.
