3308 5004
719 362 850 427 500
1309 377 1388 424 ns
1435 377 1491 424 s.
1546 375 1880 424 unanimo
1926 376 2071 424 Ana.
2125 374 2511 426 cunum.
2861 357 3048 426 AUG.
3103 359 3195 426 20

631 463 987 554 lacrymis,
1045 462 1345 532 miscens
1391 461 1834 532 sermonibus
1880 461 2127 533 avulsa
2171 484 2213 531 a
2259 460 2466 532 corde
2506 459 2835 551 suspiria,
2872 460 3197 533 hortatur

627 566 696 623 et
742 553 1161 634 consolatur,
1214 564 1281 620 et
1326 571 1398 620 se
1443 551 1624 622 inter
1668 571 1787 620 eos
1832 548 2115 620 fratrem
2175 564 2244 620 et
2280 549 2573 632 socium,
2620 571 2757 620 non
2795 549 3194 637 dominum,

623 642 927 723 exhibet,
981 640 1080 710 vel
1133 639 1574 731 magistrum.
1627 643 1936 728 Cumque
1981 661 2141 710 eum
2178 638 2276 709 ibi
2310 639 2563 710 morari
2598 639 2865 709 diutius
2896 661 3034 709 non
3071 661 3198 731 pa-

622 744 889 801 teretur
936 751 1191 821 magna
1235 749 1397 799 eum
1449 747 1876 820 prosequens
1923 728 2407 800 comitantium
2464 727 2863 809 multitudo,
2931 727 3200 800 saluta·-

627 820 718 890 tis
765 819 1139 922 fratribuS,
1194 819 1323 888 iter
1367 818 1441 887 in
1491 817 1765 888 Italiam
1812 816 2126 910 dirigens
2156 872 2172 900 ,
2231 817 2589 900 abscessit,
2656 831 2722 888 et
2779 817 2871 887 ad
2939 818 3194 889 Urbem

683 922 968 979 ervenit.

635 930 681 1000 p
717 1001 754 1088 §
800 1004 953 1072 4⁴1.
1009 996 1299 1088 Scripsit
1321 996 1409 1065 ad
1442 996 1766 1066 eumdem
1800 1000 1892 1067 Pa
1945 1016 2057 1065 am
2096 996 2203 1065 vir
2234 1007 2518 1066 sanctus
2558 994 2818 1065 multae
2845 994 3200 1067 subtilita-

627 1087 718 1158 tis
750 1087 1034 1168 librum,
1069 1087 1141 1155 in
1182 1107 1322 1173 quo
1360 1085 1768 1156 acutissima
1799 1085 1870 1156 in
1924 1085 2242 1176 agatione
2269 1097 2407 1155 tam
2434 1106 2718 1172 eaquae
2765 1085 2953 1154 circa
3001 1107 3192 1169 eum,

627 1196 840 1264 quam
891 1174 1072 1245 infra
1120 1186 1308 1256 sunt,
1363 1195 1813 1333 proseqiuenS,
1866 1175 2076 1244 etiam
2124 1173 2391 1256 adea,
2451 1195 2632 1262 quae
2674 1195 2900 1265 supra
2957 1174 3198 1270 ipsum

628 1278 817 1345 sunt,
871 1264 1279 1346 ascendens,
1334 1276 1523 1333 tanta
1618 1286 1656 1333 e
1706 1276 1952 1334 natura
1996 1263 2239 1333 divina
2271 1264 2625 1345 disseruit,
2661 1275 2739 1332 ut
2771 1262 3090 1334 videatur
3121 1264 3193 1333 in

629 1354 828 1423 tertio
875 1353 1065 1423 coelo
1112 1365 1543 1444 assumptus,
1596 1353 1879 1425 audisse
1925 1351 2267 1441 quaedam
2320 1353 2552 1435 verba,
2612 1373 2792 1439 quae
2842 1373 2980 1422 non
3034 1352 3195 1423 licet

630 1443 900 1512 homini
935 1443 1151 1530 loqui,
1186 1455 1252 1512 et
1287 1448 1538 1532 Regem
1575 1442 1644 1511 in
1680 1442 1926 1512 decore
1958 1464 2086 1512 suo
2127 1440 2407 1512 vidisse.
2454 1447 2532 1511 In
2573 1440 2707 1521 his,
2739 1463 2949 1530 quam
2982 1441 3190 1523 infra,

629 1544 696 1601 et
742 1553 920 1619 quae
964 1533 1150 1602 circa
1197 1532 1428 1622 ipsum
1482 1542 1683 1613 sunt,
1740 1553 2012 1602 morum
2063 1531 2376 1612 societas,
2438 1542 2730 1601 naturae
2784 1530 3190 1617 aequalitaS,

629 1619 1018 1691 officiorum
1065 1621 1417 1702 distantia,
1473 1620 1936 1691 consideratio
1986 1621 2437 1702 meritorum,
2490 1619 2899 1710 dijudicatio
2955 1642 3198 1710 prove-

629 1722 869 1780 ctuum
919 1710 1377 1781 subtilissime
1424 1709 1904 1800 distinguitur,
1942 1721 2007 1778 et
2040 1709 2343 1800 singulis
2375 1710 2445 1778 in
2483 1731 2611 1779 suo
2640 1729 2891 1800 genere
2930 1709 3042 1778 sui
3080 1731 3197 1780 co-

630 1798 851 1888 gnitio
898 1799 1284 1869 intimatur.
1339 1803 1415 1867 ln
1469 1799 1578 1870 his
1621 1820 1803 1886 quae
1853 1819 2066 1888 supra
2122 1798 2477 1868 hominem
2542 1810 2728 1879 sunt,
2794 1797 3199 1888 speculatur

631 1886 975 1968 coelestia,
1029 1909 1167 1956 non
1215 1909 1295 1956 eo
1341 1887 1572 1968 modo,
1626 1909 1764 1975 quo
1812 1886 2075 1979 Angeli,
2139 1887 2261 1975 qui
2295 1909 2571 1977 semper
2607 1887 2986 1956 adhaerent
3037 1892 3192 1969 Deo,

634 1975 1114 2046 considerant:
1168 1976 1286 2047 sed
1334 1996 1416 2045 eo
1463 1976 1691 2058 modc,
1736 1997 1873 2064 quo
1909 1988 2126 2065 potest
2160 1977 2366 2058 homo
2402 1977 2558 2065 puri
2588 1976 2805 2046 animi
2844 1989 2911 2045 et
2943 1978 3199 2047 mentis

634 2065 946 2134 sincerae
991 2065 1228 2135 divina
1275 2065 1698 2156 contingere,
1750 2079 1816 2135 et
1853 2065 2272 2135 conformari
2306 2065 2750 2134 Hierarchiae
2778 2063 3058 2135 coelesti
3090 2087 3199 2135 sa-

632 2152 1016 2224 cerdotium
1066 2153 1468 2245 temporale.
1524 2159 1692 2223 Cum
1742 2155 1930 2223 enim
1980 2156 2051 2224 in
2103 2154 2379 2223 coelesti
2429 2154 2676 2223 militia
2715 2164 2984 2224 constet
3022 2154 3199 2225 alios

632 2242 791 2312 aliis
841 2243 1245 2333 principari,
1298 2255 1364 2312 et
1413 2242 1903 2313 ministeriales
1952 2243 2241 2333 spiritus
2291 2243 2377 2312 ad
2443 2254 2690 2313 nutum
2747 2244 3196 2333 superiorum

631 2343 1048 2421 potestatum
1096 2331 1506 2402 addiversa
1550 2331 1779 2402 officia
1826 2331 2171 2424 delegari:
2214 2332 2500 2420 quidam
2535 2332 2834 2401 vicinius
2862 2332 3198 2403 assisten-

632 2434 755 2502 teS,
809 2421 898 2491 ab
947 2421 1098 2513 ipso
1146 2421 1525 2512 accipiunt,
1578 2442 1757 2509 quae
1804 2420 1961 2491 aliis
2008 2420 2109 2491 vel
2145 2421 2417 2512 agenda
2457 2420 2557 2490 vel
2593 2420 3045 2512 intelligenda
3088 2421 3194 2491 in-

631 2512 938 2581 sinuent.
1004 2516 1313 2598 Cumque
1369 2511 1597 2602 exigat
1654 2511 1861 2581 homo
1934 2512 2450 2601 praepositurae
2514 2532 2681 2580 suae
2741 2511 3192 2581 reverentiam

631 2600 968 2678 exhiberi,
1023 2599 1110 2668 ad
1160 2600 1491 2669 honorem
1543 2621 1861 2670 summae
1908 2600 2261 2691 potestatis
2309 2611 2560 2670 cuncta
2605 2598 2845 2668 referri
2914 2618 3197 2672 necesse

629 2702 771 2759 est:
824 2689 988 2777 quia
1036 2710 1198 2759 cum
1249 2689 1338 2759 sit
1383 2688 1713 2759 subditus
1761 2690 2031 2759 homini
2085 2689 2337 2771 homo,'
2385 2688 2484 2758 vel
2540 2689 2819 2779 spiritui
2876 2690 3192 2779 spiritus,

629 2778 842 2847 subdi
890 2779 1190 2846 maxime
1237 2800 1277 2847 o
1329 2788 1504 2847 ortet
1552 2784 1708 2859 Dec,
1749 2778 1834 2847 de
1863 2780 2067 2867 quus
2103 2799 2389 2847 munere
2427 2778 2633 2847 datur
2668 2778 2797 2847 ista
2828 2778 3189 2867 praelatio,

629 2880 697 2936 et
742 2888 881 2955 quo
929 2866 1220 2937 docente
1297 2867 1367 2948 ‘t,
1422 2879 1501 2936 ut
1548 2879 1775 2956 pateat
1816 2866 2083 2936 homini
2127 2878 2268 2936 tam
2313 2867 2617 2956 cognitio
2648 2867 2786 2945 sui,
2825 2888 3035 2954 quam
3073 2888 3199 2956 per

631 2955 842 3025 fidem
892 2968 959 3024 et
1005 2978 1201 3045 spem
1236 2955 1321 3024 ad
1358 2954 1666 3025 divinam
1697 2956 2350 3045 contemplationem
2391 2978 2514 3046 pro
2555 2955 2761 3025 modo
2790 2955 2945 3024 data
2980 2968 3048 3023 et
3080 2957 3194 3024 in-

632 3044 829 3113 dulta
876 3044 1203 3115 accessio.
1257 3043 1565 3115 Dictabat
1615 3043 1721 3113 vir
1767 3044 1884 3114 Dei
1931 3057 1999 3114 et
2045 3064 2550 3131 nonnunquam
2602 3042 2942 3115 scribebat
2972 3044 3044 3112 in
3086 3057 3197 3114 ta.-

633 3132 821 3203 bulis
868 3134 1107 3214 cereis,
1153 3154 1290 3203 non
1325 3132 1715 3223 patiebatur
1755 3133 2348 3224 perireinspirata
2386 3134 2519 3203 sibi
2567 3134 2937 3205 divinitus:
2992 3133 3197 3203 seda-

641 3222 755 3290 bat
802 3221 957 3292 lites
1003 3221 1494 3300 Ecclesiarum,
1545 3234 1612 3293 et
1660 3222 2158 3312 appellationes
2191 3223 2653 3312 importunas,
2692 3245 2870 3311 quas
2908 3224 3087 3293 inter
3124 3245 3199 3293 se

634 3310 871 3387 clerici
917 3311 1274 3380 discordes
1319 3310 1783 3393 concitabant,
1836 3310 2095 3382 blando
2143 3312 2525 3401 spiramine
2561 3334 2713 3382 com
2771 3312 3045 3382 cnebat.
3095 3317 3198 3381 In·

639 3398 911 3469 terdum
958 3400 1164 3469 etiam
1215 3398 1464 3469 durius
1511 3399 1915 3490 increpante
1961 3424 2063 3482 ec,
2119 3400 2388 3470 redibat
2435 3403 2709 3489 tranqui
2748 3402 2921 3482 litas,
2973 3413 3041 3471 et
3078 3401 3202 3470 de-

635 3488 1184 3559 tumescentibus
1234 3487 1577 3578 procellis,
1628 3490 1752 3576 qui
1800 3490 2110 3561 seditiosi
2160 3501 2318 3559 ante
2364 3511 2523 3559 eum
2571 3502 2914 3570 venerant,
2957 3503 3026 3560 et
3057 3490 3201 3561 bile

635 3576 888 3646 diffusa
927 3576 1382 3647 scaturientes
1421 3576 2069 3661 declamationibuS,
2115 3579 2387 3669 pacifici
2423 3582 2954 3651 revertebantur.

724 3668 761 3753 ἓ
808 3671 960 3739 45.
1014 3665 1337 3736 Adhaesit
1381 3666 1443 3735 ei
1495 3689 1658 3757 prae
1705 3668 2035 3739 omnibus
2082 3690 2314 3739 comes
2362 3668 2822 3749 Theobaldus,
2893 3679 2962 3737 et
3023 3668 3200 3739 dile·

634 3757 930 3826 ctionem
965 3755 1321 3826 beneficiis
1356 3769 1787 3846 prosecutuS,
1827 3769 1893 3828 et
1926 3781 1998 3830 se
2032 3769 2099 3828 et
2134 3780 2262 3828 sua
2293 3758 2366 3827 in
2409 3758 2725 3828 subsidia
2762 3758 3200 3830 claraevallis

634 3845 978 3936 exposuit,
1031 3858 1099 3914 et
1145 3845 1215 3913 in
1272 3845 1595 3916 manibus
1640 3846 1922 3916 Abbatis
1979 3847 2209 3937 posuit
2260 3847 2566 3916 animam
2614 3871 2843 3928 suam,
2886 3847 3204 3939 deposita

638 3934 1007 4005 altitudine
1056 3933 1452 4025 principali,
1489 3957 1563 4004 se
1593 3935 1772 4004 inter
1804 3957 2037 4005 servos
2070 3937 2183 4004 Dei
2214 3957 2625 4006 conservum
2661 3937 3020 4019 exhibens,
3064 3959 3201 4008 non

637 4024 1029 4104 dominum,
1065 4024 1157 4093 ita
1188 4034 1265 4094 ut
1295 4023 1602 4093 obediret
1634 4022 1721 4093 ad
1751 4024 2008 4103 omnia,
2051 4046 2533 4112 quaecumque
2566 4026 2817 4097 domus
2850 4026 3048 4099 illius
3094 4028 3203 4096 in·

636 4112 786 4182 fimi
836 4113 1313 4202 imperassent.
1369 4113 1652 4182 Emebat
1682 4134 1861 4203 ergo
1907 4112 2193 4195 fundos,
2238 4116 2680 4185 construebat
2741 4115 3013 4195 domos,
3082 4116 3202 4186 ab·

591 4287 596 4293 ,
634 4202 846 4270 batiis
895 4201 1092 4270 novis
1141 4201 1513 4291 praebebat
1560 4203 1938 4288 impensas,
1993 4214 2058 4272 et
2105 4201 2533 4291 ubicumque
2580 4205 2758 4273 servi
2809 4205 2928 4273 Dei
2967 4219 3202 4275 exten-

638 4289 903 4359 dissent
936 4291 1381 4381 propagines,
1418 4290 1781 4382 delegabat
1816 4293 2185 4385 pecunias:
2222 4314 2358 4362 non
2402 4314 2617 4362 unam
2663 4293 2978 4376 domum,
3025 4294 3200 4365 sicut

642 4377 961 4447 Salomon
1011 4378 1458 4468 lerosolymis
1505 4393 1855 4455 statuens:
1912 4380 2029 4452 sed
2080 4380 2509 4469 ubicumque
2562 4382 2778 4472 hujus
2825 4382 3200 4454 schematis

637 4466 1113 4537 consedissent
1160 4489 1514 4559 personae,
1569 4469 1922 4561 satagebat
1968 4470 2068 4540 eis
2112 4470 2509 4542 ministrare
2539 4472 2951 4555 necessaria,
2999 4473 3196 4562 quasi
