3308 5004
144 419 152 426 ,
229 332 420 401 mu.
472 333 563 400 20
940 349 1022 403 nt
1066 349 1124 399 s.
1175 347 1510 410 ananum
1555 349 1703 398 m.
1753 345 2140 400 cunnum.
2565 332 2700 400 871

221 445 291 500 et
329 438 406 500 ad
446 438 731 517 quietum
773 434 1306 515 tranquillumque
1350 441 1602 514 portum
1643 436 1884 498 directo
1923 451 2112 500 cursu
2153 434 2408 500 materia
2461 433 2645 514 digne
2685 451 2793 499 or-

228 517 562 595 dinateque
602 516 889 594 disposita
943 515 1200 594 appulit.
1264 513 1378 577 Ubi
1445 530 1595 577 vero
1656 514 2005 579 sublimitas
2053 516 2287 594 negotii
2348 514 2464 579 sub
2505 514 2794 595 imperito

222 597 462 659 artifice
505 595 798 674 naufraga
835 594 1094 658 eliditur
1151 593 1459 684 scopulis,
1500 603 1560 657 et
1619 594 2060 658 succumbente
2098 610 2311 658 sensns
2370 594 2793 670 hebetudine,

226 677 576 741 tractatoris
616 675 869 738 lassatur
914 677 1558 754 praesumptio,'sero
1598 673 1676 739 de
1732 676 2113 737 correctione
2177 672 2371 737 initur
2426 672 2788 738 consilium:

270 756 370 819 uia
415 772 573 834 quae
615 758 683 818 in
726 754 954 817 multos
993 754 1181 817 effusa
1223 759 1408 830 sunt,
1455 770 1568 817 nec
1611 753 1887 817 revocari
1940 760 2214 833 possunt,
2260 770 2373 817 nec
2416 754 2688 833 corrigi,
2729 762 2794 817 et

226 775 669 898 {iissenantiam
711 836 916 914 scripti
964 842 1027 897 et
1069 849 1326 914 opernm
1369 834 1695 896 venustius
1741 841 1896 897 esset
1937 832 2170 906 abradi,
2213 850 2400 914 quam
2443 835 2788 896 emendari.

232 916 392 978 Haec
430 930 547 993 ego
602 929 841 978 mecum
904 918 1193 995 reputans
1240 922 1303 975 et
1345 914 1713 988 revolvens,
1755 913 2016 978 omnino
2059 914 2248 975 timeo
2280 961 2296 986 ,
2343 929 2424 975 ne
2465 915 2625 976 sicut
2665 916 2796 994 ipso

232 997 573 1058 multorum
617 994 1074 1075 imprudentiae
1123 991 1286 1056 sol'eo
1352 992 1713 1072 indignari,
1769 995 1879 1073 qui
1922 1008 2061 1055 cum
2101 992 2363 1056 scientia
2401 999 2466 1056 et
2509 993 2796 1057 facundi&

232 1082 483 1138 careant
508 1122 527 1151 ,
569 1075 642 1138 ad
685 1074 1081 1138 scribendum
1135 1072 1537 1152 praecipites,
1579 1088 1724 1136 cum
1766 1090 1832 1135 se
1887 1073 2294 1136 vehementer
2347 1075 2790 1146 emunxerint,

235 1152 499 1218 eliciunt
537 1157 947 1232 sanguinem:
994 1156 1076 1216 ita
1119 1160 1184 1216 et
1223 1168 1359 1229 ego,
1402 1155 1478 1227 si,
1522 1153 1684 1232 quo'd
1729 1168 1912 1233 supra
1957 1168 2058 1215 me
2100 1159 2212 1224 est,
2255 1152 2622 1231 aggrediar,
2664 1167 2795 1216 me-

235 1236 437 1315 ipsum
478 1234 775 1297 derisioni
826 1249 1147 1312 exponam.
1191 1231 1338 1306 Quis
1398 1233 1569 1296 enim
1624 1248 1740 1310 ego
1779 1248 1916 1296 sum
1946 1280 1963 1306 ,
2006 1232 2111 1312 qui
2152 1230 2228 1295 ad
2268 1232 2584 1295 scribenda
2628 1240 2794 1309 gesta

235 1314 609 1377 sanctissimi
656 1315 773 1376 viri
817 1313 1113 1376 Bernardi
1160 1311 1551 1375 claraevallis
1579 1311 1828 1377 Abbatis
1867 1312 2197 1391 adspirem,
2225 1313 2332 1391 qui
2378 1312 2601 1375 nostris
2643 1319 2790 1374 tem·

234 1393 487 1471 poribus
535 1394 835 1472 singulari
902 1393 1205 1469 religione
1267 1391 1477 1455 floruit
1527 1400 1591 1455 et
1647 1391 1967 1464 docti-ind,
2029 1392 2203 1471 cuius
2244 1393 2396 1455 odor
2436 1392 2797 1454 exinanitus

234 1475 590 1537 universam
635 1489 700 1536 re
744 1472 891 1535 levit
940 1471 1270 1535 Ecclesiam
1297 1520 1315 1548 ,
1359 1469 1529 1549 cujus
1570 1474 1790 1549 gratia,
1834 1479 2198 1549 cooperante
2254 1471 2555 1545 Domino,
2598 1472 2796 1548 signis

232 1560 296 1616 et
339 1552 656 1617 miraculis
736 1552 1085 1615 eclaratur?
1125 1551 1289 1628 Quot
1333 1551 1397 1613 in
1440 1553 1884 1614 monasterium
1929 1551 2058 1628 eJ‘us
2100 1551 2370 1613 literatos
2413 1552 2598 1624 vlroS,
2644 1557 2795 1630 quot

233 1634 559 1707 rhetores,
604 1642 751 1712 quot
804 1631 1190 1711 philosophos
1247 1629 1434 1693 seculi
1502 1631 1681 1693 hu‘us
1728 1631 1968 1696 scholae
2010 1632 2316 1693 miserunt
2355 1628 2430 1693 ad
2472 1645 2792 1692 conversa-

234 1716 469 1776 tionem
518 1714 856 1776 theoricam
899 1720 960 1774 et
988 1727 1192 1774 mores
1230 1710 1526 1774 divinos?
1621 1726 1733 1773 uae
1775 1727 1900 1775 non
1944 1710 2026 1774 ibi
2071 1711 2281 1774 floruit
2310 1709 2652 1787 disciplina,
2686 1708 2794 1771 ubi

233 1800 413 1856 erant
452 1797 732 1855 examina
778 1792 1213 1870 magistrorum
1239 1838 1258 1867 ,
1304 1799 1369 1854 et
1408 1791 1650 1869 egregii
1696 1792 1862 1868 viri,
1905 1792 2235 1854 exercitato
2285 1788 2598 1854 intellectu
2640 1788 2790 1852 insi·

235 1888 425 1951 gnos:
469 1874 574 1953 qui
618 1870 968 1935 adinvicem
1022 1869 1258 1934 divinis
1295 1869 1515 1933 studiis
1571 1870 2006 1945 inhaerentes,
2049 1869 2260 1933 multis
2300 1872 2641 1948 gratiarum
2685 1884 2790 1931 au·

234 1953 628 2016 ctoramentis
686 1952 956 2014 invicem
1009 1952 1234 2030 seipsos
1292 1950 1554 2014 edocent
1594 1950 2101 2016 et‘accendunt?
2159 1948 2430 2023 Quorum
2475 1950 2795 2013 unanimis

236 2033 609 2095 universitas
646 2038 848 2094 cantat
888 2034 1196 2095 canticum
1236 2030 1567 2109 graduum,
1610 2035 1673 2092 et
1713 2030 2047 2095 ascendens
2088 2046 2229 2094 cum
2278 2029 2483 2103 Jacob,
2530 2031 2593 2089 in
2620 2045 2792 2091 sum·

240 2117 456 2173 mitate
496 2110 686 2174 scalae
729 2113 794 2172 in
835 2110 1057 2174 decore
1097 2127 1206 2172 suo
1264 2110 1457 2172 Deum
1516 2108 1725 2183 videt,
1769 2109 2045 2174 radiante
2099 2108 2319 2188 corona
2378 2109 2789 2189 perspicuum.

240 2191 586 2254 Debuerant
627 2192 838 2268 utique
880 2191 994 2253 viri
1042 2189 1155 2264 illi,
1199 2190 1425 2269 quibus
1467 2189 1623 2251 nihil
1670 2190 1735 2253 in
1778 2189 1977 2268 aliqua
2021 2190 2212 2268 gratia
2257 2190 2452 2262 deest,
2499 2188 2664 2249 hunc
2711 2187 2795 2249 la-

237 2271 448 2333 borem
490 2286 822 2342 assumere,
865 2276 929 2331 et
970 2286 1184 2332 eorum
1225 2276 1405 2344 esset,
1450 2267 1788 2332 venerabili
1822 2269 1971 2348 patri
2005 2268 2347 2349 inscalpere
2385 2268 2790 2337 monimenta,

238 2356 306 2411 ut
348 2357 501 2412 esset
540 2365 756 2412 eorum
798 2347 998 2412 studio
1038 2348 1416 2412 delectabilis
1458 2351 1680 2428 pagina
1708 2396 1725 2422 ,
1781 2364 1960 2427 quam
2018 2349 2186 2428 quasi
2231 2349 2540 2409 viventem
2588 2347 2792 2408 trade·

239 2437 384 2493 rent
423 2428 745 2508 legendam
808 2428 1121 2508 discipulis
1147 2475 1163 2500 ,
1207 2433 1271 2491 et
1313 2444 1418 2510 per
1496 2445 1525 2488 s
1567 2428 1732 2492 foret
1772 2429 2104 2492 consolatio
2129 2475 2148 2502 ,
2189 2437 2362 2490 secus
2405 2426 2611 2506 positis
2651 2425 2793 2488 reli·

235 2510 396 2590 quiis
435 2510 588 2574 sacri
635 2510 902 2588 corporis
928 2515 1004 2572 ‘et
1043 2510 1361 2572 sermonis.
1486 2508 1524 2571 d
1565 2515 1837 2571 extrema
1878 2508 2206 2579 aemulari,
2233 2516 2297 2571 et
2324 2520 2481 2586 quae
2511 2506 2794 2569 homines

234 2589 488 2663 lateant,
534 2588 924 2653 claraevallis
964 2592 1279 2652 consuevit
1322 2586 1678 2651 humilitas:
1721 2597 1785 2651 et
1826 2590 2098 2668 proferre
2141 2587 2205 2650 in
2250 2585 2563 2666 publicum
2589 2585 2792 2665 aliqua

232 2671 323 2732 sni
372 2669 619 2741 indicia,
664 2669 788 2730 viri
833 2668 918 2731 illi
955 2668 1188 2733 nobiles
1228 2668 1642 2743 erubescunt,
1687 2676 1753 2731 et
1792 2671 2131 2748 quietiores
2173 2682 2281 2729 ees
2320 2667 2462 2730 lacit
2504 2673 2785 2728 contem-

236 2757 375 2825 ptus
412 2758 477 2813 et
516 2748 797 2828 abjectio,
840 2764 1027 2828 quam
1069 2747 1374 2827 quaelihet
1416 2746 1641 2811 oblatio
1683 2746 2045 2825 dignitatis,
2090 2749 2153 2810 in
2193 2762 2307 2827 qua
2351 2745 2465 2808 sibi
2509 2745 2793 2826 professio

236 2828 608 2892 humilitatis
668 2827 999 2906 periclitari
1062 2828 1325 2891 videtur.
1373 2825 1463 2891 Ob
1507 2827 1853 2906 hujusmodi
1917 2844 2123 2891 causas
2162 2843 2291 2889 sese
2338 2829 2499 2888 intra
2561 2823 2789 2887 silentii

232 2909 510 2971 cardines
553 2909 911 2983 retinentes,
955 2906 1153 2986 magis
1196 2908 1258 2970 in
1300 2923 1472 2971 sacco
1528 2909 1764 2982 eremi,
1809 2923 1994 2986 quam
2041 2909 2102 2969 in
2143 2904 2586 2985 sericopalatii
2632 2903 2792 2968 dele·

234 2995 521 3051 ctantur:
572 3003 685 3050 nec
722 2988 848 3067 iam
895 2990 958 3048 in
1001 2988 1180 3067 stylo,
1221 2987 1326 3050 sed
1373 2988 1438 3050 in
1481 2985 1676 3052 Cruce
1718 2987 1977 3065 gloriam
2008 2984 2441 3068 quaerunt.1n
2475 2984 2590 3047 hoc
2617 2999 2793 3061 ergo,

232 3069 392 3130 sicut
433 3075 497 3129 et
542 3067 605 3129 in
648 3069 901 3131 caeteris
940 3067 1279 3147 ejusmodi,
1326 3069 1716 3145 negotiorum
1758 3082 2014 3130 suorum
2055 3069 2319 3129 sarcinas
2359 3064 2492 3127 aliis
2533 3065 2795 3128 libenter

237 3148 585 3225 imponunt.
633 3146 710 3208 Et
749 3163 917 3210 nunc
954 3146 1192 3209 sublato
1235 3144 1600 3209 venerabilis
1643 3149 1977 3210 memoriae
2017 3145 2264 3210 domino
2292 3143 2652 3217 wilhelmo,
2682 3144 2793 3224 qui

234 3227 513 3305 ejusdem
544 3227 662 3288 viri
694 3229 888 3290 sancti
918 3236 982 3290 et
1011 3226 1273 3305 gloriosa
1303 3224 1639 3319 primordia
1671 3224 1930 3289 feliciter
1957 3232 2019 3289 et
2048 3226 2269 3288 devote
2295 3225 2677 3304 conscripsit,
2718 3224 2798 3288 ad

236 3321 440 3369 meam
469 3306 878 3384 exiguitatem
923 3307 1105 3384 hujus
1147 3322 1349 3386 operis
1376 3305 1628 3370 devenit
1659 3307 1890 3386 petitio,
1918 3314 1980 3369 et
2020 3307 2315 3386 imposuit
2342 3303 2496 3367 mihi
2538 3304 2796 3367 dilectae

234 3384 536 3449 Ecclesiae
564 3387 849 3462 charitas,
880 3395 947 3450 ut
972 3400 1228 3466 coquam
1257 3385 1649 3466 pulmentum
1680 3386 1823 3448 filiis
1852 3387 2311 3465 prophetarum.
2355 3382 2426 3446 ln
2452 3401 2576 3463 quo
2604 3385 2653 3447 si
2685 3400 2793 3446 co-

232 3464 573 3545 locyntidas
616 3466 920 3529 miscuero
965 3465 1312 3544 negligens,
1351 3466 1688 3545 superjecta
1713 3512 1736 3541 ,
1779 3473 1846 3527 ut
1886 3465 2152 3539 confido,
2196 3463 2460 3528 tarinula
2499 3464 2795 3527 amaritu-

232 3545 444 3686 dineim
508 3546 762 3686 ‹Bondiet
814 3545 1090 3609 Eliseus:
1154 3551 1219 3609 et
1278 3561 1561 3609 excessus
1623 3546 2051 3625 insipientiae,
2116 3544 2502 3609 obedientiae
2555 3542 2797 3607 bonitas

236 3641 352 3688 con
400 3641 515 3688 ona
563 3627 631 3688 it.

328 3744 524 3810 Lmen
571 3745 660 3810 11.
713 3741 751 3828 ξ
800 3745 874 3812 1.
928 3743 1021 3810 Ea
1069 3751 1468 3831 tempestate
1514 3740 1549 3797 Ῥ
1596 3738 1943 3809 Honorius
2008 3742 2189 3830 Papa
2222 3791 2244 3820 ,
2306 3738 2517 3827 cujus
2562 3737 2796 3807 adhuc

238 3829 555 3900 instituta
606 3830 827 3901 nitent
862 3841 926 3898 et
975 3829 1308 3910 redolent,
1364 3829 1541 3898 viam
1593 3827 1960 3898 universae
1990 3827 2224 3899 earnis
2263 3827 2623 3919 ingressus
2661 3837 2789 3896 est.

238 3922 372 3987 Nec
414 3939 629 4001 mora,
669 3919 737 3988 in
787 3917 1120 3989 electione
1160 3916 1665 3989 dissidentibus
1704 3915 2234 3996 cardinalibuS,
2288 3928 2356 3985 et
2393 3914 2611 3985 divisa
2667 3918 2798 3984 Ee-

235 4004 474 4087 clesiA‚
522 4007 758 4099 plures
809 4027 1098 4076 numero
1134 4017 1203 4076 et
1255 4007 1560 4076 seniores
1606 4004 1924 4087 oonsilio,
1977 4005 2118 4076 vita
2167 4001 2560 4095 probabiles
2593 4056 2611 4084 ,
2663 4002 2796 4072 viri

239 4095 600 4178 virtutum,
653 4095 1066 4188 presbyteri,
1101 4094 1451 4175 diacones,
1486 4093 1836 4185 Episcopi,
1875 4092 2360 4164 Innocentium
2410 4090 2788 4181 elegerunt,

234 4182 447 4270 cujus
493 4186 628 4256 vita
683 4198 749 4257 et
795 4184 980 4254 fama
1025 4196 1093 4255 et
1137 4195 1325 4254 aetas
1369 4195 1445 4253 et¹
1483 4182 1774 4254 scientia
1819 4181 2036 4273 digna
2081 4202 2360 4252 summo
2410 4179 2794 4252 sacerdotio

244 4272 647 4345 habebatur.
717 4278 797 4345 At
858 4295 1014 4345 vero
1079 4294 1240 4365 pars
1304 4271 1564 4354 altera,
1632 4270 1928 4342 infames
1992 4291 2208 4342 ausus
2270 4267 2598 4340 violentie
2651 4290 2791 4340 non

290 4488 317 4516 ¹⁰
346 4491 481 4530 Anno
497 4497 674 4532 uem.
