3308 5004
685 299 812 365 ⁴72
1326 315 1406 362 nn
1452 314 1509 362 s.
1563 313 1869 363 oswALno
1918 313 2189 363 aaaron.
2239 313 2402 362 aasz
2862 296 3046 363 ΑΗΕ.
3095 298 3132 362 5

592 408 887 489 ceperat,
926 396 1114 465 misit
1160 395 1245 464 ad
1288 396 1583 485 majores
1615 408 1782 464 natu
1815 399 2197 476 Scotorum,
2246 395 2424 464 inter
2468 416 2643 482 quos
2675 393 2963 465 exulans
2995 394 3133 486 ipse

594 485 1029 575 baptismatis
1060 498 1489 554 sacramenta
1520 505 1679 553 cum
1726 484 1857 566 his,
1887 483 2005 571 qui
2057 505 2292 553 secum
2327 497 2522 553 erant
2571 484 2935 563 militibus,
2974 505 3132 553 con-

594 584 929 663 sequutus
976 587 1143 656 erat,
1185 587 1421 663 petens
1467 585 1545 642 ut
1582 572 1718 643 sibi
1780 572 2160 643 mitteretur
2201 573 2519 652 AntisteS,
2564 575 2768 663 quus
2824 572 3138 642 doctrina

593 685 675 733 ac
713 662 1092 732 ministerio
1138 684 1330 753 genS,
1393 683 1605 748 quam
1669 662 1966 750 regebat,
2021 659 2396 753 Anglorum
2440 662 2835 732 Dominicae
2869 660 3027 731 fidei
3077 673 3140 731 et

593 753 773 821 dona
809 751 1121 832 disceret,
1164 763 1230 821 et
1277 751 1656 840 susciperet
1687 764 2141 821 sacramenta.
2194 756 2424 838 Neque
2455 751 2810 837 aliquanto
2844 749 3131 833 tardiuS,

593 840 776 927 quod
834 840 1120 929 petebat,
1169 839 1580 929 impetravit.
1637 841 1911 928 Accepit
1959 861 2259 927 namque
2310 838 2702 929 pontificem
2755 838 3135 922 Aidanum,

595 952 909 1001 summae
943 928 1497 1000 mansuetudinis
1529 941 1593 996 et
1627 927 1896 1017 pietatis
1946 949 2025 997 ac
2061 927 2556 998 moderaminis
2591 929 2841 1010 virum,
2882 928 3142 997 haben-

592 1031 866 1106 temque
893 1018 1116 1088 zelum
1163 1017 1300 1096 Dei,
1347 1016 1664 1103 quamvis
1699 1038 1830 1087 non
1866 1016 2064 1106 plene
2097 1017 2481 1087 secundum
2517 1017 2901 1086 scientiam.-
2937 1022 3142 1086 Nam-

594 1129 729 1196 que
774 1107 956 1176 diem
1008 1106 1306 1176 Paschae
1359 1105 1817 1184 Dominicum‚
1861 1128 2046 1174 more
2094 1127 2262 1175 suae
2309 1106 2558 1196 gentis,
2611 1107 2814 1196 cujus
2864 1106 3143 1196 saepius

595 1197 1012 1266 mentionem
1063 1194 1377 1276 fecimuS,
1431 1217 1469 1263 a
1522 1193 2040 1281 quartadecima
2082 1199 2275 1264 Luna
2322 1215 2543 1281 usque
2590 1194 2674 1264 ad
2736 1195 3140 1284 vigesimam

594 1287 958 1355 observare
1026 1283 1310 1354 solebat.
1372 1288 1515 1352 Hoc
1568 1283 1821 1351 etenim
1882 1283 2124 1352 ordine
2180 1283 2735 1371 septentrionalis
2786 1287 3140 1353 Scotorum

596 1374 975 1463 provincia,
1028 1386 1093 1448 et
1140 1371 1371 1441 omnis
1408 1372 1589 1441 natio
1631 1371 1975 1441 Pictorum
2005 1373 2040 1408 ⁴
2075 1372 2192 1441 illo
2222 1373 2452 1442 adhuc
2502 1385 2807 1462 tempore
2840 1372 3141 1442 Paschae

598 1463 1024 1531 Dominicam
1080 1460 1509 1542 celebrabat,
1563 1460 1939 1530 aestimans
1989 1483 2059 1531 se
2110 1461 2188 1528 in
2228 1461 2357 1531 hac
2430 1461 2864 1531 observantia
2925 1473 3146 1531 sancti

597 1572 677 1621 ac
709 1550 911 1620 laude
957 1549 1151 1640 digni
1191 1549 1402 1639 patris
1436 1549 1727 1619 Anatolii
1776 1550 2032 1639 scripta
2066 1566 2463 1636 sequutum.
2495 1549 2686 1632 Quod
2721 1548 3000 1636 quidem
3060 1571 3146 1618 an

597 1661 836 1709 verum
868 1639 978 1719 sit,
1022 1639 1282 1730 peritus
1327 1639 1623 1725 quisque
1665 1637 1966 1707 facilime
2020 1639 2396 1729 cognoscit.
2445 1642 2648 1708 Porro
2697 1649 2933 1739 gentes
2982 1641 3145 1708 Sco-

601 1742 865 1809 torum,
918 1750 1097 1815 quae
1144 1727 1213 1797 in
1279 1727 1704 1797 australibus
1752 1726 2142 1815 Hyberniae
2215 1727 2483 1797 insulae
2542 1727 2854 1817 partibus
2922 1748 3149 1796 mora-

597 1817 872 1898 bantur,
898 1816 1321 1907 jamdudum
1372 1816 1456 1884 ad
1510 1816 2052 1886 admonitionem
2094 1816 2520 1905 Apostolicae
2553 1816 2736 1887 sedis
2782 1814 3143 1897 AntistitiS,

598 1906 860 1977 Pascha
893 1905 1233 1975 canonico
1266 1904 1401 1973 ritu
1447 1907 1813 1974 observare
1858 1905 2275 1974 didicerunt.
2315 1905 2618 1974 venienti
2673 1905 2888 1992 igitur
2933 1903 3020 1974 ad
3068 1926 3139 1974 se

598 2000 647 2066 Ε
703 1995 960 2084 iscopo,
1014 1999 1150 2065 Rex
1201 1992 1428 2063 locum
1482 1993 1667 2064 sedis
1715 1994 1957 2082 Episco
2012 1992 2141 2063 alis
2183 1996 2250 2062 in
2298 1994 2527 2065 insula
2569 1992 3144 2075 Lindisfarnensi,

597 2018 721 2154 αεὶ
772 2084 919 2173 ipse
964 2082 1276 2174 degebat,
1333 2082 1594 2152 tribuit.
1649 2082 1781 2164 Qui
1814 2082 1964 2152 vide
1997 2084 2126 2152 icet
2174 2082 2368 2152 locus
2414 2083 2779 2154 accedente
2825 2105 2905 2152 ac
2965 2104 3150 2152 rece·

599 2173 803 2243 dente
876 2184 1223 2254 reumate,
1277 2170 1386 2240 bis
1449 2171 1757 2258 quotidie
1820 2171 2040 2241 instar
2085 2171 2354 2241 insulae
2403 2173 2616 2240 maris
2662 2169 3154 2241 circumluitur

597 2262 851 2332 undis:
906 2261 1036 2342 bis,
1088 2259 1423 2330 renudato
1476 2259 1691 2341 litore,
1728 2261 2100 2350 contiguus
2131 2273 2348 2330 terrae
2380 2260 2712 2329 redditur.
2749 2265 2962 2347 Atque
2994 2260 3152 2347 ejus

599 2349 1193 2420 admonitionibus
1226 2347 1584 2418 humiliter
1629 2371 1709 2419 ac
1743 2349 2032 2419 libenter
2081 2349 2147 2417 in
2191 2349 2518 2419 omnibus
2558 2347 2985 2429 auscultans,
3023 2354 3152 2419 Ec-

598 2439 877 2511 clesiam
928 2438 1179 2509 Christi
1253 2438 1321 2507 in
1392 2458 1601 2529 regno
1673 2460 1800 2509 suo
1860 2438 2155 2508 multum
2220 2437 2586 2529 diligenter
2654 2436 3019 2508 aedificare
3072 2460 3151 2508 ac

598 2528 889 2599 dilatare
944 2528 1233 2598 curavit.
1293 2527 1416 2597 Ubi
1468 2527 1937 2618 pulcherrimo
1992 2550 2107 2597 sae
2159 2549 2196 2597 e
2244 2528 2637 2618 spectaculo
2696 2526 3019 2617 contigit,
3077 2541 3154 2597 ut

596 2617 1106 2710 evangelizante
1140 2617 1464 2695 antistite,
1517 2617 1639 2703 qui
1687 2616 2060 2707 Anglorum
2113 2549 2424 2718 iinguam
2465 2616 2780 2707 ‘perfecte
2842 2637 2979 2684 non
3031 2637 3155 2685 no-

597 2721 806 2787 verat,
863 2708 1013 2796 ipse
1042 2711 1181 2777 Rex
1219 2706 1367 2775 suis
1406 2705 1708 2775 ducibus
1738 2728 1817 2775 ac
1859 2706 2197 2775 ministris
2230 2720 2567 2807 interpres
2600 2704 2787 2774 verbi
2827 2704 3151 2775 existeret

597 2795 952 2866 coelestis:
1003 2796 1169 2881 quia
1227 2794 1555 2862 nimirum
1605 2809 1741 2863 tam
1816 2792 2020 2883 longo
2065 2793 2251 2862 exilii
2323 2816 2434 2865 sut
2485 2808 2786 2882 tempore
2834 2792 3149 2883 linguam

600 2888 953 2953 Scotorum
998 2884 1144 2969 jam
1198 2881 1396 2971 plene
1458 2881 1816 2951 didicerat.
1871 2882 2129 2951 Exinde
2183 2892 2468 2972 coepere
2536 2881 2769 2973 plures
2834 2903 2956 2983 per
3002 2881 3156 2951 dies

599 2971 756 3040 illos
803 2971 888 3040 de
937 2974 1292 3041 Scotorum
1344 2970 1623 3060 regione
1673 2971 1902 3040 venire
1944 2972 2010 3039 in
2077 2971 2528 3053 Britanniam,
2582 2985 2788 3058 atque
2835 2969 2976 3039 illis
3022 2975 3157 3039 An-

600 3058 873 3149 glorum
910 3058 1305 3149 provinciis,
1349 3058 1419 3127 in
1448 3059 1707 3145 quibus
1744 3060 2050 3149 regnavit
2088 3058 2471 3140 Oswaldus,
2515 3081 2763 3149 magna
2794 3058 3156 3129 devotione

599 3148 886 3217 verbum
939 3147 1094 3216 (idei
1151 3145 1568 3236 praedicare,
1623 3162 1688 3215 et
1740 3148 2183 3218 credentibus
2242 3150 2532 3239 gratiam
2584 3148 2943 3237 Baptismi,
2994 3149 3155 3234 qui-

599 3257 899 3322 cumque
955 3234 1361 3306 sacerdotali
1400 3250 1594 3305 erant
1701 3236 1872 3306 radu
1925 3237 2255 3327 praediti,
2321 3238 2736 3306 ministrare.
2791 3240 3157 3306 Construe·

600 3323 856 3393 bantur
901 3345 1064 3414 ergo
1094 3323 1425 3393 ecclesiae
1475 3346 1595 3413 per
1691 3347 1855 3394 oca:
1900 3325 2340 3395 confluebant
2393 3326 2477 3394 ad
2529 3324 2954 3395 audiendum
3002 3347 3157 3394 ver-

601 3413 766 3483 bum
808 3413 919 3481 Dei
958 3412 1191 3502 populi
1220 3412 1631 3502 gaudentes:
1661 3414 2101 3484 donabantur
2136 3436 2422 3484 munere
2462 3416 2647 3505 regio
2683 3414 3155 3504 possessiones

599 3514 664 3571 et
716 3501 1075 3583 territoria,
1128 3501 1213 3570 ad
1249 3501 1649 3571 instruenda
1702 3503 2162 3573 monasteria:
2210 3503 2702 3573 imbuebantur
2752 3516 3155 3594 praecepto-

599 3590 797 3660 ribus
854 3590 1070 3659 Scotis
1122 3589 1389 3680 parvuli
1442 3590 1817 3682 Anglorum
1885 3615 2021 3661 una
2070 3614 2225 3661 cum
2284 3593 2706 3682 maj0ribus,
2776 3590 3028 3662 studiis
3088 3605 3158 3661 et

600 3678 1073 3749 observatione
1119 3679 1533 3767 disciplinae
1583 3680 1948 3771 regularis.
2002 3686 2166 3751 Nam
2213 3681 2532 3750 monachi
2580 3693 2776 3749 erant
2827 3680 3151 3763 maxime,

598 3767 719 3856 qui
767 3767 853 3836 ad
920 3768 1462 3858 praedicandum
1537 3784 1910 3839 venerant:
1990 3770 2372 3839 monachus
2419 3782 2483 3839 et
2554 3769 2702 3858 ipse
2765 3769 3155 3860 Episcopus

597 3856 927 3936 Aidanus,
983 3870 1216 3947 utpote
1249 3857 1332 3926 de
1391 3857 1642 3938 insula,
1697 3880 1875 3946 quae
1925 3874 2205 3929 vocatur
2251 3862 2378 3947 Hy,
2441 3858 2872 3940 destinatus,
2943 3859 3157 3949 cujus

602 3944 1099 4016 monasterium
1164 3946 1233 4014 in
1282 3948 1551 4016 cunctis
1610 3969 1781 4036 pene
1813 3946 2463 4039 septentrionalium
2498 3951 2849 4018 Scotorum
2891 3959 2958 4016 et
3005 3970 3159 4018 om-

601 4036 796 4104 nium
861 4035 1204 4104 Pictorum
1266 4036 1701 4105 monasteriis
1753 4057 1885 4104 non
1935 4058 2142 4126 parvo
2201 4050 2504 4126 tempore
2559 4058 2784 4105 arcem
2844 4036 3147 4115 tenebat,

605 4123 1061 4211 regendisque
1119 4144 1355 4193 eorum
1417 4124 1695 4216 populis
1759 4139 2108 4213 praeerat:
2160 4146 2338 4212 quae
2414 4124 2725 4194 videlicet
2766 4124 2998 4193 insula
3056 4123 3147 4193 ad

593 4212 713 4301 jus
759 4212 1038 4297 quidem
1091 4213 1481 4283 Britanniae
1532 4213 1845 4304 pertinet,
1885 4235 2018 4283 non
2059 4234 2310 4303 magno
2358 4214 2444 4282 ab
2491 4235 2568 4283 ea
2621 4213 2787 4284 freto
2824 4213 3151 4294 discreta,

604 4298 722 4370 sed
773 4298 1138 4371 donatione
1206 4302 1590 4383 Pictorum,
1653 4302 1777 4389 qui
1833 4303 1988 4372 illas
2036 4303 2428 4372 Britanniae
2489 4302 2725 4394 plagas
2789 4300 3145 4382 incolunt,

656 4424 684 4451 ¹·
715 4423 767 4463 V.
796 4424 913 4471 Sur„
941 4425 1041 4465 Vol.
1065 4434 1133 4473 in.
1162 4436 1209 4476 p.
1242 4426 1306 4467 19.
1637 4418 1647 4430 ‘
1941 4437 1946 4443 ’
