3308 5004
165 353 316 419 AUG.
354 352 392 420 l
1121 372 1201 420 m:
1246 372 1304 421 s.
1356 371 1659 422 noumico
2193 387 2196 388 ⁷
2432 357 2543 422 ⁴6⁴

162 478 292 526 suos
327 459 577 528 Fratres
628 457 1139 528 Praedicatores
1171 509 1187 536 ,
1253 479 1547 545 quorum
1613 457 1887 615 Erimus
1935 455 2280 559 generalis
2337 458 2657 549 Magister

161 542 262 613 fuit
296 557 353 615 et
396 545 763 616 institutor.
802 551 1038 617 Annus
1088 557 1319 615 autem
1370 560 1515 616 erat
1572 550 1614 616 C
1673 546 1821 616 risti
1873 546 2288 617 millesimus
2335 546 2658 618 ducente-

152 632 337 704 simus
378 634 1046 725 vicesimusprimus.
1103 635 1592 736 sarcophagus
1636 635 1792 724 ejus
1841 656 1978 704 non
2050 635 2333 723 quidem
2382 656 2462 706 ex
2517 659 2657 707 ma·

154 720 288 789 teria
333 724 641 813 pretiosa,
680 724 799 794 sed
839 735 1066 793 tamen
1120 723 1233 813 pia
1264 724 1623 793 devotione
1653 739 1719 794 et
1765 723 1996 794 solerti
2047 724 2278 794 studio
2309 723 2662 796 confectus

152 821 230 879 est
267 815 329 879 F.
382 811 596 882 Rudol
656 812 768 892 hi,
838 813 958 900 qui
1003 824 1146 881 tum
1200 817 1608 883 Procurator
1677 825 1867 894 erat,
1933 812 2139 902 cujus
2201 826 2378 882 nutu
2425 816 2664 886 omnia

159 900 544 988 gerebantur,
622 901 932 972 abricata
983 912 1085 970 est
1120 900 1307 971 enim
1357 923 1519 971 arca
1567 901 1821 992 lignea,
1884 913 1949 970 et
1997 922 2194 970 sacro
2259 922 2544 991 corpore
2592 904 2665 973 in

159 1010 212 1055 ea
240 988 523 1069 condito,
560 990 773 1060 clavis
819 989 1182 1060 obfirmata
1231 1000 1357 1058 est.
1413 994 1568 1080 Ipse
1615 1011 1891 1077 quoque
1921 989 2228 1080 sepulcri
2276 988 2473 1060 locus
2521 1012 2666 1060 ma·

160 1075 273 1164 gnis
313 1079 517 1159 saxiS,
557 1080 776 1149 tenaci
807 1079 995 1148 calce
1054 1079 1232 1147 inter
1286 1101 1361 1148 se
1421 1079 1838 1167 conjunctis,
1893 1078 2204 1166 undique
2279 1078 2551 1148 cinctus
2598 1092 2665 1150 et

152 1167 576 1237 communitus
607 1180 736 1237 est.
774 1166 1196 1238 Verebantur
1222 1167 1408 1237 enim
1450 1172 1743 1247 FratreS‚
1775 1189 1858 1237 ne
1905 1166 2072 1254 quid
2111 1165 2427 1237 homines
2455 1167 2657 1257 impii

157 1253 296 1323 malo
339 1255 499 1326 dolo
529 1256 959 1326 molirentur.
999 1256 1141 1357 Ipsi
1182 1277 1458 1344 quoque
1505 1257 1776 1326 tumulo
1829 1256 2230 1339 impositum
2267 1269 2371 1327 est
2408 1255 2656 1347 ingens

148 1362 372 1421 saxum,
414 1344 603 1414 calce
642 1344 813 1416 bene
861 1359 1207 1414 munitum
1244 1359 1308 1414 et
1340 1359 1806 1447 compactum.

212 1435 242 1516 ξ
281 1437 430 1505 10.
491 1434 749 1504 Dormit
794 1434 1025 1522 itaque
1064 1434 1167 1502 vir
1213 1434 1455 1505 beatus
1503 1456 1574 1517 ιη
1626 1435 1788 1504 sinu
1846 1433 2085 1506 matris
2133 1454 2324 1514 suae,
2381 1434 2654 1521 requie-

146 1539 306 1589 scens
346 1521 411 1589 in
461 1544 662 1612 pace:
717 1524 1082 1610 suavisque
1128 1534 1230 1592 est
1276 1545 1565 1593 somnus
1612 1523 1792 1612 ejus,
1851 1545 1975 1592 nec
2021 1522 2398 1624 evigilabit,
2437 1523 2655 1593 donec

147 1609 275 1676 tuba
303 1611 675 1680 novissima
710 1613 1064 1693 excitatus,
1117 1624 1454 1703 resurgat,
1508 1635 1665 1682 cum
1703 1612 1936 1683 electis
1970 1611 2083 1680 Dei
2137 1634 2203 1681 in
2257 1625 2448 1701 parte
2495 1612 2656 1682 dex·

147 1705 253 1765 tera
290 1698 759 1771 collocandus.
814 1705 1019 1771 Porro
1052 1700 1288 1771 anima
1341 1703 1491 1791 ejus
1541 1701 1799 1791 vigilat,
1854 1700 2173 1770 discussa
2215 1701 2657 1772 tenebrarum

141 1784 422 1876 caligine,
478 1789 736 1880 apertis
765 1791 988 1861 oculis
1018 1789 1536 1880 optatissimam,
1572 1804 1890 1861 aeternae
1938 1788 2115 1861 lucis
2174 1788 2660 1880 contemplans

140 1872 514 1947 claritatem.
555 1877 823 1968 Vigilat,
862 1879 1270 1948 miserorum
1323 1878 1645 1968 precibus
1692 1892 1759 1949 et
1813 1901 1894 1948 ae
1947 1899 2179 1948 rorum
2230 1878 2659 1949 clamoribus

141 1964 378 2050 patulas
426 1988 633 2037 aures
678 1966 1032 2050 exhibens,
1084 1989 1463 2054 eorumque
1514 1967 1891 2037 calamitati
1943 1989 2028 2036 us
2080 1988 2463 2055 numquam
2519 1988 2655 2037 non

137 2054 490 2124 remedium
544 2054 882 2125 adferens
936 2056 1386 2146 Omnipotens
1432 2056 1619 2126 enim
1663 2058 1777 2126 Dei
1819 2057 2057 2137 virtuS,
2124 2068 2190 2125 et
2231 2056 2298 2125 in
2351 2055 2546 2126 obitu
2593 2069 2659 2127 et

135 2154 260 2227 post
301 2143 570 2213 obitum
621 2144 798 2232 ejus,
854 2145 1073 2214 multa
1119 2145 1340 2214 effecit
1409 2145 1770 2227 miracula,
1826 2145 2165 2232 hodieque
2216 2145 2285 2215 in
2344 2156 2483 2215 tota
2530 2149 2657 2215 Ec·-

132 2228 312 2301 clesia
343 2255 474 2302 sua
506 2231 776 2302 efficere
825 2255 959 2303 non
995 2245 1242 2304 cessat.

110 2331 113 2335 ‘
158 2321 233 2416 ,ξ
279 2324 406 2395 ΙΙ.
461 2322 804 2392 Nimirum
843 2323 1028 2414 jacet
1079 2334 1267 2413 pater
1318 2322 1840 2405 sanctissimae,
1893 2334 1969 2392 ut
2007 2333 2298 2413 optarat,
2352 2322 2532 2392 inter
2571 2323 2654 2394 fi-

132 2403 238 2475 lios
281 2407 430 2478 loco
482 2410 730 2480 humili
771 2424 837 2481 et
872 2411 1198 2502 depresso
1247 2412 1590 2494 condituS,
1648 2411 1996 2499 nullisque
2028 2412 2456 2481 aromatibus
2491 2433 2652 2481 con·

130 2493 312 2568 ditus.
365 2504 446 2570 At
500 2506 673 2571 Deus
724 2501 971 2583 bonne,
1006 2502 1128 2590 qui
1175 2499 1336 2571 facit
1365 2501 1451 2571 de
1500 2500 1799 2571 tenebris
1849 2502 2081 2571 lumen
2128 2499 2649 2591 splendescere,

127 2604 193 2653 ex
233 2586 356 2659 hoc
402 2589 702 2660 obscuro
766 2590 1034 2661 tumulo
1083 2591 1295 2681 jussit
1364 2590 1858 2661 miraculorum
1936 2589 2030 2660 ful
2089 2612 2212 2659 ura
2261 2611 2651 2660 coruscare.

127 2674 401 2749 Clericus
433 2678 724 2766 quidam
774 2679 1104 2749 honestus
1129 2680 1473 2750 Bononiae
1519 2679 1604 2748 de
1654 2692 1870 2749 morte
1917 2681 2036 2766 qui
2092 2701 2200 2748 em
2254 2678 2475 2749 sancti
2530 2678 2660 2748 viri

128 2764 440 2848 audierat,
499 2768 614 2838 sed
653 2770 882 2838 nescio
915 2769 1173 2857 quibus
1222 2770 1427 2838 rebus
1476 2768 1876 2858 impedituS,
1915 2767 2208 2838 solemni
2259 2767 2663 2858 sepulturae

126 2852 250 2938 ejus
280 2877 415 2926 non
463 2857 681 2945 potuit
729 2858 1076 2928 interesse.
1121 2863 1322 2927 Nocte
1371 2856 1532 2926 inde
1580 2857 1893 2944 sequenti
1941 2857 2111 2926 vidit
2158 2856 2225 2924 in
2280 2857 2547 2926 somnis
2582 2861 2656 2926 B.

130 2943 541 3013 Dominicum
578 2945 648 3014 in
697 2946 863 3015 ae'de
898 2946 1118 3016 sancti
1150 2944 1433 3026 Nicolai,
1470 2946 1883 3016 residentem
1933 2947 1999 3014 in
2037 2945 2389 3026 cathedra,
2440 2944 2662 3034 gloria

128 3030 452 3103 ethonore
482 3033 771 3105 mirifice
808 3048 1237 3105 coronatum.
1276 3035 1377 3104 Ait
1407 3056 1571 3125 ergo
1605 3035 1691 3104 ad
1730 3034 1955 3104 illum.
1990 3040 2180 3103 Tune
2212 3056 2286 3104 es
2334 3034 2664 3124 magister

134 3120 534 3202 Dominicus,
559 3123 705 3212 jam
743 3124 878 3194 vita
913 3124 1244 3196 functus?
1290 3123 1671 3214 Respondit
1709 3123 1826 3194 ille
1857 3147 1872 3192 ε
1925 3128 2066 3194 Non
2102 3145 2256 3193 sum
2297 3138 2614 3192 mortuus
2638 3178 2654 3203 ,

131 3203 243 3277 fili:
278 3212 450 3299 quia
500 3211 762 3281 bonum
814 3214 1180 3283 Dominum
1234 3211 1475 3293 habe0,
1531 3212 1719 3302 apud
1769 3234 1971 3301 quem
2019 3212 2191 3282 vivo.
2249 3216 2444 3280 Mane
2490 3212 2662 3282 abiit

134 3294 402 3370 Clericus
445 3299 535 3369 ad
566 3301 924 3371 ecclesiam
961 3307 1299 3381 Fratrum,
1334 3315 1400 3371 et
1426 3303 1701 3371 beatum
1729 3302 1952 3371 virum
1988 3323 2068 3371 eo
2101 3300 2246 3371 loco
2289 3301 2654 3370 humatum

137 3390 374 3475 reperit,
430 3410 573 3476 quo
623 3390 886 3460 viderat
915 3413 1074 3461 eum
1125 3391 1194 3460 in
1232 3391 1478 3460 throno
1528 3389 1903 3461 sedentem.

196 3478 226 3561 ξ
270 3484 422 3550 12.
482 3478 732 3547 Eodem
766 3479 879 3549 die
926 3479 1012 3548 ad
1061 3480 1280 3549 sancti
1316 3479 1530 3569 patris
1579 3489 2106 3549 monumentum
2150 3477 2439 3566 quidam
2491 3476 2651 3547 dae-

142 3566 468 3637 moniacus
517 3566 861 3637 adductus
892 3580 1034 3646 est,
1075 3568 1196 3655 qui
1245 3581 1322 3638 ut
1370 3569 1439 3637 in
1498 3568 1831 3658 templum
1892 3568 2271 3657 ingressus,
2331 3566 2654 3636 clamavit

142 3646 429 3724 daemon:
490 3656 665 3739 Quid
719 3657 890 3725 mihi
924 3657 1049 3736 vis,
1110 3657 1510 3727 Dominice?
1542 3661 1850 3745 Cumque
1889 3656 1956 3726 id
2007 3657 2247 3726 crebro
2295 3667 2647 3744 repeteret,

147 3741 424 3815 0bsessus
460 3744 547 3814 ad
584 3744 984 3835 sepulcrum
1036 3758 1441 3835 pertractuS,
1479 3758 1766 3817 curatus
1811 3758 1936 3815 est.
1991 3744 2241 3815 Eodem
2285 3765 2466 3814 anno
2531 3744 2656 3833 hy-

147 3819 304 3899 berno
367 3845 682 3923 tempore
728 3835 898 3904 odor
944 3835 1399 3904 suavissimus
1428 3889 1444 3914 ‚
1513 3835 1836 3922 idemque
1895 3833 2420 3925 copiosissimus
2468 3831 2654 3922 apud

151 3920 502 4003 sepulcrum
551 3924 771 3994 sancti
822 3924 948 3993 viri
1002 3925 1251 4006 extitit,
1303 3937 1368 3994 et
1418 3945 1539 4014 per
1597 3944 1873 3993 omnem
1925 3922 2162 3992 aedem
2217 3943 2288 3991 se
2345 3920 2649 3990 diffudit.

155 4002 378 4080 Duravit
410 4032 575 4081 vero
612 4012 761 4083 dies
792 4035 926 4083 non
966 4035 1247 4103 paucos,
1285 4025 1784 4099 senseruntque
1814 4028 1969 4081 eum
2004 4017 2070 4081 F.
2108 4016 2405 4080 Ventura
2437 4010 2650 4088 Prior,

155 4104 199 4157 et
227 4099 484 4170 Fratres
532 4100 676 4171 alii.
730 4107 813 4173 Ut
873 4114 1246 4193 coeperunt
1291 4115 1520 4172 autem
1574 4101 1889 4170 innovari
1942 4099 1998 4171 si
2057 4122 2143 4169 na
2189 4113 2254 4168 et
2308 4097 2659 4168 mirabilia

156 4184 586 4291 multiplicari,
632 4190 997 4263 Christiani
1039 4190 1277 4261 fideles
1324 4190 1632 4260 videntes
1687 4211 1842 4259 vere
1891 4188 1961 4258 in
2045 4208 2169 4258 oco
2224 4186 2343 4257 illo
2383 4187 2656 4279 operari

156 4266 236 4338 ne.
271 4291 617 4357 virtutem,
673 4291 1061 4350 statuerunt
1124 4300 1245 4370 pro
1294 4280 1671 4350 reverentia
1724 4277 2046 4348 claudere
2095 4276 2535 4366 sepulcrum,
2588 4288 2655 4347 et

146 4365 366 4446 operire
401 4368 656 4459 pannis
686 4370 946 4440 sericis.
995 4368 1118 4439 Sed
1165 4368 1237 4439 id
1290 4374 1550 4440 Fratres
1599 4390 1733 4439 non
1788 4368 2274 4459 permiserunt,
2321 4366 2516 4436 veriti
2566 4389 2654 4436 ne

270 4488 515 4548 But-ius
542 4520 568 4534 ·
606 4488 770 4549 Vitae
810 4486 916 4551 SS.
947 4521 972 4535 ·
992 4488 1121 4549 Vol.
1150 4488 1306 4551 VIII.
2347 4491 2413 4545 ll
