3308 5004
150 342 332 411 ΑΗΕ.
387 343 469 411 ⁴5
750 360 831 409 nt
877 359 1264 411 nonnmorm
1311 358 1595 409 nauss,
1647 358 1821 408 vine.
1871 359 2113 408 namu.
2480 343 2611 410 245

149 446 267 517 ubi
310 459 413 516 est
457 466 708 515 aurum
754 468 1035 536 purum,
1087 445 1269 535 quod
1325 466 1575 515 manus
1620 442 2098 536 Apostolorum
2152 443 2221 513 in
2271 454 2337 514 te
2383 445 2701 515 recondi-

148 534 440 605 derunt?
487 534 614 605 Ubi
647 547 810 605 sunt
857 534 1160 615 divitiae,
1202 556 1380 621 quae
1409 533 1732 604 consumi
1784 534 2189 620 nequeunt?
2238 532 2367 605 Ubi
2412 546 2538 617 est,
2575 533 2700 623 qui

149 629 353 694 Deum
388 623 716 714 suscepit,
763 626 1177 694 thesaurus?
1207 624 1333 693 Ubi
1362 635 1466 693 est
1498 643 1738 692 mensa
1776 622 2131 692 animata?
2159 622 2287 691 Ubi
2327 633 2431 694 est
2480 644 2702 694 novus

148 712 335 793 liber,
390 713 459 781 in
509 734 647 800 quo
695 712 1133 783 ineffabiliter
1179 718 1357 793 Deus
1406 712 1705 781 Verbum
1755 710 2139 800 inscriptus
2174 710 2306 780 suit
2351 711 2505 781 sine
2554 734 2686 781 ma-

146 802 394 871 nibus?
445 802 566 871 Ubi
616 814 718 871 est
763 803 1061 890 abyssus
1090 801 1399 893 gratiae?
1431 800 1554 870 Ubi
1581 811 1685 869 est
1720 798 2008 901 pelagus
2040 800 2535 869 curationum?
2565 801 2695 871 Ubi

145 903 239 963 est
284 889 481 960 valde
526 889 987 962 desiderabile
1023 903 1089 960 et
1134 888 1435 960 amabile
1480 909 1738 978 corpus
1785 892 2115 977 Deiparae
2144 887 2300 978 (a)?

224 981 259 1067 ξ
304 984 456 1053 to.
510 978 689 1062 Quid
724 980 1057 1067 quaeritis
1104 978 1175 1048 in
1212 977 1533 1068 sepulcro
1560 998 1739 1058 eam,
1773 997 1953 1064 quae
1980 975 2066 1045 ad
2116 976 2436 1046 coelestia
2471 988 2697 1048 trans·

145 1067 270 1138 lata
317 1082 421 1138 est
463 1066 962 1140 tabernacula?
1009 1072 1143 1137 Cur
1188 1090 1228 1137 a
1278 1089 1387 1136 me
1455 1063 1812 1136 custodiae
1862 1065 2195 1135 rationem
2261 1066 2692 1155 exposcitis?

146 1161 277 1227 Non
326 1157 487 1228 licet
527 1157 697 1226 mihi
719 1157 942 1245 jussis
973 1156 1229 1227 divinis
1258 1155 1594 1227 resistere.
1633 1159 1898 1244 Corpus
1925 1175 2201 1225 sacrum
2238 1167 2303 1224 et
2338 1166 2685 1238 sanctum,

148 1245 391 1317 relictis
439 1244 898 1327 sindonibuS,
948 1268 1108 1315 cum
1164 1266 1269 1314 me
1329 1243 1776 1333 impertiisset
1839 1241 2389 1313 sanctificatione
2435 1256 2502 1313 et
2558 1264 2693 1314 un-

147 1348 389 1424 guento
439 1335 757 1422 bonoque
803 1334 1010 1405 odore
1060 1333 1479 1425 replevisset,
1518 1345 1584 1402 et
1608 1344 1742 1401 tem
1800 1331 1946 1402 lum
1983 1330 2298 1401 divinum
2329 1331 2688 1414 effecisset,

147 1424 278 1493 abit
322 1437 600 1516 raptum
651 1422 976 1504 sublime,
1021 1421 1518 1493 comitantibus
1566 1427 1749 1511 Ange
1784 1421 1843 1490 is
1889 1433 1957 1489 et
2003 1419 2421 1491 coelestibus
2470 1422 2696 1503 omni-

146 1513 288 1582 buS.
340 1518 536 1584 Nunc
615 1535 723 1581 me
786 1511 1165 1582 defendunt
1239 1510 1504 1601 Angeli.
1557 1513 1754 1580 Nunc
1824 1507 2061 1578 divina
2129 1508 2198 1577 in
2252 1531 2360 1579 me
2428 1509 2692 1580 habitat

145 1601 373 1689 gratia.
427 1606 568 1693 Ego
607 1601 791 1670 evasi
825 1600 1103 1671 officina
1153 1598 1543 1670 medicinae
1590 1596 2136 1690 aegrotantibus.
2170 1602 2310 1688 Ego
2342 1620 2500 1667 sum
2535 1597 2692 1669 sons

148 1691 460 1777 perennis
531 1689 996 1760 curationum.
1050 1694 1188 1779 Ego
1256 1687 1641 1758 remedium
1706 1687 2040 1757 adversus
2100 1685 2498 1757 daemones.
2553 1692 2693 1779 Ego

147 1799 289 1847 sum
325 1778 672 1869 refugium
722 1777 1053 1848 omnibus
1098 1776 1689 1867 confugientibus,
1746 1775 1906 1845 Fide
2008 1774 2201 1865 opuli
2249 1775 2576 1856 accedite,
2629 1787 2696 1846 et

145 1877 485 1955 tamquam
519 1889 600 1936 ex
633 1866 845 1937 fluvio
894 1866 1164 1936 haurite
1193 1865 1637 1944 charismata,
1695 1862 1904 1933 iidem
2005 1867 2288 1935 abentes
2347 1885 2480 1934 non
2534 1865 2696 1934 hae-

145 1953 480 2026 sitantem.
506 1955 842 2035 Accedite,
878 1956 1001 2042 qui
1030 1954 1259 2025 sititis:
1296 1952 1517 2024 venite
1544 1952 1631 2023 ad
1662 1974 1912 2039 aquam
1943 1951 2175 2042 (jubet
2206 1953 2423 2024 lsaias
2453 1958 2522 2023 C.
2558 1953 2686 2043 nv),

143 2054 202 2111 et
242 2046 359 2131 qui
409 2066 546 2115 non
598 2044 866 2114 habetis
919 2043 1310 2131 pecuniam,
1366 2054 1748 2132 properate,
1801 2041 2010 2111 emite
2057 2041 2208 2112 sine
2259 2042 2498 2132 pretio.
2551 2047 2692 2133 Ego

145 2134 457 2204 omnibus
490 2133 867 2203 exclamavi
902 2132 1347 2222 Evangelice:
1400 2131 1531 2214 Qui
1587 2130 1731 2200 sitit
1780 2130 2179 2200 morborum
2234 2130 2682 2212 medicinam,

144 2240 179 2287 a
209 2222 841 2310 perturbationibus
888 2221 1105 2291 animi
1141 2220 1640 2302 liberationem,
1676 2232 2108 2309 peccatorum
2153 2219 2684 2301 abstersionem,

145 2308 222 2378 ab
263 2331 468 2380 omne
539 2331 715 2380 enus
741 2310 1118 2380 insultibus
1153 2309 1664 2384 alienationem,
1697 2307 1893 2397 regni
1937 2306 2288 2377 coelorum
2346 2308 2681 2395 requiem,

146 2395 222 2496 ad
270 2420 374 2468 me
420 2333 561 2470 fige
593 2399 841 2481 veniat,
886 2414 951 2469 et
983 2399 1260 2469 hauriat
1305 2398 1644 2467 fluentum
1678 2396 1961 2488 gratiae,
2014 2395 2199 2497 quod
2255 2417 2549 2487 magnae
2581 2409 2687 2468 est

148 2487 397 2558 virtutis
470 2501 538 2559 et
584 2487 921 2560 utilitatis.
991 2485 1346 2572 Quomodo
1415 2487 1599 2557 enim
1664 2508 1885 2573 aquae
1931 2508 1971 2556 o
2023 2497 2284 2566 eratio,
2354 2507 2533 2573 quae
2579 2500 2684 2556 est

146 2574 416 2666 simplex
463 2589 535 2648 et
578 2578 809 2658 unica,
859 2591 1077 2647 terrae
1122 2596 1419 2663 quoque,
1464 2589 1528 2646 et
1567 2575 1770 2655 aeris,
1809 2587 1875 2644 et
1907 2594 1983 2644 so
2016 2574 2074 2643 is
2119 2574 2312 2644 omni
2358 2596 2439 2644 ex
2491 2587 2682 2664 parte

148 2661 443 2762 lucentis,
499 2678 807 2736 mutatur
853 2665 1235 2753 unicuique
1272 2684 1537 2745 eorum,
1590 2664 1706 2750 qui
1759 2684 1913 2733 eam
1967 2663 2383 2753 participant
2426 2684 2683 2733 conve-

146 2767 398 2824 menter
432 2775 673 2825 eorum
713 2769 1039 2824 naturae:
1093 2767 1161 2823 et
1205 2754 1275 2822 in
1319 2753 1452 2822 vite
1497 2752 1779 2840 quidem
1834 2751 1908 2821 fit
1956 2751 2239 2832 vinum,
2294 2766 2361 2822 et
2409 2751 2480 2821 in
2530 2751 2683 2822 olea

142 2837 390 2912 oleum:
432 2844 763 2913 itaetiam
793 2844 1036 2934 gratia.
1079 2842 1235 2912 licet
1285 2842 1377 2911 sit
1422 2839 1717 2931 simplex
1762 2853 1829 2909 et
1879 2861 2042 2920 una,
2097 2840 2282 2910 varie
2331 2853 2562 2910 tamen
2612 2853 2679 2910 et

145 2926 358 3001 habita
404 2933 668 3002 ratione
697 2954 869 3002 usus
916 2932 1472 3020 uniuscujusque
1524 2928 1858 2999 beneficio
1887 2927 2101 2999 afficit
2131 2950 2248 2999 eos
2278 2982 2295 3009 ,
2346 2929 2467 3017 qui
2518 2941 2686 2999 sunt

145 3019 518 3111 participes.
571 3026 664 3090 Ex
722 3042 869 3090 mea
921 3034 1167 3089 natura
1217 3040 1353 3089 non
1405 3018 1623 3089 habeo
1670 3016 1991 3109 gratiam.
2046 3017 2377 3108 Sepulcra
2431 3017 2681 3087 foetere

145 3104 366 3190 solent,
421 3108 768 3180 tristitiam
828 3109 1223 3188 conciliare,
1291 3107 1587 3178 laetitiae
1645 3128 1797 3177 esse
1855 3105 2185 3176 adversa:
2251 3111 2392 3198 Ego
2446 3119 2678 3177 autem

143 3196 307 3267 evasi
345 3210 781 3290 unguentum
834 3199 1238 3288 pretiosum,
1292 3208 1359 3266 et
1405 3197 1568 3266 boni
1626 3195 1861 3265 odoris
1913 3195 2300 3285 particeps:
2360 3217 2682 3286 unguen·
2764 3259 2768 3264 .

146 3292 295 3382 tum,
345 3286 658 3389 inquam,
714 3299 849 3357 tam
898 3285 1348 3366 odoriferum,
1383 3297 1449 3354 et
1490 3298 1716 3354 tantae
1761 3282 2132 3366 efficaciae,
2187 3296 2266 3355 ut
2315 3283 2416 3353 vel
2467 3306 2682 3374 parva

146 3389 239 3439 sul
283 3389 593 3465 portione
624 3375 831 3445 donet
861 3375 1355 3454 defensionem,
1397 3395 1577 3461 quae
1610 3372 1869 3443 auferri
1922 3386 2236 3461 nequeat.
2293 3373 2679 3442 Suntenim

147 3477 354 3532 revera
398 3463 744 3550 ejusmodi
793 3463 1211 3534 charismata
1259 3463 1516 3544 divina,
1551 3475 1628 3532 ut
1674 3484 1753 3531 ea
1804 3459 2069 3532 nullam
2106 3483 2418 3549 unquam
2474 3461 2682 3531 indu-

146 3561 285 3618 cant
317 3553 830 3639 poenitentiam.
885 3553 1204 3624 Laetitiae
1250 3551 1502 3622 sontem
1553 3549 1789 3643 excepi
1839 3550 2163 3640 hospitio,
2216 3564 2283 3621 et
2330 3550 2524 3622 dives
2572 3570 2682 3620 re-

149 3641 349 3709 mansi
387 3642 675 3730 perenni
714 3640 870 3727 ejus
918 3640 1366 3732 scaturigine.

224 3725 259 3811 ξ
300 3733 468 3802 Do.
523 3729 781 3800 Videtis
813 3730 1022 3800 amici
1073 3743 1300 3819 patres
1347 3742 1412 3798 et
1458 3727 1725 3808 iratres,
1765 3748 1945 3815 quae
1994 3726 2193 3797 nobis
2242 3726 2533 3817 porrigit
2578 3747 2687 3796 se·

155 3811 452 3893 pulcrum
503 3818 1137 3909 gloriosissimum?
1184 3817 1378 3901 Quod
1444 3830 1674 3887 autem
1727 3815 1896 3886 haec
1949 3815 2041 3885 ita
2089 3837 2165 3886 se
2212 3814 2556 3895 habeant,
2611 3814 2681 3884 in

153 3899 617 3997 Euthymiacae
655 3927 929 3995 quoque
981 3906 1304 3976 historiae
1346 3906 1521 3975 libro
1575 3905 1795 3986 tertio,
1847 3905 2072 3995 capite
2116 3903 2675 3993 quadragesimo,

150 3981 247 4054 ἤιε
284 3995 501 4092 verbis
541 3996 881 4086 scriptum
917 4007 1056 4066 est:
1112 3995 1447 4085 Superius
1492 3992 1775 4082 quidem
1824 3992 2086 4063 dictum
2127 4005 2255 4073 est,
2291 3990 2474 4079 quod
2514 3996 2686 4060 Con-

149 4083 570 4174 stantinopoli
597 4084 853 4156 multas
881 4083 1148 4156 Christo
1178 4084 1391 4152 erexit
1414 4083 1741 4154 ecclesias
1768 4095 2007 4152 sancta
2032 4080 2416 4151 Pulcheria.
2448 4084 2539 4149 Ex
2572 4078 2683 4149 his

153 4175 361 4240 autem
410 4194 552 4243 una
610 4186 757 4255 est,
816 4194 996 4261 quae
1050 4172 1122 4241 in
1165 4170 1565 4243 Blachernis
1610 4171 1743 4241 tuit
1787 4169 2173 4250 aedificata,
2229 4169 2296 4239 in
2338 4168 2682 4260 principio

191 4361 267 4413 .l⁰)
289 4362 414 4409 ucat
429 4366 562 4411 rid-1
583 4369 816 4412 nucula·
835 4377 930 4411 non
946 4367 1012 4413 sit
1030 4366 1244 4419 eorpori-
1263 4365 1444 4409 immnc.
1464 4366 1596 4419 Vix-g.
1617 4365 1701 4409 Dei
1722 4364 1967 4417 genitrici·
1986 4365 2037 4407 in
2054 4366 2238 4408 melum
2258 4364 2481 4417 receptio.
2508 4365 2686 4418 mvi·-

165 4416 297 4454 *ΗΜΘ
313 4417 586 4465 temeritatis
606 4426 735 4466 esset
754 4434 857 4466 enm
877 4425 1110 4466 refellere.
1130 4420 1366 4472 Quidquid
1385 4418 1678 4473 praeclarius
1695 4422 1838 4463 hacce
1852 4422 1903 4462 ln
1922 4431 1974 4463 te
2009 4418 2345 4471 inquirendum
2373 4418 2685 4463 dicendumve

163 4458 236 4509 ’ἣν
251 4465 341 4518 1088
360 4471 405 4514 ‘m
421 4477 645 4519 'tractatu
665 4478 837 4520 Beued.
855 4479 971 4525 xlv,
989 4480 1055 4519 Do
1072 4479 1217 4518 luzum
1234 4477 1290 4517 B.
1314 4476 1376 4516 Μ.
1399 4476 1453 4517 Υ.
1471 4475 1579 4525 Cap.
1600 4483 1698 4515 vni.
