<?xml version="1.0" encoding="UTF-8"?>
<!DOCTYPE html PUBLIC "-//W3C//DTD XHTML 1.0 Transitional//EN"
    "http://www.w3.org/TR/xhtml1/DTD/xhtml1-transitional.dtd">
<html xmlns="http://www.w3.org/1999/xhtml" xml:lang="en" lang="en">
 <head>
  <title>
</title>
<meta http-equiv="Content-Type" content="text/html;charset=utf-8" />
  <meta name='ocr-system' content='tesseract 3.04.00' />
  <meta name='ocr-capabilities' content='ocr_page ocr_carea ocr_par ocr_line ocrx_word'/>
</head>
<body>
  <div class='ocr_page' id='page_1' title='image "./historiaeseuvit01lippgoog_0227.png"; bbox 0 0 3308 5004; ppageno 0'>
   <div class='ocr_carea' id='block_1_1' title="bbox 232 347 2695 416">
    <p class='ocr_par' dir='ltr' id='par_1_1' title="bbox 232 347 2695 416">
     <span class='ocr_line' id='line_1_1' title="bbox 232 347 2695 416; baseline 0.001 -3"><span class='ocrx_word' id='word_1_1' title='bbox 232 347 422 414; x_wconf 82' lang='lat' dir='ltr'><strong>AUG.</strong></span> <span class='ocrx_word' id='word_1_2' title='bbox 474 350 515 414; x_wconf 93' lang='lat'><strong>7</strong></span> <span class='ocrx_word' id='word_1_3' title='bbox 1099 367 1180 415; x_wconf 75' lang='lat' dir='ltr'><strong>nn</strong></span> <span class='ocrx_word' id='word_1_4' title='bbox 1227 368 1285 416; x_wconf 91' lang='lat' dir='ltr'><strong>s.</strong></span> <span class='ocrx_word' id='word_1_5' title='bbox 1337 365 1650 415; x_wconf 74' lang='lat' dir='ltr'><strong>vim-tucio</strong></span> <span class='ocrx_word' id='word_1_6' title='bbox 1697 366 1897 415; x_wconf 69' lang='lat' dir='ltr'><strong>ausc.</strong></span> <span class='ocrx_word' id='word_1_7' title='bbox 2562 350 2695 415; x_wconf 70' lang='lat'><strong>213</strong></span> 
     </span>
    </p>
   </div>
   <div class='ocr_carea' id='block_1_2' title="bbox 213 450 2790 4541">
    <p class='ocr_par' dir='ltr' id='par_1_2' title="bbox 213 450 2786 2052">
     <span class='ocr_line' id='line_1_2' title="bbox 233 450 2785 541; baseline 0 -22"><span class='ocrx_word' id='word_1_8' title='bbox 233 462 311 520; x_wconf 83' lang='lat' dir='ltr'><strong>ut</strong></span> <span class='ocrx_word' id='word_1_9' title='bbox 335 461 531 519; x_wconf 87' lang='lat' dir='ltr'><strong>arma</strong></span> <span class='ocrx_word' id='word_1_10' title='bbox 562 450 752 541; x_wconf 88' lang='lat' dir='ltr'><strong>pacis</strong></span> <span class='ocrx_word' id='word_1_11' title='bbox 787 450 1147 522; x_wconf 85' lang='lat' dir='ltr'>indueres:</span> <span class='ocrx_word' id='word_1_12' title='bbox 1183 465 1632 522; x_wconf 86' lang='lat' dir='ltr'><strong>contemnens</strong></span> <span class='ocrx_word' id='word_1_13' title='bbox 1663 452 1919 522; x_wconf 85' lang='lat' dir='ltr'><strong>armari</strong></span> <span class='ocrx_word' id='word_1_14' title='bbox 1968 450 2168 533; x_wconf 88' lang='lat' dir='ltr'><strong>ferro,</strong></span> <span class='ocrx_word' id='word_1_15' title='bbox 2202 451 2369 540; x_wconf 91' lang='lat' dir='ltr'><strong>quia</strong></span> <span class='ocrx_word' id='word_1_16' title='bbox 2398 452 2785 523; x_wconf 79' lang='lat' dir='ltr'><strong>armabaris</strong></span> 
     </span>
     <span class='ocr_line' id='line_1_3' title="bbox 233 539 2786 633; baseline 0.001 -24"><span class='ocrx_word' id='word_1_17' title='bbox 233 539 526 609; x_wconf 90' lang='lat' dir='ltr'><strong>Christo.</strong></span> <span class='ocrx_word' id='word_1_18' title='bbox 566 544 644 609; x_wconf 88' lang='lat' dir='ltr'><strong>Et</strong></span> <span class='ocrx_word' id='word_1_19' title='bbox 691 539 851 611; x_wconf 91' lang='lat' dir='ltr'><strong>ilico</strong></span> <span class='ocrx_word' id='word_1_20' title='bbox 899 541 1168 629; x_wconf 81' lang='lat' dir='ltr'><strong>antiqui</strong></span> <span class='ocrx_word' id='word_1_21' title='bbox 1215 541 1556 633; x_wconf 88' lang='lat' dir='ltr'><strong>serpentis</strong></span> <span class='ocrx_word' id='word_1_22' title='bbox 1589 539 1852 609; x_wconf 75' lang='lat' dir='ltr'><strong>invidia</strong></span> <span class='ocrx_word' id='word_1_23' title='bbox 1898 542 2236 612; x_wconf 88' lang='lat' dir='ltr'><strong>concitato</strong></span> <span class='ocrx_word' id='word_1_24' title='bbox 2275 541 2344 611; x_wconf 92' lang='lat' dir='ltr'><strong>in</strong></span> <span class='ocrx_word' id='word_1_25' title='bbox 2395 539 2613 613; x_wconf 88' lang='lat' dir='ltr'><strong>furias</strong></span> <span class='ocrx_word' id='word_1_26' title='bbox 2643 541 2786 612; x_wconf 88' lang='lat' dir='ltr'><strong>Tri-</strong></span> 
     </span>
     <span class='ocr_line' id='line_1_4' title="bbox 231 627 2782 710; baseline 0.001 -12"><span class='ocrx_word' id='word_1_27' title='bbox 231 628 449 709; x_wconf 90' lang='lat' dir='ltr'><strong>buno,</strong></span> <span class='ocrx_word' id='word_1_28' title='bbox 495 627 851 700; x_wconf 90' lang='lat' dir='ltr'><strong>districtus</strong></span> <span class='ocrx_word' id='word_1_29' title='bbox 888 629 961 699; x_wconf 91' lang='lat' dir='ltr'><strong>in</strong></span> <span class='ocrx_word' id='word_1_30' title='bbox 1013 630 1292 700; x_wconf 88' lang='lat' dir='ltr'><strong>verbera</strong></span> <span class='ocrx_word' id='word_1_31' title='bbox 1340 643 1406 700; x_wconf 87' lang='lat' dir='ltr'><strong>et</strong></span> <span class='ocrx_word' id='word_1_32' title='bbox 1451 629 1663 699; x_wconf 86' lang='lat' dir='ltr'><strong>vastis</strong></span> <span class='ocrx_word' id='word_1_33' title='bbox 1710 628 2011 699; x_wconf 84' lang='lat' dir='ltr'><strong>fustibus</strong></span> <span class='ocrx_word' id='word_1_34' title='bbox 2057 629 2338 710; x_wconf 84' lang='lat' dir='ltr'><strong>fractus,</strong></span> <span class='ocrx_word' id='word_1_35' title='bbox 2393 651 2518 700; x_wconf 89' lang='lat' dir='ltr'><strong>nec</strong></span> <span class='ocrx_word' id='word_1_36' title='bbox 2551 643 2782 700; x_wconf 88' lang='lat' dir='ltr'><strong>tamen</strong></span> 
     </span>
     <span class='ocr_line' id='line_1_5' title="bbox 231 717 2784 810; baseline 0.001 -25"><span class='ocrx_word' id='word_1_37' title='bbox 231 717 458 787; x_wconf 90' lang='lat' dir='ltr'><strong>victus</strong></span> <span class='ocrx_word' id='word_1_38' title='bbox 504 739 600 799; x_wconf 92' lang='lat' dir='ltr'><strong>es,</strong></span> <span class='ocrx_word' id='word_1_39' title='bbox 639 718 806 805; x_wconf 90' lang='lat' dir='ltr'><strong>quia</strong></span> <span class='ocrx_word' id='word_1_40' title='bbox 854 720 1091 789; x_wconf 82' lang='lat' dir='ltr'><strong>Crucis</strong></span> <span class='ocrx_word' id='word_1_41' title='bbox 1140 717 1331 810; x_wconf 88' lang='lat' dir='ltr'><strong>ligno</strong></span> <span class='ocrx_word' id='word_1_42' title='bbox 1379 718 1825 788; x_wconf 79' lang='lat' dir='ltr'><strong>innitebaris:</strong></span> <span class='ocrx_word' id='word_1_43' title='bbox 1895 719 2380 809; x_wconf 77' lang='lat' dir='ltr'><strong>geminataque</strong></span> <span class='ocrx_word' id='word_1_44' title='bbox 2433 741 2589 789; x_wconf 82' lang='lat' dir='ltr'><strong>mox</strong></span> <span class='ocrx_word' id='word_1_45' title='bbox 2636 741 2784 788; x_wconf 92' lang='lat' dir='ltr'><strong>cor-</strong></span> 
     </span>
     <span class='ocr_line' id='line_1_6' title="bbox 231 806 2784 898; baseline 0.001 -23"><span class='ocrx_word' id='word_1_46' title='bbox 231 806 383 896; x_wconf 87' lang='lat' dir='ltr'><strong>pori</strong></span> <span class='ocrx_word' id='word_1_47' title='bbox 483 809 680 888; x_wconf 76' lang='lat' dir='ltr'><strong>oena,</strong></span> <span class='ocrx_word' id='word_1_48' title='bbox 734 820 936 878; x_wconf 89' lang='lat' dir='ltr'><strong>acuto</strong></span> <span class='ocrx_word' id='word_1_49' title='bbox 984 819 1314 878; x_wconf 88' lang='lat' dir='ltr'><strong>testarum</strong></span> <span class='ocrx_word' id='word_1_50' title='bbox 1348 806 1691 898; x_wconf 81' lang='lat' dir='ltr'><strong>fragmine</strong></span> <span class='ocrx_word' id='word_1_51' title='bbox 1739 808 2131 878; x_wconf 87' lang='lat' dir='ltr'><strong>substratus</strong></span> <span class='ocrx_word' id='word_1_52' title='bbox 2180 829 2295 887; x_wconf 75' lang='lat' dir='ltr'><strong>eS,</strong></span> <span class='ocrx_word' id='word_1_53' title='bbox 2348 807 2604 878; x_wconf 87' lang='lat' dir='ltr'><strong>laniata</strong></span> <span class='ocrx_word' id='word_1_54' title='bbox 2651 808 2784 877; x_wconf 90' lang='lat' dir='ltr'><strong>im-</strong></span> 
     </span>
     <span class='ocr_line' id='line_1_7' title="bbox 232 829 2784 996; baseline 0.001 -32"><span class='ocrx_word' id='word_1_55' title='bbox 232 829 565 984; x_wconf 58' lang='lat' dir='ltr'><strong>manissus</strong></span> <span class='ocrx_word' id='word_1_56' title='bbox 613 896 840 996; x_wconf 88' lang='lat' dir='ltr'><strong>plagis</strong></span> <span class='ocrx_word' id='word_1_57' title='bbox 899 897 1205 966; x_wconf 89' lang='lat' dir='ltr'><strong>membra</strong></span> <span class='ocrx_word' id='word_1_58' title='bbox 1255 910 1420 966; x_wconf 89' lang='lat' dir='ltr'><strong>tunc</strong></span> <span class='ocrx_word' id='word_1_59' title='bbox 1472 895 1754 965; x_wconf 84' lang='lat' dir='ltr'><strong>mollius</strong></span> <span class='ocrx_word' id='word_1_60' title='bbox 1811 894 2156 966; x_wconf 80' lang='lat' dir='ltr'><strong>fulciente.</strong></span> <span class='ocrx_word' id='word_1_61' title='bbox 2209 896 2511 966; x_wconf 89' lang='lat' dir='ltr'><strong>Christo:</strong></span> <span class='ocrx_word' id='word_1_62' title='bbox 2578 897 2784 984; x_wconf 82' lang='lat' dir='ltr'><strong>cujus</strong></span> 
     </span>
     <span class='ocr_line' id='line_1_8' title="bbox 234 983 2782 1075; baseline 0.001 -22"><span class='ocrx_word' id='word_1_63' title='bbox 234 984 360 1053; x_wconf 91' lang='lat' dir='ltr'><strong>tibi</strong></span> <span class='ocrx_word' id='word_1_64' title='bbox 411 1007 752 1075; x_wconf 77' lang='lat' dir='ltr'><strong>gremium</strong></span> <span class='ocrx_word' id='word_1_65' title='bbox 789 985 1084 1057; x_wconf 87' lang='lat' dir='ltr'><strong>lectulus</strong></span> <span class='ocrx_word' id='word_1_66' title='bbox 1132 999 1298 1067; x_wconf 90' lang='lat' dir='ltr'><strong>erat,</strong></span> <span class='ocrx_word' id='word_1_67' title='bbox 1343 998 1407 1056; x_wconf 90' lang='lat' dir='ltr'><strong>et</strong></span> <span class='ocrx_word' id='word_1_68' title='bbox 1431 983 1663 1054; x_wconf 84' lang='lat' dir='ltr'><strong>dextra</strong></span> <span class='ocrx_word' id='word_1_69' title='bbox 1697 983 2041 1074; x_wconf 87' lang='lat' dir='ltr'><strong>pulvlnar.</strong></span> <span class='ocrx_word' id='word_1_70' title='bbox 2084 984 2272 1054; x_wconf 91' lang='lat' dir='ltr'><strong>Unde</strong></span> <span class='ocrx_word' id='word_1_71' title='bbox 2312 984 2399 1053; x_wconf 83' lang='lat' dir='ltr'><strong>ad</strong></span> <span class='ocrx_word' id='word_1_72' title='bbox 2449 985 2782 1055; x_wconf 88' lang='lat' dir='ltr'><strong>ma&#39;orem</strong></span> 
     </span>
     <span class='ocr_line' id='line_1_9' title="bbox 230 1072 2781 1165; baseline 0 -23"><span class='ocrx_word' id='word_1_73' title='bbox 230 1072 498 1143; x_wconf 84' lang='lat' dir='ltr'><strong>hostem</strong></span> <span class='ocrx_word' id='word_1_74' title='bbox 532 1128 548 1155; x_wconf 91' lang='lat'><strong>,</strong></span> <span class='ocrx_word' id='word_1_75' title='bbox 605 1074 901 1145; x_wconf 85' lang='lat' dir='ltr'><strong>necdum</strong></span> <span class='ocrx_word' id='word_1_76' title='bbox 956 1074 1360 1145; x_wconf 90' lang='lat' dir='ltr'><strong>vulneribus</strong></span> <span class='ocrx_word' id='word_1_77' title='bbox 1418 1073 1783 1154; x_wconf 81' lang='lat' dir='ltr'><strong>obductiS,</strong></span> <span class='ocrx_word' id='word_1_78' title='bbox 1862 1073 2143 1144; x_wconf 87' lang='lat' dir='ltr'><strong>incenso</strong></span> <span class='ocrx_word' id='word_1_79' title='bbox 2210 1073 2437 1165; x_wconf 91' lang='lat' dir='ltr'><strong>potius</strong></span> <span class='ocrx_word' id='word_1_80' title='bbox 2495 1072 2540 1141; x_wconf 90' lang='lat' dir='ltr'><strong>il</strong></span> <span class='ocrx_word' id='word_1_81' title='bbox 2574 1095 2781 1143; x_wconf 91' lang='lat' dir='ltr'><strong>orum</strong></span> 
     </span>
     <span class='ocr_line' id='line_1_10' title="bbox 233 1161 2783 1254; baseline 0 -23"><span class='ocrx_word' id='word_1_82' title='bbox 233 1161 496 1241; x_wconf 90' lang='lat' dir='ltr'><strong>dolore,</strong></span> <span class='ocrx_word' id='word_1_83' title='bbox 540 1184 748 1249; x_wconf 90' lang='lat' dir='ltr'><strong>quam</strong></span> <span class='ocrx_word' id='word_1_84' title='bbox 808 1162 1022 1234; x_wconf 86' lang='lat' dir='ltr'><strong>fracta</strong></span> <span class='ocrx_word' id='word_1_85' title='bbox 1069 1164 1317 1233; x_wconf 88' lang='lat' dir='ltr'><strong>virtute</strong></span> <span class='ocrx_word' id='word_1_86' title='bbox 1375 1174 1774 1252; x_wconf 80' lang='lat' dir='ltr'><strong>reparatuS,</strong></span> <span class='ocrx_word' id='word_1_87' title='bbox 1832 1161 2073 1233; x_wconf 89' lang='lat' dir='ltr'><strong>fortior</strong></span> <span class='ocrx_word' id='word_1_88' title='bbox 2117 1162 2533 1254; x_wconf 83' lang='lat' dir='ltr'><strong>prosiluisti:</strong></span> <span class='ocrx_word' id='word_1_89' title='bbox 2593 1162 2783 1231; x_wconf 92' lang='lat' dir='ltr'><strong>obla-</strong></span> 
     </span>
     <span class='ocr_line' id='line_1_11' title="bbox 230 1250 2782 1352; baseline 0 -32"><span class='ocrx_word' id='word_1_90' title='bbox 230 1264 484 1352; x_wconf 88' lang='lat' dir='ltr'><strong>tusque</strong></span> <span class='ocrx_word' id='word_1_91' title='bbox 519 1252 784 1332; x_wconf 89' lang='lat' dir='ltr'><strong>Comiti,</strong></span> <span class='ocrx_word' id='word_1_92' title='bbox 836 1252 921 1322; x_wconf 93' lang='lat' dir='ltr'><strong>de</strong></span> <span class='ocrx_word' id='word_1_93' title='bbox 972 1251 1335 1342; x_wconf 91' lang='lat' dir='ltr'><strong>potentiori</strong></span> <span class='ocrx_word' id='word_1_94' title='bbox 1382 1251 1670 1321; x_wconf 90' lang='lat' dir='ltr'><strong>inimico</strong></span> <span class='ocrx_word' id='word_1_95' title='bbox 1718 1250 2089 1340; x_wconf 86' lang='lat' dir='ltr'><strong>gloriosius</strong></span> <span class='ocrx_word' id='word_1_96' title='bbox 2143 1251 2611 1341; x_wconf 84' lang='lat' dir='ltr'><strong>triumphasti.</strong></span> <span class='ocrx_word' id='word_1_97' title='bbox 2650 1257 2782 1321; x_wconf 88' lang='lat' dir='ltr'><strong>Nec</strong></span> 
     </span>
     <span class='ocr_line' id='line_1_12' title="bbox 231 1339 2783 1430; baseline 0 -21"><span class='ocrx_word' id='word_1_98' title='bbox 231 1362 426 1409; x_wconf 82' lang='lat' dir='ltr'><strong>ausis</strong></span> <span class='ocrx_word' id='word_1_99' title='bbox 467 1339 647 1409; x_wconf 86' lang='lat' dir='ltr'><strong>ultra</strong></span> <span class='ocrx_word' id='word_1_100' title='bbox 695 1339 952 1411; x_wconf 88' lang='lat' dir='ltr'><strong>diaboli</strong></span> <span class='ocrx_word' id='word_1_101' title='bbox 989 1341 1400 1412; x_wconf 88' lang='lat' dir='ltr'><strong>satellitibus</strong></span> <span class='ocrx_word' id='word_1_102' title='bbox 1433 1352 1753 1429; x_wconf 85' lang='lat' dir='ltr'><strong>superata</strong></span> <span class='ocrx_word' id='word_1_103' title='bbox 1816 1342 2123 1430; x_wconf 84' lang='lat' dir='ltr'><strong>ingerere</strong></span> <span class='ocrx_word' id='word_1_104' title='bbox 2177 1352 2536 1421; x_wconf 87' lang='lat' dir='ltr'><strong>tormenta,</strong></span> <span class='ocrx_word' id='word_1_105' title='bbox 2588 1339 2783 1430; x_wconf 91' lang='lat' dir='ltr'><strong>capi-</strong></span> 
     </span>
     <span class='ocr_line' id='line_1_13' title="bbox 236 1428 2783 1515; baseline 0 -17"><span class='ocrx_word' id='word_1_106' title='bbox 236 1428 585 1515; x_wconf 89' lang='lat' dir='ltr'><strong>talemque</strong></span> <span class='ocrx_word' id='word_1_107' title='bbox 632 1431 1039 1500; x_wconf 91' lang='lat' dir='ltr'><strong>sententiam</strong></span> <span class='ocrx_word' id='word_1_108' title='bbox 1092 1430 1608 1511; x_wconf 83' lang='lat' dir='ltr'><strong>meditantibus,</strong></span> <span class='ocrx_word' id='word_1_109' title='bbox 1640 1442 1720 1499; x_wconf 92' lang='lat' dir='ltr'><strong>ut</strong></span> <span class='ocrx_word' id='word_1_110' title='bbox 1765 1428 1865 1497; x_wconf 87' lang='lat' dir='ltr'><strong>vel</strong></span> <span class='ocrx_word' id='word_1_111' title='bbox 1918 1429 2056 1498; x_wconf 88' lang='lat' dir='ltr'><strong>fine</strong></span> <span class='ocrx_word' id='word_1_112' title='bbox 2078 1428 2377 1498; x_wconf 87' lang='lat' dir='ltr'><strong>carnalis</strong></span> <span class='ocrx_word' id='word_1_113' title='bbox 2426 1443 2581 1498; x_wconf 91' lang='lat' dir='ltr'><strong>tuae</strong></span> <span class='ocrx_word' id='word_1_114' title='bbox 2607 1429 2783 1498; x_wconf 85' lang='lat' dir='ltr'><strong>vitae</strong></span> 
     </span>
     <span class='ocr_line' id='line_1_14' title="bbox 233 1517 2781 1608; baseline 0 -22"><span class='ocrx_word' id='word_1_115' title='bbox 233 1517 419 1586; x_wconf 80' lang='lat' dir='ltr'><strong>vinci</strong></span> <span class='ocrx_word' id='word_1_116' title='bbox 469 1517 882 1600; x_wconf 87' lang='lat' dir='ltr'><strong>desinerent,</strong></span> <span class='ocrx_word' id='word_1_117' title='bbox 944 1519 1276 1589; x_wconf 89' lang='lat' dir='ltr'><strong>Dominus</strong></span> <span class='ocrx_word' id='word_1_118' title='bbox 1327 1532 1559 1588; x_wconf 89' lang='lat' dir='ltr'><strong>noster</strong></span> <span class='ocrx_word' id='word_1_119' title='bbox 1612 1517 1807 1586; x_wconf 89' lang='lat' dir='ltr'><strong>fortis</strong></span> <span class='ocrx_word' id='word_1_120' title='bbox 1853 1530 1918 1586; x_wconf 92' lang='lat' dir='ltr'><strong>et</strong></span> <span class='ocrx_word' id='word_1_121' title='bbox 1966 1530 2205 1608; x_wconf 89' lang='lat' dir='ltr'><strong>potens</strong></span> <span class='ocrx_word' id='word_1_122' title='bbox 2252 1532 2316 1586; x_wconf 90' lang='lat' dir='ltr'><strong>et</strong></span> <span class='ocrx_word' id='word_1_123' title='bbox 2362 1517 2661 1587; x_wconf 86' lang='lat' dir='ltr'><strong>invictus</strong></span> <span class='ocrx_word' id='word_1_124' title='bbox 2710 1519 2781 1586; x_wconf 90' lang='lat' dir='ltr'><strong>in</strong></span> 
     </span>
     <span class='ocr_line' id='line_1_15' title="bbox 234 1605 2784 1698; baseline 0 -23"><span class='ocrx_word' id='word_1_125' title='bbox 234 1606 522 1696; x_wconf 87' lang='lat' dir='ltr'><strong>praelio,</strong></span> <span class='ocrx_word' id='word_1_126' title='bbox 562 1607 960 1698; x_wconf 76' lang='lat' dir='ltr'><strong>conspicuis</strong></span> <span class='ocrx_word' id='word_1_127' title='bbox 1008 1607 1450 1679; x_wconf 87' lang='lat' dir='ltr'><strong>mirabilibus</strong></span> <span class='ocrx_word' id='word_1_128' title='bbox 1497 1620 1770 1697; x_wconf 84' lang='lat' dir='ltr'><strong>pectora</strong></span> <span class='ocrx_word' id='word_1_129' title='bbox 1822 1607 2203 1693; x_wconf 86' lang='lat' dir='ltr'><strong>quamlibet</strong></span> <span class='ocrx_word' id='word_1_130' title='bbox 2249 1605 2588 1676; x_wconf 90' lang='lat' dir='ltr'><strong>obdurata</strong></span> <span class='ocrx_word' id='word_1_131' title='bbox 2619 1628 2784 1676; x_wconf 93' lang='lat' dir='ltr'><strong>con-</strong></span> 
     </span>
     <span class='ocr_line' id='line_1_16' title="bbox 233 1695 2784 1787; baseline 0.001 -24"><span class='ocrx_word' id='word_1_132' title='bbox 233 1695 441 1765; x_wconf 81' lang='lat' dir='ltr'><strong>fudit.</strong></span> <span class='ocrx_word' id='word_1_133' title='bbox 481 1699 646 1765; x_wconf 85' lang='lat' dir='ltr'><strong>Nam</strong></span> <span class='ocrx_word' id='word_1_134' title='bbox 688 1695 1013 1777; x_wconf 83' lang='lat' dir='ltr'><strong>carnifex,</strong></span> <span class='ocrx_word' id='word_1_135' title='bbox 1069 1698 1190 1784; x_wconf 88' lang='lat' dir='ltr'><strong>qui</strong></span> <span class='ocrx_word' id='word_1_136' title='bbox 1237 1697 1307 1766; x_wconf 90' lang='lat' dir='ltr'><strong>in</strong></span> <span class='ocrx_word' id='word_1_137' title='bbox 1360 1696 1626 1776; x_wconf 86' lang='lat' dir='ltr'><strong>itinere,</strong></span> <span class='ocrx_word' id='word_1_138' title='bbox 1662 1716 1799 1783; x_wconf 92' lang='lat' dir='ltr'><strong>quo</strong></span> <span class='ocrx_word' id='word_1_139' title='bbox 1850 1717 2323 1787; x_wconf 85' lang='lat' dir='ltr'><strong>percussorem</strong></span> <span class='ocrx_word' id='word_1_140' title='bbox 2357 1709 2551 1766; x_wconf 88' lang='lat' dir='ltr'><strong>tuum</strong></span> <span class='ocrx_word' id='word_1_141' title='bbox 2588 1717 2784 1766; x_wconf 82' lang='lat' dir='ltr'><strong>sacra</strong></span> 
     </span>
     <span class='ocr_line' id='line_1_17' title="bbox 231 1782 2783 1872; baseline 0.001 -20"><span class='ocrx_word' id='word_1_142' title='bbox 231 1784 515 1854; x_wconf 86' lang='lat' dir='ltr'><strong>victima</strong></span> <span class='ocrx_word' id='word_1_143' title='bbox 547 1785 966 1872; x_wconf 88' lang='lat' dir='ltr'><strong>sequebaris,</strong></span> <span class='ocrx_word' id='word_1_144' title='bbox 998 1788 1326 1855; x_wconf 83' lang='lat' dir='ltr'><strong>cervicem</strong></span> <span class='ocrx_word' id='word_1_145' title='bbox 1374 1799 1560 1855; x_wconf 90' lang='lat' dir='ltr'><strong>tuam</strong></span> <span class='ocrx_word' id='word_1_146' title='bbox 1604 1782 1952 1854; x_wconf 89' lang='lat' dir='ltr'><strong>insultans</strong></span> <span class='ocrx_word' id='word_1_147' title='bbox 1992 1784 2352 1854; x_wconf 84' lang='lat' dir='ltr'><strong>minaciter</strong></span> <span class='ocrx_word' id='word_1_148' title='bbox 2399 1784 2783 1872; x_wconf 76' lang='lat' dir='ltr'><strong>attingendi</strong></span> 
     </span>
     <span class='ocr_line' id='line_1_18' title="bbox 213 1872 2781 1964; baseline 0 -22"><span class='ocrx_word' id='word_1_149' title='bbox 213 1873 619 1943; x_wconf 85' lang='lat' dir='ltr'><strong>&#39;temeritate</strong></span> <span class='ocrx_word' id='word_1_150' title='bbox 653 1873 1040 1955; x_wconf 79' lang='lat' dir='ltr'><strong>violaverat,</strong></span> <span class='ocrx_word' id='word_1_151' title='bbox 1071 1874 1268 1961; x_wconf 86' lang='lat' dir='ltr'><strong>quasi</strong></span> <span class='ocrx_word' id='word_1_152' title='bbox 1305 1874 1482 1943; x_wconf 89' lang='lat' dir='ltr'><strong>ictus</strong></span> <span class='ocrx_word' id='word_1_153' title='bbox 1530 1873 1638 1943; x_wconf 90' lang='lat' dir='ltr'><strong>sui</strong></span> <span class='ocrx_word' id='word_1_154' title='bbox 1673 1872 1902 1942; x_wconf 91' lang='lat' dir='ltr'><strong>locum</strong></span> <span class='ocrx_word' id='word_1_155' title='bbox 1956 1888 2435 1962; x_wconf 86' lang='lat' dir='ltr'><strong>praecurrente</strong></span> <span class='ocrx_word' id='word_1_156' title='bbox 2467 1872 2781 1964; x_wconf 88' lang='lat' dir='ltr'><strong>gladium</strong></span> 
     </span>
     <span class='ocr_line' id='line_1_19' title="bbox 230 1961 2607 2052; baseline 0.001 -23"><span class='ocrx_word' id='word_1_157' title='bbox 230 1982 453 2031; x_wconf 88' lang='lat' dir='ltr'><strong>manu</strong></span> <span class='ocrx_word' id='word_1_158' title='bbox 495 1961 810 2052; x_wconf 85' lang='lat' dir='ltr'><strong>palpans,</strong></span> <span class='ocrx_word' id='word_1_159' title='bbox 864 1964 1171 2032; x_wconf 85' lang='lat' dir='ltr'><strong>excussis</strong></span> <span class='ocrx_word' id='word_1_160' title='bbox 1219 1962 1378 2032; x_wconf 89' lang='lat' dir='ltr'><strong>ilico</strong></span> <span class='ocrx_word' id='word_1_161' title='bbox 1408 1961 1653 2042; x_wconf 83' lang='lat' dir='ltr'><strong>oculiS,</strong></span> <span class='ocrx_word' id='word_1_162' title='bbox 1708 1962 2031 2031; x_wconf 86' lang='lat' dir='ltr'><strong>caecitate</strong></span> <span class='ocrx_word' id='word_1_163' title='bbox 2066 1984 2438 2052; x_wconf 89' lang='lat' dir='ltr'><strong>percussus</strong></span> <span class='ocrx_word' id='word_1_164' title='bbox 2484 1974 2607 2032; x_wconf 89' lang='lat' dir='ltr'><strong>est.</strong></span> 
     </span>
    </p>

    <p class='ocr_par' dir='ltr' id='par_1_3' title="bbox 232 2048 2790 4275">
     <span class='ocr_line' id='line_1_20' title="bbox 325 2048 2783 2138; baseline -0.001 -16"><span class='ocrx_word' id='word_1_165' title='bbox 325 2051 362 2137; x_wconf 67' lang='grc' dir='ltr'>ξ</span> <span class='ocrx_word' id='word_1_166' title='bbox 407 2055 495 2122; x_wconf 71' lang='lat'><strong>5.</strong></span> <span class='ocrx_word' id='word_1_167' title='bbox 561 2054 612 2121; x_wconf 92' lang='grc' dir='ltr'><strong>Ο</strong></span> <span class='ocrx_word' id='word_1_168' title='bbox 660 2051 907 2121; x_wconf 87' lang='lat' dir='ltr'><strong>Christi</strong></span> <span class='ocrx_word' id='word_1_169' title='bbox 955 2050 1326 2121; x_wconf 83' lang='lat' dir='ltr'><strong>ineffabilis</strong></span> <span class='ocrx_word' id='word_1_170' title='bbox 1384 2050 1696 2133; x_wconf 81' lang='lat' dir='ltr'><strong>bonitaS,</strong></span> <span class='ocrx_word' id='word_1_171' title='bbox 1748 2063 2086 2138; x_wconf 87' lang='lat' dir='ltr'><strong>quantum</strong></span> <span class='ocrx_word' id='word_1_172' title='bbox 2138 2052 2205 2120; x_wconf 92' lang='lat' dir='ltr'><strong>in</strong></span> <span class='ocrx_word' id='word_1_173' title='bbox 2261 2074 2425 2122; x_wconf 88' lang='lat' dir='ltr'><strong>suos</strong></span> <span class='ocrx_word' id='word_1_174' title='bbox 2486 2048 2783 2121; x_wconf 87' lang='lat' dir='ltr'><strong>ostendit</strong></span> 
     </span>
     <span class='ocr_line' id='line_1_21' title="bbox 232 2137 2779 2229; baseline 0.001 -22"><span class='ocrx_word' id='word_1_175' title='bbox 232 2137 555 2208; x_wconf 82' lang='lat' dir='ltr'><strong>affectum</strong></span> <span class='ocrx_word' id='word_1_176' title='bbox 589 2143 602 2208; x_wconf 85' lang='lat' dir='ltr'><strong>l</strong></span> <span class='ocrx_word' id='word_1_177' title='bbox 641 2140 978 2229; x_wconf 85' lang='lat' dir='ltr'><strong>Injuriam</strong></span> <span class='ocrx_word' id='word_1_178' title='bbox 1006 2139 1419 2210; x_wconf 86' lang='lat' dir='ltr'><strong>confessoris</strong></span> <span class='ocrx_word' id='word_1_179' title='bbox 1452 2139 1562 2209; x_wconf 91' lang='lat' dir='ltr'><strong>sui</strong></span> <span class='ocrx_word' id='word_1_180' title='bbox 1611 2161 1745 2210; x_wconf 90' lang='lat' dir='ltr'><strong>non</strong></span> <span class='ocrx_word' id='word_1_181' title='bbox 1790 2138 1943 2209; x_wconf 86' lang='lat' dir='ltr'><strong>tulit</strong></span> <span class='ocrx_word' id='word_1_182' title='bbox 1981 2139 2425 2229; x_wconf 85' lang='lat' dir='ltr'><strong>impunitam,</strong></span> <span class='ocrx_word' id='word_1_183' title='bbox 2478 2139 2598 2226; x_wconf 89' lang='lat' dir='ltr'><strong>qui</strong></span> <span class='ocrx_word' id='word_1_184' title='bbox 2630 2139 2779 2209; x_wconf 90' lang='lat' dir='ltr'><strong>suis</strong></span> 
     </span>
     <span class='ocr_line' id='line_1_22' title="bbox 235 2227 2784 2319; baseline 0 -23"><span class='ocrx_word' id='word_1_185' title='bbox 235 2227 771 2299; x_wconf 82' lang='lat' dir='ltr'><strong>crucifixoribus</strong></span> <span class='ocrx_word' id='word_1_186' title='bbox 796 2229 1058 2318; x_wconf 89' lang='lat' dir='ltr'><strong>rogavit</strong></span> <span class='ocrx_word' id='word_1_187' title='bbox 1087 2229 1391 2319; x_wconf 88' lang='lat' dir='ltr'><strong>ignosci:</strong></span> <span class='ocrx_word' id='word_1_188' title='bbox 1431 2228 1922 2298; x_wconf 89' lang='lat' dir='ltr'><strong>contumeliam</strong></span> <span class='ocrx_word' id='word_1_189' title='bbox 1961 2229 2286 2318; x_wconf 87' lang='lat' dir='ltr'><strong>martyris</strong></span> <span class='ocrx_word' id='word_1_190' title='bbox 2329 2229 2555 2299; x_wconf 88' lang='lat' dir='ltr'><strong>statim</strong></span> <span class='ocrx_word' id='word_1_191' title='bbox 2592 2227 2784 2298; x_wconf 92' lang='lat' dir='ltr'><strong>ultus</strong></span> 
     </span>
     <span class='ocr_line' id='line_1_23' title="bbox 234 2316 2786 2407; baseline 0 -23"><span class='ocrx_word' id='word_1_192' title='bbox 234 2329 362 2397; x_wconf 92' lang='lat' dir='ltr'><strong>est,</strong></span> <span class='ocrx_word' id='word_1_193' title='bbox 399 2317 520 2403; x_wconf 91' lang='lat' dir='ltr'><strong>qui</strong></span> <span class='ocrx_word' id='word_1_194' title='bbox 561 2318 953 2407; x_wconf 84' lang='lat' dir='ltr'><strong>passionem</strong></span> <span class='ocrx_word' id='word_1_195' title='bbox 1006 2340 1202 2387; x_wconf 91' lang='lat' dir='ltr'><strong>suam</strong></span> <span class='ocrx_word' id='word_1_196' title='bbox 1256 2316 1477 2387; x_wconf 89' lang='lat' dir='ltr'><strong>noluit</strong></span> <span class='ocrx_word' id='word_1_197' title='bbox 1524 2317 1884 2386; x_wconf 88' lang='lat' dir='ltr'><strong>vindicari.</strong></span> <span class='ocrx_word' id='word_1_198' title='bbox 1923 2317 2051 2387; x_wconf 91' lang='lat' dir='ltr'><strong>Sed</strong></span> <span class='ocrx_word' id='word_1_199' title='bbox 2100 2318 2334 2407; x_wconf 90' lang='lat' dir='ltr'><strong>eaipsa</strong></span> <span class='ocrx_word' id='word_1_200' title='bbox 2382 2319 2509 2397; x_wconf 89' lang='lat' dir='ltr'><strong>ira,</strong></span> <span class='ocrx_word' id='word_1_201' title='bbox 2559 2317 2786 2405; x_wconf 90' lang='lat' dir='ltr'><strong>pietas</strong></span> 
     </span>
     <span class='ocr_line' id='line_1_24' title="bbox 234 2405 2778 2495; baseline 0 -23"><span class='ocrx_word' id='word_1_202' title='bbox 234 2418 361 2473; x_wconf 88' lang='lat' dir='ltr'><strong>est.</strong></span> <span class='ocrx_word' id='word_1_203' title='bbox 398 2405 662 2476; x_wconf 90' lang='lat' dir='ltr'><strong>Idcirco</strong></span> <span class='ocrx_word' id='word_1_204' title='bbox 701 2407 885 2477; x_wconf 88' lang='lat' dir='ltr'><strong>enim</strong></span> <span class='ocrx_word' id='word_1_205' title='bbox 939 2428 1128 2476; x_wconf 89' lang='lat' dir='ltr'><strong>unus</strong></span> <span class='ocrx_word' id='word_1_206' title='bbox 1174 2419 1492 2477; x_wconf 87' lang='lat' dir='ltr'><strong>caecatus</strong></span> <span class='ocrx_word' id='word_1_207' title='bbox 1538 2419 1679 2488; x_wconf 91' lang='lat' dir='ltr'><strong>est,</strong></span> <span class='ocrx_word' id='word_1_208' title='bbox 1747 2418 1823 2475; x_wconf 91' lang='lat' dir='ltr'><strong>ut</strong></span> <span class='ocrx_word' id='word_1_209' title='bbox 1887 2405 2120 2495; x_wconf 88' lang='lat' dir='ltr'><strong>plures</strong></span> <span class='ocrx_word' id='word_1_210' title='bbox 2171 2405 2778 2475; x_wconf 88' lang='lat' dir='ltr'><strong>illuminarentur:</strong></span> 
     </span>
     <span class='ocr_line' id='line_1_25' title="bbox 234 2493 2782 2584; baseline 0 -21"><span class='ocrx_word' id='word_1_211' title='bbox 234 2506 302 2563; x_wconf 87' lang='lat' dir='ltr'><strong>et</strong></span> <span class='ocrx_word' id='word_1_212' title='bbox 347 2494 498 2584; x_wconf 90' lang='lat' dir='ltr'><strong>ipse</strong></span> <span class='ocrx_word' id='word_1_213' title='bbox 545 2494 853 2577; x_wconf 80' lang='lat' dir='ltr'><strong>forsitan,</strong></span> <span class='ocrx_word' id='word_1_214' title='bbox 895 2496 1016 2584; x_wconf 92' lang='lat' dir='ltr'><strong>qui</strong></span> <span class='ocrx_word' id='word_1_215' title='bbox 1048 2495 1285 2567; x_wconf 88' lang='lat' dir='ltr'><strong>oculos</strong></span> <span class='ocrx_word' id='word_1_216' title='bbox 1331 2493 1563 2565; x_wconf 92' lang='lat' dir='ltr'><strong>carnis</strong></span> <span class='ocrx_word' id='word_1_217' title='bbox 1595 2495 1943 2575; x_wconf 88' lang='lat' dir='ltr'><strong>amiserat,</strong></span> <span class='ocrx_word' id='word_1_218' title='bbox 1997 2494 2266 2565; x_wconf 90' lang='lat' dir='ltr'><strong>lumina</strong></span> <span class='ocrx_word' id='word_1_219' title='bbox 2316 2494 2565 2565; x_wconf 90' lang='lat' dir='ltr'><strong>mentis</strong></span> <span class='ocrx_word' id='word_1_220' title='bbox 2598 2494 2782 2564; x_wconf 90' lang='lat' dir='ltr'><strong>acci-</strong></span> 
     </span>
     <span class='ocr_line' id='line_1_26' title="bbox 234 2582 2784 2677; baseline 0 -26"><span class='ocrx_word' id='word_1_221' title='bbox 234 2596 451 2674; x_wconf 87' lang='lat' dir='ltr'><strong>peret.</strong></span> <span class='ocrx_word' id='word_1_222' title='bbox 508 2585 744 2654; x_wconf 91' lang='lat' dir='ltr'><strong>Statim</strong></span> <span class='ocrx_word' id='word_1_223' title='bbox 781 2585 1108 2677; x_wconf 77' lang='lat' dir='ltr'><strong>deinceps</strong></span> <span class='ocrx_word' id='word_1_224' title='bbox 1149 2585 1406 2675; x_wconf 86' lang='lat' dir='ltr'><strong>majore</strong></span> <span class='ocrx_word' id='word_1_225' title='bbox 1458 2584 1912 2666; x_wconf 87' lang='lat' dir='ltr'><strong>documento,</strong></span> <span class='ocrx_word' id='word_1_226' title='bbox 1965 2584 2087 2671; x_wconf 87' lang='lat' dir='ltr'><strong>qui</strong></span> <span class='ocrx_word' id='word_1_227' title='bbox 2135 2584 2366 2655; x_wconf 89' lang='lat' dir='ltr'><strong>feralis</strong></span> <span class='ocrx_word' id='word_1_228' title='bbox 2427 2582 2784 2654; x_wconf 91' lang='lat' dir='ltr'><strong>custodiae</strong></span> 
     </span>
     <span class='ocr_line' id='line_1_27' title="bbox 234 2670 2780 2763; baseline 0 -24"><span class='ocrx_word' id='word_1_229' title='bbox 234 2671 706 2743; x_wconf 90' lang='lat' dir='ltr'><strong>ministerium</strong></span> <span class='ocrx_word' id='word_1_230' title='bbox 771 2674 959 2744; x_wconf 90' lang='lat' dir='ltr'><strong>triste</strong></span> <span class='ocrx_word' id='word_1_231' title='bbox 1006 2674 1367 2754; x_wconf 89' lang='lat' dir='ltr'><strong>curabant,</strong></span> <span class='ocrx_word' id='word_1_232' title='bbox 1422 2695 1597 2760; x_wconf 90' lang='lat' dir='ltr'><strong>quas</strong></span> <span class='ocrx_word' id='word_1_233' title='bbox 1643 2673 1780 2763; x_wconf 90' lang='lat' dir='ltr'><strong>ipsi</strong></span> <span class='ocrx_word' id='word_1_234' title='bbox 1824 2673 2080 2744; x_wconf 85' lang='lat' dir='ltr'><strong>arctius</strong></span> <span class='ocrx_word' id='word_1_235' title='bbox 2137 2673 2526 2744; x_wconf 74' lang='lat' dir='ltr'><strong>innodatas,</strong></span> <span class='ocrx_word' id='word_1_236' title='bbox 2580 2685 2644 2742; x_wconf 93' lang='lat' dir='ltr'><strong>et</strong></span> <span class='ocrx_word' id='word_1_237' title='bbox 2693 2670 2780 2741; x_wconf 87' lang='lat' dir='ltr'><strong>ad</strong></span> 
     </span>
     <span class='ocr_line' id='line_1_28' title="bbox 234 2760 2787 2854; baseline 0 -25"><span class='ocrx_word' id='word_1_238' title='bbox 234 2781 393 2830; x_wconf 89' lang='lat' dir='ltr'><strong>ossa</strong></span> <span class='ocrx_word' id='word_1_239' title='bbox 443 2760 804 2852; x_wconf 83' lang='lat' dir='ltr'><strong>depressas</strong></span> <span class='ocrx_word' id='word_1_240' title='bbox 852 2762 951 2832; x_wconf 91' lang='lat' dir='ltr'><strong>vel</strong></span> <span class='ocrx_word' id='word_1_241' title='bbox 1002 2763 1292 2854; x_wconf 83' lang='lat' dir='ltr'><strong>exiguo,</strong></span> <span class='ocrx_word' id='word_1_242' title='bbox 1346 2762 1753 2854; x_wconf 89' lang='lat' dir='ltr'><strong>rogantibus</strong></span> <span class='ocrx_word' id='word_1_243' title='bbox 1803 2762 2031 2844; x_wconf 77' lang='lat' dir='ltr'><strong>vobiS,</strong></span> <span class='ocrx_word' id='word_1_244' title='bbox 2085 2761 2419 2832; x_wconf 83' lang='lat' dir='ltr'><strong>beneficio</strong></span> <span class='ocrx_word' id='word_1_245' title='bbox 2480 2761 2787 2832; x_wconf 82' lang='lat' dir='ltr'><strong>relaxare</strong></span> 
     </span>
     <span class='ocr_line' id='line_1_29' title="bbox 235 2849 2788 2941; baseline 0 -23"><span class='ocrx_word' id='word_1_246' title='bbox 235 2849 605 2921; x_wconf 87' lang='lat' dir='ltr'><strong>noluerant</strong></span> <span class='ocrx_word' id='word_1_247' title='bbox 654 2864 952 2934; x_wconf 88' lang='lat' dir='ltr'><strong>catenas,</strong></span> <span class='ocrx_word' id='word_1_248' title='bbox 1006 2873 1334 2923; x_wconf 89' lang='lat' dir='ltr'><strong>conversa</strong></span> <span class='ocrx_word' id='word_1_249' title='bbox 1384 2851 1451 2919; x_wconf 90' lang='lat' dir='ltr'><strong>in</strong></span> <span class='ocrx_word' id='word_1_250' title='bbox 1515 2865 1890 2940; x_wconf 89' lang='lat' dir='ltr'><strong>conspectu</strong></span> <span class='ocrx_word' id='word_1_251' title='bbox 1938 2852 1960 2919; x_wconf 92' lang='lat' dir='ltr'><strong>i</strong></span> <span class='ocrx_word' id='word_1_252' title='bbox 2014 2872 2248 2919; x_wconf 89' lang='lat' dir='ltr'><strong>sorum</strong></span> <span class='ocrx_word' id='word_1_253' title='bbox 2311 2872 2510 2941; x_wconf 91' lang='lat' dir='ltr'><strong>prece</strong></span> <span class='ocrx_word' id='word_1_254' title='bbox 2561 2863 2788 2920; x_wconf 81' lang='lat' dir='ltr'><strong>vestra</strong></span> 
     </span>
     <span class='ocr_line' id='line_1_30' title="bbox 235 2937 2782 3031; baseline -0.001 -24"><span class='ocrx_word' id='word_1_255' title='bbox 235 2937 323 3007; x_wconf 89' lang='lat' dir='ltr'><strong>ad</strong></span> <span class='ocrx_word' id='word_1_256' title='bbox 376 2942 587 3009; x_wconf 90' lang='lat' dir='ltr'><strong>Deum</strong></span> <span class='ocrx_word' id='word_1_257' title='bbox 641 2939 1010 3021; x_wconf 88' lang='lat' dir='ltr'><strong>Christum,</strong></span> <span class='ocrx_word' id='word_1_258' title='bbox 1048 2954 1290 3031; x_wconf 89' lang='lat' dir='ltr'><strong>sponte</strong></span> <span class='ocrx_word' id='word_1_259' title='bbox 1318 2940 1403 3009; x_wconf 95' lang='lat' dir='ltr'><strong>de</strong></span> <span class='ocrx_word' id='word_1_260' title='bbox 1452 2940 1779 3009; x_wconf 89' lang='lat' dir='ltr'><strong>manibus</strong></span> <span class='ocrx_word' id='word_1_261' title='bbox 1804 2939 1970 3010; x_wconf 90' lang='lat' dir='ltr'><strong>abso</strong></span> <span class='ocrx_word' id='word_1_262' title='bbox 2002 2940 2141 3009; x_wconf 90' lang='lat' dir='ltr'><strong>utis</strong></span> <span class='ocrx_word' id='word_1_263' title='bbox 2169 2941 2383 3010; x_wconf 90' lang='lat' dir='ltr'><strong>fluere</strong></span> <span class='ocrx_word' id='word_1_264' title='bbox 2432 2939 2782 3009; x_wconf 91' lang='lat' dir='ltr'><strong>viderunt:</strong></span> 
     </span>
     <span class='ocr_line' id='line_1_31' title="bbox 233 3028 2788 3119; baseline 0.001 -24"><span class='ocrx_word' id='word_1_265' title='bbox 233 3048 361 3095; x_wconf 89' lang='lat' dir='ltr'><strong>nec</strong></span> <span class='ocrx_word' id='word_1_266' title='bbox 411 3028 566 3097; x_wconf 88' lang='lat' dir='ltr'><strong>ausi</strong></span> <span class='ocrx_word' id='word_1_267' title='bbox 612 3041 955 3100; x_wconf 88' lang='lat' dir='ltr'><strong>renectere</strong></span> <span class='ocrx_word' id='word_1_268' title='bbox 999 3028 1180 3117; x_wconf 90' lang='lat' dir='ltr'><strong>quod</strong></span> <span class='ocrx_word' id='word_1_269' title='bbox 1251 3035 1428 3099; x_wconf 90' lang='lat' dir='ltr'><strong>Deus</strong></span> <span class='ocrx_word' id='word_1_270' title='bbox 1482 3029 1796 3109; x_wconf 88' lang='lat' dir='ltr'><strong>solverat,</strong></span> <span class='ocrx_word' id='word_1_271' title='bbox 1848 3028 1932 3098; x_wconf 93' lang='lat' dir='ltr'><strong>ad</strong></span> <span class='ocrx_word' id='word_1_272' title='bbox 1992 3028 2316 3098; x_wconf 88' lang='lat' dir='ltr'><strong>Comitem</strong></span> <span class='ocrx_word' id='word_1_273' title='bbox 2378 3028 2608 3119; x_wconf 88' lang='lat' dir='ltr'><strong>pavidi</strong></span> <span class='ocrx_word' id='word_1_274' title='bbox 2666 3049 2788 3098; x_wconf 93' lang='lat' dir='ltr'><strong>cu-</strong></span> 
     </span>
     <span class='ocr_line' id='line_1_32' title="bbox 236 3116 2787 3209; baseline 0 -24"><span class='ocrx_word' id='word_1_275' title='bbox 236 3128 629 3195; x_wconf 90' lang='lat' dir='ltr'><strong>currerunt,</strong></span> <span class='ocrx_word' id='word_1_276' title='bbox 684 3118 1031 3188; x_wconf 89' lang='lat' dir='ltr'><strong>veritatem</strong></span> <span class='ocrx_word' id='word_1_277' title='bbox 1083 3118 1198 3188; x_wconf 87' lang='lat' dir='ltr'><strong>Dei</strong></span> <span class='ocrx_word' id='word_1_278' title='bbox 1237 3140 1364 3209; x_wconf 91' lang='lat' dir='ltr'><strong>pro</strong></span> <span class='ocrx_word' id='word_1_279' title='bbox 1410 3117 1922 3189; x_wconf 84' lang='lat' dir='ltr'><strong>confessoribus</strong></span> <span class='ocrx_word' id='word_1_280' title='bbox 1953 3116 2377 3188; x_wconf 82' lang='lat' dir='ltr'><strong>confitentes.</strong></span> <span class='ocrx_word' id='word_1_281' title='bbox 2432 3117 2624 3200; x_wconf 88' lang='lat' dir='ltr'><strong>Quod</strong></span> <span class='ocrx_word' id='word_1_282' title='bbox 2665 3139 2787 3186; x_wconf 91' lang='lat' dir='ltr'><strong>au-</strong></span> 
     </span>
     <span class='ocr_line' id='line_1_33' title="bbox 238 3203 2788 3297; baseline 0.001 -25"><span class='ocrx_word' id='word_1_283' title='bbox 238 3203 463 3275; x_wconf 91' lang='lat' dir='ltr'><strong>ditum</strong></span> <span class='ocrx_word' id='word_1_284' title='bbox 517 3204 836 3297; x_wconf 77' lang='lat' dir='ltr'><strong>religiose</strong></span> <span class='ocrx_word' id='word_1_285' title='bbox 872 3221 937 3276; x_wconf 91' lang='lat' dir='ltr'><strong>et</strong></span> <span class='ocrx_word' id='word_1_286' title='bbox 967 3206 1331 3288; x_wconf 88' lang='lat' dir='ltr'><strong>creditum,</strong></span> <span class='ocrx_word' id='word_1_287' title='bbox 1386 3213 1623 3276; x_wconf 88' lang='lat' dir='ltr'><strong>Comes</strong></span> <span class='ocrx_word' id='word_1_288' title='bbox 1671 3207 1972 3297; x_wconf 87' lang='lat' dir='ltr'><strong>principi</strong></span> <span class='ocrx_word' id='word_1_289' title='bbox 2011 3227 2139 3287; x_wconf 81' lang='lat' dir='ltr'><strong>suo</strong></span> <span class='ocrx_word' id='word_1_290' title='bbox 2183 3229 2346 3277; x_wconf 91' lang='lat' dir='ltr'><strong>cum</strong></span> <span class='ocrx_word' id='word_1_291' title='bbox 2397 3205 2788 3276; x_wconf 89' lang='lat' dir='ltr'><strong>testimonio</strong></span> 
     </span>
     <span class='ocr_line' id='line_1_34' title="bbox 236 3288 2787 3387; baseline 0 -25"><span class='ocrx_word' id='word_1_292' title='bbox 236 3294 539 3364; x_wconf 90' lang='lat' dir='ltr'><strong>militum</strong></span> <span class='ocrx_word' id='word_1_293' title='bbox 585 3295 837 3364; x_wconf 89' lang='lat' dir='ltr'><strong>retulit.</strong></span> <span class='ocrx_word' id='word_1_294' title='bbox 892 3300 968 3365; x_wconf 89' lang='lat' dir='ltr'><strong>Et</strong></span> <span class='ocrx_word' id='word_1_295' title='bbox 1016 3308 1092 3366; x_wconf 94' lang='lat' dir='ltr'><strong>ut</strong></span> <span class='ocrx_word' id='word_1_296' title='bbox 1124 3296 1348 3387; x_wconf 88' lang='lat' dir='ltr'><strong>ipsius</strong></span> <span class='ocrx_word' id='word_1_297' title='bbox 1393 3317 1669 3383; x_wconf 91' lang='lat' dir='ltr'><strong>quoque</strong></span> <span class='ocrx_word' id='word_1_298' title='bbox 1702 3288 2054 3385; x_wconf 74' lang='lat' dir='ltr'><strong>l‘epentina</strong></span> <span class='ocrx_word' id='word_1_299' title='bbox 2083 3295 2165 3364; x_wconf 87' lang='lat' dir='ltr'><strong>ad</strong></span> <span class='ocrx_word' id='word_1_300' title='bbox 2218 3295 2655 3365; x_wconf 86' lang='lat' dir='ltr'><strong>clementiam</strong></span> <span class='ocrx_word' id='word_1_301' title='bbox 2701 3295 2787 3363; x_wconf 93' lang='lat' dir='ltr'><strong>de</strong></span> 
     </span>
     <span class='ocr_line' id='line_1_35' title="bbox 237 3381 2786 3473; baseline 0 -23"><span class='ocrx_word' id='word_1_302' title='bbox 237 3381 472 3453; x_wconf 84' lang='lat' dir='ltr'><strong>furore</strong></span> <span class='ocrx_word' id='word_1_303' title='bbox 517 3384 874 3454; x_wconf 88' lang='lat' dir='ltr'><strong>conversio</strong></span> <span class='ocrx_word' id='word_1_304' title='bbox 920 3384 1100 3454; x_wconf 90' lang='lat' dir='ltr'><strong>inter</strong></span> <span class='ocrx_word' id='word_1_305' title='bbox 1163 3384 1508 3454; x_wconf 90' lang='lat' dir='ltr'><strong>mirabilia</strong></span> <span class='ocrx_word' id='word_1_306' title='bbox 1559 3384 1675 3453; x_wconf 89' lang='lat' dir='ltr'><strong>Dei</strong></span> <span class='ocrx_word' id='word_1_307' title='bbox 1739 3398 2241 3466; x_wconf 89' lang='lat' dir='ltr'><strong>numeraretur,</strong></span> <span class='ocrx_word' id='word_1_308' title='bbox 2296 3383 2536 3473; x_wconf 46' lang='lat' dir='ltr'><strong>factus,</strong></span> <span class='ocrx_word' id='word_1_309' title='bbox 2564 3396 2666 3453; x_wconf 88' lang='lat' dir='ltr'><strong>est</strong></span> <span class='ocrx_word' id='word_1_310' title='bbox 2714 3383 2786 3451; x_wconf 91' lang='lat' dir='ltr'><strong>in</strong></span> 
     </span>
     <span class='ocr_line' id='line_1_36' title="bbox 238 3470 2785 3563; baseline 0.001 -24"><span class='ocrx_word' id='word_1_311' title='bbox 238 3484 300 3540; x_wconf 90' lang='lat' dir='ltr'><strong>te</strong></span> <span class='ocrx_word' id='word_1_312' title='bbox 329 3470 763 3562; x_wconf 89' lang='lat' dir='ltr'><strong>praedicator</strong></span> <span class='ocrx_word' id='word_1_313' title='bbox 809 3472 1080 3553; x_wconf 88' lang='lat' dir='ltr'><strong>Christi,</strong></span> <span class='ocrx_word' id='word_1_314' title='bbox 1121 3474 1189 3542; x_wconf 91' lang='lat' dir='ltr'><strong>in</strong></span> <span class='ocrx_word' id='word_1_315' title='bbox 1241 3495 1378 3561; x_wconf 90' lang='lat' dir='ltr'><strong>quo</strong></span> <span class='ocrx_word' id='word_1_316' title='bbox 1425 3495 1574 3543; x_wconf 89' lang='lat' dir='ltr'><strong>esse</strong></span> <span class='ocrx_word' id='word_1_317' title='bbox 1620 3472 1977 3543; x_wconf 87' lang='lat' dir='ltr'><strong>devoverat</strong></span> <span class='ocrx_word' id='word_1_318' title='bbox 2028 3486 2442 3563; x_wconf 88' lang='lat' dir='ltr'><strong>persecutor.</strong></span> <span class='ocrx_word' id='word_1_319' title='bbox 2500 3478 2669 3543; x_wconf 85' lang='lat' dir='ltr'><strong>Puto</strong></span> <span class='ocrx_word' id='word_1_320' title='bbox 2714 3485 2785 3543; x_wconf 90' lang='lat' dir='ltr'><strong>et</strong></span> 
     </span>
     <span class='ocr_line' id='line_1_37' title="bbox 236 3558 2787 3653; baseline 0.001 -25"><span class='ocrx_word' id='word_1_321' title='bbox 236 3558 498 3649; x_wconf 91' lang='lat' dir='ltr'><strong>ipsum,</strong></span> <span class='ocrx_word' id='word_1_322' title='bbox 545 3574 897 3649; x_wconf 87' lang='lat' dir='ltr'><strong>tamquam</strong></span> <span class='ocrx_word' id='word_1_323' title='bbox 936 3562 1210 3631; x_wconf 88' lang='lat' dir='ltr'><strong>Saulem</strong></span> <span class='ocrx_word' id='word_1_324' title='bbox 1245 3561 1646 3650; x_wconf 82' lang='lat' dir='ltr'><strong>aliquandO,</strong></span> <span class='ocrx_word' id='word_1_325' title='bbox 1688 3563 1951 3653; x_wconf 87' lang='lat' dir='ltr'><strong>Spiritu</strong></span> <span class='ocrx_word' id='word_1_326' title='bbox 1990 3566 2238 3632; x_wconf 86' lang='lat' dir='ltr'><strong>Sancto</strong></span> <span class='ocrx_word' id='word_1_327' title='bbox 2276 3562 2602 3632; x_wconf 88' lang='lat' dir='ltr'><strong>Dominus</strong></span> <span class='ocrx_word' id='word_1_328' title='bbox 2652 3562 2787 3630; x_wconf 92' lang='lat' dir='ltr'><strong>im-</strong></span> 
     </span>
     <span class='ocr_line' id='line_1_38' title="bbox 235 3647 2790 3742; baseline -0.001 -24"><span class='ocrx_word' id='word_1_329' title='bbox 235 3647 584 3738; x_wconf 87' lang='lat' dir='ltr'><strong>pleverat:</strong></span> <span class='ocrx_word' id='word_1_330' title='bbox 637 3650 801 3737; x_wconf 89' lang='lat' dir='ltr'><strong>quia</strong></span> <span class='ocrx_word' id='word_1_331' title='bbox 850 3663 916 3720; x_wconf 92' lang='lat' dir='ltr'><strong>et</strong></span> <span class='ocrx_word' id='word_1_332' title='bbox 961 3663 1025 3719; x_wconf 93' lang='lat' dir='ltr'><strong>te</strong></span> <span class='ocrx_word' id='word_1_333' title='bbox 1057 3651 1238 3720; x_wconf 88' lang='lat' dir='ltr'><strong>sicut</strong></span> <span class='ocrx_word' id='word_1_334' title='bbox 1268 3650 1475 3720; x_wconf 87' lang='lat' dir='ltr'><strong>David</strong></span> <span class='ocrx_word' id='word_1_335' title='bbox 1517 3673 1725 3720; x_wconf 90' lang='lat' dir='ltr'><strong>suum</strong></span> <span class='ocrx_word' id='word_1_336' title='bbox 1761 3650 2091 3742; x_wconf 88' lang='lat' dir='ltr'><strong>diligebat</strong></span> <span class='ocrx_word' id='word_1_337' title='bbox 2123 3675 2132 3715; x_wconf 91' lang='lat'><strong>:</strong></span> <span class='ocrx_word' id='word_1_338' title='bbox 2175 3663 2254 3720; x_wconf 91' lang='lat' dir='ltr'><strong>ut</strong></span> <span class='ocrx_word' id='word_1_339' title='bbox 2290 3651 2470 3721; x_wconf 90' lang='lat' dir='ltr'><strong>sicut</strong></span> <span class='ocrx_word' id='word_1_340' title='bbox 2501 3649 2619 3719; x_wconf 93' lang='lat' dir='ltr'><strong>ille</strong></span> <span class='ocrx_word' id='word_1_341' title='bbox 2649 3655 2790 3720; x_wconf 80' lang='lat' dir='ltr'><strong>Rex</strong></span> 
     </span>
     <span class='ocr_line' id='line_1_39' title="bbox 234 3737 2788 3830; baseline -0 -23"><span class='ocrx_word' id='word_1_342' title='bbox 234 3737 617 3825; x_wconf 88' lang='lat' dir='ltr'><strong>quondam,</strong></span> <span class='ocrx_word' id='word_1_343' title='bbox 670 3738 840 3809; x_wconf 90' lang='lat' dir='ltr'><strong>dum</strong></span> <span class='ocrx_word' id='word_1_344' title='bbox 876 3738 961 3808; x_wconf 90' lang='lat' dir='ltr'><strong>ad</strong></span> <span class='ocrx_word' id='word_1_345' title='bbox 1050 3738 1370 3829; x_wconf 89' lang='lat' dir='ltr'><strong>rophetas</strong></span> <span class='ocrx_word' id='word_1_346' title='bbox 1421 3739 1930 3830; x_wconf 83' lang='lat' dir='ltr'><strong>persequendos</strong></span> <span class='ocrx_word' id='word_1_347' title='bbox 1963 3739 2447 3829; x_wconf 80' lang='lat' dir='ltr'><strong>proficiscitur,</strong></span> <span class='ocrx_word' id='word_1_348' title='bbox 2501 3740 2788 3808; x_wconf 82' lang='lat' dir='ltr'><strong>affectus</strong></span> 
     </span>
     <span class='ocr_line' id='line_1_40' title="bbox 234 3826 2788 3919; baseline -0 -24"><span class='ocrx_word' id='word_1_349' title='bbox 234 3840 373 3895; x_wconf 88' lang='lat' dir='ltr'><strong>est:</strong></span> <span class='ocrx_word' id='word_1_350' title='bbox 427 3827 522 3897; x_wconf 89' lang='lat' dir='ltr'><strong>ita</strong></span> <span class='ocrx_word' id='word_1_351' title='bbox 570 3841 636 3897; x_wconf 90' lang='lat' dir='ltr'><strong>et</strong></span> <span class='ocrx_word' id='word_1_352' title='bbox 668 3831 905 3897; x_wconf 90' lang='lat' dir='ltr'><strong>Comes</strong></span> <span class='ocrx_word' id='word_1_353' title='bbox 953 3826 1000 3896; x_wconf 92' lang='lat' dir='ltr'><strong>il</strong></span> <span class='ocrx_word' id='word_1_354' title='bbox 1033 3848 1070 3897; x_wconf 90' lang='lat' dir='ltr'><strong>e</strong></span> <span class='ocrx_word' id='word_1_355' title='bbox 1109 3849 1466 3918; x_wconf 89' lang='lat' dir='ltr'><strong>respersus</strong></span> <span class='ocrx_word' id='word_1_356' title='bbox 1498 3828 1720 3919; x_wconf 75' lang='lat' dir='ltr'><strong>gratia</strong></span> <span class='ocrx_word' id='word_1_357' title='bbox 1756 3829 2050 3908; x_wconf 90' lang='lat' dir='ltr'><strong>Domini,</strong></span> <span class='ocrx_word' id='word_1_358' title='bbox 2085 3850 2264 3915; x_wconf 92' lang='lat' dir='ltr'><strong>quae</strong></span> <span class='ocrx_word' id='word_1_359' title='bbox 2310 3828 2396 3898; x_wconf 94' lang='lat' dir='ltr'><strong>de</strong></span> <span class='ocrx_word' id='word_1_360' title='bbox 2442 3826 2603 3897; x_wconf 87' lang='lat' dir='ltr'><strong>fidei</strong></span> <span class='ocrx_word' id='word_1_361' title='bbox 2630 3840 2788 3896; x_wconf 88' lang='lat' dir='ltr'><strong>tuae</strong></span> 
     </span>
     <span class='ocr_line' id='line_1_41' title="bbox 235 3914 2780 4003; baseline -0 -19"><span class='ocrx_word' id='word_1_362' title='bbox 235 3914 668 3986; x_wconf 90' lang='lat' dir='ltr'><strong>abundantia</strong></span> <span class='ocrx_word' id='word_1_363' title='bbox 702 3915 1161 3998; x_wconf 88' lang='lat' dir='ltr'><strong>redundabat,</strong></span> <span class='ocrx_word' id='word_1_364' title='bbox 1213 3917 1331 4003; x_wconf 92' lang='lat' dir='ltr'><strong>qui</strong></span> <span class='ocrx_word' id='word_1_365' title='bbox 1363 3916 1450 3986; x_wconf 90' lang='lat' dir='ltr'><strong>ad</strong></span> <span class='ocrx_word' id='word_1_366' title='bbox 1549 3915 1933 3986; x_wconf 90' lang='lat' dir='ltr'><strong>uniendum</strong></span> <span class='ocrx_word' id='word_1_367' title='bbox 1985 3916 2446 3987; x_wconf 87' lang='lat' dir='ltr'><strong>consessorem</strong></span> <span class='ocrx_word' id='word_1_368' title='bbox 2482 3925 2780 3994; x_wconf 88' lang='lat' dir='ltr'><strong>venerat,</strong></span> 
     </span>
     <span class='ocr_line' id='line_1_42' title="bbox 232 4002 2789 4095; baseline -0 -23"><span class='ocrx_word' id='word_1_369' title='bbox 232 4015 299 4072; x_wconf 90' lang='lat' dir='ltr'><strong>et</strong></span> <span class='ocrx_word' id='word_1_370' title='bbox 328 4005 476 4095; x_wconf 89' lang='lat' dir='ltr'><strong>ipse</strong></span> <span class='ocrx_word' id='word_1_371' title='bbox 524 4002 876 4075; x_wconf 86' lang='lat' dir='ltr'><strong>confessor</strong></span> <span class='ocrx_word' id='word_1_372' title='bbox 900 4005 1319 4075; x_wconf 87' lang='lat' dir='ltr'><strong>abscederet.</strong></span> <span class='ocrx_word' id='word_1_373' title='bbox 1353 4010 1472 4075; x_wconf 91' lang='lat' dir='ltr'><strong>Cre</strong></span> <span class='ocrx_word' id='word_1_374' title='bbox 1526 4005 1652 4074; x_wconf 93' lang='lat' dir='ltr'><strong>idit</strong></span> <span class='ocrx_word' id='word_1_375' title='bbox 1690 4006 1902 4087; x_wconf 91' lang='lat' dir='ltr'><strong>enim,</strong></span> <span class='ocrx_word' id='word_1_376' title='bbox 1940 4019 2004 4075; x_wconf 91' lang='lat' dir='ltr'><strong>et</strong></span> <span class='ocrx_word' id='word_1_377' title='bbox 2041 4028 2216 4094; x_wconf 91' lang='lat' dir='ltr'><strong>quos</strong></span> <span class='ocrx_word' id='word_1_378' title='bbox 2254 4005 2565 4075; x_wconf 88' lang='lat' dir='ltr'><strong>saeviens</strong></span> <span class='ocrx_word' id='word_1_379' title='bbox 2596 4025 2789 4094; x_wconf 89' lang='lat' dir='ltr'><strong>prae-</strong></span> 
     </span>
     <span class='ocr_line' id='line_1_43' title="bbox 232 4090 2784 4176; baseline 0 -16"><span class='ocrx_word' id='word_1_380' title='bbox 232 4090 601 4163; x_wconf 89' lang='lat' dir='ltr'><strong>damnarat</strong></span> <span class='ocrx_word' id='word_1_381' title='bbox 643 4106 721 4164; x_wconf 90' lang='lat' dir='ltr'><strong>ut</strong></span> <span class='ocrx_word' id='word_1_382' title='bbox 794 4116 992 4176; x_wconf 90' lang='lat' dir='ltr'><strong>reos,</strong></span> <span class='ocrx_word' id='word_1_383' title='bbox 1048 4093 1343 4164; x_wconf 90' lang='lat' dir='ltr'><strong>laudans</strong></span> <span class='ocrx_word' id='word_1_384' title='bbox 1398 4094 1629 4166; x_wconf 88' lang='lat' dir='ltr'><strong>emisit</strong></span> <span class='ocrx_word' id='word_1_385' title='bbox 1678 4107 1754 4164; x_wconf 88' lang='lat' dir='ltr'><strong>ut</strong></span> <span class='ocrx_word' id='word_1_386' title='bbox 1814 4108 2127 4166; x_wconf 90' lang='lat' dir='ltr'><strong>sanctos:</strong></span> <span class='ocrx_word' id='word_1_387' title='bbox 2183 4107 2251 4164; x_wconf 94' lang='lat' dir='ltr'><strong>et</strong></span> <span class='ocrx_word' id='word_1_388' title='bbox 2312 4092 2784 4164; x_wconf 89' lang='lat' dir='ltr'><strong>testimonium</strong></span> 
     </span>
     <span class='ocr_line' id='line_1_44' title="bbox 234 4181 2213 4275; baseline 0.001 -25"><span class='ocrx_word' id='word_1_389' title='bbox 234 4181 591 4270; x_wconf 87' lang='lat' dir='ltr'><strong>perhibuit</strong></span> <span class='ocrx_word' id='word_1_390' title='bbox 621 4182 911 4264; x_wconf 82' lang='lat' dir='ltr'><strong>veritati,</strong></span> <span class='ocrx_word' id='word_1_391' title='bbox 963 4184 1085 4271; x_wconf 91' lang='lat' dir='ltr'><strong>qui</strong></span> <span class='ocrx_word' id='word_1_392' title='bbox 1127 4195 1327 4255; x_wconf 89' lang='lat' dir='ltr'><strong>testes</strong></span> <span class='ocrx_word' id='word_1_393' title='bbox 1361 4182 1522 4252; x_wconf 86' lang='lat' dir='ltr'><strong>fidei</strong></span> <span class='ocrx_word' id='word_1_394' title='bbox 1572 4184 1820 4275; x_wconf 89' lang='lat' dir='ltr'><strong>punire</strong></span> <span class='ocrx_word' id='word_1_395' title='bbox 1868 4182 2213 4274; x_wconf 90' lang='lat' dir='ltr'><strong>cupiebat.</strong></span> 
     </span>
    </p>

    <p class='ocr_par' dir='ltr' id='par_1_4' title="bbox 233 4270 2790 4541">
     <span class='ocr_line' id='line_1_45' title="bbox 324 4270 2776 4372; baseline -0 -31"><span class='ocrx_word' id='word_1_396' title='bbox 324 4278 362 4351; x_wconf 73' lang='grc' dir='ltr'><strong>ἓ</strong></span> <span class='ocrx_word' id='word_1_397' title='bbox 410 4275 504 4341; x_wconf 71' lang='grc'><strong>6.</strong></span> <span class='ocrx_word' id='word_1_398' title='bbox 586 4271 763 4353; x_wconf 89' lang='lat' dir='ltr'><strong>Quid</strong></span> <span class='ocrx_word' id='word_1_399' title='bbox 811 4293 977 4372; x_wconf 86' lang='lat' dir='ltr'><strong>ergo</strong></span> <span class='ocrx_word' id='word_1_400' title='bbox 1027 4271 1364 4342; x_wconf 89' lang='lat' dir='ltr'><strong>miremur</strong></span> <span class='ocrx_word' id='word_1_401' title='bbox 1410 4285 1546 4341; x_wconf 89' lang='lat' dir='ltr'><strong>tam</strong></span> <span class='ocrx_word' id='word_1_402' title='bbox 1600 4285 1943 4364; x_wconf 89' lang='lat' dir='ltr'><strong>potentem</strong></span> <span class='ocrx_word' id='word_1_403' title='bbox 2016 4284 2077 4341; x_wconf 89' lang='lat' dir='ltr'><strong>te</strong></span> <span class='ocrx_word' id='word_1_404' title='bbox 2123 4293 2273 4341; x_wconf 89' lang='lat' dir='ltr'><strong>esse</strong></span> <span class='ocrx_word' id='word_1_405' title='bbox 2321 4270 2724 4342; x_wconf 88' lang='lat' dir='ltr'><strong>meritorum</strong></span> <span class='ocrx_word' id='word_1_406' title='bbox 2759 4323 2776 4352; x_wconf 97' lang='lat'><strong>,</strong></span> 
     </span>
     <span class='ocr_line' id='line_1_46' title="bbox 233 4359 2786 4451; baseline 0.001 -25"><span class='ocrx_word' id='word_1_407' title='bbox 233 4368 369 4426; x_wconf 89' lang='lat' dir='ltr'><strong>tam</strong></span> <span class='ocrx_word' id='word_1_408' title='bbox 422 4359 700 4429; x_wconf 88' lang='lat' dir='ltr'><strong>divitem</strong></span> <span class='ocrx_word' id='word_1_409' title='bbox 751 4375 1158 4451; x_wconf 76' lang='lat' dir='ltr'><strong>gratiarum,</strong></span> <span class='ocrx_word' id='word_1_410' title='bbox 1214 4382 1376 4430; x_wconf 89' lang='lat' dir='ltr'><strong>cum</strong></span> <span class='ocrx_word' id='word_1_411' title='bbox 1411 4359 1541 4429; x_wconf 92' lang='lat' dir='ltr'><strong>hoc</strong></span> <span class='ocrx_word' id='word_1_412' title='bbox 1590 4361 1712 4431; x_wconf 91' lang='lat' dir='ltr'><strong>tibi</strong></span> <span class='ocrx_word' id='word_1_413' title='bbox 1760 4359 1967 4431; x_wconf 87' lang='lat' dir='ltr'><strong>fuerit</strong></span> <span class='ocrx_word' id='word_1_414' title='bbox 2013 4360 2343 4431; x_wconf 87' lang='lat' dir='ltr'><strong>virtutum</strong></span> <span class='ocrx_word' id='word_1_415' title='bbox 2396 4361 2466 4430; x_wconf 88' lang='lat' dir='ltr'><strong>in</strong></span> <span class='ocrx_word' id='word_1_416' title='bbox 2518 4360 2786 4431; x_wconf 87' lang='lat' dir='ltr'><strong>Christo</strong></span> 
     </span>
     <span class='ocr_line' id='line_1_47' title="bbox 237 4446 2790 4541; baseline 0.001 -26"><span class='ocrx_word' id='word_1_417' title='bbox 237 4446 742 4530; x_wconf 87' lang='lat' dir='ltr'><strong>rudimentum,</strong></span> <span class='ocrx_word' id='word_1_418' title='bbox 789 4449 970 4537; x_wconf 88' lang='lat' dir='ltr'><strong>quod</strong></span> <span class='ocrx_word' id='word_1_419' title='bbox 1021 4448 1386 4541; x_wconf 85' lang='lat' dir='ltr'><strong>longorum</strong></span> <span class='ocrx_word' id='word_1_420' title='bbox 1441 4447 1755 4519; x_wconf 90' lang='lat' dir='ltr'><strong>laborum</strong></span> <span class='ocrx_word' id='word_1_421' title='bbox 1807 4450 2047 4541; x_wconf 83' lang='lat' dir='ltr'><strong>paucis</strong></span> <span class='ocrx_word' id='word_1_422' title='bbox 2095 4449 2601 4520; x_wconf 86' lang='lat' dir='ltr'><strong>consummatio</strong></span> <span class='ocrx_word' id='word_1_423' title='bbox 2638 4452 2790 4519; x_wconf 77' lang='lat' dir='ltr'><strong>est?</strong></span> 
     </span>
    </p>
   </div>
  </div>
 </body>
</html>
