3308 5004
240 364 431 432 AUG.
490 364 571 430 ¹2
1146 383 1228 430 u
1274 383 1331 431 s.
1379 382 1584 432 cum
1630 382 1889 432 masma
2569 368 2700 435 27¹²

239 468 513 549 faciem,
566 478 816 538 terram
848 466 1158 538 infundit
1183 468 1533 559 lacrymis,
1564 469 1962 556 osculisque
1984 466 2374 540 demuicet:
2412 479 2489 540 ut
2516 492 2794 563 semper

240 580 453 632 suum
485 557 718 630 Jesum
748 569 981 628 tenere
1021 556 1333 628 videatur
1366 559 1434 627 in
1474 558 1824 637 manibus,
1855 558 1924 627 in
1964 557 2164 652 cujus
2197 557 2406 649 pedes
2445 558 2589 630 laer
2641 582 2794 632 mae

238 646 402 718 illae
452 647 696 727 fluant,
747 659 815 716 et
854 646 1096 718 oscula
1143 647 1664 737 imprimantur.
1719 647 2156 736 Lacrymanti
2201 647 2408 717 semel
2448 670 2490 739 p
2598 650 2795 721 unda

237 749 440 806 nocte
462 736 728 805 adstitit
763 735 1054 826 angelus
1081 735 1519 808 tenebrarum
1553 736 1623 805 in
1654 735 1874 806 forma
1909 735 2104 826 {nigri
2133 736 2405 825 pueruli
2418 790 2433 818 ,
2467 751 2534 807 et
2566 739 2791 829 ipsam

242 825 538 905 monuit,
593 824 871 894 dicens:
920 829 1016 895 Ne
1064 836 1332 896 tamum
1361 824 1612 918 plores,
1645 824 1975 913 quoniam
2016 846 2219 894 caeca
2267 823 2415 894 fies.
2470 827 2592 896 Cui
2625 849 2788 898 cum

245 913 407 984 ilico
442 914 923 1004 responderet:
978 917 1233 983 Caecus
1281 935 1417 983 non
1471 914 1624 995 erit,
1676 912 1799 1001 qui
1847 918 2059 983 Deum
2112 912 2406 992 videbit:
2459 916 2794 992 confusus

243 1002 363 1072 ille
393 1003 734 1074 discessit.
767 1002 1015 1072 Eadem
1046 1014 1239 1073 nocte
1315 1016 1422 1073 ost
1455 1002 1873 1073 matutinum
1904 1014 2143 1072 orante
2177 1001 2393 1084 Clara,
2433 1015 2498 1072 et
2526 1004 2793 1095 irriguo

242 1091 446 1162 solito
508 1092 845 1169 balneata,
899 1092 1197 1161 monitor
1290 1092 1749 1162 raudulentus
1795 1091 2121 1161 accessit:
2174 1095 2266 1160 Ne
2315 1104 2610 1173 tantum,
2685 1093 2794 1161 <in-

240 1181 418 1268 quit,
474 1180 766 1260 fleveris,
824 1201 906 1249 ne
940 1180 1208 1251 tamdiu
1266 1180 1645 1251 resolutum
1698 1179 2060 1251 cerebrum
2121 1200 2242 1270 per
2289 1201 2492 1251 nares
2546 1202 2794 1252 emunr

240 1271 466 1340 xeris:
509 1270 836 1357 quoniam
888 1269 1117 1339 adbuc
1159 1281 1409 1339 tortum
1463 1291 1710 1341 nasum
1762 1268 2074 1339 habebis,
2131 1273 2279 1351 Qua
2326 1269 2637 1339 celeriter
2683 1291 2794 1339 rev

238 1358 665 1449 spondente:
749 1364 1102 1427 Torturam
1178 1358 1442 1428 nullam
1513 1358 1772 1450 patitur
1833 1358 1953 1450 qui
2019 1357 2306 1429 Domino
2359 1356 2787 1432 famulatur:

239 1448 473 1517 statim
524 1447 803 1539 elapsus
834 1447 1135 1516 evanuit.
1200 1452 1365 1517 Cum
1417 1461 1644 1522 autem
1707 1449 1795 1517 ab
1833 1445 2138 1516 oratione
2186 1460 2422 1517 sancta
2478 1469 2638 1518 cum
2681 1447 2795 1534 ju«-

237 1535 595 1606 cunditate
638 1535 920 1609 redibat.
966 1535 1190 1605 calida
1239 1535 1466 1616 verba,
1519 1551 1584 1606 et
1625 1557 1805 1624 quae
1842 1556 2158 1605 sororum
2197 1547 2472 1624 pectora
2503 1557 2795 1606 succen-

237 1625 541 1706 debant,
623 1626 709 1694 de
754 1626 916 1716 igne
981 1624 1219 1695 altaris
1267 1625 1538 1694 Domini
1607 1626 2020 1716 reportabat.
2102 1623 2531 1695 Mirabantur
2598 1626 2787 1694 enim

287 1713 615 1783 uamdam
653 1713 1091 1783 dulcedinem
1137 1735 1220 1784 ex
1265 1714 1418 1804 ejus
1449 1735 1566 1784 ore
1607 1713 1997 1805 procedere,
2051 1725 2118 1782 et
2177 1711 2539 1783 clariorem
2592 1714 2795 1784 solito

270 1803 488 1872 aciem
538 1824 894 1894 apparere.
938 1808 1300 1873 Paraverat
1344 1815 1523 1873 certe
1559 1803 1625 1872 in
1658 1802 2031 1874 dulcedine
2076 1823 2203 1873 sua
2244 1802 2533 1892 pauperi
2587 1807 2787 1881 Deus,

240 1905 312 1961 et
359 1905 681 1973 mentem,
722 1913 933 1979 quam
984 1892 1054 1960 in
1103 1892 1411 1962 oratione
1458 1892 1577 1962 lux
1625 1914 1782 1964 vera
1832 1890 2246 1981 repleverat,
2299 1891 2599 1962 exterius
2643 1911 2797 1961 cor·-

238 1979 568 2072 poraliter
612 1980 1067 2073 exemplabat.
1121 1986 1262 2051 Mos
1298 1992 1444 2050 erat
1476 1982 1541 2050 ei
1590 1981 1675 2050 ad
1730 1979 2150 2051 matutinum
2213 1980 2615 2069 praevenire
2641 1981 2794 2137 dju-

240 2069 594 2151 venculas,
646 2092 823 2158 quas
860 2092 978 2160 per
1024 2070 1219 2158 signa
1270 2069 1550 2139 silenter
1577 2071 1905 2150 excitans,
1962 2068 2375 2158 provocabat
2399 2068 2484 2138 ad
2522 2068 2639 2137 lau
2691 2090 2790 2138 es.
2865 2126 2870 2132 .

244 2163 486 2248 Saepe,
540 2160 824 2229 caeteris
871 2158 1398 2240 dormientibus,
1446 2157 1802 2248 lampades
1847 2156 2304 2228 accendebat:
2357 2178 2562 2258 saepe
2608 2169 2795 2226 cam,-

242 2269 501 2348 panam
544 2248 843 2338 propriis
870 2247 1194 2317 manibus
1224 2247 1376 2335 ipsa
1413 2247 1755 2338 pulsabat.
1788 2246 2034 2317 Nullus
2060 2257 2206 2315 erat
2235 2248 2521 2335 torpori,
2555 2244 2795 2316 nullus

243 2357 314 2404 in
370 2356 494 2405 suo
541 2337 844 2406 claustro
890 2336 1195 2407 desidiae
1244 2336 1475 2406 locus:
1528 2335 1649 2406 ubi
1691 2335 1936 2405 orandi
1981 2347 2049 2404 et
2115 2335 2403 2410 Domino
2452 2333 2796 2405 serviendi

246 2425 321 2517 pi
379 2424 601 2493 ritiam
640 2445 880 2515 aspera
932 2424 1223 2495 invectio
1272 2424 1697 2495 stimulabat.

322 2447 373 2600 ξ
417 2519 555 2587 u.
612 2514 799 2584 Libet
836 2514 949 2582 hic
987 2516 1374 2585 orationum
1426 2515 1581 2617 ejus
1629 2513 1915 2584 recitare
1961 2511 2330 2603 magnalia,
2385 2513 2567 2582 sicut
2615 2512 2795 2582 veri-

237 2614 376 2672 tate
422 2601 850 2683 fidelissima,
903 2602 1004 2672 sic
1076 2616 1142 2673 et
1190 2616 1622 2673 veneratione
1732 2601 2082 2693 raedigna.
2154 2600 2281 2671 {lla
2333 2613 2735 2702 tempestate
2768 2655 2784 2682 ,

237 2712 451 2777 quam
502 2693 634 2761 sub
675 2697 1091 2781 Imperatore
1148 2691 1490 2767 Friderico
1539 2692 1609 2760 in
1711 2691 1952 2765 iversis
2017 2689 2264 2760 mundi
2315 2691 2630 2779 partibus
2677 2712 2796 2759 sur

236 2778 538 2849 stinebat
570 2780 892 2861 Ecclesia,
944 2792 1137 2849 erant
1184 2780 1253 2849 in
1303 2804 1384 2851 ea
1433 2802 1556 2882 pro
1589 2778 2123 2871 depopulatione
2169 2789 2552 2848 castrorum
2583 2832 2599 2858 ,
2673 2800 2800 2868 pro

240 2867 597 2938 civitatum
629 2870 1155 2958 expugnatione,
1201 2870 1553 2959 imperiali
1569 2870 1779 2959 jussu
1803 2868 2217 2939 constitutae
2250 2867 2432 2937 acies
2459 2866 2791 2949 militum,

238 2970 308 3026 et
347 2961 845 3027 Saracenorum
895 2959 1409 3049 sagittariorum
1474 2959 1794 3029 examina
1850 2957 2033 3026 velut
2079 2978 2321 3045 apum.
2355 2962 2671 3043 Cumque
2719 2956 2794 3024 in

237 3046 577 3116 Assisium
632 3045 1047 3137 peculiarem
1114 3047 1382 3116 Domini
1431 3048 1776 3117 civitatem
1837 3044 2108 3117 hostilis
2169 3044 2380 3114 semel
2460 3043 2653 3116 furor
2701 3045 2798 3114 ir«

237 3146 496 3214 rueret,
544 3147 617 3203 et
671 3135 818 3225 jam
880 3136 1052 3225 ipsis
1102 3136 1316 3226 portis
1370 3137 1714 3207 exercitus
1780 3134 2419 3225 appropinquaret,
2473 3133 2800 3205 Saraceni

238 3244 416 3324 gens
450 3223 775 3312 pessima,
814 3225 935 3311 qui
984 3226 1396 3316 sanguinem
1448 3225 1692 3307 sitiunt
1721 3223 2220 3302 Christianum,
2259 3236 2323 3291 et
2371 3242 2576 3293 omne
2607 3221 2801 3292 nefas

240 3312 727 3402 impudentius
756 3314 1033 3394 audent,
1059 3313 1246 3404 apud
1279 3327 1596 3384 sanctum
1622 3313 2030 3382 Damianum
2067 3311 2246 3380 intra
2283 3310 2410 3381 loci
2441 3312 2796 3391 terminos,

239 3402 462 3470 immo
496 3400 673 3469 intra
713 3401 1092 3471 claustrum
1138 3403 1512 3494 virginum,
1552 3403 2063 3479 confluxerunt.
2119 3399 2535 3486 Liquescunt
2567 3399 2800 3469 domi,

238 3493 491 3558 narum
543 3489 753 3559 corda
799 3491 1187 3573 timoribus,
1222 3506 1288 3562 et
1334 3491 1419 3561 ad
1471 3504 1760 3561 matrem
1811 3488 2116 3560 referunt
2153 3490 2357 3558 fletus
2389 3510 2576 3559 suos.
2614 3493 2802 3571 Quae

242 3578 596 3667 impavida
642 3579 871 3661 corde,
928 3601 1001 3649 se
1045 3580 1393 3649 infirmam
1430 3579 1516 3649 ad
1574 3580 1830 3650 ostium
1881 3578 2046 3648 duci
2087 3577 2308 3667 jubet,
2362 3590 2429 3646 et
2475 3588 2633 3646 ante
2683 3579 2802 3647 bo-

240 3677 377 3735 stes
416 3667 608 3757 poni,
668 3667 1113 3757 praecedente
1170 3691 1322 3738 eam
1374 3672 1584 3770 capsa
1633 3679 1994 3758 argentea,
2049 3666 2231 3736 intra
2265 3666 2446 3735 ebur
2501 3666 2796 3739 inclusa.

242 3755 312 3823 in
352 3777 491 3857 qua
543 3759 788 3826 Sancta
828 3769 1224 3826 sanctorum
1261 3757 1703 3827 devotissime
1738 3757 2214 3835 servabantur,
2251 3754 2800 3826 sacratissimum

244 3842 506 3914 scilicet
552 3866 808 3933 corpus
856 3845 1128 3915 Christi.
1182 3850 1494 3934 Cumque
1542 3867 1615 3914 se
1646 3856 1853 3914 totam
1913 3844 1983 3913 in
2035 3843 2342 3912 oratione
2398 3864 2631 3910 coram
2675 3847 2802 3912 Do·-

247 3932 433 4002 mino
486 3934 983 4022 prostravisset,
1036 3934 1304 4004 Christo
1352 3957 1480 4006 suo
1535 3955 1697 4004 cum
1762 3932 2090 4023 lacrymis
2137 3934 2268 4001 ait:
2316 3930 2648 4011 «Plaoet,
2702 3931 2800 4000 mi

247 4021 576 4101 Domine,
647 4022 944 4092 inermes
992 4022 1285 4093 ancillas
1334 4036 1490 4093 tuas
1522 4076 1538 4103 ,
1592 4022 1918 4099 manibus
1984 4019 2250 4089 tradere
2314 4020 2800 4109 paganorum?

243 4110 521 4179 Custodi
559 4111 862 4194 Domine,
903 4133 1166 4203 precor,
1206 4111 1331 4181 bas
1378 4110 1677 4182 famulas
1711 4124 1886 4190 tuas,
1926 4130 2102 4195 quas
2142 4108 2295 4198 ipsa
2342 4109 2413 4176 in
2451 4108 2800 4198 praesenti

234 4198 530 4269 articulo
562 4200 914 4270 custodire
949 4222 1081 4271 non
1135 4220 1416 4289 possum
1451 4201 1559 4270 ⁴.»
1603 4205 1750 4270 Mox
1797 4199 1884 4268 de
1913 4218 2128 4266 novae
2167 4196 2429 4288 gratiae
2475 4196 2803 4287 propitiae

236 4287 413 4356 torio
467 4310 592 4358 vox
636 4289 838 4375 quasi
889 4290 1162 4379 pueruli
1209 4289 1299 4358 ad
1332 4289 1488 4377 ejus
1533 4310 1739 4359 aures
1783 4286 2129 4358 insonuit:
2176 4290 2315 4375 Ego
2364 4306 2481 4354 vos
2525 4306 2803 4375 semper

232 4376 653 4446 custodiam.
693 4398 731 4442 «
756 4378 843 4446 Mi
876 4379 1183 4459 Domine,
1229 4379 1349 4459 ait,
1383 4389 1448 4447 et
1483 4378 1685 4459 banc,
1722 4377 1781 4447 si
1821 4375 2067 4467 placet,
2111 4387 2389 4465 protege
2419 4374 2791 4457 civitatem,

295 4504 323 4528 ⁴
353 4502 678 4545 Probabiuora
706 4500 788 4544 in·
808 4501 858 4544 iu
876 4505 1012 4546 Brev.
1040 4507 1170 4547 Lect.
1199 4506 1370 4547 histor.
1402 4514 1457 4546 cx
1485 4504 1566 4544 ΡΒ.
1597 4504 1674 4543 73:
1703 4505 1769 4545 Ne
1785 4498 2199 4554 ‹radamantus›
2231 4501 2382 4545 baem
2401 4502 2577 4542 animae
2604 4501 2695 4541 etc.
