3308 5004
697 317 826 386 572
1182 337 1261 385 nr.
1308 337 1402 386 ss.
1453 335 1750 391 cunum,
1802 336 2068 385 Asnam
2113 338 2190 385 m·
2238 334 2410 387 socc.
2464 337 2582 385 int.
2833 316 3034 388 AUG.
3098 322 3196 387 23

609 421 973 494 confessio.
1027 426 1179 503 Fac,
1231 421 1419 509 quod
1470 435 1683 512 potes.
1739 421 1964 493 Habes
2012 422 2080 492 in
2142 433 2258 492 tua
2311 443 2529 493 manu
2565 443 2820 513 corpus
2866 443 3129 494 meum
3168 479 3188 505 ,

610 511 886 582 animae
920 510 1144 581 facere
1191 510 1366 581 nihil
1419 522 1634 602 potes.
1675 532 1713 578 »
1762 511 1999 600 Lysias
2027 510 2239 581 dixit:
2286 510 2598 601 Ungulas
2629 510 2885 584 ferreas
2925 534 3194 602 capes·

611 601 764 681 site,
820 611 885 670 et
932 598 1228 691 pedibus
1275 600 1427 701 ejus
1474 599 1819 701 colligatis
1866 599 2128 670 fortiter
2168 621 2328 671 eum
2386 613 2733 687 torquete,
2785 612 2864 671 ut
2911 600 3189 671 sentiat

608 699 677 760 et
722 688 1032 780 corporis
1094 700 1159 759 et
1215 687 1435 758 animi
1483 699 1860 759 eructatus.
1927 689 2229 759 Asterius
2278 688 2419 757 ait:
2473 688 2689 760 Stulte
2733 700 2799 760 et
2860 689 3183 772 insane,

609 799 816 867 quam
869 777 956 848 ob
1002 798 1286 848 causam
1334 777 1431 848 ita
1480 800 1588 847 me
1626 778 2005 859 excrucia3‚
2046 799 2171 848 nec
2204 778 2488 868 cogitaS,
2544 777 2711 866 quid
2756 800 2879 869 pro
2916 778 3038 848 his
3078 800 3188 848 re-

610 881 938 958 cepturus
985 865 1083 936 sis
1128 888 1168 937 a
1214 867 1553 936 Domino?
1600 866 1839 957 Lysias
1870 866 2087 937 dixit:
2142 866 2483 936 Carbones
2511 867 2830 937 ardentes
2863 866 3184 958 pedibus

608 955 765 1043 ejus
812 955 1255 1037 substernite,
1306 956 1521 1047 virgis
1565 968 1632 1025 et
1681 955 1908 1025 nervis
1954 955 2352 1026 durissimis
2398 954 2679 1025 dorsum
2738 969 2806 1027 et
2852 967 3181 1025 ventrem

609 1043 764 1134 ejus
808 1043 1257 1115 conscindite.
1295 1044 1368 1114 Id
1404 1065 1563 1114 cum
1597 1044 1855 1114 factum
1904 1057 2104 1119 esset.
2142 1044 2444 1114 Asterius
2489 1044 2625 1114 ait:
2668 1067 2708 1111 a
2740 1050 2842 1115 Tu
2870 1043 3175 1131 quidem

611 1133 818 1225 plane
865 1154 1114 1204 caecus
1158 1153 1273 1202 es:
1341 1133 1458 1202 sed
1508 1154 1634 1224 ego
1688 1132 1814 1202 hoc
1861 1134 1988 1204 abs
2037 1147 2099 1204 te
2148 1146 2301 1223 peto
2336 1188 2353 1214 ,
2403 1144 2483 1201 ut
2528 1133 2794 1203 nullam
2844 1135 3176 1223 corporis

614 1223 747 1292 mei
797 1234 1086 1312 partem,
1141 1220 1446 1291 vulneris
1476 1235 1819 1314 expertem
1868 1244 2019 1294 esse
2066 1222 2329 1293 sinaS.»
2381 1221 2621 1311 Lysias
2657 1222 2869 1292 dixit:
2924 1227 3176 1292 Custo-

611 1311 848 1380 diatur
877 1332 1035 1380 cum
1072 1310 1383 1379 caeteris.
2108 1385 2113 1390 ⁵

701 1401 739 1487 ξ
785 1404 870 1472 4.
923 1398 1236 1468 Eulalius
1274 1399 1924 1470 commentariensis
1956 1398 2092 1468 ait:
2146 1398 2377 1470 Adstat
2425 1404 2634 1479 Neon,
2679 1399 2888 1469 frater
2920 1420 3173 1469 eorum

621 1487 887 1558 tertius.
940 1487 1182 1575 Lysias
1222 1487 1441 1557 dixit:
1494 1488 1606 1558 Vel
1657 1500 1733 1558 tu
1782 1488 1882 1558 fili
1913 1487 2182 1568 accede,
2238 1499 2305 1557 et
2350 1487 2457 1557 fac
2495 1488 2632 1558 diis
2678 1489 3117 1558 sacrificium
3147 1543 3168 1568 ,

617 1599 658 1646 a
709 1576 948 1666 poenis
993 1576 1332 1648 immunis
1379 1575 1681 1647 futuruS.
1726 1582 1907 1648 Neon
1961 1576 2360 1667 respondit:
2414 1599 2450 1643 «
2497 1578 2562 1646 Si
2614 1599 2753 1665 qua
2804 1589 2909 1647 est
2949 1578 3176 1647 virtus

612 1667 684 1735 in
720 1665 856 1734 diis
906 1665 1064 1747 tuis,
1108 1664 1244 1754 ipsi
1293 1686 1365 1734 se
1401 1678 1721 1736 tueantur
1770 1667 1857 1736 ab
1898 1665 2062 1745 illis,
2113 1667 2235 1753 qui
2282 1688 2400 1736 eos
2448 1677 2703 1757 negant
2747 1687 2897 1738 esse
2946 1665 3167 1744 deos,

613 1776 738 1824 nec
789 1768 984 1824 tuum
1036 1753 1493 1843 patrocinium
1553 1754 1928 1843 requirant.
1984 1755 2053 1824 si
2102 1776 2259 1824 vero
2307 1755 2609 1825 malitiae
2656 1777 2893 1824 eorum
2929 1756 3171 1824 socius

609 1865 708 1925 es,
764 1841 981 1912 multo
1037 1841 1355 1929 equidem
1422 1843 1665 1914 melior
1711 1866 1865 1915 sum
1914 1864 2043 1935 ego
2088 1857 2154 1914 et
2202 1858 2264 1913 te
2311 1855 2376 1912 et
2431 1843 2567 1912 diis
2618 1844 2787 1924 tuis,
2845 1843 3173 1931 quando·

614 1931 898 2019 quidem
950 1930 1141 2001 vobis
1188 1952 1324 2000 non
1374 1931 1796 2021 obtempero,
1849 1932 1968 2002 sed
2018 1953 2237 2003 unum
2289 1932 2439 2002 colo
2489 1953 2722 2001 verum
2762 1937 3005 2013 Deum,
3044 1935 3171 2020 qui

612 2020 774 2089 fecit
804 2018 1074 2089 coelum
1115 2031 1181 2089 et
1219 2030 1494 2089 terram.
1530 2043 1567 2088 »
1608 2022 1846 2111 Lysias
1876 2021 2089 2092 dixit:
2144 2023 2460 2112 Frangite
2507 2021 2839 2092 cervicem
2881 2019 3069 2107 ejns,
3107 2034 3169 2089 et

613 2107 861 2178 dicite:
913 2107 1062 2178 Noli
1117 2108 1597 2200 blasphemare
1622 2110 1815 2180 deos.
1852 2115 2033 2180 Neon
2068 2110 2205 2179 ait:
2246 2115 2501 2180 «Itane
2549 2110 2669 2179 tibi
2707 2108 3167 2200 blasphemus

615 2197 849 2266 videor
881 2251 897 2277 ,
950 2196 1118 2266 dum
1168 2196 1325 2268 dico
1387 2198 1859 2270 veritatemi»
1918 2198 2405 2288 Lysias-dixit:
2459 2198 2812 2269 Extendite
2858 2219 3053 2278 eum,
3108 2212 3169 2268 et

616 2286 952 2357 carbones
999 2286 1316 2356 ardentes
1366 2286 1435 2354 in
1469 2309 1630 2357 eum
1682 2289 2023 2378 conjicite,
2075 2300 2140 2356 et
2191 2288 2419 2358 nervis
2473 2288 2756 2358 dorsum
2800 2287 2954 2374 ejus
3003 2307 3167 2357 con-

614 2375 932 2446 scindite.
985 2374 1065 2444 Id
1113 2396 1273 2445 cum
1325 2374 1582 2446 sactum
1632 2390 1834 2458 esset,
1886 2382 2065 2446 Neon
2117 2375 2256 2445 ait:
2311 2376 2567 2459 «Quod
2610 2376 2779 2445 mihi
2809 2376 2985 2446 utile
3018 2397 3166 2446 esse

614 2464 782 2545 scio,
821 2475 888 2535 et
920 2463 1193 2535 lucrum
1227 2463 1495 2535 adferre
1534 2466 1808 2535 animae
1839 2486 2052 2545 meae,
2105 2465 2172 2535 id
2223 2488 2349 2556 ego
2397 2465 2672 2548 faciam,
2711 2486 2836 2535 nec
2877 2486 3165 2567 possum

615 2554 707 2624 ab
741 2553 872 2623 hac
923 2554 1261 2623 sententia
1308 2553 1586 2624 deduci.
1635 2577 1672 2621 »
1724 2555 1961 2645 Lysias
2007 2554 2223 2623 dixit:
2277 2556 2420 2626 Sub
2455 2577 2621 2625 cura
2672 2554 2923 2625 Eulalti
2974 2560 3167 2624 Com-

622 2642 1110 2713 mentariensis
1164 2654 1229 2713 et
1264 2642 1571 2713 Archelai
1625 2642 2112 2734 spiculatoris,
2164 2643 2331 2716 foris
2391 2658 2549 2713 ante
2607 2644 2858 2713 atrium
2903 2644 2973 2713 hi
3036 2657 3167 2713 tres

614 2729 886 2812 ἴωπες,
939 2742 1018 2801 ut
1048 2730 1243 2833 digni
1292 2745 1478 2813 sunt,
1532 2732 1733 2802 Cruci
1780 2731 2174 2823 affigantur,
2209 2746 2274 2801 et
2319 2754 2607 2825 corpora
2653 2754 2891 2802 eorum
2922 2733 3167 2802 avibus

615 2820 982 2890 laceranda
1019 2820 1520 2908 relinquantur.

699 2911 737 2995 ξ
783 2914 871 2981 5.
929 2907 1241 2979 Eulalius
1290 2910 1941 2980 commentariensis
1987 2909 2190 2979 dixit:
2238 2910 2428 2980 Sicut
2448 2910 2660 3002 jussit
2692 2908 2966 2979 claritas
3005 2920 3144 2984 tua,

613 2996 842 3067 adstat
891 2997 1218 3067 Donvina.
1273 3003 1318 3068 L
1366 2999 1503 3069 sias
1550 3000 1684 3070 ait:
1738 3003 1949 3070 Cerne
1997 2998 2271 3079 mulier,
2324 2999 2445 3087 qui
2487 3000 2679 3088 ignes
2717 3010 2784 3068 et
2815 3018 2981 3086 quae
3016 3009 3149 3063 tor-

615 3098 846 3154 menta
897 3098 1223 3176 parentur
1269 3020 1417 3158 tihi.
1454 3088 1523 3157 Si
1554 3089 1860 3179 erge-vis
1896 3087 2132 3158 illaesa
2164 3088 2376 3169 abire,
2421 3088 2590 3157 offer
2620 3087 2754 3157 diis
2789 3083 3145 3157 sacrificia.

616 3174 923 3243 Donvina
955 3175 1340 3266 respondit:
1377 3199 1412 3242 «
1447 3180 1584 3265 Ego
1618 3198 1799 3258 ver0,
1848 3199 1931 3246 ne
1974 3178 2041 3246 in
2074 3178 2300 3268 ignem
2335 3191 2690 3246 aeternum
2721 3187 2788 3245 et
2819 3186 3160 3246 tormenta

616 3283 892 3352 semper
936 3263 1271 3335 duratura
1315 3286 1662 3344 corruam,
1709 3269 1919 3334 Deum
1955 3265 2105 3335 colo
2143 3279 2207 3335 et
2245 3266 2587 3336 Christum
2629 3265 2806 3352 ejuS,
2851 3265 2972 3352 qui
3005 3262 3167 3333 fecit

616 3350 884 3420 coelum
934 3364 1001 3422 et
1045 3363 1323 3434 terram,
1377 3366 1443 3422 et
1487 3354 1747 3434 omnia,
1802 3373 1977 3440 quae
2023 3354 2092 3423 in
2146 3355 2247 3425 eis
2297 3365 2479 3424 sunt.
2520 3354 2734 3423 Vestri
2767 3368 2999 3423 autem
3037 3352 3162 3432 dii,

618 3438 870 3531 lapidei
920 3454 1083 3511 sunt
1128 3456 1192 3510 et
1241 3441 1476 3532 lignei,
1530 3441 1894 3511 hominum
1947 3442 2269 3512 manibus
2308 3443 2552 3512 effecti.
2595 3464 2630 3508 »
2674 3443 2914 3532 Lysias
2951 3441 3162 3512 dixit:

616 3529 928 3600 Vestibus
977 3529 1305 3600 nudatam
1353 3530 1717 3612 extendite,
1767 3542 1833 3601 et
1880 3531 2114 3601 omnia
2160 3531 2317 3619 ejus
2366 3531 2674 3601 membra
2725 3530 2939 3622 virgis
2987 3530 3165 3601 lace·

618 3632 783 3689 rate.
835 3617 1209 3689 Archelaus
1254 3618 1631 3707 spiculator
1676 3620 1811 3690 ait:
1865 3624 1989 3689 Per
2036 3619 2529 3690 sublimitatem
2583 3633 2798 3699 tuam,
2858 3619 3166 3689 Donvina

605 3707 777 3864 jamf
805 3707 1075 3866 defecit.
1129 3708 1368 3799 Lysias
1414 3707 1624 3778 dixit:
1668 3708 1975 3779 Jabtetur
2003 3731 2256 3800 corpus
2289 3709 2441 3798 ejus
2475 3708 2545 3777 in
2580 3708 2895 3779 fluminis
2930 3706 3161 3779 locum

665 3818 741 3867 ro
775 3819 864 3867 un
924 3818 1068 3867 um.

616 3818 660 3887 p
701 3887 858 3973 ξθ.
898 3884 1209 3956 Eulalius
1246 3885 1894 3956 Commentariensis
1924 3885 2062 3956 ait:
2107 3890 2382 3956 Praesto
2411 3897 2513 3955 est
2540 3885 2744 3955 etiam
2779 3884 3164 3955 Theonilla.

615 3974 852 4064 Lysias
898 3973 1109 4044 dixit:
1163 3975 1406 4046 Vidisti
1454 3974 1730 4056 mulier,
1781 3995 1961 4061 quae
2009 3974 2381 4066 supplicia,
2440 3995 2619 4061 quae
2674 3974 3001 4043 flammae
3050 3996 3169 4045 eos

614 4063 1097 4146 excruciarint,
1149 4064 1271 4151 qui
1317 4064 1469 4133 ausi
1515 4062 1706 4134 fuere
1735 4063 2228 4133 contradicere.
2265 4064 2723 4148 Quamobrem
2758 4062 3010 4133 habeto
3046 4063 3169 4133 ho-

614 4173 851 4222 norem
902 4152 1060 4235 diis,
1113 4164 1179 4222 et
1225 4152 1564 4234 sacrifica,
1621 4164 1699 4223 ut
1749 4152 1972 4243 possis
2019 4153 2107 4222 ab
2156 4152 2266 4222 his
2314 4153 2569 4223 servari
2619 4152 2880 4243 poenis.
2944 4151 3164 4223 Theo-

614 4240 787 4312 nilla
835 4241 1227 4332 respondit:
1283 4264 1319 4310 «
1370 4246 1508 4333 Ego
1556 4241 1787 4333 ignem
1834 4253 2188 4311 aeternum
2225 4242 2456 4323 timeo,
2494 4241 2615 4329 qui
2653 4252 2873 4332 potest
2910 4252 2979 4310 et
3009 4241 3163 4310 ani-

617 4350 800 4399 mam
827 4344 891 4400 et
916 4352 1169 4422 corpus
1198 4330 1502 4420 perdere,
1532 4352 1788 4418 eosque
1812 4343 2247 4401 crematurus
2278 4342 2402 4412 est,
2448 4330 2568 4418 qui
2606 4330 2815 4419 impie
2853 4329 3159 4399 defecere

614 4439 656 4487 a
701 4423 859 4501 De0,
909 4431 974 4488 et
1019 4418 1477 4490 adoraverunt
1524 4418 1709 4490 idola
1755 4432 1821 4489 et
1867 4418 2262 4490 daemones.
2303 4442 2338 4487 »
2389 4419 2628 4510 Lysias
2666 4418 2873 4488 dixit:
2922 4418 3151 4509 Alapis
