3308 5004
640 320 774 388 252
1127 338 1207 387 mi
1253 337 1308 387 s.
1361 336 1652 387 susma
1698 338 1870 387 vtae.
1922 337 2114 386 nn.
2166 333 2294 386 cun
2341 334 2543 386 secus
2768 318 2956 387 ΑΗΘ.
3010 320 3081 387 Η

550 443 873 500 erueres:
927 422 1016 493 da
1066 422 1266 500 nobis
1304 424 1519 496 servis
1553 423 1693 494 tuis
1722 422 2177 510 constantiam
2211 419 2398 503 fidei,
2438 420 2605 510 quia
2637 431 2714 493 tu
2745 442 3000 514 regnas
3023 422 3098 492 in

553 511 790 584 secula
813 511 1234 584 seculorum.
1269 515 1520 583 Omnes
1549 533 1695 584 uno
1720 511 1958 588 animo
1981 510 2326 592 dixerunt,
2357 515 2567 580 Amen
2600 531 2615 578 ε
2659 522 2726 581 et
2755 511 3096 593 sedentes,

553 591 1241 673 audiebanfverbum
1284 622 1324 671 a
1358 602 1555 671 beato
1587 602 1744 694 Cajo
1774 601 2134 693 Episcopo.
2189 604 2505 670 Susanna
2544 620 2706 670 vero
2737 621 2830 671 nu
2983 620 3101 670 am

552 711 713 762 cum
768 689 870 759 eis
908 688 1145 761 sedere
1188 689 1427 772 voluit,
1473 689 1591 762 sed
1644 702 1839 761 stans
1877 688 2141 760 orabat.
2194 689 2398 780 Cajus
2451 686 2834 779 Episcopus
2930 688 3096 758 ixit:

555 778 821 850 Gratias
852 799 983 870 ago
1017 783 1149 849 Deo
1190 800 1340 849 meo
1369 778 1577 849 frater
1614 779 1926 859 Maxime,
1966 776 2147 866 quod
2176 776 2506 868 dignatus
2532 798 2610 848 es
2637 799 2762 849 nos
2792 776 3096 847 visitare.

555 868 893 942 Maximus
924 865 1315 958 respondit:
1371 873 1513 959 Ego
1540 867 1820 955 quidem
1857 866 2248 938 immeritus
2281 865 2432 940 veui
2467 864 2550 937 ad
2587 886 2730 948 vos,
2765 879 2836 937 at
2867 878 3098 937 tamen

554 954 922 1027 osculabor
969 955 1178 1047 pedes
1212 967 1490 1027 vestros.
1526 961 1669 1039 Qua
1704 955 1892 1026 enim
1930 959 2143 1027 causa
2174 954 2314 1025 huc
2345 954 2672 1034 venerim,
2727 967 2801 1025 tu
2850 953 3102 1025 melius

554 1045 761 1116 nosti.
804 1046 1010 1135 Cajus
1040 1045 1418 1137 Episcopus
1450 1044 1644 1115 dixit:
1677 1049 1824 1116 Imo
1853 1064 2011 1114 vero
2036 1056 2110 1117 tu
2139 1044 2337 1114 nobis
2361 1043 2432 1113 id
2457 1064 2730 1115 enarra.
2760 1044 3104 1114 Maximus

552 1134 694 1204 ait:
747 1134 1208 1204 Diocletianus
1241 1138 1591 1225 Augustus
1630 1154 1882 1224 parens
1911 1145 2152 1214 vester,
2188 1132 2434 1203 direxit
2464 1153 2576 1202 me
2612 1131 2699 1202 ad
2732 1130 3102 1202 Claudium

554 1243 965 1314 germanum
1018 1243 1276 1302 meum,
1327 1222 1510 1311 quod
1572 1222 1948 1294 audivisset
1991 1242 2148 1292 eum
2201 1221 2632 1312 aegritudine
2681 1221 2919 1291 teneri.
2972 1219 3101 1289 Mi-

554 1323 736 1382 serat
781 1311 963 1381 enirn
1015 1332 1171 1381 eum
1223 1310 1309 1380 ad
1373 1311 1735 1401 petendam
1786 1310 2002 1381 filiam
2067 1311 2286 1380 sancti
2345 1310 2723 1401 presbyteri
2774 1308 3095 1389 Gabinii,

555 1421 838 1474 uxorem
890 1398 1040 1469 filio
1084 1421 1211 1470 suo
1258 1399 1574 1493 adoptivo
1616 1399 2027 1472 Maximiano
2065 1398 2357 1469 Caesari.
2412 1403 2507 1468 Ita
2557 1420 2684 1492 ego
2729 1420 2946 1469 ausus
2993 1396 3098 1466 fui

553 1487 790 1558 venire
842 1486 929 1557 ad
987 1509 1129 1559 vos.
1198 1488 1421 1560 Habes
1484 1510 1768 1559 causam
1837 1487 2170 1558 adventus
2231 1487 2388 1557 mei.
2461 1488 2663 1579 Cajus
2719 1487 3102 1577 Episcopus

554 1575 773 1646 dixit:
828 1575 1064 1648 Puella
1110 1575 1279 1648 haec
1333 1578 1478 1668 jam
1552 1577 1897 1648 Christum
1963 1577 2166 1647 habet
2209 1577 2570 1667 conjugem
2635 1598 2675 1645 a
2725 1581 2856 1646 Deo
2903 1581 3101 1646 Patre

555 1665 1062 1756 omnipotente:
1118 1665 1303 1757 quod
1353 1679 1417 1737 te
1461 1666 1638 1737 scire
1685 1664 2028 1744 volumus.
2080 1666 2418 1736 Maximus
2466 1664 2856 1757 respondit:
2895 1663 3103 1748 Quic-

553 1753 723 1842 quid
765 1776 805 1823 a
846 1759 982 1824 Deo
1010 1754 1237 1836 datur,
1283 1755 1778 1844 sempiternum
1826 1766 1951 1826 cst.
2005 1756 2209 1845 Cajus
2254 1755 2640 1844 Episcopus
2671 1753 2884 1824 dixit:
2922 1758 3103 1854 Ergo

555 1842 791 1934 accipe
828 1854 895 1913 et
942 1855 1015 1914 tu
1066 1843 1557 1934 sempiternam
1609 1844 1846 1913 vitam.
1901 1843 2235 1914 Maximus
2274 1843 2410 1913 ait:
2467 1847 2546 1913 Et
2589 1863 2770 1930 quae
2812 1854 2915 1913 est
2963 1855 3102 1911 vita

492 1959 499 1962 ’
558 1932 1034 2033 sempiterna?
1092 1932 1422 2006 Claudius
1477 1931 1879 2023 respondit:
1931 1937 2068 2013 Ea,
2129 1951 2338 2019 quam
2398 1952 2523 2022 ego
2571 1930 2717 2019 jam
2779 1929 3095 2023 cognovi.

557 2024 897 2091 Maximus
929 2019 1140 2092 dixit:
1194 2024 1443 2092 Verum
1494 2020 1560 2090 id
1641 2019 1780 2091 uod
1822 2033 1898 2091 tu
1931 2020 2350 2110 cognovisti,
2395 2033 2461 2091 et
2500 2040 2627 2111 ego
2678 2040 2882 2091 nosse
2918 2017 3103 2089 desi-

555 2108 746 2178 dero.
799 2109 1083 2179 Interim
1137 2122 1364 2186 tamen
1415 2130 1549 2179 non
1594 2042 1803 2181 debet
1847 2108 2110 2180 familia
2176 2121 2405 2179 nostra
2460 2129 2533 2180 se
2571 2108 2967 2179 abalienare
3012 2107 3100 2177 ab

556 2201 1023 2289 Augustorum
1074 2196 1519 2268 sublimitate.
1572 2198 1774 2289 Cajus
1820 2202 1869 2268 E
1925 2198 2202 2288 iscopus
2246 2196 2467 2267 dixit:
2518 2202 2652 2267 Nos
2689 2218 2848 2268 vero
2880 2208 2944 2266 te
2975 2195 3102 2265 ad·-

562 2305 930 2357 monemus
958 2340 974 2368 ,
1026 2298 1106 2357 ut
1150 2286 1392 2357 credas
1439 2288 1808 2357 Dominum
1891 2308 2084 2357 esum
2122 2286 2465 2359 Christum
2509 2285 2624 2356 Dei
2659 2285 2880 2356 filium
2917 2305 3102 2354 sem·-

560 2374 938 2465 piternum.
968 2377 1157 2446 Haec
1200 2375 1385 2448 enim
1422 2373 1835 2456 sublimitas,
1879 2396 2088 2464 quam
2120 2374 2461 2457 videmuS,
2501 2374 2912 2465 temporaria
2946 2383 3095 2443 est:

555 2484 636 2535 ea
684 2475 914 2623 agilem
952 2519 968 2545 ,
1032 2485 1243 2554 quam
1306 2468 1432 2535 nos
1494 2462 2024 2556 praedicamuS,
2094 2477 2370 2536 aeterna
2416 2475 2631 2535 estet
2693 2462 2973 2534 innoxia
3032 2473 3100 2531 et

557 2575 719 2624 ama
772 2575 908 2625 tts.

548 2696 549 2699 ,
645 2644 682 2731 ξ
712 2647 858 2714 u.
889 2641 1189 2712 Audiens
1223 2642 1388 2712 haec
1423 2642 1782 2722 MaximuS,
1813 2663 1973 2711 cum
2011 2641 2266 2735 gaudio
2296 2640 2621 2732 suscepit.
2662 2640 2841 2713 Dixit
2858 2653 3095 2713 autem

556 2729 640 2801 ad
672 2752 832 2800 eum
866 2730 1066 2821 Cajus
1098 2730 1519 2820 Episcopus:
1565 2730 1753 2801 Nosti
1784 2729 2016 2811 frater,
2066 2730 2305 2800 omnia
2342 2751 2521 2818 quae
2567 2729 3095 2818 dereliquimus,

557 2840 739 2907 quae
785 2829 852 2888 et
897 2831 1155 2907 quanta
1202 2817 1497 2900 fuerint,
1551 2831 1618 2889 et
1672 2818 1875 2888 modo
1923 2817 2096 2888 nihil
2147 2817 2337 2888 aliud
2386 2818 2833 2906 quaerimus,
2884 2839 3097 2908 quam

563 2906 930 2978 Dominum
991 2918 1302 2983 nostrum
1350 2906 1583 2979 Jesum
1634 2907 1977 2981 Christum
2005 2961 2021 2987 ,
2074 2927 2198 2996 per
2240 2927 2445 2995 quem
2497 2907 2794 2979 vivimus
2840 2920 2908 2979 et
2952 2906 3103 2999 glo-

558 2994 876 3065 riantur?
907 2994 1245 3067 Maximus
1284 2995 1678 3086 respondit:
1731 3000 1823 3066 Ne
1870 2994 2151 3066 tardetis
2197 3015 2388 3066 nunc
2432 2994 2698 3065 domini
2749 2994 2928 3067 mei:
2982 2994 3102 3065 scd

556 3082 743 3171 quod
781 3084 995 3155 nostis
1039 3082 1359 3174 expedire
1407 3083 1582 3155 mihi
1627 3085 1809 3154 sicut
1837 3084 2047 3154 vobis
2077 3138 2094 3166 ,
2144 3082 2456 3154 celeriter
2500 3084 2790 3157 faciatis.
2842 3084 3100 3155 Indixit

556 3193 724 3262 ergo
750 3170 853 3242 illi
887 3172 1089 3262 Cajus
1120 3172 1501 3269 Episcopus
1522 3171 1895 3263 jejunium,
1943 3172 2296 3260 ,iussitque
2324 3193 2483 3244 eum
2516 3172 2806 3244 domum
2844 3172 3092 3246 redire.

556 3261 853 3332 Veniens
889 3259 1006 3330 ille
1052 3260 1364 3341 domum,
1420 3260 1591 3331 nihil
1640 3261 1967 3362 cuiquam
2018 3261 2312 3351 aperuit,
2367 3260 2483 3334 sed
2536 3274 2799 3332 tantum
2852 3282 3105 3353 magno

559 3349 924 3419 tenebatur
965 3347 1254 3420 fratrum
1307 3348 1451 3441 Caji
1484 3349 1802 3443 Episcopi
1840 3363 1908 3421 et
1939 3349 2208 3422 Gabinii
2244 3350 2623 3440 presbyteri
2673 3372 2930 3433 amore,
2982 3351 3108 3438 qui

557 3436 765 3513 etiam
814 3436 1161 3508 intantum
1209 3438 1525 3519 exerevit,
1580 3451 1660 3509 ut
1707 3451 1923 3509 morte
1959 3451 2373 3529 contempta,
2422 3439 2788 3510 Dominum
2819 3437 3106 3510 eonfite-

558 3537 772 3597 retur.
807 3530 1013 3597 Porro
1054 3526 1450 3598 consultum
1498 3539 1601 3597 est
1646 3527 1710 3598 ei
1757 3527 1850 3597 ab
1887 3526 2050 3609 illis,
2087 3539 2168 3599 ut
2213 3527 2392 3598 intra
2440 3527 2749 3630 quinque
2799 3527 2947 3598 dies
2998 3548 3109 3597 ver

557 3613 929 3688 numdaret
974 3615 1334 3687 facultates
1378 3636 1565 3699 suaS,
1615 3628 1682 3686 et
1729 3615 2172 3687 distribueret
2205 3616 2632 3707 pauperibus
2668 3615 3101 3689 Christianis.

560 3708 723 3775 Post
766 3702 936 3793 quin
989 3724 1076 3773 ue
1103 3703 1252 3779 dies
1281 3705 1582 3786 veniens,
1620 3704 1810 3777 misit
1848 3726 1922 3776 se
1958 3706 2042 3776 ad
2077 3705 2285 3797 pedes
2313 3704 2456 3794 Caji
2489 3705 2833 3796 Episcopi,
2863 3717 2934 3776 et
2961 3704 3100 3775 ait:

558 3791 818 3887 Adjuro
856 3804 920 3864 te
1000 3792 1230 3864 omine
1265 3814 1463 3864 meus
1496 3814 1618 3885 per
1658 3794 1915 3885 ipsum,
1954 3815 2076 3886 per
2104 3815 2308 3882 quem
2359 3778 2775 3864 illuminasti
2820 3792 3108 3863 fratrem

559 3902 791 3953 meum
843 3881 1233 3963 Claudium,
1272 3902 1360 3955 ne
1390 3904 1499 3951 me
1527 3881 1809 3952 differas
1853 3879 2276 3953 illuminare.
2331 3883 2523 3959 Sensi
2557 3882 2743 3952 enim
2780 3883 2851 3953 in
2895 3881 3111 3954 'cor'de

558 3992 712 4041 meo
755 3970 1360 4062 compunctionem
1407 3971 1676 4043 Domini
1717 3971 1934 4053 nostri
1979 3976 2147 4043 Jesu
2196 3970 2484 4054 Christi,
2537 3992 2745 4059 quem
2783 3982 2863 4042 tu
2909 3991 3113 4072 prae·-

558 4058 775 4141 dicaS,
814 4058 1024 4147 idque
1059 4058 1151 4129 ab
1186 4058 1308 4131 illo
1337 4057 1474 4140 die,
1507 4080 1648 4151 quo
1690 4060 1862 4130 mihi
1891 4059 2222 4151 dignatus
2252 4080 2327 4129 es
2360 4080 2748 4132 sermonem
2781 4058 3110 4132 aedifica·-

559 4147 769 4219 tionis
807 4147 1183 4239 impertire.
1238 4147 1415 4218 Dixit
1440 4148 1504 4218 ei
1532 4149 1738 4239 Cajus
1786 4148 2210 4252 Episcopus:
2262 4153 2437 4239 Ergo
2467 4148 2729 4219 inclina
2756 4161 3110 4219 cortuum

559 4235 647 4305 ad
680 4236 1142 4308 invocandum
1192 4236 1557 4308 Dominum
1613 4243 1851 4308 lesum
1904 4238 2277 4309 Christum.
2323 4238 2660 4308 Maximus
2702 4235 3105 4328 respondit:

560 4328 700 4414 Ego
749 4325 958 4396 miser
1000 4340 1066 4397 et
1119 4324 1355 4397 infelix
1388 4346 1510 4397 oro
1561 4326 2091 4398 sanctimoniam
2151 4339 2471 4407 vestram,
2521 4339 2597 4396 ut
2648 4325 2925 4403 salvetis
2955 4326 3110 4395 ani·-

561 4432 746 4483 mam
785 4433 1036 4495 meam,
1086 4426 1153 4485 et
1198 4413 1457 4486 eruatis
1492 4434 1600 4485 me
1632 4413 1718 4485 de
1752 4413 2097 4507 profundo
2129 4412 2500 4487 idolorum'
2523 4428 2589 4486 et
2637 4413 3104 4494 tenebrarum,
