3308 5004
785 344 915 412 596
1361 363 1459 410 ιιι.
1488 362 1547 411 s.
1598 315 1898 410 innocuo
1945 357 2144 408 rmsc.
2197 357 2561 411 nomene.
2927 339 3132 410 Ano.
3183 344 3252 408 st

697 467 821 537 per
867 445 1039 536 ejus·
1064 445 1431 516 dioecesim
1476 444 1853 516 multorum
1888 443 2021 514 late
2051 444 2306 535 sparsit
2335 466 2576 515 rumor
2600 454 2666 514 et
2694 443 3050 516 assertio!
3087 449 3253 528 Quo-

696 536 859 607 dam
890 549 1193 626 tempore
1228 534 1609 627 permultae
1640 555 1848 603 ranae
1879 533 2253 603 inconditis
2277 533 2562 604 vocibus
2594 532 2902 624 religiosi
2926 535 3254 605 antistitis

697 623 989 696 auribus
1035 623 1545 715 obstrepebant.
1594 622 1817 695 Jussit
1860 643 2025 713 ergo
2086 622 2407 694 sacerdos
2463 623 2627 704 Dei,
2692 636 2771 693 ut
2829 622 3254 694 conticesce-

698 724 875 795 rent,
930 735 1009 783 ac
1056 713 1510 785 reverentiam
1556 733 1796 784 sacrae
1840 711 2135 784 orationi
2182 710 2545 783 deferrent.
2581 716 2730 782 Mox
2776 711 3256 784 circumfusus

699 801 818 873 ille
860 802 1196 892 strepitus
1242 801 1695 891 conquiescit,
1748 800 2136 888 licebatque
2181 822 2463 871 cernere
2506 800 2799 892 paludes
2851 802 3167 882 tacitas,
3207 815 3256 873 et

696 889 1127 962 irrationalia
1168 890 1560 964 animantia
1606 912 1731 980 per
1777 888 2230 986 reverentiam·
2277 910 2672 980 agnoscere,
2727 889 2919 979 quod
2977 912 3121 982 per
3159 913 3254 961 na·

700 992 925 1050 turam
976 980 1433 1071 ignorabant:
1486 1002 1646 1050 cum
1695 978 2006 1051 ediverso
2045 989 2233 1049 tanta
2265 978 2630 1052 hominum
2663 978 3138 1051 immodestia
3167 982 3250 1052 sit

696 1079 776 1139 ut
822 1067 1137 1159 plerique
1184 1068 1449 1140 deferre
1497 1067 1812 1139 nesciant
1849 1067 2187 1138 mentium
2232 1067 2576 1158 religioni,
2610 1067 2793 1155 quod
2828 1069 3142 1141 aurium
3170 1092 3252 1140 vo

695 1157 950 1248 luptati
994 1157 1339 1229 deferunt.
1391 1158 1514 1229 His
1559 1169 1768 1246 atque
1820 1156 1979 1228 aliis
2046 1156 2409 1248 permultis
2466 1155 2824 1228 miraculis
2878 1158 3038 1230 insi
3097 1159 3250 1228 nitus

688 1245 859 1317 licet
890 1245 1140 1318 Christi
1171 1246 1370 1318 miles
1398 1248 1641 1317 beatus
1674 1245 2065 1326 Amoenus,
2101 1245 2320 1317 nescit
2355 1258 2586 1318 tamen
2622 1245 2883 1315 inflari.
2927 1251 3019 1318 In
3058 1249 3248 1318 eriora

694 1334 889 1405 enim
938 1334 1355 1438 despiciens,
1394 1350 1823 1407 terrenorum
1856 1334 2295 1417 obliviscenS‚
2330 1334 2473 1406 alta
2507 1334 2862 1406 coelorum
2901 1346 3063 1407 tota
3095 1359 3248 1407 men·

702 1423 791 1494 tis
838 1423 1219 1495 intentione
1266 1425 1692 1506 desideranS,
1749 1446 2059 1526 pangens
2108 1444 2298 1494 nuuc
2345 1424 2702 1504 castitatis,
2757 1445 2959 1495 nunc
3021 1438 3248 1514 tempe

706 1512 972 1582 rantiae
1017 1512 1362 1596 modu103‚
1416 1514 1805 1586 sobrietatis
1850 1524 2156 1595 carmen,
2211 1513 2624 1604 integritatis
2664 1513 2912 1595 meloS,
2953 1536 3248 1601 quaere-

704 1615 808 1671 tro
855 1613 1020 1673 sunt
1064 1601 1503 1686 obliviscens,
1554 1616 1620 1673 et
1667 1602 1754 1672 ad
1803 1602 2143 1674 anteriora
2205 1623 2278 1674 se
2327 1602 2725 1682 extendens,
2787 1601 3142 1676 tendebat
3190 1603 3246 1673 ad

707 1691 1027 1760 bravlum
1079 1713 1422 1782 supernae
1468 1692 1874 1762 vocationis.

790 1781 829 1866 ξ
880 1785 1044 1851 20.
1096 1785 1336 1868 Itaque
1382 1793 1534 1872 post
1581 1780 1940 1852 fundatam
1991 1780 2064 1850 in
2103 1779 2240 1850 fide
2280 1778 2679 1860 Ecclesiam,
2717 1791 2874 1869 post
2911 1780 3246 1852 doctrina-2

703 1869 989 1949 fluenta,
1046 1880 1200 1959 post
1245 1880 1342 1939 tot
1387 1868 1747 1940 aedificata
1796 1868 2236 1950 monasteria,
2292 1881 2445 1959 post
2479 1867 3031 1956 tranquillatum
3076 1870 3250 1942 totius

706 1956 1036 2026 Franciae
1082 1978 1402 2048 regnum,
1453 1960 1701 2030 urbem
1752 1963 2066 2039 Romam,
2119 1969 2331 2048 caput
2370 1958 2557 2029 orbis
2595 1971 2660 2028 et
2691 1956 3151 2030 Christianae
3179 1981 3248 2028 re·

702 2043 987 2134 ligionis
1017 2100 1033 2127 ,
1090 2067 1299 2135 quam
1365 2048 1842 2137 Apostolorum
1906 2047 2257 2139 principes
2304 2047 2454 2117 suis
2497 2046 2917 2136 corporibus
2965 2060 3244 2120 ornant,

691 2143 1094 2233 martyrum
1141 2146 1452 2206 catervae
1480 2137 1700 2207 sacris
1732 2136 2010 2208 ossibus
2046 2135 2400 2216 decorant,
2439 2136 2929 2227 pontificatum
2962 2137 3136 2239 ejus
3160 2160 3250 2208 ur·

703 2222 815 2292 b1s
861 2233 1028 2292 tunc
1074 2224 1146 2293 in
1196 2246 1461 2296 annum
1510 2237 1836 2315 quartum
1877 2225 2227 2295 obtinente
2258 2224 2600 2296 Adebdato
2630 2229 2837 2316 Papa,
2885 2224 3106 2297 adire
3135 2239 3250 2297 tan·

704 2310 861 2382 dem
894 2313 1271 2383 constituit.
1308 2319 1619 2403 Cumque
1652 2314 1781 2384 hoc
1812 2314 2015 2405 longe
2047 2314 2318 2402 lateque
2349 2314 2534 2384 fama
2570 2314 2914 2405 vulgaret,
2955 2315 3247 2402 undique

702 2401 1126 2472 conveniunt
1172 2401 1259 2472 ad
1307 2403 1534 2474 virum
1568 2403 1685 2473 De'i
1715 2403 2068 2474 innumeri
2100 2402 2419 2474 homines
2451 2402 2778 2494 religiosi,
2824 2404 2992 2474 auri
3032 2426 3248 2496 argen-

705 2489 894 2577 tique
942 2490 1249 2581 pondera
1297 2491 1517 2564 multa
1563 2492 1626 2562 ei
1675 2492 2057 2573 afferentes,
2117 2492 2469 2581 simulque
2523 2493 3005 2575 obsecranteS,
3066 2508 3145 2565 ut
3186 2492 3244 2564 ad

703 2599 993 2669 corpora
1041 2593 1440 2652 sanctorum
1489 2581 1968 2672 Apostolorum
2016 2594 2087 2662 et,
2155 2594 2536 2671 martyrum
2602 2604 2724 2673 pro
2784 2581 3246 2674 redemptione

703 2668 1097 2739 animarum
1150 2689 1466 2752 suarum,
1516 2692 1598 2741 ea
1645 2670 1897 2741 deferri
1949 2670 2202 2759 jubeat,
2261 2684 2523 2760 partem
2569 2671 2775 2740 etiam
2829 2673 3254 2762 pauperibus

703 2755 847 2827 illic
895 2758 1044 2828 suis
1092 2759 1309 2829 sacris
1356 2761 1685 2830 manibus
1731 2744 2124 2840 distribuat,
2169 2760 2190 2826 i
2245 2781 2496 2847 sosque
2528 2760 2676 2830 suis
2706 2760 3046 2850 precibus
3081 2762 3257 2830 Chri-

703 2857 806 2915 sto
856 2847 1316 2918 commendet.
1369 2848 1563 2919 flulti
1610 2849 1816 2919 etiam
1868 2848 2190 2919 venerabi
2220 2869 2293 2918 es
2341 2848 2467 2917 viri
2516 2862 2582 2918 et
2629 2851 2763 2918 Deo
2813 2849 3068 2929 devoti,
3126 2871 3258 2919 una

701 2956 863 3005 cum
915 2933 1034 3004 illo
1085 2923 1430 3026 proficisci
1465 2938 1599 3008 sibi
1633 2937 1840 3008 licere
1872 2937 2428 3028 gratulabantur.
2465 2942 2540 3007 In
2573 2936 2835 3026 quibus
2866 2949 3009 3007 erat
3044 2940 3116 3005 S.
3154 2939 3261 3007 Si-

701 3022 982 3105 donius,
1035 3045 1283 3114 genere
1332 3030 1597 3108 ScotuS,
1648 3039 1995 3097 extructor
2041 3027 2463 3108 monasterii,
2515 3026 2697 3114 quod
2737 3049 2928 3097 nunc
2961 3045 3082 3115 per
3114 3046 3262 3097 me·

704 3112 1115 3201 tonymiam,
1151 3128 1468 3185 sanctum
1502 3115 1894 3198 Sidonium,
1939 3138 1980 3185 a
2033 3116 2315 3206 pellant.

793 3202 1003 3288 §22
1041 3203 1347 3293 Stipatus
1377 3203 1592 3293 igitur
1621 3205 1723 3273 vir
1753 3208 1887 3275 Deo
1916 3138 2212 3275 ἀίῗεοιυε
2239 3216 2636 3275 sanctorum
2666 3205 3005 3275 comitum
3032 3204 3254 3279 turba,

703 3288 1442 3380 eleemosynarumque
1472 3293 2074 3364 benedictionibus
2099 3305 2416 3371 onustus,
2457 3291 2544 3362 ad
2581 3292 2825 3363 limina
2857 3306 3259 3364 sanctorum

703 3380 1183 3468 Apostolorum
1237 3381 1502 3463 hilaris,
1557 3395 1635 3453 ut
1671 3381 2022 3470 quondam
2062 3405 2179 3452 vas
2211 3381 2590 3463 electionis,
2627 3404 2789 3452 cum
2824 3381 3258 3454 diversarum

701 3467 1153 3540 ecclesiarum
1182 3470 1700 3563 benedictiones
1725 3472 1793 3540 in
1828 3470 2292 3542 ministerium
2329 3482 2725 3541 sanctorum
2758 3470 3256 3562 ,lerosolymam

704 3568 1121 3647 apportaret,
1179 3560 1506 3649 pervenit.
1559 3560 1656 3631 Ad
1707 3559 2023 3650 singulas
2068 3572 2297 3630 autem
2347 3560 2828 3651 Apostolorum
2877 3574 2951 3630 et
3007 3574 3258 3650 marty·

705 3667 863 3716 rum
912 3648 1285 3717 memorias
1332 3670 1403 3720 se
1452 3661 1918 3738 prosternens,
1964 3661 2116 3720 vota
2148 3660 2214 3719 et
2246 3648 2789 3739 supplicationes
2828 3661 2975 3719 tam
3019 3671 3156 3741 pro
3183 3671 3256 3722 se.

703 3757 913 3823 quam
966 3758 1090 3826 pro
1139 3735 1349 3807 totius
1395 3738 1739 3809 Ecclesiae
1771 3737 2173 3808 Catholicae
2222 3760 2410 3828 pace,
2464 3738 2736 3820 obtulit,
2781 3737 3151 3829 lacrymas
3181 3752 3259 3810 ta·

707 3846 893 3907 men,
946 3825 1235 3896 uberius
1323 3848 1483 3897 uam
1521 3827 1750 3910 verba,
1789 3826 2113 3898 fundens.
2157 3828 2588 3914 Ubicumque
2620 3828 2806 3898 enim
2849 3828 2924 3896 in
2962 3828 3260 3901 oratioue

703 3926 1089 4003 prostratus
1127 3916 1284 4006 jace
1335 3928 1426 3997 at,
1479 3917 1775 3987 flumina
1825 3916 1968 3987 lacr
2021 3938 2292 3987 marum
2337 3917 2809 4006 pavimentum
2843 3916 3256 4008 irrigabant

704 4002 1013 4091 Denique
1059 4026 1218 4074 cum
1258 4006 1343 4075 ad
1380 4005 1562 4078 beati
1603 4007 1779 4077 Petri
1819 4027 1946 4076 con
1981 4006 2320 4076 essionem
2364 4004 2553 4075 hunc
2591 4026 2864 4076 versum
2899 4005 3260 4100 inciperet

702 4095 1129 4164 Eaeultabunt
1152 4097 1370 4164 sancti
1402 4098 1474 4165 in
1501 4098 1770 4185 qloria:
1813 4095 2146 4166 divinitus
2185 4117 2598 4186 responsum
2635 4107 2763 4177 est,
2805 4096 3261 4169 Laetabmtm

705 4184 777 4249 in
824 4183 1152 4252 cubilibus
1196 4186 1360 4253 ειιιζς.
1416 4184 1545 4254 Sed
1586 4185 1745 4272 quis
1779 4205 2324 4256 commemorare
2356 4183 2676 4266 sufficiat,
2712 4194 2984 4272 quanta
3027 4184 3264 4258 tibera-

706 4270 894 4339 litate
939 4283 1005 4340 et
1055 4273 1532 4344 munificentia
1572 4295 1696 4364 per
1734 4279 2079 4345 Romanas
2112 4273 2440 4347 ecclesias
2473 4285 2540 4343 et
2570 4285 2981 4344 sanctorum
3013 4294 3267 4347 memo·

708 4359 847 4427 rias
899 4360 1215 4429 traditam
1270 4362 1404 4433 sibi
1454 4363 1825 4453 pecuniam
1875 4362 2354 4435 distribuerit?
2421 4360 2986 4439 Cumulabantur
3032 4364 3266 4436 altaria

710 4459 1104 4518 sanctorum
1131 4470 1301 4521 auro
1324 4463 1390 4522 et
1410 4464 1718 4543 argeum,
1746 4453 2047 4543 itemque
2070 4472 2458 4544 pauperum
2489 4473 2737 4524 manus
2763 4450 3263 4545 implebantur,
