3308 5004
649 302 780 368 440
1245 318 1323 365 na
1363 319 1419 367 s.
1472 317 1802 366 naamam
1849 318 1992 366 Ana.
2046 316 2429 366 CLARAVALL.
2782 299 2969 370 AUG.
3028 305 3115 369 20

559 405 908 492 fidemque
953 402 1286 492 conjugii,
1328 416 1395 472 et
1434 423 1554 492 per
1601 402 1865 488 aliquot
1903 416 2061 473 ante
2093 403 2355 473 obitum
2391 423 2595 472 suum
2632 426 2875 485 annOS,
2932 406 3004 474 in
3034 428 3116 477 eo

562 493 646 563 ad
686 492 866 581 quod
920 492 1102 561 filios
1148 514 1312 562 suos
1363 493 1625 561 nutrire
1654 491 2042 573 videbatur,
2101 503 2299 582 prout
2351 493 2592 582 potuit,
2621 507 2685 563 et
2727 493 2921 564 licuit
2951 517 3120 566 mu-

562 582 711 652 lieri
759 583 891 652 sub
938 581 1067 650 viri
1116 592 1443 671 potestate
1489 581 1921 660 constitutae,
1966 602 2208 651 omnes
2247 582 2398 671 ipsa
2432 583 2801 672 praevenit.
2836 585 3112 654 Etenim

561 672 633 741 in
668 671 873 740 domo
922 692 1047 741 sua
1086 682 1152 739 et
1201 670 1266 738 in
1302 669 1723 759 professione
1768 669 2143 760 conjugali,
2180 682 2246 739 et
2292 670 2362 738 in
2414 671 2640 742 medio
2689 672 2928 753 seculi,
2964 695 3119 742 ere-

560 759 869 830 miticam
918 781 1042 829 seu
1082 760 1532 828 monasticam
1585 758 1792 828 vitam
1836 781 1970 828 non
2034 781 2241 850 parvo
2289 772 2596 848 tempore
2649 761 2794 844 visa
2846 774 2950 831 est
2997 784 3120 832 ae·

560 848 837 930 mulari,
875 848 943 916 in
995 848 1217 917 victus
1258 847 1607 937 parcitate,
1647 849 1716 916 in
1769 848 2022 918 vilitate
2052 849 2359 928 vestitus,
2395 847 2681 919 delicias
2710 863 2774 919 et
2816 872 3116 941 pompas

560 937 776 1008 seculi
802 960 843 1007 a
869 958 942 1006 se
970 935 1382 1017 abdicando,
1415 936 1503 1006 ab
1550 937 1820 1006 actibus
1860 950 1925 1007 et
1954 937 2143 1006 curis
2183 937 2636 1019 secularibus,
2691 938 3116 1026 inquantum

561 1038 843 1117 poterat,
882 1047 954 1096 se
986 1024 1479 1107 subtrahendo,
1526 1025 1907 1095 insistendo
1928 1026 2246 1114 jejuniis,
2276 1026 2532 1116 vigiliis
2556 1040 2621 1096 et
2645 1028 3107 1110 orationibuS,

559 1128 624 1185 et
668 1115 853 1204 quod
904 1114 1139 1184 minus
1190 1113 1635 1205 professionis
1685 1129 2081 1215 assumptae
2129 1115 2423 1185 habebat
2456 1170 2471 1197 ,
2537 1116 2996 1206 eleemosynis
3048 1130 3120 1187 et

559 1204 849 1275 diversis
898 1203 1223 1294 operibus
1257 1203 1770 1274 misericordiae
1811 1204 2234 1274 redimendO.
2271 1209 2349 1272 In
2397 1226 2535 1292 quo
2563 1204 2649 1274 de
2678 1205 2788 1274 die
2823 1206 2890 1274 in
2921 1205 3118 1275 diem

561 1294 956 1384 proficiens,
1002 1292 1087 1361 ad
1128 1306 1427 1363 extrema
1460 1292 1754 1374 devenit,
1790 1306 1856 1362 et
1906 1293 2325 1383 perficienda
2358 1294 2425 1362 in
2476 1293 2732 1374 futuro,
2788 1295 2855 1362 in
2905 1316 2986 1363 eo
3036 1295 3113 1364 in

560 1404 700 1469 quo
736 1381 1040 1472 profecit,
1086 1381 1170 1450 de
1205 1381 1435 1451 seculo
1485 1382 1825 1472 migravit.
1880 1381 2306 1452 Obdormivit
2368 1396 2595 1452 autem
2650 1382 3120 1473 psallentibus

559 1472 829 1541 clericis
868 1470 987 1558 qui
1036 1482 1516 1551 convenerant,
1570 1483 1635 1541 et
1685 1471 1836 1561 ipsa
1884 1471 2139 1561 pariter
2173 1471 2511 1561 psallens:
2551 1485 2627 1541 ut
2675 1473 2743 1540 in
2779 1472 3113 1543 extremis

560 1581 856 1647 quoque,
908 1581 1069 1629 cum
1095 1560 1241 1647 jam
1274 1581 1401 1629 vox
1448 1561 1598 1646 ejus
1630 1559 1858 1629 audiri
1891 1581 2027 1628 non
2082 1573 2328 1650 posset,
2367 1559 2597 1630 adhuc
2634 1562 2886 1630 moveri
2921 1560 3118 1631 labia

560 1649 978 1727 viderentur,
1023 1662 1088 1718 et
1138 1648 1482 1738 palpitans
1536 1648 1774 1739 lingua
1807 1649 2173 1718 Dominum
2221 1648 2558 1719 confiteri.
2598 1653 2883 1719 Demum
2930 1652 3124 1721 inter

559 1738 839 1807 litaniae
887 1738 1452 1828 supplicationes,
1492 1759 1650 1807 cum
1702 1736 2068 1818 diceretur,
2122 1744 2246 1807 Per
2294 1738 2684 1827 passionem
2721 1750 2786 1808 et
2820 1744 3118 1809 Crucem

561 1839 745 1897 tuam
787 1826 1002 1895 libera
1048 1848 1198 1895 eam
1244 1826 1563 1896 Domine:
1617 1825 1890 1896 elevans
1946 1849 2228 1896 manum
2272 1849 2496 1907 suam,
2550 1827 2847 1916 signavit
2896 1851 2991 1910 se,
3043 1841 3122 1898 et

559 1916 787 1986 emisit
826 1914 1174 2004 spiritum,
1232 1915 1322 1984 ita
1355 1927 1431 1984 ut
1458 1937 1743 1985 manum
1777 1937 1913 1984 non
1955 1928 2182 2006 posset
2210 1915 2552 2006 deponere
2588 1938 2795 2003 quam
2829 1916 3106 1987 levavit.

647 2006 684 2091 ξ
730 2009 818 2075 5.
872 2009 964 2072 Ex
1012 2003 1138 2073 hoc
1185 2003 1575 2075 Bernardus
1624 2026 1750 2073 suo
1789 2005 1938 2094 jam
1992 2026 2200 2085 more,
2249 2026 2375 2074 suo
2414 2006 2575 2094 jure
2636 2005 2939 2075 victitare
2996 2007 3118 2074 in-

561 2091 849 2181 cipiens,
906 2092 1201 2182 eleganti
1249 2114 1558 2183 corpore,
1612 2106 1806 2184 grata
1853 2093 2024 2162 facie
2089 2094 2604 2184 praeeminenS,
2669 2094 3115 2165 suavissimis

560 2192 845 2250 ornatus
905 2181 1237 2262 moribus,
1309 2182 1449 2251 acri
1491 2182 1769 2272 ingenio
1820 2182 2214 2273 praeditus,
2266 2194 2333 2251 et
2378 2182 2786 2273 acceptabili
2837 2182 3114 2273 pollens

560 2269 858 2356 eloquio.
904 2290 1194 2360 magnae
1228 2271 1371 2360 spei
1404 2270 1805 2341 adolescens
1840 2271 2387 2362 praedicabatur.
2425 2273 2547 2341 Cui
2588 2285 2941 2359 tamquam
2998 2273 3114 2342 in·-

563 2358 901 2449 gredienti
944 2358 1280 2441 seculum,
1322 2359 1553 2449 plures
1601 2381 1674 2430 se
1705 2360 1852 2429 viae
1891 2361 2108 2430 seculi
2154 2361 2377 2461 ipsius
2424 2361 2668 2431 offerre
2703 2374 3112 2451 coeperunt,

562 2462 627 2518 et
658 2469 900 2518 omnes
928 2469 1289 2539 assurgere
1339 2449 1822 2540 prosperitates
1856 2449 2028 2519 vitae
2078 2449 2309 2540 hujus,
2349 2462 2414 2520 et
2455 2472 2747 2540 magnae
2776 2471 2934 2540 spes
2972 2472 3115 2521 un-

559 2537 768 2626 dique
824 2536 1151 2607 arridere.
1218 2538 1638 2608 Obsidebant
1685 2550 1911 2608 autem
1965 2539 2342 2630 benignum
2410 2539 2686 2627 juvenis
2732 2539 3046 2608 animum
3081 2593 3101 2619 ,

562 2626 903 2696 sodalium
941 2625 1317 2697 dissimiles
1369 2649 1610 2707 mores,
1665 2640 1729 2697 et
1776 2627 2118 2697 amicitiae
2150 2627 2589 2719 procellosae,
2643 2627 2942 2698 similem
2974 2629 3115 2698 sibi

559 2716 782 2785 facere
822 2716 1211 2806 gestientes:
1263 2737 1439 2803 quae
1473 2717 1530 2784 si
1577 2717 1639 2785 ei
1679 2716 2074 2786 dulcescere
2115 2717 2592 2807 perstitissent,
2647 2737 2923 2787 necesse
2965 2732 3116 2787 erat

557 2825 984 2873 amarescere
1034 2802 1160 2884 illi,
1202 2805 1382 2892 quod
1432 2806 1498 2873 in
1555 2805 1682 2875 hac
1723 2805 1859 2874 vita
1910 2804 2186 2874 dulcius
2246 2805 2437 2875 cordi
2494 2807 2644 2895 ejus
2711 2805 3100 2888 insederat,

558 2893 891 2962 castitatis
918 2914 1246 2964 amorem.
1284 2894 1406 2964 Cui
1432 2895 1799 2984 praecipue
1840 2894 2155 2963 invidens
2192 2894 2476 2965 coluber
2502 2907 2872 2975 tortuosus,
2911 2916 3114 2985 spar-

559 2982 760 3082 gebat
817 2981 1098 3069 laqueos
1157 2982 1634 3062 tentationum,
1690 3002 1770 3052 ac
1833 2982 2038 3051 variis
2088 2982 2496 3053 occursibus
2560 2983 2882 3054 calcaneo
2947 2983 3109 3070 eJus

558 3069 1044 3139 insidiabatur.
1101 3069 1292 3140 Unde
1322 3093 1480 3141 cum
1531 3070 1905 3158 aliquando
1954 3084 2268 3141 matrona
2304 3072 2671 3159 quaedam,
2716 3072 3112 3163 pulchritu-

561 3157 746 3237 dine,
800 3158 1083 3239 divitiis,
1120 3159 1316 3229 cultu
1340 3172 1406 3230 et
1443 3159 1599 3229 aliis
1630 3160 2027 3248 huJusmodi
2060 3161 2469 3230 iritamentis
2506 3162 3113 3253 concupiscentiae

559 3258 626 3315 et
676 3248 934 3336 peccati
973 3248 1415 3337 praecellens,
1465 3250 1532 3318 in
1564 3249 1911 3319 secretiori
1935 3248 2187 3320 domus
2212 3250 2537 3320 cubiculo
2562 3270 2723 3321 eum
2754 3272 3106 3341 aggressa,

566 3336 983 3424 pertraheret
1010 3336 1096 3406 ad
1134 3350 1512 3426 peccatum,
1541 3336 1657 3406 ille
1684 3359 1837 3407 eam
1874 3337 2146 3408 lenibus
2178 3339 2403 3409 verbis
2431 3339 2856 3420 demulcens,
2888 3339 3110 3410 donec

561 3445 599 3493 e
634 3424 955 3496 manibus
1002 3426 1156 3513 ejus
1202 3437 1267 3496 et
1313 3425 1749 3516 amplexibus
1795 3426 2219 3510 elaberetur,
2265 3427 2444 3518 fugit
2499 3441 2565 3498 et
2607 3428 2846 3508 evasit,
2917 3429 3108 3498 etin

560 3511 790 3582 medio
840 3513 1020 3604 ignis
1071 3536 1207 3583 non
1252 3527 1358 3585 est
1403 3526 1777 3605 aestuatus.
1809 3515 2029 3585 Altera
2076 3528 2304 3587 autem
2347 3516 2512 3599 vice,
2559 3538 2720 3587 cum
2760 3515 3112 3589 curiosius

561 3601 1034 3693 adspiciendo,
1089 3602 1347 3673 defixos
1395 3604 1466 3672 in
1527 3604 1901 3691 quamdam
1968 3604 2205 3675 oculos
2253 3605 2685 3694 aliquamdiu
2734 3606 3108 3688 tenuisset,

561 3691 888 3761 continuo
926 3690 1012 3761 ad
1054 3713 1125 3761 se
1162 3713 1495 3773 reversus,
1547 3704 1613 3762 et
1660 3692 1743 3761 de
1792 3694 2160 3785 semetipso
2197 3696 2612 3765 erubescens
2660 3694 2848 3785 apud
2888 3716 3112 3765 serne-

561 3781 849 3871 tipsum,
906 3781 975 3850 in
1016 3781 1321 3872 seipsum
1372 3780 1555 3852 ultor
1607 3782 2088 3854 severissimus
2125 3783 2398 3854 exarsit.
2462 3787 2714 3874 Stagno
2761 3784 3114 3871 siquidem

559 3870 949 3960 gelidarum
998 3891 1365 3958 aquarum,
1421 3870 1602 3957 quod
1645 3871 1715 3940 in
1760 3872 2071 3961 proximo
2103 3883 2268 3953 erat,
2305 3872 2482 3942 collo
2511 3886 2710 3945 tenus
2759 3872 3104 3955 insilienS,

561 3959 823 4029 tamdiu
873 3957 1049 4029 inibi
1100 3960 1497 4049 permansit,
1550 3959 1770 4030 donec
1829 3982 1999 4051 pene
2054 3961 2390 4052 exanguis
2436 3962 2742 4044 effectus,
2807 3983 2928 4052 per
2974 3963 3117 4032 vir-

559 4060 772 4117 tutem
807 4048 1069 4137 gratiae
1116 4048 1569 4138 cooperantis,
1605 4048 1809 4118 etiam
1852 4071 1890 4119 a
1920 4049 2146 4120 calore
2176 4051 2476 4120 carnalis
2501 4051 3115 4141 concupiscentiae

561 4147 740 4207 totus
784 4136 1126 4227 refriguit:
1173 4136 1475 4208 induens
1506 4136 1704 4206 illum
1757 4140 2090 4210 castitatis
2137 4140 2484 4222 affectum,
2533 4160 2739 4227 quem
2789 4138 3116 4211 induerat

558 4225 679 4309 qui
714 4224 1033 4295 dicebat:
1071 4231 1161 4295 Pe
1210 4228 1314 4317 ἐφ’
1335 4226 1571 4314 foedus
1601 4246 1754 4295 cum
1786 4232 1998 4298 oculis
2057 4231 2244 4315 meis,
2282 4239 2360 4298 ut
2407 4251 2491 4299 ne
2526 4230 2798 4321 quidem
2855 4231 3115 4320 coqita-

559 4334 700 4381 rem
738 4315 820 4382 de
848 4316 1114 4414 virgine
1141 4249 1290 4404 cleb
1330 4314 1526 4403 xxxl).

648 4402 686 4488 ξ
749 4407 843 4473 θ.
919 4406 1109 4472 Circa
1176 4402 1357 4472 idem
1432 4416 1755 4494 tempus,
1831 4404 2166 4476 instinctu
2235 4405 2591 4477 daemonis
2627 4461 2643 4489 ,
2711 4406 2782 4476 in
2851 4404 3110 4478 lectum
