3308 5004
83 430 270 500 Ave.
322 431 409 497 28
714 475 721 482 -
783 422 793 433 ’
900 389 1024 497 'nt
1070 450 1129 498 s.
1180 444 1449 497 summo
1496 447 1791 497 narras
1845 471 1866 488 .
2411 431 2546 498 705

168 536 207 621 ἓ
254 536 399 606 Ιὸ.
453 529 563 603 Sic
591 529 669 602 et'
701 533 1034 624 Anagilus
1083 533 1370 621 quidam
1429 545 1724 615 mutu5,·
1762 532 2022 604 surdus
2067 543 2135 603 et
2169 554 2441 617 caecus,
2484 556 2634 604 om-

81 624 279 693 nium
340 621 811 692 membrorum
868 626 1204 714 compage
1252 620 1651 694 debilitatus
1687 677 1702 703 ,
1745 622 1834 692 ad
1891 621 2137 692 limina
2198 636 2635 694 sacrosancta

81 712 430 803 projectus
460 724 587 790 est,
642 710 905 780 scilicet
948 724 1025 781 ut
1071 712 1174 782 vel
1222 711 1312 782 ab
1361 711 1536 802 stipe
1586 723 1983 802 pasceretur
2025 711 2453 793 devotorum,
2513 713 2637 800 qui

80 800 304 871 victus
349 797 751 869 alimoniam
806 801 1107 891 propriis
1156 800 1481 870 manibus
1528 801 1845 871 laborare
1883 822 2026 871 non
2063 812 2350 891 poterat.
2407 801 2638 893 [gitur

14 928 21 936 ·
83 912 244 960 cum
296 910 419 979 per
463 910 730 959 annum
766 890 1111 980 integrum
1159 902 1318 959 ante
1354 904 1668 961 sanctam
1719 890 1956 960 aedem
1991 889 2425 971 decubasset,
2482 901 2638 960 tan-

84 979 237 1048 dem
288 977 606 1048 visitatus
653 1000 693 1047 a
739 976 989 1048 virtute
1036 978 1216 1049 beati
1267 979 1634 1068 martyris,
1686 979 1776 1048 ab
1823 978 2016 1049 omni
2073 978 2476 1048 infirmitate
2523 1000 2637 1049 sa-

85 1079 288 1137 natus
330 1078 458 1136 est.
514 1065 795 1137 Videtur
840 1080 1068 1137 autem
1122 1065 1294 1136 mihi
1346 1089 1478 1138 non
1532 1069 2024 1160 incongruum,
2075 1080 2154 1138 ut
2200 1067 2380 1139 sicut
2414 1068 2637 1138 sancti

82 1158 332 1226 virtute
391 1168 634 1228 curata
682 1155 1000 1226 morbida
1047 1169 1449 1227 retexuntur
1481 1210 1497 1236 ,
1553 1157 1648 1226 ita
1693 1172 1759 1227 et
1807 1156 2195 1229 infidelium
2263 1157 2636 1247 pravitates

79 1245 389 1316 oratione
436 1244 628 1315 illius
673 1244 1087 1326 confutatae,
1140 1245 1226 1315 ad
1277 1245 1830 1317 emendationem
1878 1245 2202 1327 aliorum,
2255 1265 2340 1315 ne
2375 1245 2637 1316 similia

79 1344 431 1427 appetant,
484 1332 963 1405 declarenturz
1015 1334 1181 1423 quia
1228 1346 1521 1422 utraque
1568 1335 1786 1405 sancti
1837 1335 2055 1426 gloria
2093 1348 2418 1425 praestat,
2462 1344 2638 1405 utet

78 1425 208 1494 hos
241 1423 519 1492 sanitati
551 1421 810 1497 reddat.
862 1445 948 1494 ne
993 1422 1300 1512 amplius
1337 1424 1781 1495 crucientur:
1829 1437 1899 1495 et
1929 1423 2090 1494 illos
2124 1434 2397 1515 arguat,
2439 1423 2631 1494 ne⁵in

78 1514 319 1583 futuro
355 1510 626 1603 judicio
674 1513 1249 1590 condemnentur.
2629 1531 2634 1542 “

169 1603 406 1689 ἓίῦ.
462 1605 540 1670 Et
601 1600 759 1671 licet
820 1600 1096 1672 nullum
1172 1602 1381 1672 latere
1436 1602 1719 1673 credam
1789 1599 2053 1690 aliquid
2113 1600 2199 1671 de
2263 1600 2638 1672 hostilitate

77 1690 484 1760 Theodorici
536 1690 763 1779 RegiS,
818 1712 896 1761 ac
945 1690 1470 1762 infirmitatibus
1518 1691 1871 1782 sigivaldi,
1910 1712 2089 1778 quae
2120 1690 2183 1760 ei
2201 1690 2285 1758 -in
2337 1694 2640 1759 Arverno

82 1779 307 1870 posito
355 1778 841 1869 contigerunt,
897 1793 1173 1870 propter
1222 1780 1538 1850 virtutem
1611 1795 1836 1850 tamen
1911 1780 2092 1850 beati
2157 1779 2486 1868 martyris
2533 1791 2638 1849 est

76 1868 489 1958 diligentius
535 1866 1019 1958 exponendum
1049 1923 1065 1949 ,
1117 1867 1300 1956 quod
1374 1868 1649 1939 facilius
1698 1868 1871 1940 fides
1931 1869 2136 1939 dictis
2191 1867 2632 1938 adhibeatur.

78 1957 305 2047 Igitur
348 1977 507 2025 cum
558 1956 646 2026 ob
683 1954 1138 2047 direptionem
1169 1961 1625 2033 Arvernorum
1661 1963 1800 2032 Rex
1832 1958 2223 2029 antedictus
2258 1956 2634 2039 festinaret,

75 2059 147 2114 et
196 2044 593 2136 ingrediens
645 2046 1041 2128 terminum,
1094 2045 1472 2117 vastatione
1496 2059 1760 2117 cuncta
1794 2047 2166 2148 subigeret,
2207 2067 2369 2136 pars
2404 2044 2643 2133 aliqua

77 2134 170 2202 ab
218 2133 522 2203 exercitu
583 2146 895 2225 separata
930 2189 946 2218 ‚
1011 2134 1098 2205 ad
1166 2136 1626 2206 Brivatensem
1689 2136 1915 2206 vicum
1969 2133 2214 2206 infesta
2266 2135 2637 2225 prorupit,

79 2222 270 2292 fama
324 2222 693 2312 vulgante,
745 2223 931 2311 quod
979 2223 1051 2292 in
1103 2223 1392 2296 basilica
1422 2236 1652 2296 essent
1699 2223 1967 2296 incolae
2012 2243 2176 2294 cum
2217 2222 2457 2295 multis
2500 2223 2644 2292 the-

78 2311 315 2382 sauris
376 2312 789 2382 absconditi.
865 2317 1174 2400 Cumque
1240 2313 1714 2403 pervenissent
1760 2311 1846 2382 ad
1917 2313 2145 2383 locum
2181 2365 2198 2392 ,
2276 2311 2644 2381 inveniunt

80 2399 609 2470 multitudinem
662 2402 1042 2491 promiscui
1092 2423 1295 2471 sexus
1326 2456 1343 2482 ,
1396 2402 1733 2472 obseratis
1779 2400 2010 2492 ostiis,
2056 2400 2127 2469 in
2179 2400 2437 2490 templo
2485 2400 2638 2489 ipso

73 2512 244 2560 cum
298 2489 601 2581 propriis
630 2489 1076 2563 facultatibus
1124 2490 1446 2562 residere.
1502 2495 1809 2578 Cumque
1841 2490 2101 2560 intrare
2136 2511 2273 2559 non
2311 2501 2590 2580 possent
2616 2497 2662 2571 ‚⁸

72 2601 271 2648 unus
335 2602 456 2680 per
513 2579 866 2651 effractam
915 2603 1044 2651 ceu
1092 2580 1208 2651 fur
1253 2580 1322 2649 in
1374 2579 1572 2650 altari
1632 2591 1871 2650 sancto
1919 2577 2290 2648 fenestram
2353 2579 2640 2648 vitream

73 2668 519 2758 ingreditur:
571 2670 738 2757 quia
784 2669 907 2756 qui
954 2691 1091 2739 non
1146 2671 1354 2740 intrat
1402 2690 1524 2761 per
1558 2668 1848 2757 januam
1877 2723 1893 2749 ,
1947 2668 2061 2737 hic
2111 2667 2286 2737 latro
2333 2680 2458 2737 est.
2516 2671 2644 2735 De-

70 2757 247 2825 hinc
300 2757 619 2828 reseratis
679 2758 872 2830 aedis
933 2757 1127 2828 illius
1191 2756 1452 2838 valvis,
1503 2757 1875 2827 exercitum
1942 2756 2359 2826 intromittit.
2413 2760 2492 2825 At
2539 2753 2644 2824 illi

69 2846 355 2933 direpta
402 2858 653 2915 cuncta
689 2869 1074 2937 pauperum
1116 2844 1556 2938 supellectili,
1609 2867 1771 2917 eum
1824 2846 2167 2916 ministris
2199 2846 2422 2936 ipsius
2456 2843 2645 2914 basi-

70 2935 261 3004 licae
312 2932 431 3001 reli
485 2956 655 3003 uum
711 2936 1074 3027 populum,
1125 2936 1247 3022 qui
1297 2933 1476 3003 infra
1522 2945 1691 3014 erat,
1747 2933 2074 3004 eductum
2109 2933 2334 3015 foraS,
2391 2933 2645 3004 divise·

68 3032 249 3092 runt
297 2956 485 3091 haud
537 3025 776 3113 procul
826 3047 867 3095 a
915 3026 1083 3094 vico.
1139 3028 1326 3107 Quae
1373 3045 1531 3093 cum
1583 3022 1671 3093 ad
1729 3027 1982 3113 Regem
2034 3022 2262 3095 delata
2311 3021 2638 3103 fuissent,

68 3110 624 3201 comprehensos
669 3136 751 3183 ex
781 3114 891 3183 his
938 3113 1210 3200 aliquos
1255 3112 1549 3182 diversis
1584 3112 1928 3184 mortibus
1961 3112 2473 3183 condemnavit.
2512 3115 2646 3181 Fu·-

124 3203 284 3270 iens
334 3221 491 3270 vero
540 3199 680 3283 ille,
733 3205 851 3290 qui
904 3203 1172 3292 irrupta
1218 3201 1385 3271 aede
1431 3214 1641 3290 caput
1689 3199 1820 3271 fuit
1859 3202 2074 3292 hujus
2125 3200 2428 3283 sceleris,
2481 3201 2645 3290 igne

66 3225 159 3360 ge
212 3288 409 3359 coelo
468 3287 741 3376 dilapso
798 3303 1257 3380 consumptus
1319 3289 1630 3360 interiit:
1684 3312 1897 3381 super
1957 3311 2164 3379 quem
2222 3312 2382 3359 cum
2438 3288 2644 3360 multi

67 3399 409 3449 acervum
462 3377 775 3467 lapidum
825 3392 1400 3470 congregassent,
1460 3401 1501 3448 a
1557 3379 1882 3449 tonitruis
1928 3392 1994 3449 et
2041 3377 2646 3449 coruscationibus

73 3469 403 3538 detectus
439 3521 455 3547 ‚
529 3481 796 3537 terrena
862 3466 1087 3538 caruit
1142 3467 1523 3560 sepultura.
1592 3469 1724 3551 Qui
1773 3488 1930 3539 vero
1977 3467 2065 3538 de
2112 3466 2640 3548 consentaneis,

70 3558 376 3627 latentes
424 3561 705 3648 Regem,
759 3556 830 3626 in
885 3558 1176 3647 patriam
1234 3569 1402 3627 sunt
1453 3558 1773 3648 regressi,
1826 3557 2122 3649 correpti
2172 3579 2212 3626 a
2261 3556 2639 3636 daemone,

68 3645 381 3716 diversis
429 3645 730 3715 exitibus
765 3645 946 3716 hanc
981 3647 1188 3715 vitam
1222 3646 1583 3717 finierunt.
1618 3650 1802 3716 Haec
1835 3645 2130 3719 audiens
2163 3651 2329 3727 Rex,
2374 3644 2637 3725 omnia,
2678 3656 2685 3663 ·

67 3732 332 3804 exinde
386 3755 565 3821 quae
614 3733 902 3805 ‘fuerant
946 3734 1222 3817 ablata,
1278 3734 1600 3806 reddidit.
1657 3739 2105 3826 Praeceperat
2149 3734 2337 3806 enim
2373 3790 2389 3814 ,
2445 3754 2531 3802 ne
2569 3732 2644 3801 in

70 3823 382 3912 septimo
412 3846 453 3893 a
483 3823 775 3895 basilica
814 3823 1096 3894 milliari
1128 3825 1288 3912 quis
1317 3824 1453 3893 vim
1474 3822 1798 3897 inferret.
2617 3824 2620 3831 '

171 3915 395 3997 §.12
450 3917 688 3984 Pastor
733 3935 893 3983 vero
921 3912 1234 4001 quidam,
1272 3934 1408 3983 non
1452 3914 1882 3993 strenuitate,
1937 3912 2054 3983 sed
2106 3910 2414 3992 nomine,
2452 3911 2650 4003 inge-

62 4022 280 4100 nuus
310 4023 582 4101 genere,
634 4000 805 4081 dum
856 4002 927 4071 in
965 4001 1204 4072 multis
1237 4003 1446 4073 rebus
1492 4015 1733 4072 eontra
1780 4001 2142 4072 basilicam
2196 4000 2418 4070 sancti
2465 4021 2650 4069 mar·

48 4103 267 4179 ‚tyris
314 4092 565 4181 injuste
612 4102 893 4181 ageret,
946 4090 1033 4159 ad
1087 4091 1218 4161 hoc
1267 4090 1507 4161 levitas
1534 4092 1689 4182 ejus
1735 4091 2022 4161 inimico
2078 4102 2433 4182 grassante
2487 4110 2650 4161 con-

74 4176 333 4258 valuit,
382 4192 460 4249 ut
503 4179 815 4249 colonias
860 4179 1189 4250 basilicae
1236 4181 1762 4271 concupiscens,
1813 4201 1992 4268 quae
2043 4201 2210 4270 agro
2256 4179 2409 4249 e‘us
2453 4186 2649 4248 erant

52 4266 495 4361 proximae,
552 4268 922 4360 pervadere
989 4289 1145 4339 non·
1175 4268 1468 4339 timeret.
1521 4267 1618 4339 Ad
1667 4289 1873 4357 quem
1935 4269 2255 4339 sacerdos
2332 4267 2439 4337 oci
2485 4287 2648 4339 cum

52 4357 366 4442 laliquos
417 4357 502 4427 de
563 4358 837 4428 clericis
905 4359 1105 4446 quasi
1173 4357 1431 4449 legatos
1495 4358 1844 4439 mitteret,
1909 4370 1989 4428 ut
2053 4370 2336 4448 accepta
2384 4357 2648 4427 ratione

66 4444 280 4543 quod
334 4446 512 4516 male
560 4461 972 4537 pervaserat,
1029 4447 1405 4518 relaxaret:
1461 4446 1577 4516 ille
1624 4447 1826 4534 quasi
1871 4458 2109 4518 contra
2157 4448 2476 4534 iniquum
2524 4445 2648 4515 lio-

120 4550 266 4606 tem
304 4534 457 4605 telis
492 4536 824 4627 correptis
858 4535 1176 4627 prosiliit,
1211 4534 1602 4627 fugatisque
1630 4535 1898 4627 sagittis
1923 4535 2218 4618 clericis,
2263 4558 2372 4606 res
2403 4554 2650 4604 omnes

259 4657 543 4715 surius·
570 4654 732 4714 Vitae
754 4656 863 4717 SS.
886 4685 912 4700 ·
931 4656 1057 4715 Vol.
1100 4652 1256 4716 vm.
2408 4656 2486 4714 45
