3308 5004
681 294 764 361 74
1314 311 1395 359 mi
1439 311 1498 360 s.
1548 310 1876 360 Atriiouso
1920 311 1991 359 ii.
2041 311 2123 359 nii
2168 309 2419 360 Lieoiuo
2834 290 3008 359 Auo.
3050 291 3085 357 2

589 417 887 485 quarum
913 393 1101 486 apud
1138 399 1347 466 Deum
1378 395 1673 466 multum
1711 396 1936 466 valere
1982 395 2238 466 sciebat
2263 397 2663 466 orationem.
2711 399 2839 466 Nee
2882 393 3093 465 omisit

596 484 975 556 nonnullos
1023 485 1423 555 auctoritate
1474 496 1897 575 praestantes
1944 487 2126 555 viros
2184 485 2379 555 enixe
2427 506 2707 576 rogare,
2759 495 2831 553 ut
2872 504 3090 553 eorum

594 574 985 644 interventu
1031 573 1163 644 sibi
1212 574 1776 665 suffragarentur.
1816 579 1961 643 Uno
2000 575 2229 654 verb0,
2271 574 2442 644 nihil
2478 595 2611 643 non
2647 572 2939 652 tentavit,
2971 592 3094 657 quo

591 662 1007 734 horrendam
1056 661 1276 743 illam,
1328 662 1431 732 uti
1492 662 1887 743 dictitabat,
1942 676 2409 753 tempestatem
2459 662 2747 734 sedaret.
2801 659 2922 731 Sed
2969 679 3092 731 non

591 765 697 823 est
739 752 976 823 sedata
1022 762 1431 842 tempesta3‚
1486 763 1576 831 et,
1628 772 1766 821 non
1818 750 2023 842 longo
2070 752 2423 842 interjecto
2469 749 2848 830 intervallo,
2898 748 3098 818 Roma

590 841 837 912 allatae
883 852 1047 911 sunt
1093 838 1395 922 litterae,
1446 839 1707 928 quibus
1751 840 2080 932 Alphonsi
2127 839 2365 911 electio
2423 840 2821 931 plenissime
2864 836 3098 909 confir-

592 943 918 1000 maretur.

679 1027 717 1101 ἓ
762 1023 856 1091 8.
909 1022 1246 1101 Quantam
1308 1036 1465 1087 vero
1526 1015 1745 1085 animi
1804 1018 2423 1087 consternationem
2487 1017 2780 1089 acerbus
2829 1013 3096 1085 nuntius

590 1106 977 1178 venerando
1025 1106 1173 1176 seni
1220 1118 1399 1177 esset
1446 1105 1793 1187 illaturuS,
1848 1127 2050 1177 nemo
2101 1128 2233 1176 non
2285 1105 2580 1177 videbat.
2634 1110 2855 1188 Quare
2898 1103 3028 1173 duo
3067 1121 3101 1170 e

591 1194 1030 1287 congregatis
1078 1194 1551 1265 tristissimum
1604 1216 1863 1264 munus
1895 1194 2291 1265 Pontificius
2322 1195 2424 1265 illi
2467 1195 2725 1266 litteras
2755 1189 3102 1265 exhibendi

587 1286 660 1355 in
710 1306 783 1356 se
829 1295 1308 1373 susceperunt.
1376 1280 1709 1373 Alphonsi
1760 1283 1971 1384 igitur
2016 1283 2422 1354 cubiculum
2490 1283 2832 1375 ingressi,
2885 1299 3106 1383 rogare
3233 1326 3234 1363 1

590 1386 965 1464 coeperunt
1010 1384 1089 1441 ut
1133 1392 1370 1441 secum
1419 1372 1614 1442 flexis
1661 1372 1954 1461 genibus
1981 1377 2119 1442 Ave
2154 1375 2377 1442 Maria
2423 1373 2760 1443 recitaret.
2798 1376 3106 1442 Recitavit
3233 1396 3234 1399 ¹

592 1463 732 1543 ille,
784 1474 850 1531 et
896 1459 1125 1530 statim
1174 1459 1372 1530 valde
1417 1461 1708 1530 anxius:
1762 1484 1800 1529 «
1828 1462 2173 1548 Numquid
2206 1462 2603 1552 (exclamat)
2648 1461 2820 1532 sorte
2850 1456 3105 1529 advenit
3233 1484 3234 1551 j

592 1549 1047 1622 tabellarius?
1081 1571 1118 1615 »
1165 1587 1255 1601 —
1291 1548 1412 1619 Cui
1475 1548 1804 1620 Sodales:
1856 1548 2187 1632 Advenit,
2254 1550 2624 1638 inquiunt;
2677 1561 2744 1621 et
2792 1553 3104 1620 Summus
3233 1554 3234 1587 ³

594 1639 902 1710 Pontifex
947 1637 1294 1728 conceptis
1322 1638 1550 1709 verbis
1570 1637 1792 1728 jubet,
1830 1652 1907 1709 ut
1937 1652 2009 1710 tu
2038 1639 2429 1730 episcopale
2458 1661 2721 1711 munus
2752 1637 3102 1728 suscipias.
3233 1676 3234 1687 κ

589 1728 681 1797 Ad
734 1727 914 1796 hanc
962 1748 1193 1796 vocem
1241 1727 1646 1818 obstupuit;
1696 1739 1763 1796 et
1809 1727 2035 1797 statim
2083 1727 2358 1800 elevans
2403 1728 2642 1799 oculos
2689 1729 2763 1798 in
2811 1726 3106 1804 coelum,
3233 1742 3234 1755 ¹

590 1840 672 1887 ac
720 1816 879 1886 dein
925 1827 1134 1905 caput
1181 1815 1569 1886 inclinans:
1621 1837 1658 1882 «t
1691 1814 1871 1887 Nihil
1905 1829 2006 1887 est
2043 1816 2464 1908 (respondit)
2507 1816 2692 1905 quod
2743 1816 3107 1903 obloquar,
3233 1892 3234 1909 χ

593 1905 875 1994 quando
899 1903 1178 1991 quidem
1206 1917 1303 1985 tu,
1341 1905 1647 1987 Domine,
1683 1904 1813 1975 hoc
1840 1904 2081 1975 fecisti.
2114 1910 2237 1988 Ita,
2270 1906 2577 1987 Domine,
2614 1906 2936 1986 obmutui,
2967 1924 3116 1996 quo-
3233 1920 3234 1925 ’

588 1997 775 2064 niam
792 2005 866 2063 tu
878 1995 1141 2084 fecisti»
1158 1992 1299 2082 (Ps.
1332 1992 1471 2083 38).
1499 1999 1670 2063 Tum
1693 2015 1871 2076 ver0,
1893 2007 2253 2085 postquam
2274 2016 2346 2065 se
2362 1994 2722 2085 paulisper
2740 1994 3112 2085 collegerat,
3233 2000 3234 2045 ³

592 2082 956 2183 singultim
999 2081 1163 2151 haec
1201 2080 1555 2151 subdidit:
1609 2105 1645 2148 «
1681 2082 1789 2152 Sic
1836 2095 1938 2154 est
1984 2082 2100 2152 Dei
2147 2082 2485 2154 voluntas.
2537 2088 2700 2174 Ipse
2744 2106 2783 2154 e
2830 2087 3112 2172 Congre—
3233 2110 3234 2113 ¹

593 2186 867 2264 gatione
915 2192 1025 2240 me
1070 2170 1389 2260 expellit,
1441 2183 1508 2240 et
1553 2169 1685 2240 hoc
1729 2171 2010 2259 quidem
2062 2186 2339 2262 propter
2385 2185 2666 2273 peccata
2721 2193 2901 2260 quae
2943 2190 3118 2241 com-

591 2260 776 2331 misi.
828 2259 1065 2340 Nolite,
1117 2280 1372 2347 quaeso
1421 2264 1711 2342 FratreS,
1765 2259 1973 2331 nolite
2021 2262 2155 2331 mei
2203 2260 2540 2332 oblivisci.
2581 2266 2872 2333 Necesse
2898 2268 3115 2338 estut,

592 2364 746 2441 post
790 2348 1073 2438 triginta
1119 2369 1362 2430 annos,
1415 2370 1590 2436 quos
1639 2349 1709 2418 in
1758 2349 2146 2420 arctissimo
2191 2350 2536 2420 amicitiae
2579 2350 2861 2431 vinculo
2911 2361 3120 2418 trans-

590 2439 887 2531 egimus,
940 2436 1060 2507 alii
1105 2437 1193 2508 ab
1241 2437 1399 2508 aliis
1445 2436 1954 2509 divellamur.»
2002 2439 2268 2523 Quibus
2315 2437 2543 2520 dictis,
2590 2440 2750 2511 sine
2780 2460 2943 2511 voce
2972 2456 3123 2508 con·

593 2528 788 2610 stitit,
839 2541 906 2598 et
954 2527 1057 2596 lar
1104 2550 1191 2598 us
1235 2527 1461 2617 coepit
1504 2549 1583 2598 ex
1620 2528 1773 2598 e‘us
1803 2526 2027 2599 oculis
2058 2549 2338 2598 manare
2375 2527 2521 2598 laci·
2572 2551 2847 2598 marum
2883 2528 3119 2598 imber.

594 2622 673 2688 Et
719 2638 879 2687 cum
928 2616 1048 2704 qui
1103 2638 1239 2698 am,
1290 2615 1616 2687 consolan
1676 2617 1698 2685 i
1743 2620 1978 2697 cause,
2029 2615 2476 2699 affirmarent,
2552 2629 2843 2687 uturum
2881 2623 3127 2688 esseut

590 2707 741 2777 e'us
787 2705 994 2776 amici
1044 2710 1411 2776 Summum
1462 2706 1885 2788 Pontificem,
1936 2704 2023 2774 ad
2071 2705 2220 2774 e'us
2270 2705 2771 2777 renuntiationi
2810 2724 3123 2777 annuen-

644 2818 788 2876 um,
843 2793 1295 2863 inclinarent:
1351 2793 1693 2864 «Nullam
1732 2792 2119 2884 (respondit
2198 2794 2835 2886 interpretationem
2885 2792 3128 2865 admit·

592 2895 746 2954 tunt
799 2882 1150 2953 Pontificis
1194 2883 1447 2964 verba3
1509 2883 1780 2983 Quippe
1842 2881 2184 2971 ejusmodi
2242 2883 2467 2953 verbis
2520 2905 2699 2957 usus
2754 2897 2902 2967 est,
2960 2900 3130 2971 quae

592 2971 1052 3042 obedientiam
1086 2970 1538 3059 expostulent.
1574 2976 1720 3061 Ipsi
1751 2970 2213 3042 obediendum
2260 2983 2385 3041 est.
2425 2994 2462 3038 »

679 3062 716 3148 ξ
764 3064 847 3132 ιι.
904 3064 982 3127 Et
1042 3080 1273 3128 revera
1328 3059 1627 3129 obedivit
1682 3059 2119 3149 Alphonsus;
2191 3059 2320 3131 sed·
2370 3072 2627 3130 tantam
2699 3061 2839 3133 sibi
2897 3057 3132 3130 debuit

591 3148 726 3219 vim
780 3147 1053 3229 inferre,
1104 3160 1182 3217 ut
1224 3147 1382 3217 inde
1431 3170 1602 3237 pene
1651 3162 2054 3218 moreretur.
2106 3148 2367 3219 Ardens
2412 3170 2574 3218 eum
2609 3148 2873 3222 invasit
2900 3148 3128 3229 febris,

589 3251 657 3308 et
706 3237 987 3307 morbus
1031 3257 1112 3305 eo
1143 3258 1365 3324 usque
1405 3236 1692 3307 increvit
1739 3250 1835 3318 ut,
1892 3250 2036 3307 tum
2086 3236 2388 3329 Neapoli,
2441 3250 2589 3307 tum
2630 3242 2920 3321 Romae,
2978 3257 3131 3308 eum

591 3325 844 3396 obiisse
891 3346 1128 3394 rumor
1173 3337 1633 3416 spargeretur.
1688 3325 1930 3396 Divino
1970 3337 2194 3395 tamen
2245 3326 2580 3397 beneficio
2628 3329 2917 3398 sanitati
2948 3325 3134 3397 resti·

595 3427 807 3495 tutuS,
862 3412 1035 3482 nihil
1089 3413 1281 3503 prius
1330 3413 1572 3484 habuit
1618 3436 1827 3502 quam
1861 3425 1939 3485 ut
1985 3417 2272 3484 Romam
2306 3415 2777 3488 contenderet.
2835 3422 2932 3488 Eo
2978 3437 3133 3487 cuni

592 3502 1001 3584 advenisset,
1054 3515 1118 3572 et
1165 3502 1586 3582 Pontificem,
1638 3503 1761 3591 qui
1807 3524 1887 3573 ex
1935 3503 2114 3573 Urbe
2160 3502 2419 3584 aberat,
2473 3507 2852 3576 convenire
2906 3505 3131 3576 statim

594 3613 729 3662 non
820 3604 1021 3672 osset,
1074 3590 1160 3660 ad
1209 3595 1659 3661 Lauretanam
1711 3591 1984 3661 interim
2036 3596 2326 3662 Domum
2378 3613 2451 3664 se
2497 3594 2820 3677 contulit,
2859 3595 2988 3665 ubi
3018 3591 3138 3664 ad-

593 3681 770 3751 mira
823 3678 1031 3749 ilibus
1069 3679 1216 3749 suis
1264 3680 1332 3749 in
1384 3681 1678 3750 Verbum
1728 3685 2173 3751 Incarnatum
2226 3694 2290 3751 et
2358 3681 2718 3771 Deiparam
2780 3684 3134 3775 Virginem

593 3769 864 3861 pietatis
911 3768 1231 3838 sensibus
1278 3768 1602 3839 satisfecit
1660 3767 2084 3859 plenissime.
2136 3774 2373 3840 Postea
2422 3775 2711 3841 Romam
2767 3792 3135 3851 reversus,

592 3859 974 3949 Episcopus
1036 3871 1476 3928 consecratus
1521 3869 1626 3927 est
1678 3859 1749 3926 in
1815 3857 2113 3928 Ecclesia
2168 3861 2234 3928 S.
2289 3859 2539 3929 Mariae
2585 3858 2672 3928 ad
2724 3862 3136 3933 Minervam.

591 3953 788 4029 Tum,
840 3960 1119 4037 accepta
1164 3968 1207 4016 a
1253 3949 1536 4017 Summo
1583 3946 1909 4016 Pontifice
1965 3946 2342 4037 apostolica
2387 3947 2878 4021 benedictione
2906 4006 2922 4030 ,
2981 3951 3145 4040 prb·

592 4057 753 4126 pere
798 4036 886 4107 ad
926 4057 1089 4108 suos
1136 4035 1585 4106 Dioecesanos
1633 4034 1978 4126 profectus
2011 4049 2137 4118 est,
2177 4036 2298 4124 qui
2330 4036 2586 4137 gaudio
2615 4037 2834 4108 trium
2893 4040 3142 4110 hantes

592 4145 748 4194 eum
786 4138 1110 4212 tanquam
1165 4136 1500 4214 pastorem
1536 4137 1602 4193 et
1643 4136 1904 4213 patrem
1942 4138 2149 4213 atque
2179 4124 2530 4196 hominem
2565 4125 2774 4217 plane
2871 4129 3145 4200 irinum

591 4227 1026 4303 exceperunt.
1078 4218 1258 4283 Haec
1297 4213 1530 4284 omnia
1569 4211 1748 4286 facta
1777 4225 1939 4284 sunt
1970 4234 2153 4283 anno
2186 4235 2507 4286 uncctm.

681 4304 717 4389 §
762 4307 852 4374 ὅ.
905 4306 1190 4393 Sumpto
1235 4299 1611 4392 episcopali
1661 4323 1967 4384 munere,
2021 4302 2091 4372 in
2134 4302 2263 4373 hoc
2293 4304 2525 4373 statim
2559 4314 2740 4375 totus
2778 4305 3140 4387 incubuit,

592 4402 671 4461 ut
714 4390 972 4472 omnia,
1023 4413 1199 4478 quae
1244 4389 1330 4461 ad
1373 4389 1735 4482 pastoralis
1789 4391 1901 4463 sui
1950 4391 2162 4462 officii
2195 4404 2421 4483 partes
2457 4405 2694 4465 sancte
2733 4393 3151 4487 implendas
