3308 5004
224 328 361 398 mc.
402 327 437 393 4
1152 344 1235 392 uz
1276 344 1335 393 s.
1387 341 1696 398 uotiuum
2478 328 2604 395 447

221 430 463 515 Dixitque
491 427 575 497 ad
608 426 851 497 fratres
881 427 1124 500 beatus
1162 428 1603 500 Dominicus:
1639 450 1677 494 ε
1714 432 1854 519 Ego
1881 428 2142 521 dignus
2168 453 2352 513 sum,
2387 431 2503 503 cui
2523 430 2696 502 hacc

215 517 496 587 defunctio
525 516 915 618 abrogetur.
948 515 1227 587 Inutilis
1257 517 1443 590 enim
1471 538 1628 588 sum
1660 530 1725 587 et
1755 518 2112 590 remissus.
2134 542 2170 586 »
2199 524 2276 588 Et
2298 519 2421 607 qui
2450 541 2695 591 omnes

204 607 502 676 sanctitate
553 605 891 686 anteibat,
939 604 1238 676 multum
1291 626 1365 675 se
1417 605 1487 675 in
1544 605 1873 698 omnibus
1925 629 2156 680 coram
2216 608 2357 679 illis
2409 607 2684 699 abjecit.

202 694 302 765 Sed
341 717 487 764 cum
536 695 913 766 cessionem
949 694 1101 784 ejus
1142 692 1393 766 fratres
1427 717 1563 766 non
1598 695 2067 777 sustinerent,
2117 718 2200 766 ex
2256 719 2495 769 eorum
2529 718 2698 768 con-

195 805 365 855 sensu
405 784 755 856 constituit
788 837 804 863 ,
868 795 945 854 ut
995 783 1323 874 deinceps
1361 797 1762 854 crearentur
1802 782 2248 869 diffinitores,
2304 786 2427 874 qui
2485 785 2698 857 habe-

197 884 313 941 rent
342 885 728 962 potestatem
764 873 848 941 de
896 872 1047 962 ipso
1093 884 1158 942 et
1190 885 1329 944 toto
1378 872 1691 963 Capitulo
1744 873 2094 944 statuendi
2149 886 2216 945 et
2261 873 2688 957 ordinandi,

194 959 438 1031 durante
483 961 827 1049 ejusmodi
876 965 1225 1032 Conventa
1276 982 1399 1032 seu
1437 961 1750 1052 Capitulo
1779 1016 1797 1042 ,
1850 961 2042 1032 salva
2089 974 2327 1053 postea
2374 973 2747 1053 manente,

195 1051 463 1140 Magistro
482 1050 794 1121 Generali
822 1050 1044 1139 ipsius
1064 1051 1461 1121 reveren-tia.
1488 1056 1588 1122 Ita
1611 1064 1757 1121 tum
1780 1050 1869 1120 ob
1899 1052 2072 1121 extir
2123 1051 2342 1122 andos
2372 1052 2697 1122 vitiorum

194 1137 426 1208 frutices
472 1154 545 1209 et
586 1140 866 1209 virtutes
918 1137 1361 1227 plantandas,
1407 1140 1752 1212 sancitum
1788 1152 1889 1208 est
1917 1141 2007 1210 ab
2050 1140 2189 1211 ilis
2227 1142 2525 1231 egregiis
2574 1162 2700 1230 pa-

193 1228 395 1309 tribus,
434 1243 511 1297 ut
538 1228 914 1315 quotannis
942 1227 1261 1317 generale
1302 1227 1693 1317 Capitulum
1727 1228 2131 1300 celebretur.
2166 1234 2331 1300 Cum
2375 1231 2436 1299 is
2462 1242 2696 1300 autem

189 1319 526 1386 Conventus
583 1316 852 1388 solutus
897 1330 1098 1395 esset,
1147 1316 1287 1388 sive
1339 1330 1690 1406 peractum
1729 1316 2163 1407 Capitulum:
2218 1323 2290 1387 F.
2340 1317 2694 1389 Jordanus

188 1419 459 1494 percepta
492 1406 673 1476 beati
707 1403 1041 1475 Dominici
1078 1404 1578 1481 benedictione.
1609 1406 1672 1475 ei
1700 1406 2112 1489 valedicenS,
2142 1406 2343 1477 rediit
2369 1406 2691 1478 Parisios:

189 1492 277 1562 ubi
306 1494 745 1584 Evangelium
788 1493 1172 1564 secundum
1209 1499 1461 1564 Lucam
1508 1506 1698 1565 tanta
1738 1495 2134 1567 dexteritate
2173 1509 2239 1565 et
2288 1496 2511 1597 gratia
2557 1495 2698 1565 fra-

185 1583 369 1654 tribus
419 1582 771 1683 praelegit.
828 1595 905 1653 ut
935 1583 1086 1672 ejus
1132 1581 1448 1652 doctrina
1498 1582 1798 1654 inultum
1851 1585 2263 1674 proficerent
2302 1607 2371 1654 in
2408 1584 2699 1655 scientia

182 1683 229 1738 et
270 1672 495 1742 notitia
547 1671 869 1751 veritatis,
926 1685 991 1741 et
1041 1671 1312 1761 pietatis
1359 1672 1633 1742 affectu.
1679 1676 1837 1742 Erat
1867 1671 2053 1743 enim
2089 1673 2517 1744 conversatio
2545 1675 2697 1744 e‘us

181 1775 405 1841 sancta,
458 1774 526 1830 et
577 1761 712 1829 vita
761 1759 1104 1850 perfecta:
1160 1760 1345 1831 unde
1392 1759 1622 1842 fiebat,
1665 1774 1745 1831 ut
1772 1759 2088 1832 doctrina
2126 1775 2191 1831 et
2224 1775 2420 1853 grata
2451 1775 2518 1833 et
2578 1785 2697 1833 ru-

175 1859 374 1918 ctuosa
406 1862 671 1920 esset...

241 1939 274 2024 §
320 1943 404 2009 θ.
457 1938 780 2021 Quotidie
817 1937 955 2007 fere
1006 1938 1429 2019 Dominicus,
1484 1937 1620 2007 nisi
1672 1936 1968 2007 multum
2007 1937 2249 2009 fuisset
2289 1937 2690 2029 impeditus,

175 2024 239 2093 ad
272 2025 511 2096 fratres
558 2027 954 2096 concionem
1010 2025 1254 2097 habuit
1302 2026 1402 2095 vel
1451 2026 1913 2097 collationem.
1971 2027 2408 2115 Loquebatur
2464 2041 2696 2097 autem

167 2134 295 2183 cuin
326 2128 515 2185 tanta
547 2115 763 2185 animi
792 2115 1150 2186 devotione
1183 2128 1247 2184 et
1277 2115 1745 2206 lacrymarum
1778 2116 2001 2205 copia,
2039 2130 2113 2186 ut
2144 2115 2387 2186 fratres
2416 2138 2695 2203 quoque

169 2205 538 2291 compuncti
591 2204 820 2286 corde,
859 2204 925 2273 in
963 2204 1307 2294 lacrymas
1337 2226 1531 2274 erum
1587 2215 1802 2276 erent.
1842 2210 2055 2291 Atque
2104 2205 2217 2275 liic
2251 2227 2418 2275 sane
2453 2226 2690 2294 parem

164 2311 275 2360 non
313 2292 583 2374 habuit,
639 2293 760 2379 qui
795 2314 1110 2362 sermone
1151 2315 1276 2363 suo
1320 2294 1510 2382 perin
1566 2314 1604 2363 e
1637 2292 1881 2363 fratres
1914 2293 1999 2362 ad
2039 2292 2382 2382 lacrymas
2411 2306 2476 2362 et
2508 2316 2694 2364 com-

168 2382 544 2466 punctionis
608 2381 897 2472 gratiam
963 2379 1325 2452 emolliret.
1382 2381 1449 2451 Si
1514 2382 1795 2452 vidisset
1861 2380 2104 2451 fratres
2167 2381 2401 2469 aliqua
2464 2382 2698 2452 oblata

161 2470 501 2545 occasione
554 2485 847 2542 moestos
893 2484 960 2541 et
1006 2469 1315 2552 afflictos,
1353 2470 1509 2543 totis
1561 2470 1940 2542 visceribus
1978 2469 2388 2542 condolebat
2433 2471 2535 2541 eis
2562 2526 2578 2552 ,
2631 2484 2698 2542 et

161 2561 530 2630 orationum
562 2582 849 2630 suarum
880 2559 1245 2650 praesidiis
1272 2581 1390 2630 eos
1416 2560 1759 2630 tuebatur.
1795 2558 2040 2630 Multos
2061 2582 2227 2629 sane
2255 2582 2377 2649 pro
2405 2581 2696 2630 suorum

160 2649 613 2720 consolatione
667 2672 706 2718 a
766 2662 983 2719 morte
1036 2649 1121 2718 ad
1192 2649 1395 2718 vitam
1464 2650 1848 2729 revocavit,
1899 2662 1965 2718 et
2012 2671 2053 2717 a
2120 2649 2327 2717 variis
2381 2646 2698 2719 liberavit

159 2737 416 2807 morbiS.
476 2744 710 2808 Frater
745 2737 1029 2824 quidam
1072 2737 1422 2808 Bononiae
1456 2738 1755 2809 infirmis
1781 2736 2254 2808 custodiendis
2291 2736 2690 2827 deputatus,

159 2823 471 2914 reliquias
524 2828 840 2897 carnium
892 2846 1030 2895 non
1080 2848 1234 2896 raro
1281 2828 1544 2914 absque
1594 2826 1972 2916 superioris
2021 2826 2200 2896 bona
2234 2826 2434 2895 venia
2463 2847 2695 2896 come-

160 2910 363 2984 debat.
420 2916 613 2985 Fecit
658 2916 786 2984 hoc
819 2914 999 2985 idem
1052 2916 1133 2985 ad
1187 2937 1543 3005 vesperam
1594 2915 1730 2985 diei
1779 2913 2175 3005 cujusdam,
2209 2926 2276 2985 et
2304 2926 2623 3003 arreptus
2656 2938 2698 2984 a

160 2998 501 3086 daemone,
542 3003 923 3073 horrendos
954 3003 1170 3074 edidit
1202 3003 1565 3074 clamores.
1611 3004 1963 3075 Fratribus
1992 3002 2523 3074 accurrentibus
2556 3025 2694 3072 non
2792 3026 2796 3031 ·

160 3088 347 3162 defuit
396 3094 568 3184 pius
622 3106 854 3181 pater,
907 3091 1288 3179 dolensque
1340 3092 1606 3163 obsessi
1658 3094 1896 3174 vicem,
1950 3091 2341 3183 objurgavit
2391 3113 2689 3180 nequam

163 3180 491 3267 spiritum,
541 3182 726 3268 quod
775 3202 1029 3272 corpus
1076 3180 1307 3251 fratris
1355 3181 1466 3251 sui
1515 3180 1899 3252 invasisset.
1956 3181 2132 3251 Dixit
2171 3196 2401 3253 autem
2453 3193 2692 3250 satan:

160 3269 504 3358 Ingressus
541 3293 697 3340 sum
746 3269 816 3338 in
856 3292 1041 3351 eum,
1094 3270 1278 3357 quod
1329 3268 1421 3340 ita
1454 3270 2002 3350 commeruisset,
2050 3292 2331 3341 vescens
2363 3268 2696 3340 carnibus

161 3375 184 3421 a
263 3372 575 3429 rotorum
617 3371 856 3427 contra
905 3370 1020 3429 tua
1052 3358 1347 3431 decreta.
1404 3358 1781 3448 Respondit
1813 3362 1885 3426 B.
1929 3359 2029 3427 vir
2063 3381 2077 3422 ι
2133 3381 2169 3424 «
2207 3363 2345 3449 Ego
2376 3380 2533 3428 vero
2574 3357 2692 3428 ab·

162 3465 215 3539 ,⁵⁰
244 3470 316 3516 vo
351 3470 524 3518 eum
576 3447 979 3517 auctoritate
1020 3448 1133 3518 Dei
1167 3470 1207 3516 a
1249 3459 1524 3538 peccato
1561 3446 1744 3533 quod
1787 3445 1983 3517 fecit:
2042 3446 2304 3533 tibique
2346 3447 2695 3538 praecipio

165 3551 213 3600 in
257 3537 545 3606 nomine
577 3536 850 3606 Domini
882 3536 1095 3606 nostri
1142 3535 1319 3606 Jesu
1365 3535 1638 3617 Christi,
1678 3547 1753 3605 ut
1796 3557 1998 3606 exeas
2035 3537 2122 3605 ab
2155 3557 2260 3617 ec,
2315 3557 2439 3606 nec
2493 3557 2694 3625 porro

164 3624 470 3696 molestus
513 3625 580 3694 ei
613 3625 732 3695 sis,
776 3654 801 3687 o
856 3625 979 3695 His
1012 3624 1240 3706 dictis,
1277 3624 1601 3717 evestigio
1636 3623 1845 3695 frater
1890 3635 2176 3695 curatus
2214 3637 2339 3695 est.

223 3713 254 3797 ξ
299 3718 393 3785 8.
454 3714 529 3784 Si
578 3736 715 3801 qua
763 3713 1124 3784 occasione
1168 3713 1560 3784 exeundum
1610 3727 1790 3785 esset
1838 3714 1984 3784 viro
2032 3713 2497 3793 sanctissimo,
2547 3724 2692 3782 tum

168 3817 372 3886 perse,
421 3816 579 3874 tum
626 3825 744 3892 per
777 3803 1000 3873 socios
1047 3802 1292 3874 fratres
1342 3803 1767 3894 proponebat
1800 3803 2084 3875 verbum
2124 3803 2263 3883 Dei,
2316 3814 2382 3873 et
2420 3813 2538 3870 aut
2585 3799 2693 3898 di-

173 3904 444 3974 sputans,
507 3904 630 3961 aut
660 3890 1041 3973 censerem,
1080 3893 1222 3962 sive
1269 3891 1548 3973 doccnS,
1600 3892 1701 3962 vel
1750 3913 1980 3974 oranS,
2033 3914 2073 3961 a
2111 3891 2367 3961 divinis
2398 3889 2696 3973 eloquiis

174 3964 573 4059 proferendis
600 4002 735 4051 non
771 3980 1106 4051 cessabat.
1144 3981 1432 4063 Quando
1458 3994 1690 4051 autem
1718 3979 2141 4067 loquendum
2181 3980 2280 4049 vel
2315 3976 2685 4077 orandum,

178 4064 243 4133 vel
264 4069 420 4141 aliis
474 4069 866 4139 vacandum
915 4080 1082 4152 erat,
1136 4070 1408 4141 dicebat
1455 4070 1714 4141 sociis:
1769 4069 2161 4140 Praecedite
2201 4091 2355 4137 me:
2410 4067 2690 4136 interim

180 4155 525 4246 cogitemus
553 4157 640 4227 de
688 4158 1030 4229 Salvatore
1065 4170 1320 4229 nostro,
1360 4165 1549 4229 Tunc
1582 4181 1738 4230 vero
1772 4158 2146 4228 audiebant
2178 4178 2337 4226 eum
2390 4156 2691 4248 ingemi-

185 4258 431 4317 soentem
488 4246 578 4317 ad
630 4248 1024 4330 Dominum,
1080 4248 1621 4336 medullitusque
1684 4246 1985 4338 suspiria
2039 4246 2449 4317 trahentem.
2504 4252 2693 4318 Nun-

185 4344 335 4412 ‘luam
388 4336 593 4408 visus
622 4347 725 4406 est
771 4336 1011 4417 iratus,
1067 4350 1189 4423 aut
1216 4350 1603 4407 commotus
1634 4335 1737 4406 vel
1770 4335 2087 4406 turbatus
2119 4335 2355 4407 labore
2394 4336 2686 4418 itineris,

186 4432 743 4515 autquacumque
771 4426 1169 4508 occasione3
1221 4425 1342 4497 sed
1372 4447 1646 4518 semper
1675 4426 1745 4496 in
1786 4426 1996 4498 rebus
2041 4423 2350 4499 adversis
2396 4439 2462 4498 et
2493 4425 2691 4496 duris
