3308 5004
184 370 370 438 AUG.
427 370 512 437 30
1057 388 1136 436 nn
1183 390 1238 436 s,
1293 388 1452 439 Rosa
1500 389 1669 438 nnc.
1724 387 1857 438 Lm.
2517 373 2646 440 773

185 496 308 566 pro
344 475 492 547 suis
518 464 932 545 adversariis
956 485 1254 544 extreme
1283 472 1766 566 deprecantem
1801 486 1905 544 est
1933 473 2222 543 imitata.
2258 478 2309 544 A
2337 473 2736 548 domesticis

169 562 570 652 quaestoris
619 561 1027 633 Gundisalvi
1074 584 1235 633 voce
1267 561 1519 633 humili
1565 575 1631 634 et
1678 561 1894 633 flebili
1933 562 2150 635 oravit
2196 562 2622 647 condonari,
2676 564 2737 633 si

181 656 321 741 qua
355 653 426 722 in
464 673 537 721 re
573 649 706 720 ulli
734 672 1045 738 unquam
1082 664 1430 733 nocuerat,
1470 650 2020 743 lacrymantibus
2051 651 2381 721 omnibus
2411 653 2535 740 qui
2583 652 2737 744 ejus

183 741 646 817 innocentiam
696 750 763 810 et
810 739 1179 830 puritatem
1245 741 1734 832 experimentis
1798 739 2439 831 comprobaverant.
2493 740 2734 812 Oblato

180 829 598 922 chirografo,
660 829 732 898 in
797 850 937 930 quo
990 827 1389 920 sepulcrum
1437 829 1626 932 apud
1676 852 1842 902 suos
1900 827 2259 920 religiosos
2309 829 2727 920 postulabat,

180 939 340 991 cum
375 918 568 988 omni
617 917 836 988 animi
883 917 1375 1001 submissione,
1429 918 1606 989 mhil
1638 918 1877 989 minus
1906 939 2118 1005 quam
2158 918 2245 988 de
2277 918 2390 989 sui
2424 919 2736 1010 corporis

179 1008 351 1079 cura
398 1006 693 1077 sollicita
728 1058 745 1090 ,
799 1006 1232 1098 subscripsit.
1287 1012 1633 1098 Sponsum
1694 1006 2029 1098 rogabat,
2100 1028 2187 1076 ne
2233 1020 2533 1078 cessaret
2579 1029 2732 1078 eam

176 1096 536 1199 exquisitis
576 1094 943 1165 ardoribus
974 1118 1375 1184 excoquere,
1415 1096 1634 1167 donec
1663 1095 1727 1165 ei
1778 1107 2266 1166 maturesceret
2313 1098 2385 1166 in
2417 1096 2730 1167 fructum

224 1208 298 1257 ul
344 1184 498 1274 ejus
549 1205 825 1254 mensae
862 1182 1104 1255 inferri
1143 1197 1542 1255 mereretur.
1599 1184 1742 1255 Sub
1790 1185 1922 1254 hoc
1969 1183 2108 1255 fine
2156 1184 2334 1255 vitae
2379 1184 2735 1256 crebriora

176 1207 369 1345 ffuere
403 1284 730 1365 raptuum
761 1271 1173 1344 dulcissima
1206 1274 1587 1357 intervalla,
1623 1274 1693 1344 in
1729 1274 1988 1361 quibus
2019 1271 2287 1346 excelsa
2318 1286 2386 1345 et
2411 1272 2734 1366 jucunda

177 1362 264 1434 de
294 1362 628 1464 suavitate
676 1362 818 1464 Dei,
865 1384 946 1433 ac
993 1362 1172 1433 laeta
1218 1362 1304 1433 de
1342 1364 1620 1455 regione
1667 1362 2089 1433 aeterrfitatis
2147 1362 2487 1434 libamina
2534 1384 2735 1455 prae-

177 1464 496 1543 gustasse
535 1461 924 1522 1nnotu1t...

267 1543 305 1629 ἓ
351 1544 515 1614 cm.
564 1544 615 1610 A
661 1538 1083 1611 confessario
1133 1551 1415 1631 parante
1470 1561 1545 1612 se
1590 1540 1661 1609 in
1712 1551 1908 1611 nocte
1956 1539 2303 1632 pervigilii
2343 1545 2410 1612 S.
2446 1539 2732 1610 Bartho-

182 1629 433 1723 lomaei
488 1628 573 1699 ad
627 1629 1126 1700 matutinarum
1176 1629 1484 1699 officium
1532 1628 1858 1699 accedere
1888 1683 1904 1710 ,
1962 1628 2190 1700 sciens
2236 1628 2368 1700 sibi
2421 1650 2560 1698 non
2613 1649 2733 1698 su-

177 1739 454 1808 peresse
500 1740 611 1788 am
671 1717 807 1789 lius
857 1718 994 1788 nisi
1047 1731 1348 1806 quatuor
1391 1717 1639 1799 horaS‚
1719 1738 2118 1808 supremam
2176 1717 2736 1789 benedictionem

179 1828 262 1876 ex
307 1806 513 1876 corde
559 1828 596 1876 e
674 1806 1000 1898 agitavit,
1057 1828 1350 1879 monens
1395 1810 1475 1877 ea
1523 1808 1679 1898 ipsa
1727 1818 1945 1889 nocte,
2000 1806 2282 1877 ineunte
2329 1806 2731 1887 festivitate,

181 1916 255 1965 se
288 1894 375 1965 ad
416 1894 586 1967 festa
616 1896 1037 1986 sempiterna
1086 1896 1457 1966 abituram.
1497 1894 1689 1979 Quod
1729 1895 1927 1967 vultu
1956 1894 2129 1967 adeo
2159 1917 2403 1966 sereno
2446 1907 2512 1966 et
2559 1893 2737 1966 laeto

184 1982 494 2074 protulit,
535 1995 613 2055 ut
640 1997 1002 2075 appareret
1038 2005 1194 2055 vere
1249 1985 1440 2075 virgo
1499 1984 1809 2076 prudens
1838 1996 1905 2055 et
1953 1985 2233 2086 sapiens
2281 1985 2353 2056 in
2395 1982 2738 2057 vestibulo

181 2072 499 2163 paradisi
542 2084 913 2176 expectans
943 2096 1106 2144 cum
1145 2071 1492 2165 lampade,
1544 2085 1623 2144 ut
1667 2072 1963 2145 dilectus
1997 2095 2149 2165 ejus
2195 2095 2499 2165 sponsus
2543 2073 2736 2142 veni-

178 2172 304 2233 ret.
362 2162 570 2254 Cujus
620 2184 692 2232 1n
744 2162 989 2233 intimo
1035 2163 1266 2234 cordis
1313 2162 1620 2234 vocantis
1669 2183 1792 2233 voc
1836 2184 1904 2231 m
1961 2163 2266 2233 sentiens
2299 2218 2317 2246 ,
2370 2160 2736 2233 candelam

176 2250 614 2321 benedictam
654 2263 836 2322 nutu
892 2263 1156 2343 petenS,
1209 2250 1441 2322 crucis
1474 2250 1792 2353 signacul
1885 2249 2204 2333 frontem,
2258 2273 2336 2321 os
2381 2265 2450 2322 et
2496 2263 2737 2341 pectus

174 2340 676 2421 communivit,
732 2339 1224 2428 mandavitque
1255 2339 1575 2411 subtrahi
1602 2337 1920 2420 cervical,
1965 2352 2044 2411 ut
2072 2340 2298 2431 capite
2344 2340 2429 2410 ad
2464 2337 2737 2410 nudum

178 2427 454 2520 lignum
503 2428 838 2498 inclinato
890 2429 1171 2499 sentiret
1236 2429 1306 2498 in
1373 2450 1580 2498 cruce
1641 2450 1716 2499 se
1773 2428 1976 2499 mori.
2038 2428 2372 2520 Spiritum
2436 2427 2739 2517 denique

177 2539 388 2588 suum
424 2518 494 2587 in
530 2540 781 2588 manus
828 2518 1048 2588 Patris
1097 2518 1625 2598 commendans,
1679 2517 1836 2588 fixis
1886 2517 1969 2587 in
2003 2516 2275 2589 coelum
2335 2517 2560 2589 oculis
2588 2572 2604 2599 ‚
2658 2527 2737 2587 ut

173 2629 346 2686 cum
395 2627 649 2698 sponso
694 2607 981 2677 intraret
1029 2607 1530 2699 pronuncians,
1579 2612 1798 2689 Jesus,
1836 2612 2056 2689 Jesus,
2101 2607 2297 2680 Jesus
2327 2607 2741 2691 mecum-sit,

175 2695 611 2783 quietissime
656 2695 1014 2786 expiravit.
1068 2701 1250 2766 Haec
1298 2695 1505 2766 verba
1543 2694 2141 2783 quemadmodum
2190 2691 2294 2767 illi
2335 2691 2613 2768 fuerant
2661 2695 2733 2766 in

175 2783 472 2856 infantia
519 2785 745 2877 prima
792 2784 1039 2856 orandi
1085 2784 1386 2857 formula
1421 2839 1438 2866 ‚
1491 2783 1590 2857 ita
1634 2784 1748 2857 his
1808 2782 1982 2877 ipsis
2036 2786 2110 2855 in
2173 2808 2339 2858 suae
2390 2783 2733 2856 infantilis

174 2873 612 2965 innocentiae
662 2873 1130 2945 testimonium
1163 2872 1505 2944 decedens
1541 2871 1776 2945 Limae
1826 2873 1913 2946 ad
1964 2874 2175 2964 limen
2229 2897 2574 2966 supernae
2606 2897 2765 2967 pa-.

174 2962 346 3033 triae
375 2961 690 3044 evolavit,
736 2963 977 3034 aetatis
1003 2985 1171 3035 suae
1201 2985 1402 3045 xxxn,
1441 2985 1679 3034 mense
1709 2964 1954 3052 quinto
1992 2962 2104 3034 vix
2142 2964 2491 3035 inchoato.

263 3053 301 3139 ξ
345 3055 514 3124 ὅθ.
559 3051 676 3121 Vir
725 3053 959 3122 ineum
994 3057 1213 3124 Rosae
1250 3052 1567 3135 cadaver,
1602 3075 1767 3123 cum
1807 3053 2074 3143 spirare
2112 3053 2457 3135 desiisset,
2498 3052 2733 3123 adhuc

170 3162 256 3210 ex
304 3139 530 3210 vivido
578 3162 669 3211 vu
700 3154 809 3211 tus
854 3140 1083 3211 colore
1111 3153 1177 3212 et
1206 3141 1618 3212 rubentibus
1651 3140 1858 3213 labiis
1894 3141 2245 3232 respirans
2282 3141 2727 3225 credebatur,

170 3228 392 3298 donec
442 3229 741 3300 innotuit
786 3227 974 3299 haud
1025 3252 1138 3300 am
1195 3230 1331 3302 lius
1381 3229 1899 3302 inesse‘alitum
1946 3250 2027 3299 ex
2075 3228 2409 3322 applicito
2440 3231 2548 3301 ori
2581 3231 2734 3322 ejus

171 3317 482 3407 speculo,
517 3318 722 3409 cujus
749 3318 932 3389 sicut
978 3317 1109 3390 fuit
1193 3320 1256 3390 ic
1303 3318 1597 3390 ultimus
1626 3340 1823 3399 usuS,
1870 3318 1971 3389 sic
2009 3319 2216 3389 etiam
2250 3318 2386 3391 fuit
2424 3319 2724 3412 primus.

170 3406 557 3497 Repentino
618 3406 936 3499 prodigio
990 3429 1230 3480 omnes
1270 3408 1521 3478 invasit
1567 3428 1869 3478 arcanus
1917 3406 2217 3479 laetitiae
2278 3430 2532 3479 sensus
2570 3462 2588 3490 ‚
2655 3417 2736 3478 ut

59 3515 69 3530 ·
173 3506 396 3565 mater
441 3496 594 3586 ipsa
640 3508 888 3586 aptans
933 3497 1249 3578 cadaver,
1305 3497 1485 3567 sicut
1530 3497 1632 3566 eis
1678 3495 1915 3566 vivens
1970 3495 2116 3566 fllia
2174 3496 2615 3578 obtinuerat,
2668 3506 2734 3566 et

173 3596 315 3655 tota
347 3583 599 3656 domus
646 3584 960 3656 hilariter
1005 3607 1143 3655 non
1177 3585 1485 3674 exequiis
1516 3584 1908 3668 defunctae,
1962 3584 2083 3656 sed
2132 3585 2434 3677 nuptiali
2471 3583 2733 3686 gaudio

170 3673 503 3744 interesse
534 3671 955 3745 viderentur.
995 3674 1104 3746 Sic
1135 3674 1343 3745 etiam
1373 3674 1738 3757 extraneiS,
1775 3685 2112 3762 quotquot
2140 3675 2454 3758 aderant,
2488 3673 2736 3745 intime

170 3774 238 3830 et
285 3773 543 3835 secrete
587 3762 889 3834 inhaesit
937 3762 1404 3854 jucunditatis
1451 3762 1807 3834 stimulus.
1879 3761 2355 3834 Mendicorum
2425 3773 2733 3834 tantum-

172 3851 381 3921 modo
413 3851 841 3922 Limensium
876 3850 1252 3943 ejulatibus
1290 3865 1356 3923 et
1402 3850 1737 3943 lacrymis
1785 3850 1918 3923 fuit
1961 3850 2386 3924 celebratum
2445 3852 2578 3923 hoc
2623 3849 2736 3921 fu·

176 3959 334 4021 nus,
386 3952 850 4027 conquerente
896 3961 1276 4032 egenorum
1316 3941 1523 4012 turba
1561 3962 1794 4011 veram
1848 3962 2236 4032 pauperum
2288 3941 2635 4013 nutricem
2669 3950 2738 4011 et

177 4039 465 4098 matrem
506 4027 644 4099 fato
676 4029 1128 4102 acerbissimo
1157 4030 1530 4103 immature
1569 4029 1709 4101 sibi
1755 4041 2061 4120 ereptam
2112 4029 2359 4101 fuisse.

263 4116 301 4202 ἓ
345 4121 490 4190 51.
543 4118 702 4191 Visa
741 4117 873 4189 fuit
911 4118 1320 4210 angelorum
1376 4139 1752 4191 numerosa
1798 4130 2093 4202 caterva,
2146 4132 2212 4191 et
2258 4131 2418 4191 ante
2463 4118 2733 4190 obitum

175 4203 366 4274 circa
396 4206 765 4297 grabatum
804 4207 1311 4290 decumbenti3‚
1363 4219 1429 4278 et
1455 4219 1617 4309 post
1653 4207 1838 4279 circa
1868 4206 2199 4280 feretrum
2232 4207 2604 4280 defunctae
2634 4204 2734 4278 al-

173 4305 485 4366 ternante
530 4309 873 4369 concentu
919 4295 1157 4370 festive
1212 4295 1618 4389 tripudiare.
1672 4297 2070 4382 Quaestoris
2117 4297 2377 4388 conjux
2442 4293 2678 4367 aulam
2710 4349 2728 4377 ,

173 4382 251 4452 in
311 4403 453 4469 qua
494 4407 572 4456 ex
622 4397 949 4459 osuerant
998 4384 1290 4478 virginis
1336 4406 1639 4477 corpus,
1696 4385 2013 4475 undique
2061 4384 2414 4457 luminoso
2474 4384 2735 4476 illapsu

172 4469 491 4545 coelestis
537 4408 796 4564 gloriae
864 4487 1071 4546 totam
1142 4474 1400 4546 micare
1462 4475 1846 4567 conspexit.
1903 4476 2013 4546 Sic
2075 4473 2502 4567 implebatur
2546 4471 2731 4562 quod

567 4801 570 4804 ’
597 4803 638 4815 Q
