3308 5004
211 315 418 390 -AUG.
453 321 558 388 ⁷20
903 338 985 387 ns
1025 337 1086 387 sa
1140 338 1474 388 crunno
1517 340 1664 388 aas.
1716 323 2103 389 einum„
2563 322 2679 390 52⁴

223 419 604 504 auxilium,
652 421 1049 505 consilium,
1085 423 1358 524 anxius,
1397 445 1600 515 aeger
1631 424 2043 506 remedium,
2085 445 2350 526 pauper
2386 424 2778 496 subsidium

224 511 641 604 reportabat.
679 516 783 594 Ita
810 533 960 582 sese
986 523 1302 583 omnium
1337 511 1588 584 fecerat
1616 534 1918 594 servum,
1942 534 2024 584 ac
2051 535 2111 585 sl
2144 514 2264 586 toti
2297 514 2571 605 genitus
2598 515 2776 586 orbi:

226 603 324 673 ita
355 613 586 671 tamen
636 599 810 671 liber
838 622 918 671 ex
949 601 1302 683 omnibus,
1353 602 1819 674 conscientiae
1868 624 2039 674 suae
2092 602 2606 675 solicitudinem
2662 624 2781 696 geb

223 712 414 772 renS,
466 702 817 777 tamquam
868 689 999 759 soli
1045 688 1321 762 deditus
1350 699 1558 761 curae
1604 703 1670 761 et
1715 692 2070 763 custodiae
2116 693 2346 762 cordis
2379 692 2512 762 sui.

293 781 355 868 ᾗ
399 783 558 854 85.
611 782 688 847 Et
733 777 1016 865 quidem
1064 779 1439 850 divisiones
1475 780 1858 870 gratiarum
1908 781 2349 854 commendat
2384 781 2774 872 Apostolus,
2848 815 2853 820 ·

227 880 297 940 et
333 868 394 938 si
434 867 595 956 quis
639 865 1028 957 diligenter·
1066 880 1373 954 quaerat,
1433 868 1736 939 inveniet
1780 869 2091 939 diversos
2137 870 2227 943 ab
2275 870 2471 942 initio
2520 872 2637 943 Dei
2683 872 2783 943 fa·
2872 899 2873 902 ¹

227 957 460 1029 mulos
504 956 575 1026 in
621 955 924 1027 diversis
982 956 1315 1027 enituisse
1369 958 1802 1029 muneribus.
1866 959 2189 1049 Legimus
2234 958 2421 1029 enim
2476 961 2659 1033 viros
2704 961 2778 1032 in

224 1046 366 1117 fide
399 1044 828 1136 magnificos,
869 1045 1378 1137 multiplicibus
1424 1045 1760 1117 claruisse
1794 1046 2194 1118 miraculis:
2246 1047 2419 1118 alios
2452 1049 2778 1138 spiritum

225 1134 554 1207 habuisse
601 1134 1108 1228 propheticum,
1147 1147 1213 1206 et
1270 1134 1504 1205 futura
1560 1136 1764 1223 quasi
1814 1136 2222 1226 praesentia,
2273 1138 2545 1208 occulta
2598 1137 2782 1208 velut

224 1224 360 1296 sub
391 1222 617 1294 oculis
665 1223 889 1313 posita
930 1223 1339 1295 mirabiliter
1382 1225 1807 1315 cognovisse.
1861 1224 2043 1296 Alios
2092 1224 2550 1296 nihilominus
2599 1227 2780 1297 anti-

221 1329 518 1401 quorum
563 1310 800 1381 literae
841 1324 1310 1402 protestantur
1354 1313 1649 1403 graviori
1700 1313 2155 1384 abstinentiae
2210 1313 2501 1397 deditos,
2604 1315 2780 1387 arsi-

226 1399 921 1473 moniam-coluisse:
981 1400 1155 1472 alios
1217 1402 1288 1471 in
1340 1401 1755 1473 humilitatis
1807 1403 2191 1493 proposito,
2250 1404 2497 1494 spretis
2596 1404 2615 1473 i
2670 1405 2779 1473 ni-

221 1491 483 1563 tatibus
544 1488 780 1577 hujus,
816 1488 1070 1572 seculi,
1123 1491 1389 1561 auctori
1436 1491 1651 1562 seculi
1715 1490 2095 1581 plurimum
2149 1491 2539 1582 placuisse:
2605 1515 2645 1563 a
2677 1493 2779 1564 ios

221 1580 293 1649 in
329 1579 650 1650 doctrina
697 1579 886 1648 ve'rbi
946 1578 1032 1648 ad
1073 1579 1320 1650 salutis
1353 1580 1713 1651 scientiam
1756 1579 2096 1671 plurimos
2158 1580 2494 1663 erudisse,
2540 1594 2616 1653 ut
2670 1604 2778 1652 se·

220 1668 536 1740 cundum
589 1667 1122 1770 promissionem
1175 1667 1560 1827 scripturae
1607 1681 1907 1749 sanctae,
1973 1669 2248 1740 luceant
2293 1673 2494 1757 quasi
2542 1669 2777 1741 stellae

219 1758 292 1828 in
344 1765 1216 1849 perpetuas'aetermtates.
1271 1763 1318 1828 Α
1351 1758 1398 1828 ii
1452 1779 1727 1847 quoque
1774 1758 1845 1827 in
1905 1758 2358 1829 aedificandis
2427 1760 2777 1830 coenobiis

221 1845 641 1925 laborantes,
695 1846 1299 1937 amplificaverunt
1340 1868 1591 1918 nomen
1661 1847 2087 1919 sanctitatis:
2147 1848 2269 1917 alii
2327 1849 2397 1919 in
2448 1848 2775 1919 sedandis

219 1934 573 2006 scandalis
617 1946 684 2003 et
713 1933 1140 2006 ‘turbinibus
1184 1936 1398 2025 hujus
1450 1935 1712 2019 seculi,
1769 1937 2389 2037 promovendisque
2437 1935 2778 2008 Ecclesiae

221 2023 672 2115 Dei-negotiis
707 2024 1078 2096 efficaciter
1105 2024 1447 2114 occupati,
1504 2024 1710 2094 utiles
1774 2047 1841 2093 in
1894 2025 2203 2095 actione:
2262 2026 2383 2095 alii
2438 2026 2505 2096 in
2558 2027 2776 2097 sacris

223 2112 794 2184 meditationibus
841 2111 1293 2203 spiritualiter
1344 2112 1608 2194 feriati,
1677 2113 2015 2184 sublimes
2066 2113 2137 2184 in
2196 2115 2778 2204 contemplatione

221 2199 523 2272 fuerunt.
577 2203 750 2285 Quid
795 2202 1044 2272 horum
1096 2213 1328 2273 nostro
1376 2203 1722 2273 videbitur
1767 2201 2070 2272 defuisse
2108 2204 2505 2273 Ber-nardo?
2553 2208 2774 2274 Immo

221 2290 391 2379 quid
441 2290 686 2362 horum
725 2304 864 2360 tam
906 2290 1299 2381 insigne-in
1350 2313 1430 2361 eo
1460 2291 1800 2374 nowfuit‚
1839 2303 1915 2361 ut
1961 2291 2046 2366 ad
2098 2291 2774 2364 commendationem

221 2379 388 2450 satis
435 2391 636 2462 esset,
669 2380 959 2452 'etiamsi
1017 2393 1443 2451 caeterorum
1504 2379 1770 2467 aliquid
1842 2402 1978 2450 non
2035 2379 2361 2450 adesset?
2406 2386 2573 2450 Nam
2645 2381 2775 2451 etsi

219 2468 731 2562 multiplicibus
777 2468 1078 2540 Ecclesia
1118 2469 1227 2540 sui
1263 2470 1612 2560 temporiS‚
1667 2482 1806 2540 tam
1857 2469 1926 2539 in
1978 2490 2191 2561 supra
2228 2470 2623 2540 memoratis
2656 2490 2774 2540 ne·

217 2558 444 2649 gostis,
502 2580 713 2646 quam
765 2558 836 2628 in
902 2559 1060 2629 aliis
1108 2559 1468 2650 pluribuS,
1529 2559 1821 2629 actionis
1866 2559 2044 2648 ejus·
2079 2557 2447 2629 utilitatem
2520 2561 2774 2629 meruit

216 2647 551 2739 experiri:
597 2647 966 2739 magnifice
1013 2662 1238 2719 tamen
1271 2650 1475 2718 etiam
1510 2649 1733 2738 gratia
1770 2647 2374 2737 contemplationis
2406 2648 2477 2716 in
2520 2669 2598 2716 eo
2634 2660 2769 2718 tam

215 2757 296 2806 ex
343 2736 730 2808 visionibus
773 2750 841 2809 et
892 2737 1427 2809 revelationibus
1473 2736 1789 2816 Domini,
1844 2758 2056 2829 quam
2114 2759 2195 2807 ex
2244 2736 2519 2826 scriptis
2576 2737 2767 2819 suis,

213 2845 396 2914 quae
443 2824 884 2915 spiritalibus
925 2827 1304 2898 exuberant
1350 2825 1711 2905 sensibus,
1755 2824 2104 2895 elucescit.
2162 2831 2370 2896 Porro
2421 2838 2769 2895 monaste·

217 2914 481 2985 riorum
530 2913 821 2996 fructuS,
873 2937 1053 3003 quae
1087 2938 1208 3006 per
1253 2936 1411 2985 eum
1459 2914 1793 2987 Dominus
1840 2913 2207 2994 ordinavit,
2264 2927 2398 2985 tam
2442 2915 2772 3005 copiosus

214 3014 283 3074 et
318 3002 625 3084 evidens,
676 3003 1007 3075 humanis
1071 3026 1219 3077 sese
1283 3003 1534 3092 ingenit
1591 3002 1816 3073 oculis
1846 3057 1862 3084 ,
1927 3016 2004 3073 ut
2052 3003 2266 3074 nullis
2312 3017 2506 3093 egeat
2555 3003 2773 3074 literis

213 3091 744 3173 commendarim
770 3094 984 3183 Magis
1015 3105 1245 3167 autem
1279 3104 1454 3162 etex
1502 3092 1653 3181 ipsa
1687 3112 1964 3179 quoque
2002 3092 2404 3163 eorumdem
2458 3091 2774 3164 multitu-

157 3190 169 3201 “
213 3180 381 3251 dine
434 3180 948 3263 coenobiorum,
988 3182 1217 3252 omnis
1264 3180 1593 3271 deinceps
1639 3181 1992 3269 generatio
2038 3193 2302 3252 certum
2352 3203 2599 3272 capere
2648 3203 2775 3272 po·

213 3270 373 3341 terit
415 3267 937 3354 documentum,
988 3283 1285 3358 quantos
1331 3268 1685 3361 collegerit
1738 3268 1825 3339 ad
1892 3269 2247 3341 servitium
2320 3271 2593 3350 Christi,
2647 3270 2772 3359 qui

143 3384 148 3393 ·
213 3371 356 3431 tam
414 3357 672 3429 multos
714 3359 1027 3448 undique
1099 3380 1313 3450 propa
1365 3358 1524 3429 avit.
1578 3358 1773 3442 Quod
1823 3359 1909 3429 ad
1987 3359 2252 3447 reliqua
2324 3371 2632 3449 spectat,
2686 3359 2773 3430 de

213 3447 607 3520 humilitate
651 3448 804 3538 ejus
833 3500 849 3528 ,
902 3460 968 3518 et
1012 3447 1331 3539 dignitati
1386 3471 1472 3520 us
1531 3447 1887 3543 refutatis,
1944 3448 2062 3520 sed
2111 3462 2179 3519 et
2224 3448 2310 3518 de
2358 3448 2772 3521 tenuissimo

213 3538 420 3618 victu,
456 3537 781 3627 superius
811 3538 1198 3627 prosecuti:
1235 3558 1317 3606 ex
1354 3537 1487 3617 his,
1544 3559 1724 3624 quae
1770 3536 1855 3606 ad
1908 3538 2344 3628 prophetiam
2398 3539 2765 3628 pertinent,

213 3626 819 3713 ostensionemque
864 3626 1223 3706 virtutum,
1278 3626 1411 3695 sub
1450 3625 1590 3696 alio
1635 3626 1916 3713 quidem
1972 3627 2317 3716 principio
2362 3626 2770 3697 curabimus

214 3728 547 3784 annotare
581 3726 923 3805 perpauca
972 3713 1059 3785 de
1092 3713 1351 3785 multis.
1397 3720 1476 3785 Et
1503 3735 1691 3785 nunc
1739 3714 1954 3804 igitur
1974 3716 2123 3805 Jam
2160 3736 2373 3805 super
2420 3715 2551 3796 his,
2591 3734 2772 3801 quae

215 3802 286 3874 in
335 3803 558 3893 signis
620 3802 1075 3873 exterioribus
1119 3814 1187 3872 et
1246 3803 1617 3893 multiplici
1669 3803 2008 3873 virtutum
2071 3803 2491 3875 exhibitione
2539 3801 2771 3872 consi-

216 3902 429 3973 stunt,
467 3891 842 3973 secundus,
887 3903 964 3961 ut
1012 3892 1471 3982 praemissum
1521 3902 1625 3963 est
1682 3891 1754 3960 in
1815 3890 2258 3981 praefatione,
2313 3891 2593 3963 libellus
2641 3890 2771 3961 ali-

214 3991 473 4068 quanta
513 3980 860 4055 nari-abiu
1273 4010 1280 4017 ·
2564 4000 2580 4022 ·

303 4073 498 4143 um
544 4074 649 4141 1v.
701 4072 741 4159 ἓ
784 4074 862 4141 1.
916 4068 1107 4141 Sicut
1152 4073 1479 4141 Sermone
1525 4091 1738 4160 super
1786 4068 2062 4139 Cantica
2111 4069 2547 4140 canticorum
2586 4069 2770 4141 vice-

213 4156 643 4246 simoquarto
675 4179 930 4231 servus
980 4159 1248 4229 Domini
1295 4159 1689 4230 Bernardus
1749 4157 2272 4229 claravallensis
2302 4213 2317 4238 ,
2375 4158 2768 4249 gratulatur

210 4258 300 4317 et·
323 4248 582 4338 gratias
615 4248 771 4339 agit
817 4247 943 4330 illi,
996 4248 1197 4318 tertio
1228 4246 1506 4335 quidem
1553 4248 1849 4319 reditum
1886 4246 1976 4316 ab
2012 4246 2190 4317 Urbe
2223 4268 2428 4319 suum
2460 4246 2766 4318 clemen-

206 4335 347 4406 tior
391 4356 430 4404 e
471 4334 660 4406 coelo
709 4336 1000 4427 respexit
1045 4335 1334 4406 oculus:
1387 4336 1550 4422 quia
1599 4336 1906 4406 serenior
1968 4334 2244 4405 tandem
2312 4335 2542 4408 vultus
2590 4337 2767 4407 arri-

207 4425 325 4506 sit,
380 4443 463 4494 eo
505 4425 687 4512 quod
737 4425 1109 4514 quievisset
1157 4424 1384 4497 rabies
1432 4423 1756 4507 Leonina,
1802 4425 2180 4516 accepisset
2228 4425 2437 4495 finem
2473 4425 2758 4507 malitia,
