3308 5004
173 341 357 407 AUG.
412 344 451 408 7
956 362 1035 408 nn
1084 361 1137 409 s.
1194 360 1442 410 nonno
1489 360 1691 410 arlsc.
1744 361 1937 410 xAtt‘r.
2425 341 2436 352 ’
2510 345 2639 412 209

172 465 313 513 rem
364 467 562 515 suam
618 445 915 535 perdidit
964 459 1152 516 tanto
1192 446 1411 515 animi
1445 445 1703 528 dolore,
1759 459 1834 517 ut
1867 447 2126 538 pariter
2172 470 2213 517 a
2244 446 2380 518 fide
2409 447 2729 520 deficeret

171 533 256 602 ad
304 532 877 634 desperat-ionem.
933 540 1009 604 Et
1053 556 1209 605 ecce
1257 535 1441 604 venit
1488 534 1574 604 ad
1628 534 1856 606 locum
1892 590 1907 617 ,
1976 536 2098 606 ubi
2147 551 2343 607 erant
2390 537 2730 639 imagines

170 621 607 694 beatissimae
655 624 955 716 Virginis
988 639 1053 694 et
1101 628 1163 695 S.
1200 622 1475 695 Alberti.
1508 629 1634 696 Eas
1684 624 1985 705 intuenti,
2020 624 2190 696 dicit
2235 625 2323 695 ad
2352 626 2728 717 imaginem

169 715 235 781 S.
289 711 585 783 Alberti:
638 715 858 782 Toties
906 713 1218 783 invocavi
1248 725 1330 795 te,
1362 727 1427 784 et
1456 734 1590 783 non
1645 735 1755 782 me
1783 712 2039 783 audisti
2094 714 2160 782 in
2207 715 2732 787 necessitatibus

168 801 368 869 meis,
421 802 598 884 Quid
636 802 849 893 igitur
873 824 1123 873 causae
1149 814 1273 880 est,
1308 814 1385 871 ut
1433 815 1497 872 te
1531 813 1849 872 sanctum
1936 802 2302 884 raedicem,
2338 825 2497 873 cum
2535 803 2730 875 nulla

167 890 434 960 ratione
484 913 592 960 me
642 892 947 982 potueris
985 892 1286 982 juvare?
1326 892 1535 973 Absit,
1591 902 1669 961 ut
1719 904 1870 982 post
1923 912 2002 960 ac
2046 912 2173 993 pro
2223 905 2458 961 sancto
2508 905 2569 962 te
2606 894 2731 962 ha-

168 977 395 1048 beam.
444 984 543 1050 Tu
589 1000 864 1069 quoque
913 981 1146 1063 Maria,
1200 1002 1377 1068 quae
1426 985 1636 1050 Mater
1685 979 1945 1070 gratiae
1991 979 2276 1059 diceris,
2337 981 2486 1073 pias
2524 1003 2729 1052 aures

169 1079 327 1137 tuas
365 1068 723 1140 occlusisti
771 1069 855 1139 ad
915 1091 1151 1161 preces
1213 1091 1423 1139 meas
1493 1067 1663 1139 Inde
1711 1081 1983 1159 arrepto
2097 1069 2302 1151 ladio,
2363 1082 2729 1158 utramque

168 1156 545 1248 imaginem
597 1170 803 1242 secat,
838 1171 903 1228 et
950 1157 1308 1229 confestim
1360 1180 1437 1227 ex
1488 1158 1831 1228 ambabus
1862 1157 2047 1229 distil
2083 1169 2152 1228 at
2200 1160 2490 1249 sanguis
2554 1159 2728 1229 bene

167 1246 439 1317 multus
487 1247 554 1315 in
609 1259 884 1318 terram.
925 1247 1204 1317 Viditid
1255 1246 1537 1335 quidam
1593 1269 1785 1339 puer,
1823 1246 2232 1334 sublataque
2281 1268 2443 1316 voce
2476 1245 2730 1318 clamat

166 1334 238 1401 in
290 1335 734 1426 sacrilegum.
792 1336 915 1406 Ille
963 1336 1200 1406 audito
1266 1335 1567 1405 clamore
1632 1336 1769 1405 exit
1828 1357 1864 1405 e
1914 1335 2207 1427 templo,
2261 1331 2377 1406 sed
2450 1352 2728 1428 repente

164 1422 513 1493 horrendo
560 1425 887 1494 existente
923 1424 1203 1505 tonitru,
1235 1422 1553 1495 fulminis
1592 1425 1734 1494 ictu
1771 1436 1950 1496 totus
1976 1427 2047 1494 in
2085 1424 2401 1516 pulveres
2434 1425 2517 1493 ad
2552 1424 2726 1496 fores

165 1512 497 1583 ecclesiae
547 1514 906 1605 redigitur.
962 1513 1248 1602 Reliqua
1286 1512 1623 1585 miracula
1671 1513 2021 1583 brevitatis
2061 1514 2290 1584 studio
2330 1514 2720 1585 omisimus.

875 1767 1124 1845 VITA
1179 1766 1313 1845 ET
1370 1765 2025 1847 MARTYRmM

354 1990 433 2092 S.
509 1991 882 2093 DONATI
956 1992 1267 2093 EPtSC.
1340 1992 1465 2093 ET
1533 1991 2014 2093 EtLARtNt
2092 1990 2550 2094 MONACIII

1084 2231 1203 2281 PER
1252 2232 1504 2282 ADONmt
1553 2233 1802 2281 TREVIR-

957 2387 1279 2443 Coronati
1306 2387 1489 2443 circa
1518 2390 1635 2443 361
1660 2415 1733 2425 —
1754 2386 1940 2443 Itali.

260 2570 296 2656 ξ
351 2573 425 2638 1.
481 2568 674 2659 Apud
724 2569 1045 2638 Tusciam
1095 2570 1363 2639 civitate
1421 2569 1683 2652 Areti0,
1739 2568 1967 2638 natale
2017 2568 2234 2638 sancti
2285 2569 2520 2637 Donati
2573 2568 2732 2660 Epi-

171 2679 292 2728 sco
350 2658 372 2725 i
419 2670 485 2726 et
534 2658 881 2748 martyris.
936 2658 1067 2741 Qui
1118 2659 1419 2729 nutritus
1468 2681 1507 2728 a
1557 2663 1621 2728 S.
1677 2657 2032 2748 Pigmenio
2083 2657 2118 2691 ⁴*
2165 2657 2605 2748 presbyterO,
2662 2658 2730 2726 in

170 2747 302 2816 titu
337 2767 376 2815 o
425 2744 625 2816 beati*
666 2747 965 2818 Pastoris
1012 2747 1330 2817 eruditus
1389 2760 1492 2818 est
1541 2767 1678 2815 non
1730 2747 1953 2816 solum
2005 2747 2075 2815 in
2128 2745 2408 2825 divinis,
2462 2769 2737 2817 verum-

168 2836 377 2904 etiam
422 2835 490 2904 in
535 2835 868 2907 humanis
929 2834 1145 2905 literis
1195 2835 1803 2906 sufficientissime.
1860 2839 2162 2905 Donatus
2192 2857 2346 2905 vero
2396 2841 2630 2906 Lector
2665 2835 2736 2870 *¹*

170 2922 340 3014 fuga
394 2924 590 3015 petiit
638 2925 980 2994 civitatem
1030 2925 1330 2994 Aretium
1393 2936 1458 2994 et
1498 2924 1834 2994 habitavit
1900 2946 2058 2994 cum
2123 2924 2435 2994 Hilarino
2484 2923 2737 3015 glorio-

171 3012 452 3082 sissimo
480 3013 841 3094 monache,
881 3014 1185 3084 serviens
1218 3018 1348 3083 Deo
1388 3013 1739 3083 continuis
1764 3012 2197 3082 orationibus
2222 3026 2286 3082 et
2306 3013 2733 3100 jejuniis***.

262 3103 299 3187 ξ
352 3107 442 3173 ².
498 3106 919 3189 Factumque
967 3115 1070 3171 est
1114 3115 1190 3173 ut
1224 3102 1475 3172 mulier
1512 3102 1796 3172 nomine
1838 3107 2149 3193 Syranna
2238 3102 2498 3182 entilis,
2536 3113 2739 3192 capta

173 3189 419 3271 oculis,
475 3189 679 3261 corde
726 3212 884 3261 vero
919 3213 1338 3272 caeca,=cum
1367 3191 1578 3261 unico
1624 3190 1770 3260 filio
1819 3213 1945 3262 suo
1975 3196 2199 3260 Hercu
2236 3192 2392 3261 iano
2430 3193 2729 3272 nomine,

173 3276 421 3347 cellam
474 3279 651 3349 beati
704 3280 1024 3361 Hilarini,
1068 3301 1222 3350 cum
1268 3301 1406 3368 quo
1455 3280 1698 3350 beatus
1747 3279 1848 3349 vir
1895 3278 2274 3361 habitabat,
2331 3281 2726 3382 requireret.

177 3371 393 3448 Quam
441 3369 509 3437 in
564 3367 698 3438 fide
747 3369 997 3439 Christi
1046 3369 1482 3450 instructam,
1521 3367 1604 3438 ad
1640 3370 1916 3439 beatum
1956 3373 2278 3459 Satyrum
2313 3374 2730 3460 Episcopum

175 3454 537 3527 Hilarinus
583 3470 649 3528 et
684 3462 990 3528 Donatus
1087 3458 1532 3530 erduxerunt.
1576 3457 1705 3541 Qui
1758 3471 1832 3526 ut
1895 3457 2103 3526 fldem
2166 3457 2188 3526 i
2243 3458 2390 3528 sius
2438 3458 2722 3549 accepit,

174 3545 436 3701 gratias
486 3549 617 3616 Deo
650 3567 888 3639 egem,
943 3480 1193 3617 incfixit
1238 3548 1300 3616 ei
1338 3547 1717 3637 je‘unium,
1762 3559 1828 3615 et
1876 3557 1953 3615 ut
1990 3481 2481 3617 humiliaretur
2529 3547 2594 3615 in
2631 3547 2732 3615 ci-

208 3634 336 3702 icio
383 3646 450 3704 et
473 3635 724 3718 cinere,
760 3649 826 3705 et
875 3635 974 3704 sic
1008 3634 1257 3704 deinde
1303 3650 1410 3706 cat
1465 3636 2000 3725 echizaviteam,
2054 3647 2118 3704 et
2168 3635 2557 3726 baptizavit,
2590 3647 2726 3705 tam

175 3722 401 3811 ipsam
464 3744 670 3810 quam
741 3723 967 3793 filium
1017 3724 1193 3811 ejus.
1247 3729 1326 3793 Et
1373 3745 1527 3794 mox
1588 3724 1805 3815 aperti
1855 3735 2021 3794 sunt
2078 3723 2262 3794 oculi
2326 3728 2677 3814 Syrannae
2711 3779 2726 3803 ,

174 3812 540 3901 coepitque
581 3811 928 3883 clamare:
973 3817 1138 3881 Vere
1173 3817 1351 3883 Deus
1390 3813 1700 3884 Christus
1729 3824 1852 3894 est,
1890 3813 2009 3900 qui
2041 3812 2458 3883 illuminavit
2494 3812 2732 3883 oculos

178 3920 394 3969 meos.
444 3900 633 3984 Quod
685 3900 940 3972 factum
984 3901 1279 3972 audiens
1324 3901 1800 3992 ApronianuS,
1844 3923 1980 3972 non
2033 3902 2251 3973 multo
2299 3916 2452 3993 post
2506 3901 2735 3971 attulit

174 3986 399 4058 filium
436 4011 643 4060 suum
680 3990 1214 4061 daemoniacum
1251 3991 1336 4060 ad
1367 3991 1645 4061 beatum
1683 3996 2042 4061 Donatum.
2079 3996 2228 4075 Quo
2259 4003 2493 4061 orante
2521 3990 2732 4063 simul

239 4148 264 4170 ²
290 4150 344 4189 In
370 4152 655 4193 usui-not..
684 4154 905 4194 Intusrn.
928 4151 1102 4199 Martii,
1120 4164 1165 4203 p.
1188 4155 1310 4195 259⁶.

235 4201 296 4295 *ὦ
319 4204 569 4296 Pru-emis
588 4208 898 4256 probabiliter
925 4204 1205 4249 Diocletiani
1236 4204 1527 4256 temporibus
1545 4217 1652 4249 cnm
1670 4205 1821 4257 ipsius
1843 4207 2010 4248 Donati
2041 4208 2263 4258 parentes
2285 4209 2510 4257 martyrio
2529 4208 2736 4250 fuissent

188 4265 247 4295 su
301 4261 379 4297 at.
599 4292 605 4299 .

237 4310 319 4337 *Φ*
347 4311 702 4355 Μειιᾶοείεείωι
728 4315 875 4364 hujus
904 4313 1045 4366 primi
1073 4315 1094 4366 g
1124 4314 1494 4364 amputavimus:
1524 4314 1626 4364 lege
1657 4316 1912 4357 Bai-onium
1937 4317 1983 4356 in
2009 4314 2250 4357 hodiernis
2281 4315 2414 4357 Notis
2435 4317 2588 4366 primo
2617 4317 2735 4358 loco.

181 4367 252 4406 De
271 4366 479 4406 confusis
497 4367 641 4415 hujus
659 4370 701 4408 S.
731 4371 903 4410 Donati
931 4370 1062 4410 Actis
1082 4380 1189 4409 cum
1209 4367 1407 4408 historia
1428 4369 1624 4407 alterius
1647 4371 1690 4410 S.
1722 4367 1888 4409 Donati
1911 4371 2191 4411 Evoreensts
2211 4371 2347 4420 Epissc
2370 4400 2381 4415 ,
2403 4371 2508 4409 vide
2527 4371 2575 4409 in
2605 4371 2733 4410 MAR-

180 4428 355 4460 τηοι.
386 4422 602 4461 lausi-a.
632 4432 720 4462 xxx
749 4426 878 4472 Am..
908 4434 950 4473 ρ.
982 4424 1100 4464 368·.
1130 4423 1293 4471 Quoad
1324 4424 1367 4463 8.
1397 4422 1666 4462 Hilarinum
1694 4425 1770 4463 vel
1802 4425 2095 4466 Hilariauum
2129 4425 2425 4475 Monachum,
2459 4425 2603 4465 alium
2632 4425 2736 4465 Bol-

179 4474 390 4514 lendium
420 4475 713 4516 contendunt
730 4486 835 4517 esee
858 4478 916 4517 ab
936 4474 1151 4518 nnn-ino
1171 4474 1378 4518 Ostiensi
1395 4475 1615 4523 martyre,
1642 4486 1722 4518 xvi
1742 4477 1837 4517 Jul.

344 4558 587 4616 surius
617 4591 633 4602 ·
668 4557 831 4619 Vitae
855 4558 966 4621 88.
991 4591 1016 4604 ·
1043 4556 1174 4619 Vol.
1206 4557 1363 4620 vm.
2502 4558 2575 4618 14
