3308 5004
681 306 814 379 481
1242 329 1320 377 ns
1366 329 1424 378 s.
1475 325 1814 378 ιιιπΑιιυο
1855 328 1999 376 aas.
2051 323 2435 376 emuna.
2813 305 3001 375 mo.
3063 310 3145 376 2⁰

585 435 677 484 eo
714 424 968 484 oraret.
1010 418 1437 505 compassus
1472 428 1700 482 autem
1753 426 1940 482 tanto
1979 411 2224 491 dolori,
2279 426 2347 481 et
2405 409 2834 482 confortatus
2890 411 2961 480 in
3016 417 3146 482 Do·

593 502 807 583 mino,
849 515 915 573 et
959 502 1259 572 bonitate
1290 514 1357 571 et
1389 502 1691 590 potentia
1730 501 2004 572 virtutis
2040 500 2214 590 ejuS,
2256 504 2505 570 Sancto
2542 500 2675 570 sibi
2725 500 2986 591 Spiritu
3043 523 3147 571 re·

590 590 876 673 velante,
931 613 1062 661 cur
1099 591 1226 661 hoc
1257 591 1390 660 sibi
1430 591 1820 671 accidisset,
1859 612 2021 661 cum
2062 589 2255 660 omni
2302 587 2559 658 fiducia
2610 587 2674 658 ei
2727 589 3139 680 respondit:

586 699 625 746 ι
653 680 855 750 Scitis
881 692 1144 767 quanta
1177 679 1361 749 mala
1387 678 1620 749 fecerit
1645 679 1852 749 homo
1886 679 2034 758 iste,
2068 691 2135 748 et
2164 691 2422 765 quanta
2453 677 3147 750 abstule·rit.-Reddat

582 768 840 849 ablata,
878 780 944 838 et
968 768 1510 838 consuetudines
1582 790 1779 838 ravas
1807 789 2019 858 super
2049 788 2387 857 pauperes
2419 778 2812 856 usurpatas,
2844 767 3146 859 abneget

590 868 727 926 tam
764 859 935 948 ipse,
964 878 1174 945 quam
1205 856 1393 928 filius
1417 870 1484 927 et
1545 856 1786 927 amilia
1810 879 1962 936 sua,
1997 868 2064 926 et
2093 855 2479 925 Christiano
2513 877 2703 926 more
2731 857 3142 927 morietur.»

583 945 1021 1038 Obstupuere
1080 967 1323 1016 omnes
1369 945 1454 1014 ad
1517 959 1743 1016 tantae
1805 945 2100 1016 fiduciae
2160 945 2743 1035 promissionem,
2811 967 2893 1016 eo
2946 947 3140 1034 quod

585 1035 819 1124 ignota
877 1035 1110 1105 adhuc
1160 1034 1563 1105 hominibus
1616 1035 1840 1126 gratia
1897 1046 2042 1104 erat
2100 1033 2435 1104 divinitus
2471 1031 2721 1104 collata
2775 1035 2919 1104 viro
2985 1036 3134 1105 Dei.

578 1123 876 1194 Maxime
923 1145 1083 1194 vero
1121 1123 1375 1194 turbati
1421 1137 1486 1194 et
1526 1124 1742 1194 territi
1778 1137 1942 1195 sunt
1970 1123 2092 1212 qui
2125 1134 2449 1192 venerant
2494 1145 2656 1193 cum
2686 1145 2791 1205 eo,
2828 1123 3041 1194 frater
3071 1138 3140 1196 et

577 1212 994 1283 avunculus.
1046 1212 1222 1296 Quid
1275 1211 1526 1303 plura?
1571 1218 1852 1284 Factum
1886 1225 1989 1283 est
2025 1211 2208 1301 quod
2264 1211 2630 1303 praecepit,
2683 1225 2749 1283 et
2794 1214 3132 1285 continuo

586 1313 904 1371 secutum
954 1314 1056 1371 est
1099 1301 1305 1371 etiam
1340 1302 1522 1389 quod
1570 1301 1908 1394 promisit.
1946 1302 2259 1372 Solutum
2301 1313 2405 1371 est
2442 1300 2800 1371 vinculum
2851 1301 3137 1392 linguae

578 1389 733 1479 ejus
765 1443 781 1471 ‚
834 1390 1196 1461 consessus
1248 1404 1351 1460 est
1396 1413 1554 1461 cum
1605 1392 1872 1483 gemitu
1917 1405 1983 1460 et
2029 1390 2358 1481 lacrymis
2397 1390 2700 1480 ‘peccata-
2737 1413 2863 1461 sua
2893 1443 2910 1471 ,
2962 1413 3131 1461 cum

581 1499 833 1569 magna
872 1478 1230 1550 devotione
1259 1479 1672 1551 deosculans
1722 1501 1973 1550 manus
2003 1479 2196 1568 ejus:
2246 1493 2313 1549 et
2342 1493 2622 1569 accepto
2654 1479 2898 1549 viatico
2933 1501 3132 1550 com-

586 1567 946 1637 munionis
978 1590 1239 1651 sacrae‚
1289 1591 1536 1639 rursus
1570 1570 1866 1659 peractis
1903 1569 2232 1639 omnibus
2276 1589 2453 1656 quae
2481 1569 2702 1638 facere
2731 1590 2891 1638 eum
2922 1589 3134 1659 opor-

580 1655 784 1736 tebat,
821 1658 1133 1745 sequenti
1167 1671 1366 1727 nocte
1405 1658 1473 1726 in
1516 1678 1638 1747 spe
1673 1657 2185 1728 misericordiae
2229 1657 2342 1726 Dei
2370 1657 2727 1748 expiravit.

660 1746 700 1830 ξ
746 1750 897 1819 au.
950 1746 1435 1816 Revertebatur
1477 1748 1682 1816 etiam
1732 1746 2112 1834 aliquando
2146 1769 2190 1816 a
2247 1748 2500 1834 pratis,
2565 1758 2646 1819 et
2675 1745 2950 1816 obviam
3003 1745 3131 1816 ha·

580 1831 731 1902 buit
781 1833 1169 1913 mulierem,
1222 1836 1585 1925 parvulum
1618 1834 1842 1905 filium
1892 1836 1963 1905 in
2016 1835 2319 1905 brachiis
2362 1834 2862 1924 deportantem,
2915 1856 3128 1921 quem

574 1920 662 1989 de
713 1920 915 2012 longe
969 1923 1289 1994 attulerat
1349 1924 1436 1994 ad
1490 1945 1691 2004 eum,
1745 1923 1834 1993 ab
1889 1936 2082 1995 utero
2131 1924 2370 1994 matris
2418 1922 2783 1994 habentem
2835 1945 3127 1993 manum

575 2009 867 2092 aridam,
920 2024 988 2082 et
1034 2012 1394 2083 brachium
1449 2025 1728 2082 tortum.
1783 2018 2003 2083 Motus
2065 2026 2293 2083 autem
2361 2012 2689 2102 lacrymis
2762 2014 3004 2082 matris
3050 2027 3121 2084 et

576 2100 921 2189 precibus,
971 2101 1182 2189 jussit
1230 2123 1522 2192 puerum
1572 2100 1869 2192 deponi:
1916 2101 2227 2189 factaque
2262 2101 2592 2182 oratione,
2647 2102 2980 2171 continuo
3030 2104 3126 2171 si·

574 2209 803 2277 gnans
851 2212 1170 2280 puerum,
1222 2203 1288 2261 et
1320 2191 1710 2270 brachium,
1767 2203 1834 2260 et
1880 2212 2166 2259 manum
2225 2189 2416 2277 ejus,
2470 2190 2642 2260 dixit
2690 2187 2995 2270 mulieri,
3046 2204 3125 2261 ut

577 2291 845 2348 vocaret
890 2278 1113 2350 filium
1147 2302 1381 2349 suu-m.
1417 2280 1691 2349 vocavit
1738 2279 1857 2349 illa
1887 2279 2244 2359 infantem,
2281 2291 2347 2349 et
2374 2279 2697 2358 occurrit,
2732 2291 2797 2348 et
2827 2291 3125 2367 utroque

577 2365 860 2437 brachio
906 2368 1339 2458 amplexatus
1373 2380 1658 2439 matrem
1708 2390 1935 2449 suam,
1988 2389 2204 2437 sanus
2251 2367 2472 2438 factus
2517 2382 2620 2438 est
2647 2389 2746 2437 -ex
2790 2389 2869 2436 ea
2919 2367 3116 2438 hora.

574 2458 780 2525 Erant
815 2468 1046 2527 autem
1091 2457 1299 2528 hu'us
1333 2457 1509 2529 beati
1559 2456 1803 2529 fratres
1827 2468 1894 2527 et
1943 2456 2066 2527 filii
2110 2456 2502 2548 spirituales
2547 2457 2875 2527 mirantes
2910 2479 3124 2549 super

574 2544 705 2626 his,
756 2567 935 2634 quae
961 2547 1167 2617 audie
1217 2557 1421 2617 antet
1452 2545 1779 2618 videbant
1802 2547 1887 2616 de
1913 2568 2018 2615 eo.
2056 2551 2188 2617 Nec
2220 2560 2444 2616 tamen
2482 2569 2668 2616 more
2695 2546 3119 2629 carnalium,

575 2633 641 2702 in
692 2634 984 2725 gloriam
1057 2635 1505 2707 elevabantur
1572 2635 1994 2705 humanam:
2059 2635 2173 2705 sed
2243 2635 2537 2735 ¹iuvenili
2603 2636 2755 2726 ejus
2800 2637 3010 2705 aetati
3057 2650 3127 2706 et

572 2743 783 2793 novae
828 2724 1060 2795 adhuc
1102 2726 1632 2807 conversationi,
1687 2723 2030 2817 spirituali
2079 2722 2519 2794 solicitudine
2569 2724 2995 2796 metuebant.
3037 2730 3116 2795 ln

567 2833 706 2898 quo
755 2812 1086 2883 nimirum
1134 2813 1280 2884 zelo
1312 2814 1680 2884 Galdricus
1731 2811 2120 2884 avunculus
2178 2812 2330 2899 ejus
2386 2824 2452 2882 et
2498 2813 2717 2884 Guido
2769 2813 3120 2903 primoge-

571 2900 761 2971 nitus
800 2902 1117 2983 tratrum,
1154 2915 1457 2973 caeteros
1503 2903 1882 2983 anteibant,
1919 2914 1996 2972 ut
2028 2902 2216 2991 ipsos
2333 2901 2559 2972 minos
2604 2913 2955 2988 tamquam
2988 2903 3119 2971 sti-

572 2989 799 3059 mulos
843 2991 1077 3059 carnis
1123 3012 1313 3070 suae,
1368 3013 1453 3061 ne
1491 2992 1875 3082 gratiarum
1926 2922 2331 3080 magnitugg
2367 3010 2528 3059 eum
2575 2990 2943 3069 extolleret,
2993 3011 3116 3060 ac-

568 3077 832 3175 cepisse
868 3078 1203 3150 divinitus
1250 3080 1615 3150 videretur.
1662 3085 1890 3168 Neque
1934 3080 2119 3149 enim
2164 3078 2558 3183 parcebant,
2611 3080 2838 3149 verbis
2879 3078 3119 3150 durio-

569 3164 763 3237 ribus
792 3167 1215 3257 exagitantes
1264 3180 1567 3238 teneram
1602 3169 2088 3239 verecundiam
2126 3189 2303 3257 eJuS,
2345 3166 2855 3239 calumniantes
2906 3169 3117 3238 etiam

571 3252 743 3323 bene
774 3267 987 3346 gesta,
1048 3256 1247 3347 signa
1293 3258 1528 3328 omnia
1565 3257 2069 3338 annihilanteS,
2124 3272 2190 3330 et
2235 3256 2586 3327 hominem
2637 3258 3120 3328 mansuetissi-

571 3363 762 3412 mum
823 3343 1135 3432 nihilque
1187 3346 1819 3429 contradicentem,
1873 3347 2263 3435 frequenter
2335 3366 2555 3433 usque
2620 3346 2708 3417 ad
2768 3345 3121 3436 lacrymas

570 3430 1008 3522 improperiis
1039 3447 1105 3503 et
1147 3435 1539 3525 opprobriis
1584 3434 1988 3525 affligentes.

653 3528 692 3601 ἓ
740 3525 892 3594 45.
945 3527 1232 3593 Narrare
1277 3523 1448 3593 solet
1499 3524 1913 3596 venerabilis
1960 3524 2342 3615 Episcopus
2393 3522 2847 3612 Lingonensis
2892 3523 3116 3594 Gode·

563 3607 810 3691 fridus»,
863 3612 1082 3681 sancti
1124 3611 1248 3680 viri
1295 3625 1364 3683 et
1396 3613 1832 3703 propinquus
1880 3612 2244 3704 sanguine,
2283 3624 2349 3683 et
2380 3611 2452 3680 in
2499 3613 2947 3684 conversione
2997 3634 3115 3683 so·

559 3697 737 3778 cius,
780 3711 848 3771 et
907 3712 1156 3770 extunc
1207 3722 1328 3792 per
1373 3703 1610 3773 omnia
1657 3701 2064 3772 individuus
2101 3723 2332 3772 comes
2363 3754 2380 3781 ,
2435 3701 2661 3791 primo
2721 3700 3064 3773 miraculo
3093 3757 3111 3783 ,

560 3788 746 3944 quod
788 3810 910 3880 per
943 3810 1194 3862 manus
1250 3791 1403 3880 ejus
1440 3791 1591 3861 fieri
1639 3790 1833 3872 vidit,
1889 3790 2316 3881 praedictum
2352 3810 2761 3880 germanum
2817 3789 2973 3879 ejus
3016 3789 3121 3861 af-

592 3878 775 3949 uisse
822 3877 1232 3949 Gnidonem.
1279 3884 1438 3951 Erat
1480 3880 1669 3949 enim
1699 3880 1801 3950 eis
1840 3880 2178 3950 transitus
2220 3900 2343 3970 per
2379 3891 2685 3949 castrum
2717 3879 3054 3950 Nantonis
3081 3881 3117 3916 ⁴²

564 3964 635 4037 in
686 3967 1026 4038 territorio
1073 3972 1450 4051 Senonum,
1502 3980 1568 4039 et
1604 3969 1887 4070 juvenis
1937 3968 2250 4057 quidam,
2315 3968 2520 4057 cujus
2568 3966 2813 4058 pedem
2876 3968 3119 4040 fistula

561 4075 734 4126 occu
831 4070 1039 4140 verat,
1082 4057 1415 4149 praedicti
1450 4071 1666 4148 patris
1714 4071 1968 4129 tactum
2003 4070 2070 4128 et
2105 4056 2652 4130 benedictionem
2688 4079 2845 4127 cum
2893 4057 3121 4128 multa

560 4165 742 4235 supp
778 4146 1069 4218 icatione
1116 4149 1409 4249 petebat.
1450 4148 1777 4250 Signatus
1823 4159 2078 4228 autem,
2132 4146 2362 4217 statim
2394 4144 2791 4230 convaluit:
2842 4158 2910 4216 et
2960 4157 3120 4237 post

564 4235 1025 4321 paucissimos
1070 4235 1218 4308 dies
1266 4258 1557 4327 regressi
1611 4258 1730 4327 per
1756 4236 2078 4308 eumdem
2119 4235 2391 4315 ·locum,
2446 4257 2696 4305 sanum
2750 4246 2958 4322 atque
3009 4236 3121 4305 in-

565 4319 909 4394 columem
958 4325 1395 4397 invenerunt.
1431 4330 1788 4396 Caeterum
1836 4347 2040 4417 saepe
2086 4325 2314 4395 dictus
2349 4323 2530 4395 beati
2572 4325 2698 4395 viri
2744 4322 2977 4407 frater,
3034 4345 3121 4396 ne

617 4447 643 4475 ⁸
671 4447 1061 4492 claena-Lamon
1080 4452 1130 4492 tn
1150 4448 1307 4494 insul·
1323 4451 1560 4500 Froncise.
1578 4454 1678 4497 lere
1698 4455 1750 4495 20
1769 4450 1948 4494 Psi-into
1968 4453 2131 4494 leucu.
