3308 5004
709 339 838 406 7⁴8
1229 356 1298 406 ut
1343 356 1536 406 usto
1583 355 1921 406 uacuum.
1971 358 2031 405 s.
2082 355 2309 405 somn.
2361 355 2542 405 nrt.
2841 337 3043 406 Ana.
3093 340 3170 412 29

616 442 1111 513 deducebatur.
1151 441 1472 530 Sequenti
1519 462 1684 532 ergo
1721 456 1917 513 nocte
1964 441 2368 533 singulatim
2402 440 2739 511 accedens
2771 464 3030 532 praeco
3071 465 3182 514 ve-.

618 532 864 613 ritatis,
920 531 1234 619 utrisque
1280 530 1565 602 mandat
1610 531 1877 614 eadem,
1909 530 2193 611 dicens,
2248 530 2419 600 nihil
2455 543 2765 620 oportere
2796 529 3169 601 dubitare:

616 621 733 692 sed
785 621 978 692 omni
1027 618 1504 691 incredulitate
1551 621 1864 710 deposita
1887 632 1957 690 et
2004 619 2342 699 socordia,
2380 641 2617 689 curam
2670 633 2997 720 gererent
3030 622 3173 708 ejus

614 710 800 799 quod
833 710 1055 781 suerat
1094 709 1537 797 imperatum.
1590 713 1760 779 Cum
1811 729 1974 801 ergo
2024 709 2228 779 ambo
2278 707 2372 789 id,
2423 708 2605 795 quod
2646 731 2869 778 visum
2926 707 3171 792 fuerat,

614 821 862 870 rursus
895 798 1033 870 sibi
1091 798 1383 868 invicem
1435 797 1970 889 significassent,
2022 811 2089 868 et
2137 796 2363 868 soluta
2400 811 2500 867 est
2549 797 3058 880 incredulitas,
3117 815 3173 868 et

613 890 704 959 ab
741 889 877 958 utri
971 909 1057 957 ue
1106 887 1215 957 via
1262 887 1471 958 simul
1511 902 1613 957 est
1660 887 1991 969 confecta,
2046 893 2496 974 Praecursore
2525 909 2767 957 rursus
2808 887 2927 978 (ut
2971 887 3170 958 semel

613 909 1101 1066 dicamffllam
1150 975 1252 1045 eis
1290 975 1653 1067 dirigente,
1707 990 1773 1047 et
1810 977 1992 1047 bono
2030 975 2208 1045 duce
2236 976 2337 1047 eis
2384 975 2645 1046 effecto.
2699 977 2891 1045 Brevi
2951 976 3171 1064 itaque

598 1065 697 1148 ‚ad
743 1065 972 1137 locum
1019 1064 1474 1155 perveniunt,
1528 1077 1597 1134 et
1647 1065 2008 1136 inveniunt
2054 1087 2332 1136 sacrum
2383 1079 2614 1155 caput,
2664 1065 2875 1152 cujus
2932 1089 3170 1156 ampu-

612 1154 778 1225 tatio
824 1154 1049 1225 fuerat
1076 1147 1317 1244 'poena
1353 1155 1847 1244 temperantiae
1879 1180 1890 1221 ε
1922 1167 1989 1224 et
2022 1153 2176 1224 ideo
2208 1176 2342 1223 non
2388 1154 2780 1224 merebatur
2808 1155 3162 1232 abscondi,

611 1243 1014 1400 sedlpotius
1084 1242 1361 1333 prodire
1432 1242 1503 1311 in
1553 1242 1822 1325 lucem,
1874 1242 1961 1312 ad
2024 1242 2640 1313 sanctificationem
2691 1256 2756 1313 et
2795 1243 3160 1314 utilitatem

612 1353 732 1401 mu
771 1347 991 1403 torum
1058 1356 1102 1402 a
1141 1386 1156 1400 .

699 1423 736 1508 ἐ
785 1426 874 1494 8.
929 1331 1217 1491 euin)id
1266 1442 1431 1510 ergo
1480 1417 1935 1490 sustulissent
1990 1420 2337 1501 monachi,
2393 1432 2472 1491 ut
2523 1421 2707 1511 jussi
2754 1419 3067 1499 fuerant,
3110 1433 3160 1491 et

610 1509 680 1578 in
725 1531 1002 1580 saccum
1037 1530 1119 1579 cx
1168 1508 1328 1599 pilis
1361 1508 1746 1580 confectum
1801 1507 1869 1578 id
1921 1508 2400 1590 immisissent,
2437 1510 2663 1578 statim
2702 1532 2774 1580 se
2811 1510 3155 1600 parantad

610 1597 934 1681 reditum,
990 1620 1131 1667 rem
1184 1620 1337 1668 vere
1383 1596 1941 1679 desiderabilem,
1977 1610 2043 1668 et
2090 1620 2299 1688 supra
2344 1597 2562 1668 millia
2601 1600 2755 1668 auri
2789 1613 2861 1692 et·
2909 1599 3154 1691 argenti

605 1688 716 1778 (ut
763 1710 919 1757 cum
972 1686 1208 1757 divino
1243 1686 1452 1756 David
1503 1685 1762 1769 dicam)
1804 1686 2130 1757 fidelibus
2178 1687 2561 1758 afferentes
2602 1688 2897 1778 Figulus
2951 1704 3150 1759 autem

607 1776 893 1865 quidam
947 1775 1067 1845 illo
1116 1790 1441 1865 tempore,
1507 1798 1587 1845 ex
1634 1775 1908 1847 civitate
1952 1775 2234 1863 quidem
2302 1782 2543 1846 Emesa
2591 1798 2820 1866 genus
2867 1776 3145 1852 ducens,

608 1865 725 1935 sed
779 1877 963 1935 tanta
1013 1864 1336 1936 laborans
1387 1865 1500 1934 ino
1555 1865 1643 1945 ia,
1700 1878 1779 1934 ut
1835 1866 1856 1934 i
1914 1888 2059 1936 sam
2128 1865 2289 1935 odio
2361 1866 2639 1935 haberet
2692 1865 3041 1952 patriam,
3088 1879 3145 1934 ut

606 1975 786 2043 quae
816 1974 972 2022 eum
1018 1974 1152 2023 non
1185 1966 1412 2043 posset
1458 1977 1493 2022 a
1527 1976 1664 2035 ere,
1704 1954 1838 2024 obi
1895 1976 2029 2042 que
2052 1954 2344 2025 charum
2381 1954 2584 2024 etiam
2624 1953 2886 2036 solum,
2927 1977 3142 2044 nempe

607 2042 903 2133 patriam
955 2042 973 2110 i
1031 2064 1205 2122 sam,
1259 2041 1789 2130 derelinqueret,
1841 2057 1907 2113 et
1943 2042 2144 2131 quasi
2203 2043 2452 2114 secum
2509 2043 2940 2114 habitantem
3043 2066 3142 2113 au-

607 2143 935 2223 pertatem
998 2144 1268 2231 ugeret:
1322 2131 1435 2202 hic
1483 2154 1645 2201 cum
1698 2144 1957 2202 erraret
2004 2133 2075 2201 in
2135 2131 2265 2214 via,
2323 2131 2564 2203 incidit
2632 2133 2699 2201 in
2757 2155 3003 2203 monac
3050 2154 3131 2208 05,

606 2243 645 2290 a
692 2220 950 2308 quibus
997 2219 1277 2290 divinus
1325 2222 1717 2300 thesaurus,
1766 2242 2012 2310 nempe
2046 2222 2521 2291 Praecursoris
2574 2235 2815 2311 caput,
2853 2237 3132 2311 exporta-

602 2310 834 2381 batur.
887 2313 1055 2379 Cum
1104 2331 1180 2379 er
1228 2332 1268 2380 o
1317 2310 1432 2380 ille
1501 2332 1641 2380 una
1690 2331 1850 2379 cum
1901 2310 2002 2379 eis
2048 2309 2603 2398 colloqueretur,
2659 2325 2726 2380 et
2774 2311 2977 2381 simul
3027 2312 3133 2379 iter

603 2398 876 2479 faceret,
917 2397 1016 2468 illi
1055 2410 1152 2468 tra
1214 2413 1337 2468 unt
1368 2397 1729 2469 serendum
1762 2397 1893 2468 hoc
1940 2398 2285 2468 excelsum
2317 2412 2384 2468 et
2433 2399 2898 2469 venerandum
2925 2410 3118 2486 caput.

602 2493 971 2580 Ignorante
1020 2500 1248 2558 autem
1293 2487 1506 2581 figulo
1551 2487 1890 2576 quidnam
1933 2502 2134 2569 esset,
2189 2488 2374 2576 quod
2417 2489 2570 2577 ejus
2619 2487 2782 2559 fidei
2831 2487 3109 2558 commis·

603 2601 759 2649 sum
801 2576 1046 2658 suerat,
1083 2577 1185 2646 illi
1219 2589 1503 2668 apparet
1529 2584 1961 2657 Praecursor,
1991 2592 2056 2648 et
2088 2578 2155 2646 in
2192 2579 2345 2668 ejus
2368 2592 2813 2668 conspectum
2837 2575 3088 2672 fixgiens:

603 2666 903 2749 Relictis,
948 2666 1199 2753 inquit,
1260 2668 1395 2737 tuis
1441 2666 1836 2747 comitibus,
1890 2666 2147 2756 aufuge
2193 2689 2355 2737 cum
2412 2688 2492 2736 eo
2550 2667 2741 2754 quod
2801 2665 2986 2734 habes
3035 2682 3103 2761 ip

603 2756 949 2826 manibus.
1011 2759 1153 2825 Hoc
1201 2768 1429 2826 autem
1488 2754 1673 2836 facit,
1746 2757 2242 2827 monachorum
2292 2754 2603 2844 quidem,
2646 2768 2725 2825 ut
2768 2769 2862 2826 est
2897 2752 3112 2821 verisi-

605 2845 789 2928 mile,
841 2844 926 2915 sri
981 2844 1286 2915 iditatem
1338 2843 1816 2915 condemnans
1848 2858 1913 2913 et
1961 2844 2374 2925 socordiam,
2421 2858 2498 2915 ut
2543 2844 2665 2932 qui
2714 2867 2855 2914 rem
2898 2856 3124 2913 tantam

607 2933 944 3006 hominia
981 2934 1133 3004 ieno
1162 2945 1227 3003 et
1275 2934 1507 3024 ignoto
1554 2932 2052 3004 credidissent:
2108 2932 2348 3024 Figulo
2383 2956 2539 3003 vero
2600 2933 2782 3004 hanc
2830 2935 3127 3025 praebens

600 3024 1056 3105 occasionem,
1108 3035 1174 3094 et
1221 3044 1363 3092 rem
1416 3022 1699 3114 gerendi
1752 3024 2029 3105 rectius,
2063 3035 2131 3092 et
2172 3023 2346 3091 vitae
2396 3022 2727 3093 melioriS.
2781 3028 2958 3094 Nam
2998 3039 3122 3090 cum

600 3111 719 3183 ille
774 3112 1165 3194 obediisset,
1217 3124 1285 3181 et
1332 3111 1667 3192 latuisset,
1733 3124 1800 3182 et
1860 3130 2018 3181 cum
2073 3110 2191 3182 tali
2261 3111 2584 3192 thesauro
2644 3111 2946 3182 domum
2989 3118 3127 3181 esset

601 3222 939 3283 reversuS‚
985 3200 1116 3271 suit
1158 3200 1489 3289 deinceps
1528 3200 1784 3272 ssorens
1817 3200 2092 3291 opibus,
2145 3213 2212 3269 et
2263 3199 2599 3270 bonorum
2645 3200 2861 3271 bonis
2916 3210 3131 3290 perto-

602 3304 739 3360 tam
785 3291 990 3360 vitam
1044 3289 1369 3380 repletus.
1405 3294 1546 3361 Non
1576 3289 1837 3359 oblitus
1884 3302 2112 3371 autem
2149 3288 2292 3370 ille,
2326 3312 2543 3377 quum
2585 3288 2765 3358 male
2807 3292 3141 3380 priusrem

600 3401 797 3449 suam
849 3393 1135 3470 gereret,
1187 3381 1470 3449 sacrum'
1508 3377 1684 3448 illud
1724 3391 1790 3447 et
1831 3377 2297 3447 venerandum
2328 3392 2537 3469 caput
2567 3376 2637 3446 iu
2668 3380 2880 3449 omni
2923 3381 3149 3450 honore

602 3467 869 3538 habuit.
917 3472 995 3538 Et
1042 3467 1172 3538 hoc
1210 3466 1491 3555 quidem
1536 3478 1682 3537 tota
1734 3466 1869 3537 vita
1916 3490 2042 3536 sua
2085 3466 2268 3536 fecit.

687 3559 725 3646 ξ
771 3561 864 3629 8.
941 3561 1109 3627 Cum
1159 3571 1389 3626 autem
1454 3568 1632 3625 esset
1692 3555 2127 3637 decessuruS,
2181 3555 2305 3625 ubi
2367 3553 2538 3624 illud
2590 3553 3057 3645 imposuisset
3096 3554 3154 3623 in

597 3644 848 3737 hydria
894 3659 960 3717 et
992 3645 1244 3715 deinde
1271 3644 1701 3716 extrinsecus
1731 3666 1879 3715 eam
1933 3646 2093 3714 arca
2142 3644 2560 3724 inclusisset,
2589 3656 2677 3723 ,et
2731 3647 3042 3734 pulchre
3080 3645 3159 3713 si·

597 3735 898 3826 gnaculo
948 3734 1415 3826 obsignasset,
1479 3733 1763 3823 deponit
1810 3732 1996 3823 apud
2047 3754 2397 3816 sororem,
2450 3733 2513 3800 ei
2561 3755 2743 3822 quae
2788 3744 3161 3807 evenerant

597 3825 833 3894 omnia
878 3824 1223 3913 aperiens,
1258 3835 1325 3892 et
1360 3822 1947 3910 quemadmodum
1984 3821 2194 3892 veluti
2235 3820 2584 3909 quoddam
2619 3821 3163 3916 inexpugnabile

597 3913 860 3983 malum
910 3911 1286 4000 aliquando
1311 3912 1541 4001 ipsum
1573 3912 1904 3981 atterebat
1941 3929 2348 4002 paupertas:
2387 3925 2656 4001 praeter
2689 3933 2904 4013 spem
2940 3924 3161 3983 autem

596 4002 809 4074 rebus
844 4001 1148 4083 mutatiS,
1200 3999 1288 4071 ad
1322 4022 1461 4083 eaS,
1513 4022 1690 4090 quas
1739 4022 1927 4070 nunc
1978 3999 2206 4081 habet,
2255 4021 2421 4090 opes
2463 4013 2794 4090 pervenit,
2860 4015 2936 4072 et
2965 4002 3170 4072 bono·

599 4111 754 4160 rum
788 4090 1240 4161 affluentiam.
1285 4094 1574 4161 Causam
1623 4101 1851 4160 autem
1908 4088 2310 4159 mutationis
2344 4087 2616 4158 dicebat
2658 4086 2894 4162 fuisse
2941 4101 3166 4183 caput,
3259 4126 3260 4155 3

596 4179 780 4267 quod
817 4181 886 4249 in
939 4201 1096 4249 vase
1136 4178 1539 4249 ostendebat
1586 4178 1967 4249 inclusum:
2013 4177 2199 4265 quod
2259 4178 2456 4259 mihi,
2507 4177 2776 4266 inquit,
2837 4181 3168 4271 majorem

598 4267 827 4338 attulit
853 4268 1246 4350 utilitatem,
1280 4289 1516 4356 quam,
1544 4266 1732 4356 quod
1770 4266 1978 4357 vulgo
2012 4265 2423 4349 celebratur,
2457 4268 2976 4359 Cornucopiae.
3016 4274 3173 4341 Cum

601 4426 903 4522 cogssxlgtm·
928 4430 1044 4471 haec
1071 4430 1288 4472 Iuventio
1316 4431 1411 4475 ean
1440 4431 1498 4471 de
1527 4439 1623 4480 qu
1647 4431 1781 4472 Rom.
1811 4427 2198 4479 Hartnologtum
2230 4438 2346 4471 xxiv
2387 4428 2522 4471 Febr.
2558 4428 2839 4479 contigi-⁸0
2879 4432 3038 4483 nnnc
3065 4431 3178 4475 dtu
