3308 5004
147 362 339 428 AUG.
393 362 480 426 25
897 378 974 425 ns
1022 379 1077 425 s.
1133 377 1398 427 cnunslo
1445 378 1704 427 nonno
1752 377 1949 429 nur.
2485 366 2603 430 611

147 476 503 550 tamquam
552 461 840 553 profana
890 462 1253 544 sacrificia,
1307 465 1767 534 detestemur:
1818 477 1897 535 ut
1939 465 2120 534 inter
2166 465 2382 555 hujus
2452 466 2699 537 mundi

143 550 713 632 conflictationes,
769 563 1241 642 persecutores
1287 552 1558 623 virtutis
1607 552 1898 643 probent
1943 574 2091 624 esse
2146 575 2270 624 nos
2331 569 2692 646 martyres.

145 647 652 728 Persequamur
698 641 769 711 in
819 640 1019 712 nobis
1069 653 1381 732 peccata,
1433 654 1498 711 et
1563 641 1963 729 iniquitates
2011 655 2305 725 nostras;
2350 666 2699 736 expugne-

145 753 304 802 mus
339 730 766 820 superbiam,
820 728 1248 800 debellemus
1295 729 1784 802 iracundiam:
1840 731 1973 822 ipsi
2022 731 2093 799 in
2138 732 2370 813 nobiS,
2426 747 2491 802 et
2538 755 2694 823 per-

147 820 477 890 secutoris
550 831 779 909 partes
841 839 1264 907 exequamur
1329 831 1396 889 et
1460 832 1845 910 martyrum
1876 875 1891 902 ,
1969 840 2093 911 per
2169 821 2695 911 castigationem

146 908 581 999 vigiliarum,
640 928 765 998 per
808 908 1290 977 contritionem
1331 906 1800 999 jejuniorum,
1855 929 1978 999 per
2024 908 2412 980 custodiam
2467 910 2696 980 viven-

149 1008 278 1068 tem
308 1051 330 1079 ,
386 1008 696 1066 sanctam
726 1050 743 1077 ,
777 995 1181 1154 ⁴placentem
1234 1000 1415 1078 Deo,
1470 997 1919 1084 acquiramus
1967 997 2168 1068 nobis
2216 1019 2500 1080 novum,
2554 1019 2692 1068 non

144 1086 376 1156 carnis
409 1097 664 1167 morte,
700 1106 773 1154 se
869 1084 1170 1158 carnalis
1219 1086 1394 1156 vitae
1443 1085 1969 1157 mortificatione
2008 1087 2447 1176 martyrium,
2503 1100 2578 1157 ut
2608 1086 2696 1156 de

144 1175 658 1262 nobisquoque
688 1175 895 1244 etiam
935 1174 1324 1244 viventibus
1371 1174 1510 1244 dici
1556 1175 1821 1266 possit:
1876 1178 2178 1246 Pretiosa
2228 1177 2300 1245 in
2346 1186 2694 1267 conspectu

144 1265 430 1345 Domini,
468 1285 646 1333 mors
672 1274 1056 1333 sanctorum
1089 1265 1235 1354 ejus
1262 1263 1401 1354 (Ps.
1443 1263 1579 1353 45).

232 1356 271 1441 ξ
315 1357 392 1424 ¹2.
448 1358 622 1442 Ergo
671 1351 1086 1440 inquantum
1129 1353 1279 1422 fieri
1328 1365 1568 1443 potest,
1620 1352 1802 1423 extin
1909 1366 2066 1423 atur
2116 1352 2184 1422 in
2236 1352 2461 1436 nobis,
2495 1353 2693 1440 quic-

138 1439 313 1530 quid
363 1441 622 1542 peccati
670 1454 818 1511 est:
872 1441 1325 1511 mortificetur
1373 1442 1597 1523 morti,
1651 1463 1790 1529 quo
1872 1441 2087 1511 seculi
2121 1452 2245 1524 est,
2282 1453 2360 1513 ut
2392 1442 2693 1543 pretiosa

143 1530 546 1622 perficiatur
576 1529 646 1597 in
697 1541 1070 1619 conspectu
1119 1530 1390 1600 Domini
1440 1552 1626 1600 mors
1672 1530 2099 1600 viventium:
2150 1543 2229 1600 ut
2293 1532 2692 1601 animosita-

140 1634 267 1700 tes,
321 1617 758 1708 cupiditateS,
810 1632 1016 1707 atque
1065 1618 1528 1710 praesentium
1579 1618 2054 1689 blandimenta
2106 1642 2362 1701 rerum,
2403 1619 2583 1689 sicut
2611 1641 2692 1688 ea

144 1730 333 1779 mors
378 1708 807 1794 extorquebit
853 1708 1085 1778 invitis
1115 1763 1131 1790 ,
1192 1710 1286 1778 ita
1323 1730 1402 1778 ea
1442 1708 1643 1778 nobis
1683 1708 1932 1779 veritas
1963 1707 2122 1777 fidei
2162 1720 2229 1777 et
2268 1709 2384 1778 Dei
2424 1707 2690 1777 auferat

147 1799 395 1866 timor:
437 1808 680 1866 utnon
710 1797 1084 1866 necessitas
1117 1819 1196 1867 ea
1235 1819 1277 1866 a
1308 1796 1506 1868 nobis
1536 1799 1828 1887 separet,
1868 1797 1983 1868 sed
2029 1797 2344 1869 voluntas
2377 1821 2390 1865 :
2444 1809 2521 1866 ut
2556 1808 2689 1865 ter-

146 1887 417 1957 minum
469 1885 673 1967 vitiis,
724 1897 801 1954 ut
831 1886 1039 1967 finem
1079 1886 1662 1977 concupiscentiis
1700 1909 1778 1957 ac
1812 1886 2081 1956 delictis
2122 1887 2376 1957 nostris
2408 1907 2546 1955 non
2585 1885 2690 1953 in·

144 1977 387 2045 teritus
432 1972 660 2056 faciat,
706 1974 822 2044 sed
878 1973 1246 2066 profectus

858 2291 986 2391 DE
1053 2289 1140 2391 S.
1213 2288 1639 2392 GENESlO
1709 2289 1966 2390 ΜΙΜΟ

1029 2491 1367 2558 ΒΟΜΑΝΟ
1415 2492 1802 2558 MARTYRE

140 2672 211 2717 ΒΧ
264 2672 518 2718 VETUST.
560 2671 909 2718 mannan.
960 2672 1099 2719 MSS.
1154 2671 1385 2727 QUIBUS
1443 2669 1877 2719 CONSENUUNT
1923 2670 2286 2726 ANTIQUISS·
2330 2671 2683 2721 MARTYROL.

615 2777 947 2825 morionum
994 2779 1301 2826 nmmum,
1348 2776 1682 2824 Exromvrr
1729 2776 1922 2823 LAUR.
1978 2777 2210 2825 SURIUS

1119 2933 1308 2988 Pasa.
1355 2944 1533 2986 anno
1575 2932 1720 3002 286.

220 3135 258 3219 §
306 3132 384 3204 1‘.
441 3129 854 3200 Diocletiano
894 3133 1332 3217 Imperatore,
1390 3132 1644 3196 Romae
1696 3126 1951 3196 mimus
2000 3125 2287 3214 quidam
2346 3124 2496 3206 suit,
2552 3130 2684 3196 Ge-

136 3222 378 3290 nesius
436 3220 754 3288 nomine:
823 3224 889 3288 Is
945 3240 1107 3287 cum
1173 3237 1407 3285 verum
1468 3216 1852 3307 ignorasset
1917 3220 2126 3285 Deum
2163 3270 2178 3295 ‚
2252 3214 2686 3284 Christianos

131 3309 540 3401 saepissime
588 3307 940 3377 irridebat.
991 3306 1238 3375 volens
1271 3317 1499 3375 autem
1548 3317 1692 3374 arte
1740 3327 1867 3373 sua
1919 3306 2282 3395 quippiam
2332 3302 2686 3394 ejusmodi

130 3399 446 3477 efficere,
506 3419 641 3484 quo
699 3396 997 3486 placeret
1045 3393 1460 3464 Diocletiano
1508 3394 1959 3484 Imperatori,
2017 3393 2202 3484 apud
2256 3392 2685 3463 Christianos

131 3487 349 3556 divini
387 3492 640 3555 secreta
687 3484 994 3573 mysterii
1028 3483 1632 3574 perscrutabatur:
1672 3494 1926 3552 etcum
1954 3483 2188 3551 omnia
2221 3495 2537 3551 accurate
2570 3481 2684 3549 di-

131 3576 436 3653 dicisset,
490 3574 575 3643 ad
618 3574 960 3644 theatrum
1003 3595 1076 3642 se
1106 3573 1439 3642 contulit:
1496 3572 1987 3661 ingressusque
2027 3571 2098 3639 in
2144 3593 2446 3652 scenam,
2492 3569 2683 3640 salu-

133 3667 293 3734 tavit
325 3663 711 3753 discipulos
742 3684 928 3744 SUOS,
964 3663 1051 3731 ab
1080 3662 1318 3749 eisque
1347 3661 1762 3732 resalutatus
1790 3659 2068 3741 assedit,
2108 3660 2338 3748 aitque
2366 3659 2451 3728 ad
2492 3657 2679 3727 illos:

134 3755 331 3823 Scitis
382 3751 922 3842 Imperatoribus
972 3752 1222 3822 nostris
1268 3750 1684 3840 cumprimis
1731 3749 1989 3820 invisos
2017 3771 2165 3819 esse
2211 3748 2686 3846 Christianos?

136 3841 243 3909 Illi
288 3840 841 3932 responderunt:
894 3840 1072 3908 Adeo
1123 3840 1249 3909 hoc
1297 3838 1625 3908 omnibus
1674 3850 2105 3927 compertum
2158 3850 2282 3917 est,
2327 3851 2559 3923 utqui
2605 3835 2681 3902 id

137 3931 415 4011 nesciat,
486 3930 780 4000 inveniri
839 3950 1040 3997 nemo
1090 3928 1325 4019 possit.
1381 3927 1716 3998 Genesius
1763 3927 1902 3996 ait:
1960 3927 2028 3994 Si
2083 3948 2244 4016 ergo
2293 3926 2548 4004 vultiS,
2603 3937 2684 3991 ut

140 4016 530 4105 placeamus
560 4019 1015 4088 invictissimo
1058 4018 1483 4117 Imperatori,
1524 4016 1900 4107 prodamus
1933 4037 2164 4084 coram
2193 4014 2314 4084 illo
2350 4012 2682 4103 mysteria

140 4106 701 4178 Christianorum.
757 4108 903 4178 Illis
951 4106 1326 4176 libentibus
1374 4105 1626 4174 animis
1660 4105 1810 4194 ejus
1845 4104 2251 4173 sententiam
2288 4101 2679 4203 approban-

141 4194 345 4275 tibus,
395 4198 590 4267 docet
636 4221 753 4267 eos
817 4196 1051 4265 divina
1101 4195 1425 4281 mysteria
1456 4249 1471 4272 ,
1528 4193 2036 4284 diligenterque
2093 4193 2391 4262 instituit
2425 4245 2440 4265 .
2509 4190 2678 4277 quld

138 4283 377 4357 facere.
413 4287 664 4373 quidve
712 4285 938 4355 dicere
987 4285 1303 4353 debeant.
1362 4283 1485 4352 Ubi
1536 4296 1764 4352 autem
1816 4282 2090 4351 advenit
2140 4280 2516 4371 spectaculi
2567 4302 2682 4348 ex-

139 4372 418 4442 hibendi
470 4375 640 4456 dieS,
697 4376 811 4444 ille
861 4375 1077 4443 instar
1124 4372 1381 4464 aegroti
1434 4371 1604 4441 lecto
1662 4370 2036 4451 decumbit,
2090 4371 2392 4457 dicitque
2432 4369 2516 4438 ad
2571 4390 2682 4437 so-

139 4462 327 4531 cios:
381 4464 511 4552 Eja·
552 4465 811 4544 nostri,
865 4484 1141 4555 gravem
1210 4484 1317 4531 me
1366 4461 1626 4532 sentio:
1681 4459 2004 4548 equidem
2075 4482 2406 4551 perquam
2472 4457 2678 4527 velim
