<?xml version="1.0" encoding="UTF-8"?>
<!DOCTYPE html PUBLIC "-//W3C//DTD XHTML 1.0 Transitional//EN"
    "http://www.w3.org/TR/xhtml1/DTD/xhtml1-transitional.dtd">
<html xmlns="http://www.w3.org/1999/xhtml" xml:lang="en" lang="en">
 <head>
  <title>
</title>
<meta http-equiv="Content-Type" content="text/html;charset=utf-8" />
  <meta name='ocr-system' content='tesseract 3.04.00' />
  <meta name='ocr-capabilities' content='ocr_page ocr_carea ocr_par ocr_line ocrx_word'/>
</head>
<body>
  <div class='ocr_page' id='page_1' title='image "./historiaeseuvit01lippgoog_0190.png"; bbox 0 0 3308 5004; ppageno 0'>
   <div class='ocr_carea' id='block_1_1' title="bbox 687 332 3100 404">
    <p class='ocr_par' dir='ltr' id='par_1_1' title="bbox 687 332 3100 404">
     <span class='ocr_line' id='line_1_1' title="bbox 687 332 3100 404; baseline -0.002 -2"><span class='ocrx_word' id='word_1_1' title='bbox 687 337 816 404; x_wconf 75' lang='lat'><strong>⁴76</strong></span> <span class='ocrx_word' id='word_1_2' title='bbox 1337 356 1417 403; x_wconf 76' lang='lat' dir='ltr'><strong>nr.</strong></span> <span class='ocrx_word' id='word_1_3' title='bbox 1465 355 1521 403; x_wconf 90' lang='lat' dir='ltr'><strong>s.</strong></span> <span class='ocrx_word' id='word_1_4' title='bbox 1575 353 1878 403; x_wconf 62' lang='lat' dir='ltr'><strong>oswamo</strong></span> <span class='ocrx_word' id='word_1_5' title='bbox 1923 353 2194 404; x_wconf 67' lang='lat' dir='ltr'><strong>aneton.</strong></span> <span class='ocrx_word' id='word_1_6' title='bbox 2247 353 2409 403; x_wconf 69' lang='lat' dir='ltr'><strong>ntea</strong></span> <span class='ocrx_word' id='word_1_7' title='bbox 2844 332 3019 399; x_wconf 67' lang='grc' dir='ltr'><strong>ΑΗΕ.</strong></span> <span class='ocrx_word' id='word_1_8' title='bbox 3063 333 3100 397; x_wconf 83' lang='grc'><strong>5</strong></span> 
     </span>
    </p>
   </div>
   <div class='ocr_carea' id='block_1_2' title="bbox 593 430 3134 4523">
    <p class='ocr_par' dir='ltr' id='par_1_2' title="bbox 593 430 3118 1948">
     <span class='ocr_line' id='line_1_2' title="bbox 594 430 3102 527; baseline -0.004 -20"><span class='ocrx_word' id='word_1_9' title='bbox 594 458 678 507; x_wconf 88' lang='lat' dir='ltr'><strong>ac</strong></span> <span class='ocrx_word' id='word_1_10' title='bbox 726 436 1032 527; x_wconf 86' lang='lat' dir='ltr'><strong>primum</strong></span> <span class='ocrx_word' id='word_1_11' title='bbox 1081 437 1515 509; x_wconf 85' lang='lat' dir='ltr'><strong>Gevissorum</strong></span> <span class='ocrx_word' id='word_1_12' title='bbox 1566 448 1836 526; x_wconf 83' lang='lat' dir='ltr'>gentem</span> <span class='ocrx_word' id='word_1_13' title='bbox 1889 434 2322 526; x_wconf 86' lang='lat' dir='ltr'><strong>ingrediens,</strong></span> <span class='ocrx_word' id='word_1_14' title='bbox 2377 456 2536 505; x_wconf 88' lang='lat' dir='ltr'><strong>cum</strong></span> <span class='ocrx_word' id='word_1_15' title='bbox 2588 454 2822 504; x_wconf 90' lang='lat' dir='ltr'><strong>omnes</strong></span> <span class='ocrx_word' id='word_1_16' title='bbox 2866 430 3102 501; x_wconf 83' lang='lat' dir='ltr'>ibidem</span> 
     </span>
     <span class='ocr_line' id='line_1_3' title="bbox 597 522 3103 628; baseline -0.003 -35"><span class='ocrx_word' id='word_1_17' title='bbox 597 526 1112 628; x_wconf 81' lang='lat' dir='ltr'>paganissimos</span> <span class='ocrx_word' id='word_1_18' title='bbox 1159 525 1512 601; x_wconf 87' lang='lat' dir='ltr'><strong>inveniret,</strong></span> <span class='ocrx_word' id='word_1_19' title='bbox 1566 524 1809 594; x_wconf 88' lang='lat' dir='ltr'><strong>utilius</strong></span> <span class='ocrx_word' id='word_1_20' title='bbox 1855 547 2004 596; x_wconf 90' lang='lat' dir='ltr'><strong>esse</strong></span> <span class='ocrx_word' id='word_1_21' title='bbox 2052 537 2241 594; x_wconf 86' lang='lat' dir='ltr'><strong>ratus</strong></span> <span class='ocrx_word' id='word_1_22' title='bbox 2287 537 2390 595; x_wconf 91' lang='lat' dir='ltr'><strong>est</strong></span> <span class='ocrx_word' id='word_1_23' title='bbox 2436 523 2529 592; x_wconf 95' lang='lat' dir='ltr'><strong>ibi</strong></span> <span class='ocrx_word' id='word_1_24' title='bbox 2581 523 2803 613; x_wconf 86' lang='lat' dir='ltr'><strong>potius</strong></span> <span class='ocrx_word' id='word_1_25' title='bbox 2841 522 3103 589; x_wconf 67' lang='lat' dir='ltr'><strong>verbum</strong></span> 
     </span>
     <span class='ocr_line' id='line_1_4' title="bbox 598 609 3110 704; baseline -0.004 -20"><span class='ocrx_word' id='word_1_26' title='bbox 598 619 716 684; x_wconf 78' lang='lat' dir='ltr'><strong>Dei</strong></span> <span class='ocrx_word' id='word_1_27' title='bbox 769 615 1189 704; x_wconf 88' lang='lat' dir='ltr'><strong>praedicare,</strong></span> <span class='ocrx_word' id='word_1_28' title='bbox 1240 637 1446 703; x_wconf 90' lang='lat' dir='ltr'><strong>quam</strong></span> <span class='ocrx_word' id='word_1_29' title='bbox 1484 613 1666 683; x_wconf 89' lang='lat' dir='ltr'><strong>ultra</strong></span> <span class='ocrx_word' id='word_1_30' title='bbox 1715 612 2239 702; x_wconf 86' lang='lat' dir='ltr'><strong>progrediendo,</strong></span> <span class='ocrx_word' id='word_1_31' title='bbox 2279 633 2396 688; x_wconf 86' lang='lat' dir='ltr'><strong>eos</strong></span> <span class='ocrx_word' id='word_1_32' title='bbox 2433 609 3110 702; x_wconf 50' lang='lat' dir='ltr'><strong>quibusrpraedicare</strong></span> 
     </span>
     <span class='ocr_line' id='line_1_5' title="bbox 595 696 3104 792; baseline -0.004 -20"><span class='ocrx_word' id='word_1_33' title='bbox 595 702 897 786; x_wconf 83' lang='lat' dir='ltr'><strong>deberet,</strong></span> <span class='ocrx_word' id='word_1_34' title='bbox 932 704 1301 792; x_wconf 79' lang='lat' dir='ltr'><strong>inquirere.</strong></span> <span class='ocrx_word' id='word_1_35' title='bbox 1335 708 1571 790; x_wconf 90' lang='lat' dir='ltr'><strong>Itaque</strong></span> <span class='ocrx_word' id='word_1_36' title='bbox 1601 702 2110 791; x_wconf 76' lang='lat' dir='ltr'><strong>evangelizante</strong></span> <span class='ocrx_word' id='word_1_37' title='bbox 2152 702 2270 772; x_wconf 90' lang='lat' dir='ltr'><strong>illo</strong></span> <span class='ocrx_word' id='word_1_38' title='bbox 2304 702 2371 769; x_wconf 88' lang='lat' dir='ltr'><strong>in</strong></span> <span class='ocrx_word' id='word_1_39' title='bbox 2411 699 2710 790; x_wconf 89' lang='lat' dir='ltr'><strong>praefata</strong></span> <span class='ocrx_word' id='word_1_40' title='bbox 2752 696 3104 791; x_wconf 88' lang='lat' dir='ltr'><strong>provincia,</strong></span> 
     </span>
     <span class='ocr_line' id='line_1_6' title="bbox 598 784 3112 883; baseline -0.004 -21"><span class='ocrx_word' id='word_1_41' title='bbox 598 815 760 862; x_wconf 91' lang='lat' dir='ltr'><strong>cum</strong></span> <span class='ocrx_word' id='word_1_42' title='bbox 811 798 949 864; x_wconf 87' lang='lat' dir='ltr'><strong>Rex</strong></span> <span class='ocrx_word' id='word_1_43' title='bbox 997 794 1144 883; x_wconf 91' lang='lat' dir='ltr'><strong>ipse</strong></span> <span class='ocrx_word' id='word_1_44' title='bbox 1177 791 1659 873; x_wconf 90' lang='lat' dir='ltr'><strong>catechizatus,</strong></span> <span class='ocrx_word' id='word_1_45' title='bbox 1697 790 1878 861; x_wconf 93' lang='lat' dir='ltr'><strong>fonte</strong></span> <span class='ocrx_word' id='word_1_46' title='bbox 1909 791 2242 883; x_wconf 87' lang='lat' dir='ltr'><strong>Baptismi</strong></span> <span class='ocrx_word' id='word_1_47' title='bbox 2290 812 2448 860; x_wconf 91' lang='lat' dir='ltr'><strong>cum</strong></span> <span class='ocrx_word' id='word_1_48' title='bbox 2494 812 2619 860; x_wconf 91' lang='lat' dir='ltr'><strong>sua</strong></span> <span class='ocrx_word' id='word_1_49' title='bbox 2664 802 2859 880; x_wconf 91' lang='lat' dir='ltr'><strong>gente</strong></span> <span class='ocrx_word' id='word_1_50' title='bbox 2891 784 3112 857; x_wconf 86' lang='lat' dir='ltr'><strong>ablue-</strong></span> 
     </span>
     <span class='ocr_line' id='line_1_7' title="bbox 598 876 3111 972; baseline -0.004 -23"><span class='ocrx_word' id='word_1_51' title='bbox 598 893 811 960; x_wconf 83' lang='lat' dir='ltr'><strong>retur,</strong></span> <span class='ocrx_word' id='word_1_52' title='bbox 876 882 1165 972; x_wconf 88' lang='lat' dir='ltr'><strong>contigit</strong></span> <span class='ocrx_word' id='word_1_53' title='bbox 1222 896 1381 951; x_wconf 91' lang='lat' dir='ltr'><strong>tunc</strong></span> <span class='ocrx_word' id='word_1_54' title='bbox 1426 882 1751 971; x_wconf 87' lang='lat' dir='ltr'><strong>temporis</strong></span> <span class='ocrx_word' id='word_1_55' title='bbox 1800 880 2312 951; x_wconf 88' lang='lat' dir='ltr'><strong>sanctissimum</strong></span> <span class='ocrx_word' id='word_1_56' title='bbox 2364 901 2443 948; x_wconf 89' lang='lat' dir='ltr'><strong>ac</strong></span> <span class='ocrx_word' id='word_1_57' title='bbox 2495 876 3111 948; x_wconf 85' lang='lat' dir='ltr'><strong>victoriosissimum</strong></span> 
     </span>
     <span class='ocr_line' id='line_1_8' title="bbox 598 967 3113 1059; baseline -0.005 -20"><span class='ocrx_word' id='word_1_58' title='bbox 598 974 851 1059; x_wconf 86' lang='lat' dir='ltr'><strong>Regem</strong></span> <span class='ocrx_word' id='word_1_59' title='bbox 903 971 1077 1041; x_wconf 89' lang='lat' dir='ltr'><strong>Nord</strong></span> <span class='ocrx_word' id='word_1_60' title='bbox 1118 970 1584 1041; x_wconf 85' lang='lat' dir='ltr'><strong>Humbrorum</strong></span> <span class='ocrx_word' id='word_1_61' title='bbox 1628 968 2014 1039; x_wconf 82' lang='lat' dir='ltr'><strong>Oswaldum</strong></span> <span class='ocrx_word' id='word_1_62' title='bbox 2052 969 2354 1049; x_wconf 81' lang='lat' dir='ltr'><strong>affuisse,</strong></span> <span class='ocrx_word' id='word_1_63' title='bbox 2391 989 2691 1054; x_wconf 88' lang='lat' dir='ltr'><strong>eumque</strong></span> <span class='ocrx_word' id='word_1_64' title='bbox 2722 967 2806 1035; x_wconf 93' lang='lat' dir='ltr'><strong>de</strong></span> <span class='ocrx_word' id='word_1_65' title='bbox 2839 970 3113 1035; x_wconf 85' lang='lat' dir='ltr'><strong>Lavacro</strong></span> 
     </span>
     <span class='ocr_line' id='line_1_9' title="bbox 596 1051 3111 1150; baseline -0.005 -22"><span class='ocrx_word' id='word_1_66' title='bbox 596 1072 956 1129; x_wconf 82' lang='lat' dir='ltr'><strong>exeuntem</strong></span> <span class='ocrx_word' id='word_1_67' title='bbox 1007 1060 1417 1150; x_wconf 85' lang='lat' dir='ltr'><strong>suscepisse.</strong></span> <span class='ocrx_word' id='word_1_68' title='bbox 1473 1058 1719 1145; x_wconf 88' lang='lat' dir='ltr'><strong>Sicque</strong></span> <span class='ocrx_word' id='word_1_69' title='bbox 1789 1057 2251 1146; x_wconf 86' lang='lat' dir='ltr'><strong>pulcherrimo</strong></span> <span class='ocrx_word' id='word_1_70' title='bbox 2301 1077 2585 1147; x_wconf 87' lang='lat' dir='ltr'><strong>prorsus</strong></span> <span class='ocrx_word' id='word_1_71' title='bbox 2631 1069 2697 1126; x_wconf 92' lang='lat' dir='ltr'><strong>et</strong></span> <span class='ocrx_word' id='word_1_72' title='bbox 2743 1060 2871 1124; x_wconf 90' lang='lat' dir='ltr'><strong>Deo</strong></span> <span class='ocrx_word' id='word_1_73' title='bbox 2918 1051 3111 1149; x_wconf 84' lang='lat' dir='ltr'><strong>digno</strong></span> 
     </span>
     <span class='ocr_line' id='line_1_10' title="bbox 593 1146 3113 1238; baseline -0.004 -22"><span class='ocrx_word' id='word_1_74' title='bbox 593 1150 963 1230; x_wconf 86' lang='lat' dir='ltr'><strong>consorti0,</strong></span> <span class='ocrx_word' id='word_1_75' title='bbox 1000 1149 1206 1238; x_wconf 84' lang='lat' dir='ltr'><strong>cujus</strong></span> <span class='ocrx_word' id='word_1_76' title='bbox 1235 1160 1379 1217; x_wconf 85' lang='lat' dir='ltr'><strong>erat</strong></span> <span class='ocrx_word' id='word_1_77' title='bbox 1411 1146 1621 1215; x_wconf 87' lang='lat' dir='ltr'><strong>filiam</strong></span> <span class='ocrx_word' id='word_1_78' title='bbox 1675 1159 2086 1236; x_wconf 87' lang='lat' dir='ltr'><strong>accepturus</strong></span> <span class='ocrx_word' id='word_1_79' title='bbox 2120 1146 2185 1213; x_wconf 92' lang='lat' dir='ltr'><strong>in</strong></span> <span class='ocrx_word' id='word_1_80' title='bbox 2222 1146 2614 1235; x_wconf 72' lang='lat' dir='ltr'><strong>coniugem,</strong></span> <span class='ocrx_word' id='word_1_81' title='bbox 2669 1146 2893 1235; x_wconf 83' lang='lat' dir='ltr'><strong>ipsum</strong></span> <span class='ocrx_word' id='word_1_82' title='bbox 2939 1157 3113 1231; x_wconf 73' lang='lat' dir='ltr'><strong>prius</strong></span> 
     </span>
     <span class='ocr_line' id='line_1_11' title="bbox 598 1232 3113 1328; baseline -0.005 -21"><span class='ocrx_word' id='word_1_83' title='bbox 598 1237 909 1307; x_wconf 89' lang='lat' dir='ltr'><strong>secunda</strong></span> <span class='ocrx_word' id='word_1_84' title='bbox 950 1237 1388 1328; x_wconf 83' lang='lat' dir='ltr'><strong>generatione</strong></span> <span class='ocrx_word' id='word_1_85' title='bbox 1430 1241 1562 1305; x_wconf 88' lang='lat' dir='ltr'><strong>Deo</strong></span> <span class='ocrx_word' id='word_1_86' title='bbox 1616 1234 2036 1314; x_wconf 87' lang='lat' dir='ltr'><strong>dedicatum,</strong></span> <span class='ocrx_word' id='word_1_87' title='bbox 2091 1234 2222 1304; x_wconf 89' lang='lat' dir='ltr'><strong>sibi</strong></span> <span class='ocrx_word' id='word_1_88' title='bbox 2271 1233 2533 1324; x_wconf 89' lang='lat' dir='ltr'><strong>accepit</strong></span> <span class='ocrx_word' id='word_1_89' title='bbox 2581 1234 2648 1302; x_wconf 89' lang='lat' dir='ltr'><strong>in</strong></span> <span class='ocrx_word' id='word_1_90' title='bbox 2702 1233 2946 1303; x_wconf 78' lang='lat' dir='ltr'><strong>filiurn.</strong></span> <span class='ocrx_word' id='word_1_91' title='bbox 2998 1232 3113 1317; x_wconf 91' lang='lat' dir='ltr'><strong>Do-</strong></span> 
     </span>
     <span class='ocr_line' id='line_1_12' title="bbox 599 1323 3116 1415; baseline -0.004 -20"><span class='ocrx_word' id='word_1_92' title='bbox 599 1337 938 1395; x_wconf 88' lang='lat' dir='ltr'><strong>naverunt</strong></span> <span class='ocrx_word' id='word_1_93' title='bbox 984 1347 1145 1415; x_wconf 90' lang='lat' dir='ltr'><strong>ergo</strong></span> <span class='ocrx_word' id='word_1_94' title='bbox 1193 1330 1287 1395; x_wconf 92' lang='lat' dir='ltr'><strong>Re</strong></span> <span class='ocrx_word' id='word_1_95' title='bbox 1337 1345 1410 1394; x_wconf 89' lang='lat' dir='ltr'><strong>es</strong></span> <span class='ocrx_word' id='word_1_96' title='bbox 1458 1324 1663 1393; x_wconf 89' lang='lat' dir='ltr'><strong>ambo</strong></span> <span class='ocrx_word' id='word_1_97' title='bbox 1709 1324 1929 1394; x_wconf 90' lang='lat' dir='ltr'><strong>eidem</strong></span> <span class='ocrx_word' id='word_1_98' title='bbox 1968 1324 2303 1414; x_wconf 82' lang='lat' dir='ltr'>Episcopo</span> <span class='ocrx_word' id='word_1_99' title='bbox 2348 1323 2687 1392; x_wconf 89' lang='lat' dir='ltr'><strong>civitatem</strong></span> <span class='ocrx_word' id='word_1_100' title='bbox 2717 1376 2737 1402; x_wconf 91' lang='lat'><strong>,</strong></span> <span class='ocrx_word' id='word_1_101' title='bbox 2800 1339 2972 1408; x_wconf 82' lang='lat' dir='ltr'><strong>quae</strong></span> <span class='ocrx_word' id='word_1_102' title='bbox 3014 1335 3116 1382; x_wconf 88' lang='lat' dir='ltr'><strong>vo-</strong></span> 
     </span>
     <span class='ocr_line' id='line_1_13' title="bbox 595 1402 3115 1513; baseline -0.006 -29"><span class='ocrx_word' id='word_1_103' title='bbox 595 1426 799 1484; x_wconf 86' lang='lat' dir='ltr'><strong>catur</strong></span> <span class='ocrx_word' id='word_1_104' title='bbox 848 1415 1200 1495; x_wconf 86' lang='lat' dir='ltr'><strong>Dorcinca,</strong></span> <span class='ocrx_word' id='word_1_105' title='bbox 1240 1436 1275 1482; x_wconf 88' lang='lat' dir='ltr'><strong>a</strong></span> <span class='ocrx_word' id='word_1_106' title='bbox 1359 1412 1738 1483; x_wconf 87' lang='lat' dir='ltr'><strong>faciendam</strong></span> <span class='ocrx_word' id='word_1_107' title='bbox 1777 1413 1948 1482; x_wconf 89' lang='lat' dir='ltr'><strong>inibi</strong></span> <span class='ocrx_word' id='word_1_108' title='bbox 1987 1413 2217 1482; x_wconf 89' lang='lat' dir='ltr'><strong>sedem</strong></span> <span class='ocrx_word' id='word_1_109' title='bbox 2251 1411 2751 1513; x_wconf 88' lang='lat' dir='ltr'><strong>episcopalem:</strong></span> <span class='ocrx_word' id='word_1_110' title='bbox 2790 1409 2907 1479; x_wconf 88' lang='lat' dir='ltr'><strong>ubi</strong></span> <span class='ocrx_word' id='word_1_111' title='bbox 2938 1402 3115 1474; x_wconf 88' lang='lat' dir='ltr'><strong>factis</strong></span> 
     </span>
     <span class='ocr_line' id='line_1_14' title="bbox 595 1494 3116 1590; baseline -0.005 -19"><span class='ocrx_word' id='word_1_112' title='bbox 595 1502 1069 1590; x_wconf 82' lang='lat' dir='ltr'><strong>dedicatisque</strong></span> <span class='ocrx_word' id='word_1_113' title='bbox 1114 1501 1422 1571; x_wconf 86' lang='lat' dir='ltr'><strong>ecclesiis</strong></span> <span class='ocrx_word' id='word_1_114' title='bbox 1457 1557 1472 1582; x_wconf 92' lang='lat'><strong>,</strong></span> <span class='ocrx_word' id='word_1_115' title='bbox 1531 1502 1904 1588; x_wconf 86' lang='lat' dir='ltr'><strong>multisque</strong></span> <span class='ocrx_word' id='word_1_116' title='bbox 1969 1501 2052 1570; x_wconf 92' lang='lat' dir='ltr'><strong>ad</strong></span> <span class='ocrx_word' id='word_1_117' title='bbox 2121 1506 2487 1571; x_wconf 73' lang='lat' dir='ltr'><strong>Dominum</strong></span> <span class='ocrx_word' id='word_1_118' title='bbox 2539 1521 2661 1590; x_wconf 91' lang='lat' dir='ltr'><strong>pro</strong></span> <span class='ocrx_word' id='word_1_119' title='bbox 2708 1499 2858 1587; x_wconf 87' lang='lat' dir='ltr'><strong>ejus</strong></span> <span class='ocrx_word' id='word_1_120' title='bbox 2906 1494 3116 1563; x_wconf 87' lang='lat' dir='ltr'><strong>labore</strong></span> 
     </span>
     <span class='ocr_line' id='line_1_15' title="bbox 601 1581 3113 1681; baseline -0.006 -21"><span class='ocrx_word' id='word_1_121' title='bbox 601 1590 879 1681; x_wconf 90' lang='lat' dir='ltr'><strong>populis</strong></span> <span class='ocrx_word' id='word_1_122' title='bbox 927 1591 1296 1672; x_wconf 87' lang='lat' dir='ltr'><strong>advocatis,</strong></span> <span class='ocrx_word' id='word_1_123' title='bbox 1353 1590 1670 1680; x_wconf 87' lang='lat' dir='ltr'><strong>migravit</strong></span> <span class='ocrx_word' id='word_1_124' title='bbox 1716 1590 1800 1659; x_wconf 90' lang='lat' dir='ltr'><strong>ad</strong></span> <span class='ocrx_word' id='word_1_125' title='bbox 1858 1591 2246 1659; x_wconf 88' lang='lat' dir='ltr'><strong>Dominum.</strong></span> <span class='ocrx_word' id='word_1_126' title='bbox 2293 1588 2616 1679; x_wconf 82' lang='lat' dir='ltr'><strong>Sepultus</strong></span> <span class='ocrx_word' id='word_1_127' title='bbox 2653 1602 2755 1659; x_wconf 88' lang='lat' dir='ltr'><strong>est</strong></span> <span class='ocrx_word' id='word_1_128' title='bbox 2785 1588 2853 1656; x_wconf 92' lang='lat' dir='ltr'><strong>in</strong></span> <span class='ocrx_word' id='word_1_129' title='bbox 2894 1581 3113 1653; x_wconf 86' lang='lat' dir='ltr'><strong>eadem</strong></span> 
     </span>
     <span class='ocr_line' id='line_1_16' title="bbox 599 1678 3117 1781; baseline -0.005 -32"><span class='ocrx_word' id='word_1_130' title='bbox 599 1679 894 1760; x_wconf 85' lang='lat' dir='ltr'><strong>civitate,</strong></span> <span class='ocrx_word' id='word_1_131' title='bbox 936 1692 1002 1751; x_wconf 91' lang='lat' dir='ltr'><strong>et</strong></span> <span class='ocrx_word' id='word_1_132' title='bbox 1035 1694 1187 1781; x_wconf 90' lang='lat' dir='ltr'><strong>post</strong></span> <span class='ocrx_word' id='word_1_133' title='bbox 1234 1701 1454 1749; x_wconf 91' lang='lat' dir='ltr'><strong>annos</strong></span> <span class='ocrx_word' id='word_1_134' title='bbox 1494 1679 1748 1748; x_wconf 81' lang='lat' dir='ltr'><strong>multos</strong></span> <span class='ocrx_word' id='word_1_135' title='bbox 1781 1678 2015 1749; x_wconf 89' lang='lat' dir='ltr'><strong>Hedde</strong></span> <span class='ocrx_word' id='word_1_136' title='bbox 2060 1678 2530 1769; x_wconf 89' lang='lat' dir='ltr'><strong>episcopatum</strong></span> <span class='ocrx_word' id='word_1_137' title='bbox 2571 1690 2861 1768; x_wconf 81' lang='lat' dir='ltr'><strong>agente,</strong></span> <span class='ocrx_word' id='word_1_138' title='bbox 2914 1686 3117 1741; x_wconf 87' lang='lat' dir='ltr'><strong>trans-</strong></span> 
     </span>
     <span class='ocr_line' id='line_1_17' title="bbox 602 1767 3118 1854; baseline -0.005 -17"><span class='ocrx_word' id='word_1_139' title='bbox 602 1767 782 1838; x_wconf 89' lang='lat' dir='ltr'><strong>latus</strong></span> <span class='ocrx_word' id='word_1_140' title='bbox 830 1769 991 1839; x_wconf 91' lang='lat' dir='ltr'><strong>inde</strong></span> <span class='ocrx_word' id='word_1_141' title='bbox 1040 1791 1107 1837; x_wconf 87' lang='lat' dir='ltr'><strong>1n</strong></span> <span class='ocrx_word' id='word_1_142' title='bbox 1158 1773 1436 1838; x_wconf 89' lang='lat' dir='ltr'><strong>Ventam</strong></span> <span class='ocrx_word' id='word_1_143' title='bbox 1487 1768 1854 1849; x_wconf 86' lang='lat' dir='ltr'><strong>civitatem,</strong></span> <span class='ocrx_word' id='word_1_144' title='bbox 1893 1780 2097 1854; x_wconf 85' lang='lat' dir='ltr'><strong>atque</strong></span> <span class='ocrx_word' id='word_1_145' title='bbox 2130 1769 2198 1836; x_wconf 91' lang='lat' dir='ltr'><strong>in</strong></span> <span class='ocrx_word' id='word_1_146' title='bbox 2239 1767 2529 1838; x_wconf 88' lang='lat' dir='ltr'><strong>ecclesia</strong></span> <span class='ocrx_word' id='word_1_147' title='bbox 2576 1767 2929 1837; x_wconf 87' lang='lat' dir='ltr'><strong>beatorum</strong></span> <span class='ocrx_word' id='word_1_148' title='bbox 2970 1778 3118 1849; x_wconf 89' lang='lat' dir='ltr'><strong>apo-</strong></span> 
     </span>
     <span class='ocr_line' id='line_1_18' title="bbox 600 1856 3038 1948; baseline -0.001 -21"><span class='ocrx_word' id='word_1_149' title='bbox 600 1856 933 1927; x_wconf 90' lang='lat' dir='ltr'><strong>stolorum</strong></span> <span class='ocrx_word' id='word_1_150' title='bbox 968 1857 1145 1927; x_wconf 90' lang='lat' dir='ltr'><strong>Petri</strong></span> <span class='ocrx_word' id='word_1_151' title='bbox 1192 1870 1256 1927; x_wconf 92' lang='lat' dir='ltr'><strong>et</strong></span> <span class='ocrx_word' id='word_1_152' title='bbox 1303 1856 1497 1926; x_wconf 89' lang='lat' dir='ltr'><strong>Pauli</strong></span> <span class='ocrx_word' id='word_1_153' title='bbox 1542 1858 1804 1948; x_wconf 83' lang='lat' dir='ltr'><strong>positus</strong></span> <span class='ocrx_word' id='word_1_154' title='bbox 1848 1870 1975 1926; x_wconf 85' lang='lat' dir='ltr'><strong>est.</strong></span> <span class='ocrx_word' id='word_1_155' title='bbox 3026 1934 3038 1946; x_wconf 50' lang='lat'><em>,</em></span> 
     </span>
    </p>

    <p class='ocr_par' dir='ltr' id='par_1_3' title="bbox 597 1941 3124 2829">
     <span class='ocr_line' id='line_1_19' title="bbox 689 1941 3118 2036; baseline -0.005 -19"><span class='ocrx_word' id='word_1_156' title='bbox 689 1948 726 2033; x_wconf 68' lang='grc' dir='ltr'><strong>ξ</strong></span> <span class='ocrx_word' id='word_1_157' title='bbox 775 1949 931 2017; x_wconf 73' lang='grc'><strong>10.</strong></span> <span class='ocrx_word' id='word_1_158' title='bbox 988 1945 1315 2016; x_wconf 85' lang='lat' dir='ltr'><strong>Defuncto</strong></span> <span class='ocrx_word' id='word_1_159' title='bbox 1348 1959 1574 2015; x_wconf 90' lang='lat' dir='ltr'><strong>autem</strong></span> <span class='ocrx_word' id='word_1_160' title='bbox 1609 1958 1676 2015; x_wconf 89' lang='lat' dir='ltr'><strong>et</strong></span> <span class='ocrx_word' id='word_1_161' title='bbox 1708 1951 1910 2036; x_wconf 88' lang='lat' dir='ltr'><strong>Rege,</strong></span> <span class='ocrx_word' id='word_1_162' title='bbox 1950 1945 2282 2015; x_wconf 89' lang='lat' dir='ltr'><strong>successit</strong></span> <span class='ocrx_word' id='word_1_163' title='bbox 2312 1944 2380 2013; x_wconf 91' lang='lat' dir='ltr'><strong>in</strong></span> <span class='ocrx_word' id='word_1_164' title='bbox 2427 1966 2720 2035; x_wconf 88' lang='lat' dir='ltr'><strong>regnum</strong></span> <span class='ocrx_word' id='word_1_165' title='bbox 2771 1941 2956 2012; x_wconf 86' lang='lat' dir='ltr'><strong>filius</strong></span> <span class='ocrx_word' id='word_1_166' title='bbox 2985 1952 3118 2022; x_wconf 77' lang='lat' dir='ltr'><strong>ejus</strong></span> 
     </span>
     <span class='ocr_line' id='line_1_20' title="bbox 600 2027 3119 2123; baseline -0.004 -19"><span class='ocrx_word' id='word_1_167' title='bbox 600 2034 954 2104; x_wconf 78' lang='lat' dir='ltr'><strong>Cenwalch</strong></span> <span class='ocrx_word' id='word_1_168' title='bbox 991 2090 1007 2117; x_wconf 95' lang='lat'><strong>,</strong></span> <span class='ocrx_word' id='word_1_169' title='bbox 1059 2035 1180 2122; x_wconf 91' lang='lat' dir='ltr'><strong>qui</strong></span> <span class='ocrx_word' id='word_1_170' title='bbox 1225 2048 1291 2104; x_wconf 91' lang='lat' dir='ltr'><strong>et</strong></span> <span class='ocrx_word' id='word_1_171' title='bbox 1338 2034 1545 2104; x_wconf 88' lang='lat' dir='ltr'><strong>fidem</strong></span> <span class='ocrx_word' id='word_1_172' title='bbox 1594 2048 1660 2104; x_wconf 92' lang='lat' dir='ltr'><strong>et</strong></span> <span class='ocrx_word' id='word_1_173' title='bbox 1707 2046 2137 2104; x_wconf 88' lang='lat' dir='ltr'><strong>sacramenta</strong></span> <span class='ocrx_word' id='word_1_174' title='bbox 2186 2034 2375 2123; x_wconf 88' lang='lat' dir='ltr'><strong>regni</strong></span> <span class='ocrx_word' id='word_1_175' title='bbox 2428 2033 2743 2104; x_wconf 89' lang='lat' dir='ltr'><strong>coelestis</strong></span> <span class='ocrx_word' id='word_1_176' title='bbox 2792 2027 3119 2115; x_wconf 78' lang='lat' dir='ltr'><strong>suscipere</strong></span> 
     </span>
     <span class='ocr_line' id='line_1_21' title="bbox 601 2121 3119 2214; baseline -0.002 -23"><span class='ocrx_word' id='word_1_177' title='bbox 601 2124 854 2205; x_wconf 83' lang='lat' dir='ltr'><strong>renuit,</strong></span> <span class='ocrx_word' id='word_1_178' title='bbox 900 2135 965 2193; x_wconf 87' lang='lat' dir='ltr'><strong>et</strong></span> <span class='ocrx_word' id='word_1_179' title='bbox 1014 2146 1151 2194; x_wconf 90' lang='lat' dir='ltr'><strong>non</strong></span> <span class='ocrx_word' id='word_1_180' title='bbox 1203 2123 1421 2193; x_wconf 83' lang='lat' dir='ltr'><strong>multo</strong></span> <span class='ocrx_word' id='word_1_181' title='bbox 1470 2137 1622 2214; x_wconf 92' lang='lat' dir='ltr'><strong>post</strong></span> <span class='ocrx_word' id='word_1_182' title='bbox 1667 2124 1870 2193; x_wconf 88' lang='lat' dir='ltr'><strong>etiam</strong></span> <span class='ocrx_word' id='word_1_183' title='bbox 1925 2125 2117 2213; x_wconf 88' lang='lat' dir='ltr'><strong>regni</strong></span> <span class='ocrx_word' id='word_1_184' title='bbox 2176 2123 2513 2193; x_wconf 89' lang='lat' dir='ltr'><strong>terrestris</strong></span> <span class='ocrx_word' id='word_1_185' title='bbox 2561 2121 2932 2212; x_wconf 89' lang='lat' dir='ltr'><strong>potentiam</strong></span> <span class='ocrx_word' id='word_1_186' title='bbox 2982 2131 3119 2203; x_wconf 77' lang='lat' dir='ltr'><strong>per-</strong></span> 
     </span>
     <span class='ocr_line' id='line_1_22' title="bbox 597 2211 3117 2303; baseline -0 -23"><span class='ocrx_word' id='word_1_187' title='bbox 597 2211 796 2280; x_wconf 86' lang='lat' dir='ltr'><strong>didit.</strong></span> <span class='ocrx_word' id='word_1_188' title='bbox 853 2213 1236 2303; x_wconf 88' lang='lat' dir='ltr'><strong>Repudiata</strong></span> <span class='ocrx_word' id='word_1_189' title='bbox 1296 2214 1477 2282; x_wconf 87' lang='lat' dir='ltr'><strong>enim</strong></span> <span class='ocrx_word' id='word_1_190' title='bbox 1547 2235 1779 2282; x_wconf 84' lang='lat' dir='ltr'><strong>sorore</strong></span> <span class='ocrx_word' id='word_1_191' title='bbox 1825 2211 2092 2281; x_wconf 87' lang='lat' dir='ltr'><strong>Pendae</strong></span> <span class='ocrx_word' id='word_1_192' title='bbox 2150 2212 2355 2302; x_wconf 89' lang='lat' dir='ltr'><strong>Regis</strong></span> <span class='ocrx_word' id='word_1_193' title='bbox 2404 2212 2863 2287; x_wconf 85' lang='lat' dir='ltr'><strong>Merciorum,</strong></span> <span class='ocrx_word' id='word_1_194' title='bbox 2925 2219 3117 2290; x_wconf 76' lang='lat' dir='ltr'><strong>quam</strong></span> 
     </span>
     <span class='ocr_line' id='line_1_23' title="bbox 599 2300 3120 2391; baseline -0.004 -21"><span class='ocrx_word' id='word_1_195' title='bbox 599 2301 913 2383; x_wconf 84' lang='lat' dir='ltr'><strong>duxerat,</strong></span> <span class='ocrx_word' id='word_1_196' title='bbox 949 2301 1157 2371; x_wconf 84' lang='lat' dir='ltr'><strong>aliam</strong></span> <span class='ocrx_word' id='word_1_197' title='bbox 1194 2302 1455 2391; x_wconf 83' lang='lat' dir='ltr'><strong>accepit</strong></span> <span class='ocrx_word' id='word_1_198' title='bbox 1501 2323 1782 2371; x_wconf 88' lang='lat' dir='ltr'><strong>uxorem</strong></span> <span class='ocrx_word' id='word_1_199' title='bbox 1821 2325 1835 2369; x_wconf 89' lang='lat'>:</span> <span class='ocrx_word' id='word_1_200' title='bbox 1893 2301 2177 2388; x_wconf 89' lang='lat' dir='ltr'><strong>ideoque</strong></span> <span class='ocrx_word' id='word_1_201' title='bbox 2218 2300 2396 2370; x_wconf 92' lang='lat' dir='ltr'><strong>bello</strong></span> <span class='ocrx_word' id='word_1_202' title='bbox 2447 2300 2699 2390; x_wconf 88' lang='lat' dir='ltr'><strong>petitus</strong></span> <span class='ocrx_word' id='word_1_203' title='bbox 2734 2354 2750 2380; x_wconf 90' lang='lat'>‚</span> <span class='ocrx_word' id='word_1_204' title='bbox 2804 2320 2883 2367; x_wconf 91' lang='lat' dir='ltr'><strong>ac</strong></span> <span class='ocrx_word' id='word_1_205' title='bbox 2932 2307 3120 2384; x_wconf 71' lang='lat' dir='ltr'><strong>regno</strong></span> 
     </span>
     <span class='ocr_line' id='line_1_24' title="bbox 605 2389 3119 2481; baseline -0.002 -23"><span class='ocrx_word' id='word_1_206' title='bbox 605 2390 914 2481; x_wconf 84' lang='lat' dir='ltr'><strong>privatus</strong></span> <span class='ocrx_word' id='word_1_207' title='bbox 962 2392 1048 2462; x_wconf 87' lang='lat' dir='ltr'><strong>ab</strong></span> <span class='ocrx_word' id='word_1_208' title='bbox 1098 2390 1239 2469; x_wconf 88' lang='lat' dir='ltr'><strong>ill0,</strong></span> <span class='ocrx_word' id='word_1_209' title='bbox 1294 2391 1574 2461; x_wconf 86' lang='lat' dir='ltr'><strong>secessit</strong></span> <span class='ocrx_word' id='word_1_210' title='bbox 1620 2390 1704 2459; x_wconf 87' lang='lat' dir='ltr'><strong>ad</strong></span> <span class='ocrx_word' id='word_1_211' title='bbox 1758 2395 2006 2479; x_wconf 83' lang='lat' dir='ltr'><strong>Regem</strong></span> <span class='ocrx_word' id='word_1_212' title='bbox 2059 2389 2506 2460; x_wconf 79' lang='lat' dir='ltr'><strong>Orientalium</strong></span> <span class='ocrx_word' id='word_1_213' title='bbox 2559 2389 2966 2478; x_wconf 80' lang='lat' dir='ltr'><strong>Anglorum,</strong></span> <span class='ocrx_word' id='word_1_214' title='bbox 3016 2396 3119 2474; x_wconf 64' lang='lat' dir='ltr'><strong>cu}</strong></span> 
     </span>
     <span class='ocr_line' id='line_1_25' title="bbox 602 2475 3123 2571; baseline -0 -23"><span class='ocrx_word' id='word_1_215' title='bbox 602 2500 851 2550; x_wconf 87' lang='lat' dir='ltr'><strong>nomen</strong></span> <span class='ocrx_word' id='word_1_216' title='bbox 903 2491 1047 2550; x_wconf 83' lang='lat' dir='ltr'><strong>erat</strong></span> <span class='ocrx_word' id='word_1_217' title='bbox 1095 2483 1334 2551; x_wconf 81' lang='lat' dir='ltr'><strong>Anna:</strong></span> <span class='ocrx_word' id='word_1_218' title='bbox 1387 2479 1569 2571; x_wconf 89' lang='lat' dir='ltr'><strong>apud</strong></span> <span class='ocrx_word' id='word_1_219' title='bbox 1621 2501 1825 2567; x_wconf 90' lang='lat' dir='ltr'><strong>quem</strong></span> <span class='ocrx_word' id='word_1_220' title='bbox 1879 2480 2170 2549; x_wconf 88' lang='lat' dir='ltr'><strong>triennio</strong></span> <span class='ocrx_word' id='word_1_221' title='bbox 2218 2476 2527 2559; x_wconf 79' lang='lat' dir='ltr'><strong>exulanS,</strong></span> <span class='ocrx_word' id='word_1_222' title='bbox 2570 2477 2775 2547; x_wconf 80' lang='lat' dir='ltr'><strong>fidem</strong></span> <span class='ocrx_word' id='word_1_223' title='bbox 2829 2475 3123 2561; x_wconf 65' lang='lat' dir='ltr'><strong>cognom</strong></span> 
     </span>
     <span class='ocr_line' id='line_1_26' title="bbox 599 2562 3120 2658; baseline -0.003 -20"><span class='ocrx_word' id='word_1_224' title='bbox 599 2591 681 2638; x_wconf 90' lang='lat' dir='ltr'><strong>ac</strong></span> <span class='ocrx_word' id='word_1_225' title='bbox 731 2592 931 2639; x_wconf 88' lang='lat' dir='ltr'><strong>susce</strong></span> <span class='ocrx_word' id='word_1_226' title='bbox 990 2570 1036 2638; x_wconf 92' lang='lat' dir='ltr'><strong>it</strong></span> <span class='ocrx_word' id='word_1_227' title='bbox 1099 2570 1421 2639; x_wconf 83' lang='lat' dir='ltr'><strong>veritatis.</strong></span> <span class='ocrx_word' id='word_1_228' title='bbox 1487 2574 1653 2639; x_wconf 87' lang='lat' dir='ltr'><strong>Nam</strong></span> <span class='ocrx_word' id='word_1_229' title='bbox 1705 2582 1769 2638; x_wconf 94' lang='lat' dir='ltr'><strong>et</strong></span> <span class='ocrx_word' id='word_1_230' title='bbox 1820 2569 2004 2658; x_wconf 90' lang='lat' dir='ltr'><strong>ipse,</strong></span> <span class='ocrx_word' id='word_1_231' title='bbox 2058 2569 2243 2658; x_wconf 91' lang='lat' dir='ltr'><strong>apud</strong></span> <span class='ocrx_word' id='word_1_232' title='bbox 2292 2589 2497 2655; x_wconf 90' lang='lat' dir='ltr'><strong>quem</strong></span> <span class='ocrx_word' id='word_1_233' title='bbox 2565 2565 2936 2640; x_wconf 82' lang='lat' dir='ltr'><strong>exulabat,</strong></span> <span class='ocrx_word' id='word_1_234' title='bbox 2987 2562 3120 2658; x_wconf 28' lang='lat' dir='ltr'><strong>‘Rex</strong></span> 
     </span>
     <span class='ocr_line' id='line_1_27' title="bbox 599 2646 3124 2741; baseline -0.008 -13"><span class='ocrx_word' id='word_1_235' title='bbox 599 2672 748 2729; x_wconf 87' lang='lat' dir='ltr'><strong>erat</strong></span> <span class='ocrx_word' id='word_1_236' title='bbox 796 2659 898 2727; x_wconf 89' lang='lat' dir='ltr'><strong>vir</strong></span> <span class='ocrx_word' id='word_1_237' title='bbox 993 2680 1194 2739; x_wconf 90' lang='lat' dir='ltr'><strong>onus,</strong></span> <span class='ocrx_word' id='word_1_238' title='bbox 1248 2672 1314 2727; x_wconf 90' lang='lat' dir='ltr'><strong>et</strong></span> <span class='ocrx_word' id='word_1_239' title='bbox 1364 2658 1538 2728; x_wconf 90' lang='lat' dir='ltr'><strong>bona</strong></span> <span class='ocrx_word' id='word_1_240' title='bbox 1588 2680 1668 2726; x_wconf 89' lang='lat' dir='ltr'><strong>ac</strong></span> <span class='ocrx_word' id='word_1_241' title='bbox 1716 2671 1952 2726; x_wconf 87' lang='lat' dir='ltr'><strong>sancta</strong></span> <span class='ocrx_word' id='word_1_242' title='bbox 2000 2657 2229 2728; x_wconf 77' lang='lat' dir='ltr'><strong>sobole</strong></span> <span class='ocrx_word' id='word_1_243' title='bbox 2264 2657 2443 2737; x_wconf 81' lang='lat' dir='ltr'><strong>felix,</strong></span> <span class='ocrx_word' id='word_1_244' title='bbox 2480 2668 2555 2725; x_wconf 92' lang='lat' dir='ltr'><strong>ut</strong></span> <span class='ocrx_word' id='word_1_245' title='bbox 2587 2656 2660 2724; x_wconf 91' lang='lat' dir='ltr'><strong>in</strong></span> <span class='ocrx_word' id='word_1_246' title='bbox 2700 2646 3124 2741; x_wconf 78' lang='lat' dir='ltr'><strong>sequentibus</strong></span> 
     </span>
     <span class='ocr_line' id='line_1_28' title="bbox 598 2747 3097 2829; baseline -0.003 -13"><span class='ocrx_word' id='word_1_247' title='bbox 598 2747 1027 2817; x_wconf 89' lang='lat' dir='ltr'><strong>docebimus.</strong></span> <span class='ocrx_word' id='word_1_248' title='bbox 3086 2817 3097 2829; x_wconf 54' lang='lat'>‚</span> 
     </span>
    </p>

    <p class='ocr_par' dir='ltr' id='par_1_4' title="bbox 600 2829 3131 4256">
     <span class='ocr_line' id='line_1_29' title="bbox 694 2829 3127 2923; baseline -0.004 -17"><span class='ocrx_word' id='word_1_249' title='bbox 694 2839 730 2922; x_wconf 67' lang='grc' dir='ltr'>ξ</span> <span class='ocrx_word' id='word_1_250' title='bbox 779 2842 911 2908; x_wconf 77' lang='lat' dir='ltr'><strong>n.</strong></span> <span class='ocrx_word' id='word_1_251' title='bbox 965 2839 1130 2904; x_wconf 86' lang='lat' dir='ltr'><strong>Cum</strong></span> <span class='ocrx_word' id='word_1_252' title='bbox 1184 2856 1339 2903; x_wconf 89' lang='lat' dir='ltr'><strong>vero</strong></span> <span class='ocrx_word' id='word_1_253' title='bbox 1406 2834 1761 2904; x_wconf 87' lang='lat' dir='ltr'><strong>restitutus</strong></span> <span class='ocrx_word' id='word_1_254' title='bbox 1817 2847 1995 2904; x_wconf 90' lang='lat' dir='ltr'><strong>esset</strong></span> <span class='ocrx_word' id='word_1_255' title='bbox 2043 2834 2109 2903; x_wconf 92' lang='lat' dir='ltr'><strong>in</strong></span> <span class='ocrx_word' id='word_1_256' title='bbox 2164 2855 2453 2923; x_wconf 89' lang='lat' dir='ltr'><strong>regnum</strong></span> <span class='ocrx_word' id='word_1_257' title='bbox 2507 2829 2864 2904; x_wconf 77' lang='lat' dir='ltr'><strong>Cenwalch</strong></span> <span class='ocrx_word' id='word_1_258' title='bbox 2896 2882 2911 2908; x_wconf 92' lang='lat'><strong>,</strong></span> <span class='ocrx_word' id='word_1_259' title='bbox 2962 2829 3127 2891; x_wconf 70' lang='lat' dir='ltr'><strong>vemt</strong></span> 
     </span>
     <span class='ocr_line' id='line_1_30' title="bbox 601 2917 3121 3023; baseline -0.003 -31"><span class='ocrx_word' id='word_1_260' title='bbox 601 2924 671 2992; x_wconf 93' lang='lat' dir='ltr'><strong>in</strong></span> <span class='ocrx_word' id='word_1_261' title='bbox 727 2924 1148 3023; x_wconf 88' lang='lat' dir='ltr'><strong>provinciam</strong></span> <span class='ocrx_word' id='word_1_262' title='bbox 1200 2923 1285 2991; x_wconf 91' lang='lat' dir='ltr'><strong>de</strong></span> <span class='ocrx_word' id='word_1_263' title='bbox 1333 2923 1680 3007; x_wconf 74' lang='lat' dir='ltr'><strong>Hybernia</strong></span> <span class='ocrx_word' id='word_1_264' title='bbox 1715 2923 2015 3013; x_wconf 82' lang='lat' dir='ltr'><strong>pontifex</strong></span> <span class='ocrx_word' id='word_1_265' title='bbox 2053 2923 2363 3008; x_wconf 85' lang='lat' dir='ltr'><strong>quidam,</strong></span> <span class='ocrx_word' id='word_1_266' title='bbox 2411 2923 2694 2991; x_wconf 86' lang='lat' dir='ltr'><strong>nomine</strong></span> <span class='ocrx_word' id='word_1_267' title='bbox 2733 2917 3121 3014; x_wconf 56' lang='lat' dir='ltr'><strong>Agilbertu&amp;</strong></span> 
     </span>
     <span class='ocr_line' id='line_1_31' title="bbox 608 3010 3129 3101; baseline -0.005 -22"><span class='ocrx_word' id='word_1_268' title='bbox 608 3025 884 3080; x_wconf 73' lang='lat' dir='ltr'><strong>natione</strong></span> <span class='ocrx_word' id='word_1_269' title='bbox 930 3011 1208 3099; x_wconf 91' lang='lat' dir='ltr'><strong>quidem</strong></span> <span class='ocrx_word' id='word_1_270' title='bbox 1261 3011 1540 3092; x_wconf 90' lang='lat' dir='ltr'><strong>Gallus,</strong></span> <span class='ocrx_word' id='word_1_271' title='bbox 1596 3010 1711 3080; x_wconf 86' lang='lat' dir='ltr'><strong>sed</strong></span> <span class='ocrx_word' id='word_1_272' title='bbox 1772 3024 1996 3081; x_wconf 87' lang='lat' dir='ltr'><strong>tamen</strong></span> <span class='ocrx_word' id='word_1_273' title='bbox 2067 3010 2512 3101; x_wconf 86' lang='lat' dir='ltr'><strong>legendarum</strong></span> <span class='ocrx_word' id='word_1_274' title='bbox 2575 3011 2801 3101; x_wconf 71' lang='lat' dir='ltr'><strong>gratia</strong></span> <span class='ocrx_word' id='word_1_275' title='bbox 2843 3011 3129 3092; x_wconf 72' lang='lat' dir='ltr'><strong>Scriptu-</strong></span> 
     </span>
     <span class='ocr_line' id='line_1_32' title="bbox 606 3093 3127 3199; baseline -0.004 -31"><span class='ocrx_word' id='word_1_276' title='bbox 606 3121 839 3169; x_wconf 84' lang='lat' dir='ltr'><strong>rarum</strong></span> <span class='ocrx_word' id='word_1_277' title='bbox 872 3099 944 3168; x_wconf 91' lang='lat' dir='ltr'><strong>in</strong></span> <span class='ocrx_word' id='word_1_278' title='bbox 998 3099 1343 3189; x_wconf 81' lang='lat' dir='ltr'><strong>Hybernia</strong></span> <span class='ocrx_word' id='word_1_279' title='bbox 1389 3120 1521 3168; x_wconf 93' lang='lat' dir='ltr'><strong>non</strong></span> <span class='ocrx_word' id='word_1_280' title='bbox 1558 3122 1768 3199; x_wconf 87' lang='lat' dir='ltr'><strong>parvo</strong></span> <span class='ocrx_word' id='word_1_281' title='bbox 1820 3113 2121 3188; x_wconf 85' lang='lat' dir='ltr'><strong>ternpore</strong></span> <span class='ocrx_word' id='word_1_282' title='bbox 2152 3099 2594 3169; x_wconf 86' lang='lat' dir='ltr'><strong>demoratus:</strong></span> <span class='ocrx_word' id='word_1_283' title='bbox 2650 3093 3127 3185; x_wconf 76' lang='lat' dir='ltr'><strong>conjunxitque</strong></span> 
     </span>
     <span class='ocr_line' id='line_1_33' title="bbox 602 3175 3128 3278; baseline -0.004 -21"><span class='ocrx_word' id='word_1_284' title='bbox 602 3210 677 3257; x_wconf 90' lang='lat' dir='ltr'><strong>se</strong></span> <span class='ocrx_word' id='word_1_285' title='bbox 718 3188 907 3277; x_wconf 86' lang='lat' dir='ltr'><strong>Regi,</strong></span> <span class='ocrx_word' id='word_1_286' title='bbox 947 3200 1190 3278; x_wconf 88' lang='lat' dir='ltr'><strong>sponte</strong></span> <span class='ocrx_word' id='word_1_287' title='bbox 1239 3188 1700 3257; x_wconf 76' lang='lat' dir='ltr'><strong>ministerlum</strong></span> <span class='ocrx_word' id='word_1_288' title='bbox 1753 3188 2192 3278; x_wconf 84' lang='lat' dir='ltr'><strong>praedicandi</strong></span> <span class='ocrx_word' id='word_1_289' title='bbox 2239 3209 2625 3258; x_wconf 87' lang='lat' dir='ltr'><strong>assumens.</strong></span> <span class='ocrx_word' id='word_1_290' title='bbox 2668 3187 2881 3275; x_wconf 81' lang='lat' dir='ltr'><strong>Cujus</strong></span> <span class='ocrx_word' id='word_1_291' title='bbox 2912 3175 3128 3251; x_wconf 75' lang='lat' dir='ltr'><strong>erudl-</strong></span> 
     </span>
     <span class='ocr_line' id='line_1_34' title="bbox 605 3264 3127 3367; baseline -0.003 -22"><span class='ocrx_word' id='word_1_292' title='bbox 605 3276 858 3345; x_wconf 90' lang='lat' dir='ltr'><strong>tionem</strong></span> <span class='ocrx_word' id='word_1_293' title='bbox 887 3290 1091 3364; x_wconf 86' lang='lat' dir='ltr'><strong>atque</strong></span> <span class='ocrx_word' id='word_1_294' title='bbox 1122 3276 1530 3347; x_wconf 88' lang='lat' dir='ltr'><strong>industriam</strong></span> <span class='ocrx_word' id='word_1_295' title='bbox 1577 3277 1814 3349; x_wconf 88' lang='lat' dir='ltr'><strong>videns</strong></span> <span class='ocrx_word' id='word_1_296' title='bbox 1845 3283 2004 3357; x_wconf 86' lang='lat' dir='ltr'><strong>Rex,</strong></span> <span class='ocrx_word' id='word_1_297' title='bbox 2041 3278 2296 3365; x_wconf 83' lang='lat' dir='ltr'><strong>rogavit</strong></span> <span class='ocrx_word' id='word_1_298' title='bbox 2322 3299 2508 3356; x_wconf 86' lang='lat' dir='ltr'><strong>eum,</strong></span> <span class='ocrx_word' id='word_1_299' title='bbox 2547 3290 2828 3367; x_wconf 87' lang='lat' dir='ltr'><strong>accepta</strong></span> <span class='ocrx_word' id='word_1_300' title='bbox 2861 3271 2954 3343; x_wconf 93' lang='lat' dir='ltr'><strong>ibi</strong></span> <span class='ocrx_word' id='word_1_301' title='bbox 2983 3264 3127 3367; x_wconf 73' lang='lat' dir='ltr'><strong>sede</strong></span> 
     </span>
     <span class='ocr_line' id='line_1_35' title="bbox 604 3364 3128 3467; baseline -0.001 -33"><span class='ocrx_word' id='word_1_302' title='bbox 604 3364 1037 3454; x_wconf 88' lang='lat' dir='ltr'><strong>Episcopali,</strong></span> <span class='ocrx_word' id='word_1_303' title='bbox 1104 3387 1270 3435; x_wconf 88' lang='lat' dir='ltr'><strong>suae</strong></span> <span class='ocrx_word' id='word_1_304' title='bbox 1329 3365 1552 3456; x_wconf 89' lang='lat' dir='ltr'><strong>gentis</strong></span> <span class='ocrx_word' id='word_1_305' title='bbox 1604 3388 1876 3435; x_wconf 85' lang='lat' dir='ltr'><strong>manere</strong></span> <span class='ocrx_word' id='word_1_306' title='bbox 1927 3366 2342 3456; x_wconf 75' lang='lat' dir='ltr'><strong>pontificem.</strong></span> <span class='ocrx_word' id='word_1_307' title='bbox 2396 3367 2528 3449; x_wconf 87' lang='lat' dir='ltr'><strong>Qui</strong></span> <span class='ocrx_word' id='word_1_308' title='bbox 2600 3364 2924 3467; x_wconf 85' lang='lat' dir='ltr'><strong>precibus</strong></span> <span class='ocrx_word' id='word_1_309' title='bbox 2987 3373 3128 3454; x_wconf 57' lang='lat' dir='ltr'><strong>ejus</strong></span> 
     </span>
     <span class='ocr_line' id='line_1_36' title="bbox 600 3444 3119 3545; baseline -0.004 -22"><span class='ocrx_word' id='word_1_310' title='bbox 600 3474 974 3535; x_wconf 86' lang='lat' dir='ltr'><strong>annuens,</strong></span> <span class='ocrx_word' id='word_1_311' title='bbox 1047 3454 1285 3523; x_wconf 84' lang='lat' dir='ltr'><strong>multis</strong></span> <span class='ocrx_word' id='word_1_312' title='bbox 1352 3455 1554 3523; x_wconf 87' lang='lat' dir='ltr'><strong>annis</strong></span> <span class='ocrx_word' id='word_1_313' title='bbox 1618 3455 1837 3524; x_wconf 89' lang='lat' dir='ltr'><strong>eidem</strong></span> <span class='ocrx_word' id='word_1_314' title='bbox 1907 3456 2093 3545; x_wconf 89' lang='lat' dir='ltr'><strong>genti</strong></span> <span class='ocrx_word' id='word_1_315' title='bbox 2152 3454 2556 3539; x_wconf 87' lang='lat' dir='ltr'><strong>sacerdotali</strong></span> <span class='ocrx_word' id='word_1_316' title='bbox 2596 3476 2759 3542; x_wconf 72' lang='lat' dir='ltr'><strong>jure</strong></span> <span class='ocrx_word' id='word_1_317' title='bbox 2824 3444 3119 3542; x_wconf 81' lang='lat' dir='ltr'><strong>praefmt.</strong></span> 
     </span>
     <span class='ocr_line' id='line_1_37' title="bbox 604 3541 3125 3633; baseline -0.006 -22"><span class='ocrx_word' id='word_1_318' title='bbox 604 3541 903 3611; x_wconf 86' lang='lat' dir='ltr'><strong>Tandem</strong></span> <span class='ocrx_word' id='word_1_319' title='bbox 959 3547 1119 3623; x_wconf 83' lang='lat' dir='ltr'><strong>Rex,</strong></span> <span class='ocrx_word' id='word_1_320' title='bbox 1179 3542 1297 3630; x_wconf 94' lang='lat' dir='ltr'><strong>qui</strong></span> <span class='ocrx_word' id='word_1_321' title='bbox 1342 3547 1683 3613; x_wconf 80' lang='lat' dir='ltr'><strong>Saxonum</strong></span> <span class='ocrx_word' id='word_1_322' title='bbox 1739 3543 2044 3633; x_wconf 88' lang='lat' dir='ltr'><strong>linguam</strong></span> <span class='ocrx_word' id='word_1_323' title='bbox 2101 3556 2363 3622; x_wconf 79' lang='lat' dir='ltr'><strong>tantum</strong></span> <span class='ocrx_word' id='word_1_324' title='bbox 2417 3556 2731 3623; x_wconf 83' lang='lat' dir='ltr'><strong>noverat,</strong></span> <span class='ocrx_word' id='word_1_325' title='bbox 2790 3550 3125 3631; x_wconf 88' lang='lat' dir='ltr'><strong>pertaesus</strong></span> 
     </span>
     <span class='ocr_line' id='line_1_38' title="bbox 604 3628 3129 3723; baseline -0.002 -23"><span class='ocrx_word' id='word_1_326' title='bbox 604 3630 940 3701; x_wconf 84' lang='lat' dir='ltr'><strong>barbarae</strong></span> <span class='ocrx_word' id='word_1_327' title='bbox 966 3631 1298 3718; x_wconf 90' lang='lat' dir='ltr'><strong>loquelae,</strong></span> <span class='ocrx_word' id='word_1_328' title='bbox 1331 3632 1845 3702; x_wconf 88' lang='lat' dir='ltr'><strong>subintroduxit</strong></span> <span class='ocrx_word' id='word_1_329' title='bbox 1873 3634 1940 3702; x_wconf 90' lang='lat' dir='ltr'><strong>in</strong></span> <span class='ocrx_word' id='word_1_330' title='bbox 1970 3633 2392 3723; x_wconf 87' lang='lat' dir='ltr'><strong>provinciam</strong></span> <span class='ocrx_word' id='word_1_331' title='bbox 2426 3632 2639 3702; x_wconf 88' lang='lat' dir='ltr'><strong>alium</strong></span> <span class='ocrx_word' id='word_1_332' title='bbox 2676 3652 2843 3703; x_wconf 91' lang='lat' dir='ltr'><strong>suae</strong></span> <span class='ocrx_word' id='word_1_333' title='bbox 2868 3628 2957 3697; x_wconf 89' lang='lat' dir='ltr'><strong>lin</strong></span> <span class='ocrx_word' id='word_1_334' title='bbox 3013 3638 3129 3722; x_wconf 59' lang='lat' dir='ltr'><strong>uae</strong></span> 
     </span>
     <span class='ocr_line' id='line_1_39' title="bbox 612 3719 3130 3811; baseline -0.006 -21"><span class='ocrx_word' id='word_1_335' title='bbox 612 3719 1056 3810; x_wconf 87' lang='lat' dir='ltr'><strong>Episcopum,</strong></span> <span class='ocrx_word' id='word_1_336' title='bbox 1104 3719 1433 3790; x_wconf 87' lang='lat' dir='ltr'><strong>vocabulo</strong></span> <span class='ocrx_word' id='word_1_337' title='bbox 1487 3721 1704 3801; x_wconf 89' lang='lat' dir='ltr'><strong>Uvini‚</strong></span> <span class='ocrx_word' id='word_1_338' title='bbox 1740 3736 1804 3790; x_wconf 92' lang='lat' dir='ltr'><strong>et</strong></span> <span class='ocrx_word' id='word_1_339' title='bbox 1856 3721 2081 3811; x_wconf 87' lang='lat' dir='ltr'><strong>ipsum</strong></span> <span class='ocrx_word' id='word_1_340' title='bbox 2116 3723 2182 3790; x_wconf 92' lang='lat' dir='ltr'><strong>in</strong></span> <span class='ocrx_word' id='word_1_341' title='bbox 2217 3721 2435 3791; x_wconf 89' lang='lat' dir='ltr'><strong>Gallia</strong></span> <span class='ocrx_word' id='word_1_342' title='bbox 2468 3720 2868 3790; x_wconf 89' lang='lat' dir='ltr'><strong>ordinatum</strong></span> <span class='ocrx_word' id='word_1_343' title='bbox 2901 3738 2916 3784; x_wconf 90' lang='lat'>:</span> <span class='ocrx_word' id='word_1_344' title='bbox 2953 3788 2958 3791; x_wconf 62' lang='grc'><strong>,</strong></span> <span class='ocrx_word' id='word_1_345' title='bbox 3017 3729 3130 3778; x_wconf 75' lang='lat' dir='ltr'><strong>tvi-</strong></span> 
     </span>
     <span class='ocr_line' id='line_1_40' title="bbox 602 3808 3131 3911; baseline -0.001 -32"><span class='ocrx_word' id='word_1_346' title='bbox 602 3809 915 3896; x_wconf 89' lang='lat' dir='ltr'><strong>densque</strong></span> <span class='ocrx_word' id='word_1_347' title='bbox 948 3809 1015 3877; x_wconf 94' lang='lat' dir='ltr'><strong>in</strong></span> <span class='ocrx_word' id='word_1_348' title='bbox 1048 3808 1224 3878; x_wconf 87' lang='lat' dir='ltr'><strong>duas</strong></span> <span class='ocrx_word' id='word_1_349' title='bbox 1257 3810 1618 3911; x_wconf 89' lang='lat' dir='ltr'><strong>parochias</strong></span> <span class='ocrx_word' id='word_1_350' title='bbox 1646 3810 2056 3900; x_wconf 84' lang='lat' dir='ltr'><strong>provincias,</strong></span> <span class='ocrx_word' id='word_1_351' title='bbox 2099 3810 2261 3880; x_wconf 87' lang='lat' dir='ltr'><strong>huic</strong></span> <span class='ocrx_word' id='word_1_352' title='bbox 2289 3810 2357 3879; x_wconf 92' lang='lat' dir='ltr'><strong>in</strong></span> <span class='ocrx_word' id='word_1_353' title='bbox 2393 3809 2660 3878; x_wconf 84' lang='lat' dir='ltr'><strong>civitate</strong></span> <span class='ocrx_word' id='word_1_354' title='bbox 2693 3812 3131 3898; x_wconf 55' lang='lat' dir='ltr'><strong>ventajquae</strong></span> 
     </span>
     <span class='ocr_line' id='line_1_41' title="bbox 608 3891 3125 3989; baseline -0.006 -22"><span class='ocrx_word' id='word_1_355' title='bbox 608 3920 650 3967; x_wconf 90' lang='lat' dir='ltr'><strong>a</strong></span> <span class='ocrx_word' id='word_1_356' title='bbox 684 3912 883 3988; x_wconf 88' lang='lat' dir='ltr'><strong>gente</strong></span> <span class='ocrx_word' id='word_1_357' title='bbox 910 3903 1173 3968; x_wconf 87' lang='lat' dir='ltr'><strong>Saxona</strong></span> <span class='ocrx_word' id='word_1_358' title='bbox 1206 3899 1657 3969; x_wconf 77' lang='lat' dir='ltr'><strong>Vintancestir</strong></span> <span class='ocrx_word' id='word_1_359' title='bbox 1675 3897 2091 3989; x_wconf 84' lang='lat' dir='ltr'><strong>appellatur,</strong></span> <span class='ocrx_word' id='word_1_360' title='bbox 2124 3899 2351 3969; x_wconf 85' lang='lat' dir='ltr'><strong>sedem</strong></span> <span class='ocrx_word' id='word_1_361' title='bbox 2387 3897 2850 3988; x_wconf 82' lang='lat' dir='ltr'><strong>episcopalem</strong></span> <span class='ocrx_word' id='word_1_362' title='bbox 2883 3891 3125 3963; x_wconf 76' lang='lat' dir='ltr'><strong>tribuit.</strong></span> 
     </span>
     <span class='ocr_line' id='line_1_42' title="bbox 607 3985 3131 4078; baseline -0.002 -22"><span class='ocrx_word' id='word_1_363' title='bbox 607 3986 796 4058; x_wconf 93' lang='lat' dir='ltr'><strong>Unde</strong></span> <span class='ocrx_word' id='word_1_364' title='bbox 817 3987 1120 4057; x_wconf 83' lang='lat' dir='ltr'><strong>offensus</strong></span> <span class='ocrx_word' id='word_1_365' title='bbox 1145 3988 1439 4074; x_wconf 83' lang='lat' dir='ltr'><strong>graviter</strong></span> <span class='ocrx_word' id='word_1_366' title='bbox 1462 3988 1871 4078; x_wconf 74' lang='lat' dir='ltr'><strong>Agilbertus,</strong></span> <span class='ocrx_word' id='word_1_367' title='bbox 1897 3988 2076 4074; x_wconf 67' lang='lat' dir='ltr'><strong>quod</strong></span> <span class='ocrx_word' id='word_1_368' title='bbox 2105 3988 2256 4067; x_wconf 86' lang='lat' dir='ltr'><strong>hoc,</strong></span> <span class='ocrx_word' id='word_1_369' title='bbox 2287 3987 2435 4077; x_wconf 85' lang='lat' dir='ltr'><strong>ipso</strong></span> <span class='ocrx_word' id='word_1_370' title='bbox 2465 3985 2878 4064; x_wconf 86' lang='lat' dir='ltr'><strong>inconsulto,</strong></span> <span class='ocrx_word' id='word_1_371' title='bbox 2911 3985 3131 4075; x_wconf 63' lang='lat' dir='ltr'><strong>ageret</strong></span> 
     </span>
     <span class='ocr_line' id='line_1_43' title="bbox 605 4071 3129 4175; baseline -0.002 -31"><span class='ocrx_word' id='word_1_372' title='bbox 605 4080 767 4175; x_wconf 83' lang='lat' dir='ltr'><strong>Rex,</strong></span> <span class='ocrx_word' id='word_1_373' title='bbox 808 4076 1008 4145; x_wconf 91' lang='lat' dir='ltr'><strong>rediit</strong></span> <span class='ocrx_word' id='word_1_374' title='bbox 1042 4077 1109 4144; x_wconf 94' lang='lat' dir='ltr'><strong>in</strong></span> <span class='ocrx_word' id='word_1_375' title='bbox 1143 4075 1433 4147; x_wconf 88' lang='lat' dir='ltr'><strong>Galliam</strong></span> <span class='ocrx_word' id='word_1_376' title='bbox 1465 4100 1479 4145; x_wconf 92' lang='lat'>:</span> <span class='ocrx_word' id='word_1_377' title='bbox 1532 4090 1598 4145; x_wconf 89' lang='lat' dir='ltr'><strong>et</strong></span> <span class='ocrx_word' id='word_1_378' title='bbox 1644 4091 1922 4166; x_wconf 87' lang='lat' dir='ltr'><strong>accepto</strong></span> <span class='ocrx_word' id='word_1_379' title='bbox 1969 4078 2370 4168; x_wconf 86' lang='lat' dir='ltr'><strong>episcopatu</strong></span> <span class='ocrx_word' id='word_1_380' title='bbox 2404 4076 2786 4145; x_wconf 88' lang='lat' dir='ltr'><strong>Parisiacae</strong></span> <span class='ocrx_word' id='word_1_381' title='bbox 2824 4071 3129 4142; x_wconf 79' lang='lat' dir='ltr'><strong>civitaus,</strong></span> 
     </span>
     <span class='ocr_line' id='line_1_44' title="bbox 607 4164 3094 4256; baseline 0.002 -25"><span class='ocrx_word' id='word_1_382' title='bbox 607 4164 862 4233; x_wconf 79' lang='lat' dir='ltr'><strong>ibidem</strong></span> <span class='ocrx_word' id='word_1_383' title='bbox 899 4187 1104 4235; x_wconf 87' lang='lat' dir='ltr'><strong>senex</strong></span> <span class='ocrx_word' id='word_1_384' title='bbox 1143 4180 1210 4235; x_wconf 93' lang='lat' dir='ltr'><strong>et</strong></span> <span class='ocrx_word' id='word_1_385' title='bbox 1247 4165 1494 4256; x_wconf 89' lang='lat' dir='ltr'><strong>plenus</strong></span> <span class='ocrx_word' id='word_1_386' title='bbox 1528 4166 1808 4235; x_wconf 88' lang='lat' dir='ltr'><strong>dierum·</strong></span> <span class='ocrx_word' id='word_1_387' title='bbox 1849 4166 2041 4236; x_wconf 92' lang='lat' dir='ltr'><strong>obiit.</strong></span> <span class='ocrx_word' id='word_1_388' title='bbox 3081 4240 3094 4253; x_wconf 69' lang='lat'><strong>,</strong></span> 
     </span>
    </p>

    <p class='ocr_par' dir='ltr' id='par_1_5' title="bbox 606 4248 3134 4523">
     <span class='ocr_line' id='line_1_45' title="bbox 696 4248 3132 4352; baseline -0.006 -29"><span class='ocrx_word' id='word_1_389' title='bbox 696 4254 732 4339; x_wconf 64' lang='grc' dir='ltr'>ξ</span> <span class='ocrx_word' id='word_1_390' title='bbox 779 4258 926 4352; x_wconf 59' lang='lat'><strong>‚¹²-</strong></span> <span class='ocrx_word' id='word_1_391' title='bbox 980 4260 1121 4325; x_wconf 86' lang='lat' dir='ltr'><strong>Non</strong></span> <span class='ocrx_word' id='word_1_392' title='bbox 1174 4253 1413 4324; x_wconf 88' lang='lat' dir='ltr'><strong>multis</strong></span> <span class='ocrx_word' id='word_1_393' title='bbox 1460 4270 1686 4325; x_wconf 86' lang='lat' dir='ltr'><strong>autem</strong></span> <span class='ocrx_word' id='word_1_394' title='bbox 1748 4255 1950 4325; x_wconf 86' lang='lat' dir='ltr'><strong>annis</strong></span> <span class='ocrx_word' id='word_1_395' title='bbox 1981 4308 1996 4329; x_wconf 84' lang='grc'>,</span> <span class='ocrx_word' id='word_1_396' title='bbox 2050 4266 2202 4344; x_wconf 90' lang='lat' dir='ltr'><strong>post</strong></span> <span class='ocrx_word' id='word_1_397' title='bbox 2250 4253 2649 4324; x_wconf 87' lang='lat' dir='ltr'><strong>abscessum</strong></span> <span class='ocrx_word' id='word_1_398' title='bbox 2701 4252 2854 4342; x_wconf 87' lang='lat' dir='ltr'><strong>ejus</strong></span> <span class='ocrx_word' id='word_1_399' title='bbox 2908 4248 3132 4347; x_wconf 43' lang='lat' dir='ltr'><strong>a3Br1-</strong></span> 
     </span>
     <span class='ocr_line' id='line_1_46' title="bbox 606 4338 3130 4433; baseline -0.002 -25"><span class='ocrx_word' id='word_1_400' title='bbox 606 4350 866 4422; x_wconf 76' lang='lat' dir='ltr'><strong>tannia,</strong></span> <span class='ocrx_word' id='word_1_401' title='bbox 921 4343 1283 4413; x_wconf 87' lang='lat' dir='ltr'><strong>transactis</strong></span> <span class='ocrx_word' id='word_1_402' title='bbox 1316 4397 1331 4424; x_wconf 93' lang='lat'><strong>,</strong></span> <span class='ocrx_word' id='word_1_403' title='bbox 1387 4343 1634 4433; x_wconf 89' lang='lat' dir='ltr'><strong>pulsus</strong></span> <span class='ocrx_word' id='word_1_404' title='bbox 1681 4356 1783 4412; x_wconf 86' lang='lat' dir='ltr'><strong>est</strong></span> <span class='ocrx_word' id='word_1_405' title='bbox 1833 4343 2028 4412; x_wconf 89' lang='lat' dir='ltr'><strong>Uvini</strong></span> <span class='ocrx_word' id='word_1_406' title='bbox 2077 4343 2162 4412; x_wconf 90' lang='lat' dir='ltr'><strong>ab</strong></span> <span class='ocrx_word' id='word_1_407' title='bbox 2211 4342 2447 4412; x_wconf 90' lang='lat' dir='ltr'><strong>eodem</strong></span> <span class='ocrx_word' id='word_1_408' title='bbox 2502 4348 2679 4432; x_wconf 91' lang='lat' dir='ltr'><strong>Rege</strong></span> <span class='ocrx_word' id='word_1_409' title='bbox 2732 4339 2819 4409; x_wconf 88' lang='lat' dir='ltr'><strong>ab</strong></span> <span class='ocrx_word' id='word_1_410' title='bbox 2867 4338 3130 4429; x_wconf 74' lang='lat' dir='ltr'><strong>Episco-</strong></span> 
     </span>
     <span class='ocr_line' id='line_1_47' title="bbox 607 4427 3134 4523; baseline -0.004 -24"><span class='ocrx_word' id='word_1_411' title='bbox 607 4441 798 4521; x_wconf 87' lang='lat' dir='ltr'><strong>patu,</strong></span> <span class='ocrx_word' id='word_1_412' title='bbox 851 4430 971 4517; x_wconf 92' lang='lat' dir='ltr'><strong>qui</strong></span> <span class='ocrx_word' id='word_1_413' title='bbox 1020 4431 1266 4502; x_wconf 89' lang='lat' dir='ltr'><strong>sedens</strong></span> <span class='ocrx_word' id='word_1_414' title='bbox 1313 4431 1396 4501; x_wconf 89' lang='lat' dir='ltr'><strong>ad</strong></span> <span class='ocrx_word' id='word_1_415' title='bbox 1451 4437 1701 4523; x_wconf 88' lang='lat' dir='ltr'><strong>Regem</strong></span> <span class='ocrx_word' id='word_1_416' title='bbox 1756 4432 2181 4514; x_wconf 84' lang='lat' dir='ltr'><strong>Merciorum,</strong></span> <span class='ocrx_word' id='word_1_417' title='bbox 2241 4431 2573 4502; x_wconf 86' lang='lat' dir='ltr'><strong>vocabulo</strong></span> <span class='ocrx_word' id='word_1_418' title='bbox 2622 4427 2922 4506; x_wconf 75' lang='lat' dir='ltr'><strong>vulferi,</strong></span> <span class='ocrx_word' id='word_1_419' title='bbox 2973 4427 3134 4492; x_wconf 78' lang='lat' dir='ltr'><strong>emit</strong></span> 
     </span>
    </p>
   </div>
   <div class='ocr_carea' id='block_1_3' title="bbox 3258 115 3265 708">
    <p class='ocr_par' dir='ltr' id='par_1_6' title="bbox 3258 115 3265 708">
     <span class='ocr_line' id='line_1_48' title="bbox 3258 115 3265 708; baseline 0 0"><span class='ocrx_word' id='word_1_420' title='bbox 3258 115 3265 708; x_wconf 95' lang='lat' dir='ltr'><strong> </strong></span> 
     </span>
    </p>
   </div>
   <div class='ocr_carea' id='block_1_4' title="bbox 3255 1827 3269 3331">
    <p class='ocr_par' dir='ltr' id='par_1_7' title="bbox 3255 1827 3269 3331">
     <span class='ocr_line' id='line_1_49' title="bbox 3255 1827 3269 3331; baseline 0 0"><span class='ocrx_word' id='word_1_421' title='bbox 3255 1827 3269 3331; x_wconf 95' lang='lat' dir='ltr'><strong> </strong></span> 
     </span>
    </p>
   </div>
  </div>
 </body>
</html>
