3308 5004
652 310 784 376 442
1237 324 1318 372 m:
1363 324 1420 373 s.
1473 323 1806 373 nannum
1852 321 1998 372 ABR.
2051 322 2434 374 cunum..
2517 298 2529 310 “
2790 305 2976 374 AUG.
3030 305 3117 371 20

565 412 880 483 animum
930 431 1085 480 vere
1132 413 1346 479 Deum
1424 420 1865 510 quaerentem
1920 408 2209 480 minime
2271 412 2649 492 terrerent,
2719 408 3122 500 posthabita

567 500 758 572 omni
809 497 1257 571 haesitatione
1295 520 1373 568 ac
1421 510 1708 580 umore,
1754 497 1923 568 illuc
1985 498 2181 569 vertit
2227 499 2727 570 intentionem:
2782 519 2984 600 posse
3044 519 3122 569 se

565 589 939 661 aestimans
971 587 1254 658 omnino
1279 587 1374 657 ibi
1422 586 1844 669 delitescere,
1895 598 1960 656 et
2008 588 2345 660 abscondi
2378 589 2449 657 in
2481 587 2885 660 abscondlto
2915 586 3121 657 faciei

566 678 684 750 Dei
730 679 819 749 ab
866 677 1055 748 omni
1104 676 1633 748 conturbatione
1681 676 2093 746 hominum:
2164 677 2596 766 maximeque
2644 677 2730 746 ad
2778 675 3122 768 effugium

565 767 910 848 vanitatis,
975 788 1099 836 seu
1147 765 1233 834 de
1292 765 1589 836 seculari
1638 765 2126 856 generositate,
2190 766 2448 837 seu-de
2505 766 2792 838 acrioris
2853 763 3125 857 ingenii

567 857 812 949 gratia,
867 877 988 925 seu
1037 854 1207 925 forte
1253 854 1339 924 de
1386 854 1686 945 alicujus
1737 854 2016 924 nomine
2063 855 2469 926 sanctitatis.

654 949 690 1034 ξ
737 948 818 1017 8.
888 944 1017 1015 Ubi
1064 965 1223 1013 vero
1283 943 1369 1013 de
1415 943 1861 1013 conversione
1911 954 2315 1014 tractantem
2370 943 2613 1016 fratres
2671 945 2822 1035 ejus
2872 955 2938 1015 et
2994 941 3123 1030 qui

563 1034 934 1105 carnaliter
977 1054 1135 1101 eum
1171 1030 1575 1123 diligebant,
1631 1045 2144 1122 persenserunt,
2176 1032 2248 1101 id
2280 1032 2608 1103 omnibus
2656 1032 2880 1104 modis
2910 1052 3122 1122 agere

564 1133 963 1214 coeperunt,
990 1133 1067 1190 ut
1099 1121 1412 1192 animum
1432 1121 1583 1212 ejus
1603 1120 1690 1191 ad
1722 1120 2033 1191 studium
2070 1134 2349 1212 possent
2376 1122 3115 1200 divertereliterarum,

564 1226 629 1284 et
676 1233 909 1283 amore
949 1210 1275 1282 scientiae
1320 1211 1677 1291 secularis,
1723 1209 1956 1280 seculo
1989 1211 2248 1281 arctius
2288 1211 2380 1280 im
2438 1211 2748 1281 licarent.
2800 1216 2947 1293 Qua
3006 1209 3121 1278 ni-

566 1301 824 1371 mirum
896 1299 1380 1390 suggestione,
1434 1300 1614 1370 sicut
1661 1298 1855 1370 fateri
1913 1300 2134 1382 solet,
2205 1321 2377 1391 prop
2426 1299 2707 1370 modum
2788 1297 3122 1369 retardati

564 1390 838 1460 fuerant
880 1410 1160 1479 gressus
1204 1389 1407 1480 ejus:
1445 1387 1578 1458 'sed
1643 1388 1884 1458 matris
1945 1401 2222 1458 sanctae
2284 1389 2615 1461 memoria
2642 1441 2663 1468 ,
2720 1387 3121 1479 importune

565 1480 801 1549 animo
840 1477 1120 1566 ,iuvenis
1165 1477 1504 1558 instabat,
1558 1478 1651 1546 ita
1709 1491 1785 1547 ut
1837 1477 2116 1568 saepius
2163 1478 2298 1548 sibi
2344 1489 2821 1548 occurrentem
2885 1475 3121 1545 videre

565 1567 932 1649 videretur,
984 1578 1515 1654 conquerentem
1563 1578 1630 1635 et
1678 1565 2286 1657 improperantem,
2339 1566 2505 1655 quia
2554 1587 2688 1636 non
2719 1564 2806 1636 ad
2857 1564 3115 1655 hujus·

567 1656 755 1726 modi
797 1656 1258 1747 nugacitatem
1300 1668 1436 1725 tam
1489 1668 1718 1725 tenere
1763 1655 2196 1736 educaverat,
2235 1669 2301 1725 et
2339 1677 2477 1726 non
2512 1656 2581 1724 in
2627 1655 2756 1725 hac
2805 1675 2927 1745 spe
2961 1675 3125 1724 eru-

564 1745 783 1815 dierat
828 1766 1012 1814 eum.
1058 1749 1346 1814 Demum
1394 1766 1555 1814 cum
1605 1744 1982 1832 aliquando
2031 1745 2115 1815 ad
2167 1744 2410 1815 fratres
2472 1756 2807 1835 pergeret,
2863 1743 2935 1812 in
2989 1742 3121 1812 ob-

564 1834 833 1905 sidione
877 1832 1110 1913 castri,
1164 1833 1345 1921 quod
1411 1833 1825 1921 Grancejum
1877 1834 2156 1915 dicitur,
2210 1857 2371 1905 cum
2422 1837 2604 1904 Duce
2668 1831 3120 1923 Burgundiae

568 1923 997 2004 constitutos,
1049 1922 1273 2011 coepit
1318 1921 1387 1990 in
1432 1922 1839 2011 hujusmodi
1866 1924 2276 2014 cogitatione
2307 1922 2778 1993 vehementius
2818 1920 3117 1991 anxiari:

564 2012 978 2099 inventaque
1015 2010 1085 2079 in
1135 2011 1376 2080 itinere
1427 2011 1652 2082 medio
1678 2011 1968 2082 ecclesia
2016 2011 2343 2099 quadam,
2387 2010 2697 2081 divertit:
2727 2022 2793 2081 et
2840 2011 3116 2100 ingres-

567 2122 711 2182 suS,
764 2101 980 2170 oravit
1022 2122 1185 2169 cum
1236 2098 1453 2170 multo
1494 2100 1715 2171 imbre
1762 2100 2257 2192 lacrymarum,
2308 2100 2706 2190 expandens
2749 2121 3003 2169 manus
3042 2099 3122 2168 in

566 2189 862 2268 coelum,
914 2200 979 2259 et
1040 2186 1407 2259 effundens
1456 2189 1635 2259 sicut
1702 2212 1955 2277 aquam
2008 2210 2127 2260 cor
2189 2210 2397 2260 suum
2462 2201 2620 2258 ante
2665 2200 3123 2278 conspectum

567 2278 839 2349 Domini
889 2277 999 2349 Dei
1050 2278 1185 2347 sui.
1237 2278 1342 2348 Ibi
1374 2300 1537 2369 ergo
1585 2278 1939 2349 firmatum
1981 2291 2083 2349 est
2127 2300 2245 2349 cor
2291 2277 2465 2364 ejus.
2519 2283 2650 2349 Nec
2701 2298 2856 2347 vero
2906 2273 3128 2348 surda

565 2389 732 2437 aure
826 2367 1081 2456 ercepit
1128 2388 1362 2437 vocem
1386 2366 1704 2438 dicentis:
1745 2369 1880 2449 Qui
1907 2368 2125 2449 audit,
2173 2368 2398 2437 dicat:
2439 2367 2602 2436 Veni
2643 2367 2876 2458 (Apoc.
2915 2365 3116 2454 1111).

567 2456 754 2545 Siqui
809 2479 915 2527 ern
967 2457 1054 2527 ab
1100 2455 1221 2526 illa
1269 2455 1437 2528 hora
1485 2456 1666 2529 sicut
1714 2457 1732 2527 i
1790 2457 1918 2540 nis,
1965 2457 2086 2546 qui
2124 2456 2471 2528 comburit
2499 2453 2791 2546 sylvam,
2835 2467 2902 2525 et
2931 2455 3122 2526 sicut

566 2546 844 2616 flamma
896 2546 1315 2619 comburens
1384 2558 1697 2626 montes,
1801 2546 2082 2617 incinde
2142 2546 2474 2616 viciniora
2538 2566 2853 2633 quaeque
2899 2544 3125 2615 corri-

561 2636 798 2726 piens,
864 2635 1304 2725 postmodum
1355 2635 1425 2704 in
1488 2635 1818 2706 ulteriora
1881 2657 2003 2727 pro
2059 2635 2359 2706 reditur:
2435 2633 2534 2704 sic
2598 2633 2827 2725 igniS,
2906 2654 3122 2721 quem

562 2725 897 2794 Dominus
936 2725 1216 2795 miserat
1263 2725 1335 2793 in
1384 2746 1503 2794 cor
1527 2726 1704 2794 servi
1745 2724 1878 2805 sui,
1927 2746 2010 2794 vo
2039 2745 2164 2795 ens
2211 2736 2288 2794 ut
2314 2722 2604 2803 arderet,
2651 2724 2877 2814 primo
2905 2722 3126 2810 quin-

561 2835 696 2901 que
742 2812 985 2883 fratres
1032 2813 1187 2900 ejus
1214 2812 1638 2915 aggreditur,
1680 2812 1824 2883 solo
1859 2813 2149 2882 minimo
2196 2812 2281 2881 ad
2313 2812 2831 2882 conversionem
2885 2810 3124 2880 minus

563 2901 806 2984 habili,
848 2903 1102 2972 seniori
1162 2914 1338 2993 patri
1394 2901 1479 2972 ad
1533 2901 1853 2972 solatium
1905 2900 2254 2971 derelicto.
2325 2899 2580 2971 Deinde
2638 2911 2991 2992 cognatoS,
3053 2909 3127 2969 et

564 3004 787 3073 notoS,
840 3003 905 3060 et
952 2991 1197 3071 socioS,
1247 3002 1313 3060 et
1350 2990 1633 3073 amicos,
1677 2990 1884 3060 etiam
1934 2990 2019 3059 de
2066 2990 2628 3078 quibuscumque
2675 3000 2940 3081 poterat
2963 3010 3128 3060 esse

564 3100 723 3236 spes
792 3079 1280 3149 conversionis.
1362 3080 1636 3150 Primus
1700 3079 2015 3149 omnium
2096 3077 2458 3149 Galdricus
2518 3078 2909 3151 avunculus
2963 3075 3130 3165 ejus

565 3190 602 3237 a
659 3188 826 3254 sque
873 3167 1201 3238 dilatione
1238 3178 1361 3240 aut
1391 3168 1862 3248 haesitatione,
1917 3167 2236 3259 pedibu5‚
2292 3179 2367 3237 ut
2405 3166 2628 3258 ajunt,
2682 3167 2805 3237 ivit
2852 3168 2925 3236 in
2963 3188 3131 3238 sen·

564 3255 849 3326 tentiam
892 3257 1181 3346 nepotiS,
1232 3268 1298 3327 et
1341 3278 1759 3327 consensum
1816 3256 2311 3338 conversionis,
2365 3256 2469 3326 vir
2515 3256 2848 3327 honestus
2894 3265 2965 3325 et
3001 3276 3130 3346 po-

569 3358 720 3416 tens
767 3344 837 3414 in
872 3344 1127 3425 seculo,
1182 3358 1248 3416 et
1280 3345 1347 3415 in
1373 3345 1707 3417 secularis
1735 3345 2020 3416 militiae
2049 3345 2268 3436 gloria
2311 3345 2733 3427 nominatus,
2785 3344 3129 3415 dominus

566 3433 777 3504 castri
827 3434 894 3502 in
947 3433 1285 3504 territorio
1331 3433 1726 3515 Heduensi,
1800 3434 1986 3522 quod
2059 3434 2390 3504 Tuillium
2449 3433 2726 3505 dicitur.
2781 3433 3131 3504 Continuo

566 3523 769 3592 etiam
823 3522 1384 3592 Bartholomaeus
1431 3543 1827 3605 occurrens,
1856 3523 2100 3614 junior
2144 3524 2432 3594 caeteris
2461 3522 2815 3604 fratribuS,
2849 3534 2916 3592 et
2964 3543 3132 3591 nec-

565 3611 734 3682 dum
774 3610 996 3692 miles,
1050 3611 1201 3681 sine
1223 3610 1629 3682 difficultate
1667 3612 1904 3683 eadem
1943 3613 2114 3683 hora
2144 3610 2567 3684 salutaribus
2610 3610 2891 3682 monitis
2932 3609 3133 3681 dedit

567 3721 959 3772 assensum.
1012 3705 1218 3770 Porro
1264 3700 1566 3770 Andreas
1599 3700 1943 3772 Bet-nardo
2006 3701 2211 3771 etiam
2260 3701 2409 3791 ipse
2460 3700 2711 3780 ‘unior,
2767 3721 2993 3771 novus
3043 3721 3129 3770 eo

564 3803 875 3880 tempore
911 3788 1131 3870 miles,
1181 3791 1461 3861 verbum
1497 3788 1729 3862 fratris
1769 3789 2126 3861 difficilius
2154 3789 2437 3860 admitte
2490 3801 2580 3872 at,
2633 3787 2852 3860 donec
2885 3788 3125 3860 subito

564 3878 1007 3950 exclamavit:
1061 3877 1268 3948 Video
1300 3892 1585 3950 matrem
1617 3901 1867 3950 meam.
1902 3878 2275 3950 visibiliter
2306 3878 2649 3968 siquidem
2690 3878 2752 3948 ei
2790 3900 3125 3981 praesens

565 3968 912 4059 apparuit,
960 3989 1200 4038 serena
1232 3967 1405 4037 facie
1457 3968 1830 4043 subridens
1876 3981 1943 4039 et
1987 3967 2482 4059 congratulans
2536 3979 2886 4058 proposito
2940 3966 3130 4038 filio-

566 4079 748 4127 rum.
802 4061 957 4147 Ipse
1003 4057 1210 4127 etiam
1259 4057 1588 4128 continuo
1639 4080 1889 4129 manus
1937 4057 2147 4139 dedit,
2202 4070 2269 4128 et
2313 4057 2399 4127 de
2446 4068 2686 4146 tyrone
2735 4056 2981 4137 seculi,
3023 4056 3131 4127 fa-

566 4158 719 4215 ctus
751 4158 852 4215 est
887 4144 1085 4216 miles
1120 4145 1395 4216 Christi.
1449 4152 1579 4218 Nec
1626 4146 1817 4217 solus
1865 4146 2036 4217 vidit
2080 4146 2385 4216 Andreas
2425 4157 2774 4216 tantorum
2827 4157 3127 4216 matrem

566 4231 868 4390 filiprum
923 4233 1312 4392 laetaintem,
1366 4234 1484 4305 sed
1534 4234 1895 4306 consessus
1940 4247 2042 4306 est
2087 4247 2154 4305 et
2185 4234 2601 4315 Bernardus.
2654 4233 2970 4305 eamdem
3036 4234 3130 4304 si-

571 4344 665 4390 mi
701 4333 829 4390 iter
874 4344 946 4391 se
995 4346 1058 4391 v1
1115 4324 1272 4394 isse.

662 4411 698 4497 ξ
745 4413 842 4480 fl.
888 4411 1110 4483 Guido
1145 4412 1649 4504 primogenitus
1683 4410 1999 4495 fratrum,
2037 4412 2369 4504 conjugio
2399 4412 2548 4504 jam
2590 4411 2918 4504 alligatus
2949 4422 3121 4493 erat,
