3308 5004
644 285 773 353 644
1193 298 1275 348 ns
1319 299 1377 348 s,
1428 296 1700 347 omacio
1746 296 1915 347 nuc.
1966 298 2042 346 ar
2088 296 2289 347 socus
2334 296 2452 347 n.
2766 277 2959 366 ABG.
3015 279 3110 345 27

475 375 485 388 ’
558 386 791 458 arrisit
846 385 933 467 ei,
988 384 1286 470 hincque
1344 383 1645 453 recessit.
1710 386 1903 453 Hanc
1969 380 2312 453 fatebatur
2365 381 2780 453 Genitricem
2829 379 3120 451 Domini

560 475 777 547 nostri
812 480 980 545 Jesu
1012 472 1257 544 Christi
1297 470 1534 553 fuisse,
1567 493 1745 560 quae
1780 492 2054 563 semper
2089 470 2424 543 castitatis
2451 471 2768 551 amatrix,
2811 482 3119 542 cunctos

558 565 770 655 hujus
807 562 1064 654 gratiae
1094 574 1458 634 sectatores
1488 559 1885 652 adjuvando
1937 560 2210 642 circuit,
2266 558 2481 642 fovet,
2534 581 2615 630 ac
2663 558 2917 630 blande
2954 563 3123 659 ain-

561 652 903 744 plectitur.
963 650 1185 742 Igitur
1243 648 1354 719 his
1413 660 1551 720 tam
1602 649 1877 740 magnis
1923 654 2132 720 rebus
2185 649 2520 731 animati,
2586 669 2724 718 non
2782 647 3123 719 elationis

611 741 856 811 ermoti
885 752 1048 810 sunt
1081 738 1388 819 stimulo,
1440 738 1556 809 sed
1601 739 1825 830 magis
1858 760 1937 809 ac
1990 737 2213 840 magis
2260 737 2329 807 in
2378 736 2632 809 diesin
2662 737 2777 806 Dei
2825 735 3123 807 servitio

585 829 931 911 ervebant,
992 828 1408 919 jejunabant
1455 849 1704 918 saepe,
1756 827 2053 898 orationi
2111 826 2520 898 insistebant
2577 848 2660 896 ex
2705 825 2990 896 animo:
3048 835 3128 895 et

557 939 895 1007 quaecum
949 939 1035 987 ue
1061 928 1469 1006 poterantex
1499 916 1863 1006 scripturis
1900 914 2157 985 divinis
2187 915 2452 986 discere
2481 913 2849 996 audiendo,
2891 915 3122 984 inter·

551 1007 735 1097 jecto
785 939 1179 1098 vigiiiarum
1235 1003 1503 1087 labore,
1545 1026 1623 1075 ea
1679 1004 2214 1075 meditabantur.
2251 1003 2630 1075 Credebant
2680 1004 2867 1074 enim
2904 1024 3124 1104 posse

558 1117 631 1167 se
659 1095 1184 1165 daemoniorum
1212 1091 1527 1163 fraudem
1559 1093 1814 1164 talibus
1844 1091 2452 1178 evincerestudiis.
2487 1092 2836 1175 Gerebant
2859 1090 3124 1163 nihilo-

559 1185 794 1256 minus
848 1205 1089 1255 curam
1144 1203 1556 1283 pauperum.
1607 1195 1675 1253 et
1714 1181 2081 1254 visitabant
2126 1181 2319 1252 omni
2365 1181 2593 1252 studio
2649 1181 2800 1252 loca
2833 1193 3121 1252 sancto-

560 1295 743 1345 rum.
783 1277 861 1342 Et
908 1270 1237 1361 quoniam
1309 1270 1497 1341 ussio
1543 1270 1750 1362 Regis
1789 1282 2042 1361 egerat,
2105 1282 2180 1341 ut
2222 1283 2374 1362 post
2417 1269 2873 1342 venerabilem
2929 1270 3122 1341 beati

482 1379 491 1388 ·
558 1367 752 1434 Isaac
801 1382 1063 1441 necem,
1107 1358 1206 1429 vel
1241 1294 1538 1430 aiiorum
1587 1372 2013 1438 sanctorum,
2074 1358 2395 1430 nonnulli
2433 1382 2512 1429 ex
2573 1359 3001 1449 presbyteris
3047 1371 3118 1432 et

558 1449 970 1521 diaconibus
1018 1448 1383 1530 Ecclesiae,
1440 1448 1738 1531 carceri,
1791 1449 1861 1516 in
1892 1469 2049 1548 'quo
2105 1448 2498 1540 praedictus
2558 1460 2702 1517 erat
2754 1448 3116 1532 loanneS,

562 1539 1149 1640 manciparentur,
1187 1550 1540 1625 tamquam
1580 1538 1715 1628 ipsi
1763 1548 2172 1608 excitassent
2221 1558 2338 1607 eos
2368 1537 2456 1607 ad
2508 1537 2949 1627 martyrium:
2990 1537 3121 1606 ad·

560 1640 755 1699 erant
802 1626 906 1698 illi
961 1625 1298 1714 frequenti
1350 1626 1677 1697 discursu
1722 1627 1906 1695 circa
1952 1625 2403 1717 compeditos,
2460 1625 2935 1696 ministrantes
2983 1627 3114 1709 eiS,
3225 1661 3238 1674 ·

562 1730 766 1809 prout
800 1727 1135 1808 poterant,
1172 1714 1257 1784 de
1304 1714 1474 1785 suis,
1528 1715 2021 1786 Detinebantur
2050 1736 2328 1806 quoque
2361 1713 2468 1784 his
2503 1714 2822 1795 vinculis,
2860 1735 3120 1802 quam·

559 1828 768 1894 quam
820 1806 892 1875 in
956 1804 1093 1875 alia
1144 1815 1333 1894 parte
1381 1805 1797 1894 separatim,
1849 1803 2029 1874 duae
2068 1804 2405 1896 virgineS‚
2462 1803 2665 1873 Maria
2731 1804 3005 1874 scilicet
3051 1815 3120 1875 et

566 1895 795 1976 Flora,
837 1913 1138 1981 quarum
1185 1891 1432 1962 ultima
1468 1892 1642 1963 diris
1693 1914 1916 1983 nuper
1944 1893 2166 1964 fuerat
2212 1892 2449 1982 flagris
2484 1913 2608 1982 pro
2640 1892 2908 1963 Christo
2953 1915 3122 1964 cru-

561 1983 762 2053 ciata.
823 1982 937 2052 lbi„
962 1981 1195 2062 etiam,
1255 2002 1417 2051 cum
1484 2003 1612 2072 ego
1661 1995 1975 2072 peccator
2022 1981 2352 2073 Eulogius
2398 2002 2542 2051 una
2586 2003 2748 2050 cum
2816 1981 2982 2052 aliis
3042 2004 3120 2052 ex

563 2070 874 2141 interiori
910 2070 1060 2161 jam
1091 2069 1385 2140 eductus
1428 2091 1702 2140 carcere
1735 2070 2134 2151 residerem,
2188 2092 2323 2140 non
2358 2069 2584 2140 solum
2636 2069 2869 2160 ipsum
2906 2091 3120 2162 saepe

567 2160 1002 2231 nominatum
1053 2157 1277 2229 virum
1326 2158 1680 2230 Aurelium
1735 2160 2026 2250 agnovi:
2093 2158 2211 2229 sed
2263 2171 2351 2242 et,
2419 2157 2684 2229 favente
2748 2163 2910 2240 Deo,
2965 2160 3120 2249 ejus

563 2248 788 2319 merui
821 2247 1198 2319 amicitiam
1229 2248 1558 2318 obtinere.

650 2340 687 2426 ξ
730 2342 808 2409 7.
861 2342 1128 2407 Interea
1185 2336 1409 2438 coepit
1461 2336 1816 2427 deprecari
1865 2358 1937 2406 se
1985 2336 2254 2407 institui
2313 2359 2352 2405 a
2395 2336 2617 2417 nobiS,
2673 2335 2846 2424 quid
2882 2347 3110 2437 ageret

565 2425 705 2497 illis
736 2426 1136 2511 divitiarum
1176 2425 1419 2516 copiis,
1472 2425 1733 2584 quibus
1770 2425 2065 2496 multum
2100 2425 2543 2496 abundabat:
2588 2448 2762 2496 num
2798 2441 3095 2518 protinus

561 2538 676 2588 eas
718 2516 885 2587 fisco
960 2515 1353 2585 inferendas
1413 2538 1484 2587 re
1518 2515 1851 2604 inqueret‚
1910 2528 1976 2586 et
2025 2515 2208 2586 nihil
2267 2515 2352 2585 de
2400 2516 2485 2586 iis
2535 2515 2681 2607 ipse
2733 2515 3084 2586 ordinaret.

541 2610 653 2675 *De
692 2605 972 2676 filiabus
1017 2605 1224 2675 etiam
1275 2604 1344 2673 in
1394 2616 1610 2675 aetate
1647 2603 1879 2675 adhuc
1911 2626 2120 2694 parva
2156 2606 2416 2695 positiS‚
2461 2627 2638 2692 quas
2686 2605 2920 2691 utique
3039 2612 3097 2672 -t

561 2715 768 2764 suum
795 2706 860 2763 et
888 2692 1619 2852 conjugisssscessum
1657 2692 1941 2784 profano
1978 2693 2345 2765 tradendas
2376 2692 2539 2763 ritui
2564 2693 2778 2765 altius
2808 2624 3099 2764 doleffltt.

1310 2781 1458 2851 uitu
1507 2782 1704 2872 regni
1750 2782 2065 2853 coelestis
2109 2796 2175 2853 et
2219 2784 2432 2853 causa
2479 2781 2960 2853 retributionis
3004 2803 3114 2851 ae·

561 2882 794 2942 ternae
828 2893 963 2940 non
1013 2870 1239 2941 solum
1290 2870 1770 2958 relinquenda,
1806 2891 2041 2942 verum
2072 2871 2280 2942 etiam
2329 2870 2658 2962 fugienda
2704 2892 2858 2942 esse
2893 2872 3109 2961 potis-

560 2959 818 3030 simum
868 2959 1405 3050 respondissem,
1458 2959 1819 3029 confestim
1871 2959 2238 3050 subjunxi:
2272 2964 2348 3030 At
2397 2961 2455 3029 si
2507 2959 2790 3050 provida
2817 2959 3114 3031 facultas

562 3049 889 3140 suppetit,
924 3070 1062 3136 qua
1112 3048 1281 3118 haec
1313 3048 1571 3129 omnia,
1627 3047 1961 3148 magistra
2012 3047 2427 3118 discretione
2461 3047 2955 3130 intercedente,
3007 3069 3122 3118 or·

565 3137 929 3208 dinentur:
983 3136 1228 3208 utilius
1276 3136 1582 3227 primum
1623 3135 1886 3226 judice,
1927 3136 2229 3207 sobolem
2277 3136 2363 3207 ad
2399 3138 2722 3209 tutiorem
2756 3136 3122 3228 transponi

564 3224 817 3306 locum,
869 3225 993 3296 ubi
1027 3225 1291 3295 Christo
1326 3224 1612 3296 liberius
1641 3223 2071 3315 assignetur:
2113 3248 2219 3297 res
2263 3248 2539 3313 quoque
2575 3227 2776 3317 Juxta
2826 3225 3126 3295 manda·

562 3326 709 3384 tum
742 3314 1013 3384 Domini
1050 3312 1356 3383 venditas
1382 3335 1691 3405 erogare,
1726 3335 1866 3401 quo
1894 3314 2273 3404 expeditior
2301 3316 2495 3386 vobis
2530 3327 2755 3405 pateat
2783 3314 3126 3405 deinceps

564 3415 717 3495 post
754 3402 1099 3474 Christum
1150 3402 1530 3492 ingressus.
1586 3402 1696 3472 Sic
1743 3402 1929 3471 enim
1964 3402 2116 3493 ipsa
2162 3403 2410 3473 veritas
2463 3403 2845 3476 sciscitanti
2891 3426 2970 3473 se
2998 3403 3126 3494 ju-

562 3491 741 3573 veni,
811 3490 1400 3579 quemadmodum
1450 3491 1658 3561 vitam
1717 3505 2067 3561 aeternam
2121 3492 2521 3581 possideret,
2579 3491 2982 3583 respondit:
3039 3493 3125 3563 Si

560 3582 663 3650 vis
688 3582 1027 3671 perfectus
1054 3602 1214 3660 esse,
1266 3580 1465 3650 vade:
1515 3580 1725 3650 vende
1772 3582 2001 3651 munia
2082 3604 2211 3651 uae
2257 3582 2479 3663 habes,
2535 3592 2658 3651 etc.
2690 3582 2965 3671 (Manli.
2997 3581 3122 3672 α),

563 3668 692 3740 Sed
730 3670 859 3739 etsi
908 3691 1067 3760 pars
1116 3668 1350 3756 aliqua
1397 3668 1466 3737 in
1519 3668 1915 3741 subsidium
1969 3691 2037 3738 re
2073 3670 2402 3758 inquatur
2438 3668 2781 3740 infantum
2816 3725 2832 3750 ,
2875 3669 3128 3760 culpa·

561 3758 700 3829 bile
731 3780 881 3828 esse
923 3780 1057 3827 non
1109 3758 1388 3849 poterit:
1442 3757 1624 3845 quod
1678 3757 1898 3828 multa
1949 3762 2223 3828 Patr-um
2261 3759 2622 3830 insinuant
2660 3758 3126 3829 documenta.

562 3846 860 3936 Ideoque
905 3846 967 3917 si
996 3846 1084 3916 ad
1142 3846 1322 3918 hanc
1366 3844 1957 3937 dispensationem
2003 3848 2282 3937 potestis
2313 3848 2671 3949 attingere,
2709 3849 2979 3938 optima
3011 3868 3126 3919 τω

561 3948 628 4015 et
675 3935 1047 4027 perfectum
1114 3957 1153 4005 o
1210 3958 1292 4006 us
1337 3934 1489 4018 erit,
1556 3934 1742 4023 quod
1792 3956 1913 4005 vos
1957 3936 2278 4026 expensis
2339 3938 2666 4007 omnibus
2728 3936 3124 4028 expeditos,

467 4032 479 4045 “
563 4025 876 4097 securius
899 4024 986 4096 ad
1025 4047 1146 4096 coe
1180 4024 1200 4094 i
1235 4023 1553 4095 militiam
1584 4023 1789 4094 faciat
1812 4046 2203 4115 properare.
2239 4029 2382 4095 Non
2416 4025 2603 4095 enim
2637 4024 3126 4096 cunctandum

563 4125 664 4185 est
692 4135 1015 4206 spernere
1064 4113 1583 4205 patrimonium,
1613 4112 1796 4200 quod
1837 4112 2054 4185 multo
2097 4112 2342 4184 melius
2371 4126 2437 4185 et
2462 4114 2672 4185 latius
2709 4115 2781 4183 in
2814 4113 3124 4195 coelum,

563 4224 698 4290 quo
748 4224 866 4272 vos
897 4203 1224 4283 nitimini,
1264 4201 1610 4293 proficisci
1642 4212 1930 4273 constat.
1969 4208 2099 4274 Nec
2145 4202 2451 4273 filiarum
2485 4203 2774 4274 affectus
2804 4203 3128 4275 societati

566 4305 961 4362 sanctorum
1015 4290 1542 4391 praeponendus
1573 4345 1589 4373 ,
1641 4313 1806 4362 cum
1851 4303 1918 4362 et
1989 4291 2148 4364 illas
2198 4292 2372 4362 tueri
2441 4292 2654 4379 possit
2699 4292 2774 4361 in
2825 4293 2959 4362 hoc
3007 4313 3132 4366 se-

567 4378 767 4459 culo,
847 4379 963 4450 cui
1012 4378 1295 4471 provida
1351 4378 1438 4451 de
1473 4379 1800 4452 omnibus
1855 4402 2022 4452 cura
2069 4390 2194 4452 est.
2249 4385 2327 4453 Et
2372 4401 2606 4452 revera
2661 4403 2799 4451 non
2869 4400 3132 4453 omne·

562 2783 683 2853 Cui
730 2804 891 2854 cum
936 2803 1171 2853 omma
