3308 5004
155 282 342 351 ms.
392 284 480 350 28
727 298 810 349 nn
854 301 913 350 s.
967 259 1333 352 musmo)
1371 303 1574 354 tusc.
1626 305 1706 353 ιτ
1748 303 1921 353 mci..
1974 304 2157 355 noer.
2486 288 2617 354 679

150 385 335 473 quod
358 386 506 475 jam
536 385 687 476 ipse
707 386 893 472 prior
924 385 1196 467 fecerat,
1226 386 1394 458 dum
1421 389 1515 458 *de
1546 389 2030 460 transmarinis
2045 387 2131 464 ad
2160 410 2290 459 sua
2306 400 2699 460 remeasset.

151 479 447 550 sanctus
496 496 651 544 veno
700 474 1007 546 Valerius
1075 475 1430 547 ordinator
1499 478 1692 566 ejus,
1751 490 1829 548 ut
1887 489 2035 549 erat
2083 476 2186 546 vir
2232 478 2594 568 piissimus
2635 490 2707 549 et

155 568 370 664 Deum
424 563 698 643 timens,
749 564 1098 636 exultabat
1133 577 1200 634 et
1246 571 1382 636 Deo
1427 567 1686 659 gratias
1717 564 1990 656 agebat,
2045 588 2209 637 suas
2249 565 2610 636 exauditas
2663 589 2710 638 a

150 658 444 722 Domino
482 651 695 721 fuisse
794 675 1023 744 reces:
1070 675 1250 741 quas
1279 676 1351 724 se
1396 655 1954 742 frequentissime
2009 653 2272 726 fudisse
2329 655 2698 725 narrabat:

153 740 416 812 scilicet
447 752 522 811 ut
562 741 694 811 sibi
720 674 1054 811 divinitus
1088 742 1816 816 homoconcederetur
1846 741 2025 823 talis,
2078 745 2199 830 qui
2233 756 2461 835 posset
2499 744 2704 814 verbo

154 830 271 899 Dei
304 843 372 899 et
418 829 732 899 doctrina
780 830 1046 902 salubri
1084 830 1458 902 Ecclesiam
1503 833 1619 903 Dei
1656 833 2050 902 aedificare:
2085 832 2202 903 cui
2233 832 2333 902 rei
2363 853 2463 913 se,
2497 832 2703 904 homo

155 922 405 989 natura
461 922 797 999 Graecus,
862 920 1232 1007 minusque
1308 923 1543 991 Latina
1594 921 1838 1013 lingua
1883 934 1949 991 et
2013 920 2230 991 literis
2289 921 2696 1002 instructus,

154 1008 388 1078 minus
438 1007 677 1077 utilem
729 1007 1148 1097 pervidebat.
1201 1013 1278 1078 Et
1322 1011 1549 1086 eidem
1609 1011 2006 1101 presbytero
2063 1021 2461 1100 potestatem
2512 1007 2703 1081 dedit

150 1118 384 1167 coram
429 1118 501 1166 se
541 1097 611 1166 in
657 1095 949 1167 ecclesia
980 1097 1427 1188 Evangelium
1489 1099 1959 1189 praedicandi,
2003 1120 2090 1168 ac
2146 1098 2699 1190 frequentissime

149 1185 526 1266 tractandi,
578 1199 815 1256 contra
863 1206 1069 1256 usum
1133 1186 1414 1275 quidem
1476 1200 1544 1257 et
1602 1186 2169 1258 consuetudinem
2221 1186 2694 1257 Africanarum

144 1274 621 1344 ecclesiarum.
678 1272 870 1343 Unde
910 1274 1120 1344 etiam
1169 1276 1232 1344 ei
1291 1275 1610 1346 nonnulli
1687 1277 2002 1377 Episcopi
2052 1276 2524 1346 detrahebant.
2564 1273 2693 1344 Sed

144 1361 269 1433 ille
332 1363 434 1431 vir
493 1363 903 1444 venerabilis
954 1385 1034 1432 ac
1084 1363 1437 1453 providus,
1490 1364 1560 1433 in
1631 1364 2096 1440 Orientalibus
2138 1364 2450 1434 ecclesiis
2495 1364 2565 1433 id
2614 1385 2696 1434 ex

144 1471 340 1522 more
387 1452 536 1521 fieri
577 1452 824 1531 scisne,
862 1451 1137 1523 utilitati
1184 1453 1513 1528 ecclesiae
1543 1454 1941 1535 consu-lens,
1984 1452 2512 1528 obtrectatorum
2557 1473 2692 1524 non

146 1541 441 1610 curabat
488 1541 788 1630 lingum,
842 1541 1223 1612 dummodo
1270 1541 1693 1612 factitaretur
1730 1565 1769 1612 a
1814 1543 2232 1631 presbytero,
2293 1541 2475 1630 quod
2534 1563 2572 1611 a
2617 1562 2696 1611 se

144 1630 484 1719 Episcopo
534 1629 808 1720 impleri
837 1629 1122 1699 minime
1160 1652 1357 1722 posse
1386 1627 1733 1702 cernebat.
1776 1631 1965 1701 Unde
1995 1653 2285 1718 accensa
2310 1642 2377 1700 et
2408 1629 2686 1711 ardens,

144 1718 406 1794 elevata
454 1740 664 1806 super
690 1716 1186 1788 candelabrum
1222 1719 1527 1801 lucerna,
1580 1721 1908 1791 omnibus
1938 1719 2162 1807 quiin
2213 1719 2420 1789 domo
2466 1731 2687 1799 erant,

147 1806 446 1878 lucebat.
504 1811 577 1876 Et
626 1820 857 1897 postea
916 1822 1237 1878 currente
1311 1822 1379 1878 et
1426 1809 1694 1879 volante
1759 1808 2156 1894 hujusmodi
2225 1807 2453 1889 fame,
2512 1808 2692 1876 bono

148 1895 597 1987 praecedente
636 1895 978 1985 exemplo,
1026 1909 1305 1989 accepta
1355 1899 1445 1967 ab
1491 1898 1851 1988 Episcopis
1912 1909 2262 1987 potestate,
2311 1896 2692 1987 presbyteri

150 1984 469 2072 nonnulli
504 2006 733 2054 coram
770 1985 1149 2086 Episcopis,
1186 1986 1460 2087 populis
1495 2001 1789 2057 tractare
1820 2000 2195 2075 coeperunt
2228 1987 2511 2055 verbum
2550 1985 2686 2054 Dei.

241 2076 278 2159 ἓ
322 2077 417 2143 θ.
472 2078 644 2144 Sane
696 2087 857 2143 tunc
906 2073 976 2142 in
1027 2073 1142 2144 illa
1206 2077 1630 2165 Hipponensi
1686 2075 1920 2147 urbe*
1954 2075 2510 2148 Manichaeorum
2571 2096 2691 2164 pe-

147 2160 446 2248 stilentia
488 2162 1051 2254 quamplurimos
1090 2163 1281 2234 cives
1324 2177 1392 2234 et
1449 2165 1844 2254 peregrinos
1893 2163 2217 2233 infecerat
2263 2175 2328 2240 et
2377 2177 2693 2254 penetra-

149 2263 357 2334 verat,
411 2251 780 2322 seducente
824 2264 891 2320 et
934 2250 1322 2342 decipiente
1349 2253 1659 2342 ejusdem
1713 2253 2013 2322 haeresis
2047 2251 2348 2339 quodam
2398 2253 2689 2341 presby·-

146 2351 313 2421 tero,
365 2342 642 2411 nomine
694 2344 1085 2421 Fortunato,
1141 2340 1393 2411 ibidem
1446 2352 1890 2410 conversante
1950 2352 2154 2427 atque
2202 2351 2532 2409 morante.
2569 2344 2689 2408 In·-

145 2441 326 2498 terea
365 2431 844 2532 Hipponenses
890 2430 1073 2500 cives
1119 2441 1185 2499 et
1248 2431 1590 2522 peregrini
1636 2429 2047 2509 Christiani,
2105 2443 2239 2497 tam
2303 2426 2683 2511 catholici,

135 2539 350 2676 guam
380 2535 587 2589 etiam
641 2519 1047 2598 Donatistae,
1108 2518 1365 2589 adeunt
1411 2520 1868 2609 Augustinum
1922 2518 2423 2609 presbyterum.
2479 2530 2689 2605 atque

193 2621 553 2697 eposcunt‚
589 2607 894 2677 utillum
947 2608 1296 2681 hominem
1340 2608 1892 2678 Manichaeorum
1950 2610 2686 2696 presbyterum‚quem

139 2696 424 2765 doctum
467 2695 860 2777 credebant,
894 2696 1173 2777 videret,
1206 2709 1271 2766 et
1312 2718 1476 2766 cum
1511 2697 1749 2767 eodem
1802 2694 1887 2765 de
1921 2695 2067 2786 lege
2112 2707 2454 2765 tractaret.
2492 2693 2685 2778 Quod

135 2783 355 2862 idem,
392 2796 470 2853 ut
507 2784 839 2873 scriptum
889 2798 1013 2866 est,
1070 2798 1350 2879 paratus
1409 2786 1495 2855 ad
1563 2785 2078 2875 responsionem
2129 2784 2320 2854 omni
2378 2784 2688 2873 poscenti

133 2893 213 2941 se
256 2872 589 2941 rationem
638 2873 724 2943 de
772 2873 908 2944 side
953 2887 1019 2944 et
1049 2896 1193 2965 spe,
1247 2894 1425 2961 quae
1474 2875 1541 2943 in
1577 2880 1710 2943 Deo
1746 2887 1870 2953 est,
1930 2885 2306 2962 potensque
2343 2872 2688 2942 exhortari

137 2961 214 3031 in
253 2960 567 3030 doctrina
617 2984 808 3044 sana,
862 2975 936 3032 ret
972 2961 1519 3033 contradicentes
1576 2962 1778 3032 redar
1831 2984 2010 3042 uere,
2069 2961 2354 3030 minime
2402 2961 2680 3031 renuit:

134 3048 263 3120 sed
318 3064 546 3119 utrum
597 3052 801 3122 etiam
854 3053 981 3123 hoc
1029 3057 1442 3123 Fortunatus
1488 3051 1638 3121 fieri
1706 3051 1942 3131 velet,
1995 3051 2384 3121 sciscitatus
2429 3063 2553 3119 est.
2610 3054 2689 3120 At

134 3139 242 3208 illi
305 3137 660 3210 confestim
713 3140 795 3209 ad
848 3141 1078 3243 ipsum
1142 3145 1588 3211 Fortunatam
1644 3138 1709 3208 id
1782 3139 2217 3220 detulerunt,
2274 3150 2574 3227 petentes
2607 3151 2687 3209 et

130 3229 574 3299 exhortantes
616 3251 699 3298 ac
738 3228 1365 3320 flagitantes,-quod
1417 3228 1484 3299 id
1541 3229 1825 3298 minime
1873 3242 2237 3299 recusaret.
2293 3232 2467 3298 Sane
2511 3248 2686 3316 quo—

136 3318 334 3386 niam
386 3315 565 3385 idem
618 3322 1029 3388 Fortunatus
1067 3318 1209 3405 jem
1247 3318 1432 3409 apud
1490 3318 1974 3408 Carthaginem
2033 3328 2350 3387 sanctum
2403 3328 2685 3386 noverat

132 3405 603 3494 Augustinum
635 3459 655 3485 ,
710 3405 941 3475 adhuc
988 3407 1059 3474 in
1106 3407 1344 3476 eodem
1395 3429 1628 3477 secum
1689 3428 1916 3475 errore
1962 3406 2452 3497 constitutum,
2519 3427 2681 3497 cum

134 3494 380 3565 eodem
417 3494 744 3585 congredi
780 3494 1144 3585 pavitabat.
1181 3501 1661 3569 Verumtamen
1698 3517 1980 3568 suorum
2022 3495 2318 3564 maxime
2354 3494 2684 3564 instantia

127 3594 421 3654 coactus
469 3605 549 3653 ac
605 3585 1152 3664 verecundatus,
1226 3586 1542 3673 promisit
1593 3586 1917 3653 cominus
1964 3604 2037 3653 se
2090 3604 2240 3653 esse
2287 3596 2677 3665 venturum,

132 3686 628 3761 certamenque
674 3672 1081 3762 disputandi
1129 3675 1553 3743 subiturum.
1612 3672 1804 3742 Unde
1860 3672 2179 3742 condicto
2225 3671 2338 3740 die
2379 3682 2446 3740 et
2485 3670 2678 3753 loco,

137 3775 608 3830 convenerunt
628 3763 698 3830 in
728 3783 971 3832 unum.
999 3762 1574 3832 concurrentibus
1599 3761 2141 3850 quamplurimis
2168 3760 2330 3829 viris
2358 3759 2685 3830 studiosis

147 3850 506 3937 turbisque
535 3850 870 3921 curiosis:
906 3863 974 3921 et
1000 3852 1256 3941 apertis
1284 3850 1707 3921 notariorum
1740 3849 2017 3929 tabulis,
2047 3847 2421 3938 disputatio
2447 3862 2687 3936 coepta

145 3938 394 4025 primo,
447 3951 513 4009 et
558 3939 864 4009 secundo
911 3940 1105 4009 finita
1165 3953 1265 4009 est
1300 3939 1437 4009 die.
1492 3944 1567 4008 In
1619 3960 1758 4026 qua
1810 3938 1922 4007 ille
1985 3927 2428 4007 manichaeus
2495 3959 2686 4027 prae-

143 4040 400 4114 ceptor,
456 4040 535 4098 ut
588 4041 933 4118 gestorum
985 4028 1289 4098 continet
1334 4028 1530 4108 fides,
1590 4049 1713 4098 nec
1761 4027 2175 4098 Catholicam
2217 4026 2684 4097 assertionem

194 4117 368 4185 otuit
418 4138 774 4197 evacuare,
825 4138 951 4187 nec
999 4117 1551 4188 Manichaeorum
1601 4129 1857 4186 sectam
1908 4115 2203 4186 subnixa
2253 4114 2527 4184 veritate
2573 4137 2689 4183 va·

177 4201 281 4271 uit
324 4209 816 4296 comprobare:
895 4206 1013 4276 sed
1062 4206 1393 4275 deficiens
1440 4206 1907 4296 responsione,
1961 4203 2208 4275 ultimo
2264 4203 2685 4274 collaturum

134 4364 569 4468 “goffffiltefio.
593 4380 686 4419 qu·
713 4378 882 4419 parum
911 4369 1059 4410 distat
1085 4365 1313 4414 hodiem
1338 4369 1476 4417 Bona.
1512 4364 1563 4415 in
1596 4368 1699 4411 nod.
1737 4366 1984 4415 numidiae
2015 4364 2262 4419 provinci-
2286 4376 2428 4417 qnam
2465 4367 2692 4418 Atqu-to-
