3308 5004
694 329 826 396 636
1290 348 1370 394 ιιι
1416 348 1473 395 s.
1526 346 1838 396 tunonco
1885 348 2045 397 uox
2091 346 2472 397 ruscorum
2825 329 3016 394 AUG.
3071 329 3154 392 2⁵

650 451 1116 589 uemcumtliue
1180 453 1222 500 a
1281 431 1669 502 Christiana
1737 432 2069 524 religione
2141 432 2491 512 alienum,
2562 430 2784 501 balteo
2848 429 3166 500 militare

652 541 866 591 onare
914 541 991 589 ve
1022 540 1204 589 im.»

693 613 732 698 ξ
781 613 936 683 2⁴1.
990 614 1067 678 In
1118 609 1315 701 regni
1360 609 1964 680 administratione
2006 631 2160 680 eam
2197 608 2638 700 prudentiam
2675 620 2742 678 et
2776 608 3166 677 auctorita·

608 711 743 768 tem
793 697 1186 778 adhibebat,
1221 710 1299 769 ut
1336 697 1488 768 sine
1519 698 1916 788 acceptione
1956 719 2432 790 personarum,
2466 697 2956 767 controversiis
2983 718 3173 784 quo-

606 807 1068 874 rumcumque
1112 786 1481 888 diligenter
1524 787 1858 867 excussis,
1902 788 2166 878 justam
2203 787 2410 857 ferret
2445 785 2879 856 sententiam.
2919 786 3168 855 Consi·

608 876 790 946 liarii
812 876 964 966 ejus
981 887 1048 946 et
1073 896 1270 967 regni
1297 897 1637 967 proceres,
1662 887 2023 947 cernentes
2040 898 2201 947 eum
2221 875 2563 966 sapientia
2587 873 2704 944 Dei
2728 873 3167 966 praeditum.

605 978 670 1035 et
712 965 983 1034 sineere
1026 976 1233 1051 atque
1274 986 1357 1035 ex
1401 965 1639 1034 animo
1684 963 1810 1034 dili
1860 964 2070 1035 ebant
2112 964 2313 1035 illum
2349 1018 2366 1044 ,
2414 975 2483 1034 et
2529 985 2666 1033 nou
2715 962 3173 1033 mediocriter

608 1054 1039 1125 verebantur.
1094 1058 1265 1123 Cum
1310 1065 1547 1123 autem
1593 1052 1800 1123 sormi
1851 1066 1998 1124 aret
2041 1053 2203 1145 pius
2249 1057 2413 1135 Rex,
2462 1073 2711 1123 causas
2851 1073 3165 1142 uperum

609 1163 742 1213 non
795 1163 1090 1233 magnae
1137 1140 1279 1212 illis
1323 1163 1535 1212 curae
1576 1163 1774 1223 esse,
1823 1156 1903 1213 ut
1947 1143 2319 1212 minimum
2352 1195 2370 1223 ,
2431 1140 2541 1212 bis
2596 1140 2682 1210 he
2778 1140 3168 1211 omadibus

606 1230 906 1322 singulis
954 1231 1024 1299 in
1077 1229 1226 1300 loco
1272 1229 1553 1322 publico
1601 1231 1958 1314 residens,
2010 1231 2337 1302 audiebat
2380 1251 2622 1300 eorum
2668 1229 3055 1317 querelas:
3105 1244 3166 1298 et

604 1333 752 1390 tum
791 1319 1087 1409 justitia,
1133 1332 1278 1390 tum
1311 1319 1785 1389 misericordia
1812 1341 1930 1390 eas
1959 1319 2375 1411 expendens,
2410 1318 2722 1389 celeriter
2749 1318 2914 1389 illos
2949 1339 3162 1409 expe·

602 1407 854 1478 diebat.
910 1406 1170 1490 Duella,
1220 1421 1299 1478 ut
1341 1429 1520 1495 quae
1557 1408 1718 1496 jure
1761 1422 1992 1479 essent
2039 1408 2265 1490 vetita,
2316 1407 2406 1478 ad
2449 1406 2711 1477 nullius
2751 1429 3012 1497 preces
3045 1407 3160 1476 ad·

607 1497 874 1566 mittere
901 1496 1156 1567 voluit:
1195 1496 1313 1567 sed
1348 1495 1485 1567 alia
1516 1498 1803 1579 ratione,
1838 1519 2018 1585 quae
2041 1497 2190 1586 juri
2220 1507 2678 1568 consentanea
2702 1508 2914 1577 esset,
2954 1497 3159 1566 etiam

607 1597 1011 1682 magnatum
1064 1585 1402 1656 maleficia
1445 1585 1850 1677 castigabat.
1906 1592 1984 1657 Et
2013 1598 2091 1656 ut
2130 1607 2500 1656 usurarum
2537 1585 2872 1656 immanis
2905 1590 3160 1675 vorago

604 1675 1094 1755 obstrueretur,
1146 1675 1406 1756 statuit,
1457 1687 1535 1745 ut
1580 1695 1722 1755 eos,
1773 1675 1896 1763 qui
1930 1697 2052 1766 per
2082 1675 2318 1746 literas
2351 1673 2637 1744 =ludaeis
2674 1687 2798 1743 aut
2835 1673 3015 1744 aliis
3091 1697 3157 1743 u·

603 1763 782 1833 blice
825 1784 1080 1833 usuras
1124 1764 1599 1834 exercentibus
1645 1785 1720 1834 se
1766 1763 2213 1856 obligassent,
2266 1784 2402 1833 non
2450 1775 2775 1865 cogerent
2822 1762 2917 1831 ad
2983 1786 3062 1833 so
3089 1785 3151 1831 u·

606 1852 861 1922 tionem
901 1851 1199 1942 judices.
1252 1857 1332 1922 Et
1366 1852 1532 1939 quia
1563 1853 1918 1925 verissime
1955 1853 2127 1923 dixit
2159 1853 2397 1933 Isaias,
2438 1855 2584 1920 Erat
2611 1873 2781 1942 opus
2800 1853 3144 1942 justitiae,

602 1963 753 2031 pax
794 1940 918 2029 (Is.
971 1961 1170 2020 xxxu,
1226 1940 1379 2041 ⁴7):
1434 1946 1608 2011 Deus
1639 1941 1833 2029 justo
1863 1954 1931 2013 et
1960 1942 2074 2033 pio
2111 1942 2281 2033 Regi
2312 1960 2577 2031 pacem,
2613 1953 2681 2010 et
2712 1962 2946 2030 regno
2983 1956 3149 2011 tran-

609 2027 1022 2116 quillitatem
1076 2030 1432 2118 praestitit.

693 2118 732 2204 §
780 2120 936 2188 85.
988 2117 1297 2188 Habebat
1342 2117 1474 2188 hoc
1521 2118 1871 2209 peculiare
1915 2142 1958 2188 a
2007 2123 2139 2191 Deo
2186 2139 2447 2188 munus
2477 2173 2493 2200 ,
2547 2132 2623 2190 ut
2666 2117 2792 2206 qui
2850 2119 3035 2188 inter
3079 2138 3139 2187 se

604 2203 953 2274 discordia
1000 2205 1413 2288 laborarent,
1463 2228 1579 2277 eos
1625 2218 1704 2277 ut
1751 2207 2137 2298 plurimum
2187 2205 2606 2277 conciliaret.
2658 2212 2896 2289 Quam
2955 2205 3138 2276 fuerit

604 2306 833 2363 autem
884 2298 1016 2364 Deo
1061 2308 1257 2385 grata
1304 2295 1475 2365 tanti
1524 2297 1731 2386 Regis
1777 2317 2056 2368 summa
2102 2295 2485 2377 humilitas»,
2539 2301 2676 2366 Rex
2717 2316 2974 2385 regum
3007 2316 3134 2362 om·
3263 2317 3264 2380 ᾗ

606 2381 803 2452 nium
855 2382 1166 2454 Christus
1215 2388 1393 2455 Deus
1421 2382 1720 2454 evidenti
1755 2385 2094 2456 miraculo
2123 2383 2530 2454 declaravit:
2575 2389 2825 2454 Comes
2859 2382 3127 2453 Geldtiae
3263 2403 3264 2426 ¹

608 2470 946 2542 nuncium
993 2493 1153 2543 cum
1204 2470 1424 2543 literis
1468 2473 1750 2544 miserat
1778 2474 2097 2556 Parisios,
2137 2473 2325 2544 illico
2357 2473 2775 2544 rediturum.
2819 2476 3107 2567 Exeo&

607 2581 798 2631 verso
844 2560 1328 2633 sciscitabatur
1372 2568 1632 2644 ComeS,
1689 2584 1858 2632 num
1910 2568 2163 2654 Regem
2215 2562 2543 2633 Franciae
2589 2561 2992 2632 Ludovicum
3019 2578 3100 2656 v}-

610 2649 845 2720 disset.
875 2654 1045 2719 Turn
1080 2648 1197 2720 ille
1227 2650 1694 2731 subsannans,
1731 2650 2129 2739 collumque
2156 2662 2655 2738 contorquens:
2687 2649 2879 2731 vidi,
2907 2652 3108 2735 iuquit,

608 2735 745 2806 vidi
776 2736 975 2808 illum
1013 2739 1346 2810 miserum
1381 2739 1824 2830 papilardum
1862 2745 2138 2832 Regem,
2177 2739 2265 2810 ad
2299 2739 2623 2830 scapulas
2662 2738 3002 2827 capitium
3027 2754 3118 2824 ge-

608 2836 925 2897 stantem.
977 2827 1098 2897 Vix
1146 2828 1353 2928 tserba
1396 2827 1694 2910 finierat,
1736 2840 1803 2898 et
1831 2828 2044 2900 facies
2082 2830 2233 2918 ejus
2267 2840 2642 2899 retrorsum
2683 2839 2844 2897 acta
2883 2828 2973 2898 ita
3003 2844 3133 2894 con·

608 2927 779 2985 torta
827 2928 1231 3005 permansit.

692 3005 732 3092 ξ
780 3009 946 3076 88.
997 3004 1297 3075 Tandem
1350 3017 1504 3095 post
1554 3003 1932 3075 multorum
1981 3026 2325 3076 annorum
2376 3005 2754 3087 curricula,
2798 3006 3142 3094 quibusoe

611 3093 681 3161 in
728 3092 921 3162 omni
967 3092 1218 3163 virtute
1260 3093 1565 3164 exercuit
1608 3107 1897 3164 sanctus
1942 3100 2106 3176 Rex,
2157 3106 2343 3165 certa
2392 3094 2475 3164 ad
2524 3116 2683 3164 eum
2734 3093 2938 3165 fama
2967 3093 3144 3164 allata
3259 3132 3260 3145 κ

607 3178 1071 3251 devastatione
1114 3193 1180 3251 et
1226 3180 1554 3272 periculis
1600 3187 1846 3252 Terrae
1892 3196 2191 3263 sanctae,
2231 3183 2450 3253 instar
2482 3182 2855 3252 matathiae
2890 3204 3052 3253 cum
3077 3178 3145 3249 fi·

613 3268 727 3337 liis
774 3269 923 3338 suis
970 3268 1153 3339 mala
1198 3272 1423 3362 gentis
1470 3268 1897 3341 Christianae
1939 3284 2008 3342 et
2053 3285 2452 3342 sanctorum
2508 3270 2684 3341 ferre
2738 3292 2889 3341 non
2965 3268 3151 3343 susti-

616 3377 811 3437 nens,
857 3361 989 3426 Deo
1019 3358 1248 3449 ipsum
1287 3372 1746 3450 permovente,
1780 3358 2065 3430 alteram
2108 3361 2414 3451 suscepit
2455 3360 2980 3450 navigationem
3009 3378 3154 3428 cum

612 3444 835 3527 tribus
881 3445 1047 3515 filiis
1093 3447 1240 3517 suis
1285 3448 1682 3530 comitibuS,
1719 3448 2020 3536 itemque
2050 3471 2214 3519 cum
2249 3448 2445 3540 regni
2479 3448 2904 3520 Proceribus
2941 3461 3009 3520 et
3047 3451 3156 3517 No-

609 3532 896 3616 bilibus,
947 3533 1302 3623 multaque
1333 3536 1574 3627 populi
1607 3536 2016 3625 frequentia.
2061 3541 2369 3626 Cumque
2399 3537 2545 3627 jam
2588 3558 2799 3609 naves
2835 3556 3158 3608 conscen-
3255 3542 3256 3553 ¹

613 3621 760 3695 suri
804 3635 1022 3705 erant,
1072 3623 1255 3694 filios
1302 3646 1465 3696 suos
1513 3624 1770 3696 blando
1808 3625 2007 3696 vultu
2041 3624 2465 3717 adspiciens,
2510 3638 2578 3696 et
2614 3626 3154 3717 primogenitum

615 3710 968 3802 speciatim
1018 3712 1402 3814 appellanS,
1453 3712 1587 3783 ait:
1639 3736 1680 3780 «
1729 3714 1917 3791 Vide,
1954 3713 2083 3797 fili,
2124 3727 2205 3785 ut
2234 3737 2364 3806 ego
2390 3715 2538 3804 J‘am
2579 3711 3035 3815 grandaevus
3069 3732 3160 3784 se-

612 3800 842 3872 cundo
887 3800 1019 3871 hoc
1064 3814 1194 3872 tter
1236 3822 1620 3893 capessam,
1673 3804 1955 3889 quando
1994 3802 2143 3891 jam
2192 3804 2399 3875 etiam
2450 3808 2718 3894 Regma
2768 3817 3005 3874 mater
3047 3813 3154 3872 tua

578 3902 931 3977 ‚provecta
977 3901 1195 3960 aetate
1237 3902 1363 3973 est,
1413 3902 1480 3959 et
1526 3911 1653 3961 nos
1691 3912 1763 3960 re
1817 3912 1983 3961 num
2017 3904 2361 3974 nostrum,
2390 3891 2657 3962 favente
2687 3896 2853 3972 Deo,
2897 3893 3186 3980 absque<

612 3977 758 4048 ulla
805 3977 1318 4068 perturbatione
1349 3979 1746 4051 obtinemus
1766 3914 2058 4059 guinis,
2094 3979 2367 4051 deliciis
2392 3993 2460 4051 et
2492 3980 2914 4063 honoribuS,
2946 3998 3154 4069 qma-

614 4078 759 4137 tum
808 4066 913 4137 fas
958 4080 1084 4148 est,
1127 4066 1505 4138 affluentes
1548 4067 1739 4149 Vide,
1782 4068 2097 4157 inquam,
2143 4082 2221 4140 ut
2251 4068 2500 4140 Christi
2530 4081 2598 4139 et
2626 4068 2986 4140 Ecclesiae
3013 4069 3152 4159 ejus

610 4155 821 4225 causa
868 4176 1005 4225 non
1058 4177 1338 4247 parcam
1386 4156 1720 4227 senectuti
1769 4176 1984 4238 meae,
2043 4178 2167 4229 nec
2216 4180 2327 4228 me
2373 4157 2601 4229 flectat
2637 4155 2988 4229 desolatio
3029 4174 3156 4255 ung

612 4242 738 4313 tris
786 4256 966 4326 tuae,
1001 4243 1287 4315 delicias
1322 4257 1389 4315 et
1417 4245 1714 4316 honores
1742 4257 2211 4328 contemnam,
2247 4266 2554 4338 opesque
2585 4268 2779 4317 meas
2807 4267 2946 4338 pro
2977 4245 3156 4317 Chn-

611 4342 717 4431 sto
763 4331 1188 4423 impendam.
1241 4333 1453 4414 Vide,
1502 4345 1583 4405 ut
1629 4345 1695 4403 te
1737 4346 1808 4403 et
1850 4333 2096 4404 fratres
2142 4346 2297 4406 tuos
2343 4348 2436 4406 et·
2455 4355 2766 4405 sororem
2815 4334 3158 4430 primogef

614 4431 832 4489 mtam
883 4441 1154 4491 mecum
1204 4420 1484 4504 ducam,
1536 4421 1749 4492 simul
1796 4423 2004 4494 etiam
2050 4435 2379 4513 quartum
2428 4423 2654 4501 filium
2689 4422 3067 4506 ducturus,
3103 4439 3154 4490 st
