3308 5004
1095 405 1814 523 AUGUSTUS

1296 679 1607 689 —m

1155 970 1237 1035 IN
1289 968 1688 1035 HONOREM

402 1186 1194 1289 VENERABlLlUM
1267 1185 1895 1301 CATENARUM
1969 1185 2087 1285 ET
2157 1183 2494 1285 GLADll

528 1423 604 1500 s.
667 1422 984 1500 PETRI
1040 1420 1813 1501 APOSTOLORUM
1869 1419 2385 1499 PRINCIPIS

822 1673 1109 1721 ‚mucrona
1159 1674 1211 1721 s.
1268 1673 1511 1721 somni:
1560 1674 2006 1722 cum‘sosrouo
2057 1652 2089 1684 '⁰²

998 1870 1285 1916 EABETUR
1321 1869 1387 1915 IN
1421 1867 1549 1915 snt.
1588 1870 1900 1916 METAPHR.

256 2045 292 2130 ξ
340 2049 419 2116 1.
456 2043 895 2129 Quicumque
920 2041 1155 2111 divino
1192 2042 1666 2131 Apostolorum
1710 2044 1966 2111 summi
1996 2043 2172 2112 Petri
2201 2065 2432 2111 amore
2470 2042 2726 2124 allecti,

181 2130 257 2199 ad
290 2133 443 2221 ejus
495 2131 904 2222 panegyrim
955 2153 1035 2200 ac
1083 2131 1264 2200 diem
1311 2130 1559 2200 festum
1611 2131 2101 2200 celebrandum
2157 2132 2414 2222 parati,
2468 2144 2532 2200 et
2581 2132 2731 2221 ejus

182 2219 427 2290 divinis
479 2221 742 2290 retibus
775 2220 983 2310 capti,
1039 2219 1561 2306 incolumesque
1611 2221 1880 2302 servati,
1935 2220 2127 2290 illius
2173 2221 2578 2321 Theologiae
2629 2220 2734 2289 lu·

183 2310 357 2379 mine
409 2309 739 2388 illustrati
798 2331 1069 2390 sumus,
1124 2308 1206 2377 ad
1268 2308 1575 2397 ejusdem
1647 2308 1932 2379 laudum
1999 2310 2364 2396 praeconia
2414 2309 2726 2399 linguam

184 2414 477 2469 nostram
522 2398 936 2499 dirigamus.
992 2397 1223 2466 Multis
1271 2397 1547 2483 quidem
1601 2398 1685 2466 de
1720 2399 1951 2467 causis
1997 2399 2173 2468 beati
2218 2398 2516 2488 Apostoli
2553 2398 2730 2467 Petri

185 2488 583 2558 memoriam
634 2487 745 2556 die
793 2486 962 2558 sesto
1018 2500 1083 2557 et
1136 2486 1535 2556 laudatione
1592 2486 1877 2578 dignam
1939 2510 2088 2559 esse
2136 2510 2523 2569 censemuS,
2594 2509 2730 2556 non

185 2577 463 2647 minime
514 2590 744 2646 autem
793 2588 1070 2666 propter
1118 2576 1541 2665 Apostolicae
1590 2576 1949 2664 dignitatis
2004 2577 2338 2668 gradum,
2400 2588 2465 2645 et
2514 2581 2733 2644 Evan-

185 2666 430 2754 gelicae
480 2665 1020 2768 praedicationis
1069 2687 1351 2734 cursum
1406 2688 1485 2734 ac
1551 2665 1980 2744 doctrinam,
2036 2665 2727 2751 admonitionesque,

186 2756 426 2841 quibus
481 2778 553 2823 in
596 2755 1026 2844 dispersione
1062 2755 1369 2844 gentium
1403 2767 1750 2824 versantes
1788 2755 2085 2823 Judaeos
2135 2753 2543 2824 instruebat:
2579 2754 2735 2825 illos

185 2845 347 2913 enim
390 2867 481 2914 eo
523 2845 781 2933 majore
813 2846 979 2912 cura
1017 2856 1082 2911 et
1131 2843 1571 2913 solicitudine
1614 2844 2179 2934 prosequebatur,
2233 2843 2417 2930 quod
2471 2865 2549 2912 ex
2593 2842 2735 2912 illis

186 2934 273 3022 ori
328 2934 516 3003 inem
569 2933 882 3003 duxerat.
926 2936 1115 3015 Quae
1162 2933 1392 3000 omnia
1444 2954 1603 3001 cum
1658 2932 1741 3001 ad
1810 2932 2096 3001 laudum
2152 2934 2507 3001 materiam
2570 2955 2737 3023 sup-

189 3043 259 3111 pe
308 3021 622 3092 itandam
675 3021 924 3090 idonea
990 3043 1139 3089 esse
1179 3020 1585 3108 judicentur
1631 3034 1836 3108 atque
1892 3035 2382 3102 assumantur,
2449 3021 2735 3090 omnino

191 3111 397 3180 valent
434 3111 522 3180 ad
576 3110 973 3201 Apostolum
1024 3111 1255 3200 ipsum
1316 3132 1592 3179 summo
1642 3110 2061 3179 laudationis
2112 3110 2478 3200 praeconio
2526 3110 2738 3178 extol-

194 3196 494 3269 lendum.
543 3203 867 3268 Sanctum
919 3199 1100 3268 enim
1141 3221 1219 3267 ac
1258 3200 1526 3290 justum
1583 3212 1707 3281 est,
1760 3222 1839 3268 eo
1886 3199 2070 3286 quod
2123 3222 2199 3268 ex
2249 3199 2380 3279 his,
2434 3221 2612 3285 quae
2665 3200 2734 3266 in

194 3285 322 3378 lege
359 3288 603 3358 divina
634 3288 890 3377 scripta
939 3302 1122 3369 sunt,
1158 3309 1349 3380 eum,
1383 3288 1503 3374 qui
1534 3288 1618 3356 ad
1674 3289 1961 3358 salutem
2017 3288 2217 3357 nobis
2244 3287 2734 3358 conserendam

195 3374 254 3444 in
300 3377 648 3449 mundum
715 3378 944 3457 venit,
1000 3389 1352 3463 tamquam
1405 3377 1472 3444 in
1531 3377 1814 3466 speculo
1884 3377 2181 3464 quodam
2263 3377 2684 3467 perspexerit
2718 3430 2734 3457 ,

197 3467 479 3536 summis
526 3478 592 3535 et
642 3465 906 3534 meritis
959 3465 1342 3535 honoribus
1388 3465 1784 3555 Apostolum
1841 3466 2070 3556 ipsum
2125 3466 2548 3555 praedicari:
2590 3487 2740 3534 om-

196 3553 369 3624 nium
426 3575 586 3624 vero
635 3554 974 3635 maxime,
1020 3554 1203 3641 quod
1257 3554 1326 3622 in
1378 3555 1701 3623 extremis
1754 3555 2178 3645 temporibus
2240 3560 2448 3624 Deum
2503 3554 2736 3644 ipsum

194 3642 447 3720 viderit.
506 3643 978 3735 Unigenitum,
1036 3644 1348 3731 inquam,
1414 3643 1527 3713 Dei
1578 3642 1826 3713 Filium
1877 3666 2108 3712 secum
2162 3665 2302 3712 una
2350 3656 2734 3714 versantem

194 3732 706 3820 ineloquentem,
750 3745 815 3801 et
846 3732 1193 3801 humanae
1240 3733 1495 3814 carme,
1531 3754 1667 3819 qua
1711 3753 1782 3801 se
1816 3733 2068 3814 induit,
2111 3732 2546 3821 spectandae,
2587 3753 2740 3820 my-

197 3822 506 3909 steriique
563 3821 1030 3911 cognoscendi
1099 3820 1492 3891 facultatem
1570 3822 2054 3911 praebentem:
2110 3820 2178 3889 in
2236 3843 2373 3908 quo
2422 3833 2488 3889 et
2534 3841 2733 3889 suam

196 3908 553 3980 Ecclesiam
606 3931 729 4000 pro
760 3910 1036 3979 divinae
1085 3909 1275 3979 illius
1310 3910 1494 3979 vocis
1543 3910 1874 4000 praemio,
1914 3933 2051 3998 qua
2085 3909 2317 4000 ipsum
2357 3909 2472 3978 Dei
2505 3907 2728 3977 filium

196 4015 325 4067 aese
370 3999 815 4088 praedicavit,
867 3997 1396 4068 aedificaturum
1441 4020 1513 4069 se
1563 3998 1922 4090 praedixit,
1976 4013 2040 4067 et
2086 3999 2437 4067 coelorum
2503 3998 2732 4068 claves

197 4085 329 4173 ejus
375 4088 446 4156 in
497 4109 571 4158 se
598 4087 762 4157 fidei
812 4088 1273 4157 arrhabonem
1324 4109 1396 4157 se
1442 4087 1546 4157 illi
1594 4088 1949 4169 daturum,
2003 4100 2069 4156 et
2115 4108 2352 4156 eorum
2418 4108 2596 4175 quae
2644 4087 2732 4155 ab

198 4252 266 4296 9.·
292 4260 333 4298 8.
352 4261 517 4301 Proclo
535 4262 836 4302 Paniai-chae
855 4263 1016 4311 potius
1034 4257 1287 4301 tribuenda
1320 4262 1514 4302 videtur
1529 4262 1646 4317 haec
1666 4263 1725 4302 de
1756 4262 1905 4302 sacris
1924 4262 2053 4301 Petri
2068 4257 2271 4301 vinculis
2293 4261 2475 4304 Oratio:
2506 4259 2590 4301 illo
2612 4257 2740 4301 enim

201 4311 379 4353 cedente
408 4315 561 4361 (mnis
588 4315 759 4355 saltem
788 4316 840 4354 80
868 4316 1194 4364 praecesserat
1224 4314 1602 4363 chrysostomus)
1623 4315 2081 4364 constantinopolim
2111 4315 2168 4354 sb
2197 4313 2405 4354 Eudoxis
2422 4310 2674 4354 Theodosii
2693 4313 2739 4352 11

202 4371 334 4406 uxore
353 4368 500 4409 sunta
516 4370 591 4408 est
616 4369 929 4417 sei-osolymis
957 4378 1054 4409 uns
1072 4379 1128 4408 ex
1157 4369 1342 4408 duabus
1372 4367 1560 4409 Catenis
1582 4370 1624 4410 S.
1659 4367 1801 4412 Petri.
1819 4366 1944 4408 circs
1963 4379 2137 4408 annum
2159 4377 2401 4408 cccxxxix.
2422 4369 2612 4408 Praeter
2636 4377 2740 4406 san·

204 4420 317 4459 ctum
354 4421 585 4472 Proelium,
611 4432 707 4462 non
742 4422 943 4462 absurde
983 4418 1216 4463 Batonius
1243 4423 1386 4471 hujus
1415 4420 1653 4463 Sermonis
1691 4425 1933 4462 auctorem
1962 4421 2182 4471 proponit
2220 4423 2264 4462 S.
2297 4423 2583 4462 Germanum
2611 4420 2738 4473 (vido

205 4468 467 4516 lamii-01.
496 4483 567 4518 ιιι
583 4473 720 4528 nasi)
740 4476 792 4516 et
811 4476 967 4525 stylus
986 4473 1189 4526 quidem,
1208 4472 1488 4525 praesertim
1509 4476 1598 4517 sub
1614 4476 1771 4522 finem,
1797 4476 1922 4515 hunc
1940 4477 2200 4528 praesefert
2228 4474 2465 4516 Ecclesiae
2486 4476 2685 4514 Patrem.
