3308 5004
703 330 833 398 ΜΒ
1609 349 1793 398 nnws.
1848 346 2172 398 nonnum·
2869 329 3056 398 Aua.
3105 331 3143 397 t

662 434 1079 516 cenitentia,
1133 435 1340 505 homo
1409 433 1744 505 innocens
1812 434 2233 514 transmisit,
2309 433 2822 526 soloquefpane
2861 435 3146 522 et'aqui

642 522 867 612 rigida
897 536 1284 605 contentus,
1327 543 1551 610 usque
1593 523 1681 593 ad
1732 524 1994 595 Pascha
2038 523 2443 611 quotidiano
2497 545 2572 594 se
2606 523 2873 615 jejunio
2929 543 3147 594 mace⁴

611 612 810 681 ravit.
855 611 1023 681 Inde
1070 634 1228 682 vero
1265 611 1335 681 id
1383 626 1833 683 consecutum
1860 626 1986 694 est,
2017 627 2117 693 ut,
2154 612 2397 682 Christi
2440 613 2660 703 gratia
2707 612 2922 682 suffra
2973 623 3143 694 ante,

609 697 954 770 foeminae
1000 700 1159 772 illae
1204 700 1426 770 sancti
1471 700 1602 770 viri
1653 702 1917 772 meritis
1937 700 2245 793 adjutae,
2308 702 2919 793 erroribusprop'u
2972 700 3143 782 iatis,

610 788 698 857 ad
747 788 1127 861 catholicae
1156 789 1496 859 Ecclesiae
1527 787 1736 859 fidem
1786 801 2308 861 reverterentur.
3095 839 3102 846 -

695 878 732 964 ξ
783 882 936 952 ²4.
988 882 1156 948 Cum
1205 879 1276 947 in
1327 877 1609 949 Tolosae
1657 879 1972 980 partibus
2019 879 2206 970 apud
2254 890 2602 959 castrum,
2656 877 2844 966 quod
2886 882 3162 948 Fanum>

606 963 791 1035 Jovis
831 979 1097 1050 vocant,
1151 966 1579 1058 praedicaret
1626 990 1730 1036 vir
1776 969 1917 1050 Dei,
1958 980 2026 1037 et
2070 967 2447 1055 aliquando
2484 967 2689 1038 fldem
2741 966 3150 1037 catholicam

605 1054 880 1146 egregie
931 1056 1324 1137 adstruens»,
1362 1055 1869 1127 haereticorum
1922 1056 2302 1147 perfidiam·
2335 1055 2575 1125 multis
2633 1056 2862 1126 modis
2914 1056 3153 1125 confu-

561 1153 837 1226 flasset,
891 1144 1208 1215 absoluta
1240 1144 1593 1226 concione,
1634 1167 1824 1215 more
1870 1145 2071 1216 solito
2111 1145 2180 1215 in
2229 1144 2520 1216 ecclesia
2570 1145 2898 1235 precandi
2943 1146 3154 1215 causa

604 1232 959 1304 remansit.
1014 1238 1092 1303 Et
1126 1254 1285 1303 ecce
1324 1255 1565 1303 novem
1609 1246 1963 1304 matronae
1997 1233 2265 1304 nobiles
2307 1255 2388 1303 ex
2418 1232 2538 1303 illo
2568 1245 2793 1304 castro
2842 1234 3148 1314 veniunt,

604 1318 865 1391 intrant
909 1321 980 1390 in
1034 1322 1397 1412 templum,
1449 1321 1710 1392 cadunt
1748 1324 1834 1392 ad
1923 1323 2084 1393 edes
2112 1323 2286 1413 ejuS,
2328 1336 2395 1392 et
2438 1322 2720 1392 dicunt:
2775 1327 2978 1393 Serve
3012 1322 3148 1400 Dei,

602 1408 858 1508 adjuva
906 1431 1055 1480 nos,
1110 1410 1178 1480 Si
1214 1432 1371 1480 vera
1417 1423 1604 1492 sunt,
1641 1432 1819 1497 quae
1914 1412 2071 1481 odie
2123 1434 2244 1501 pro
2295 1411 2627 1482 concione
2681 1409 2943 1492 dixisti,
2973 1412 3157 1501 jam-

602 1496 874 1587 pridem
926 1509 1186 1570 mentes
1225 1511 1496 1569 nostras
1547 1521 1823 1571 necesse
1868 1513 1972 1571 est
2020 1500 2309 1591 spiritus
2340 1501 2595 1569 erroris
2642 1512 2720 1569 ut
2747 1500 3149 1570 excaecarit.

600 1588 773 1656 Nam
813 1585 987 1667 istis,
1041 1608 1217 1675 quos
1266 1599 1341 1658 tu
1391 1588 1768 1659 haereticos
1818 1611 2056 1671 vocaS,
2110 1611 2238 1658 nos
2286 1588 2602 1659 homines
2651 1589 2868 1659 bonos
2913 1588 3159 1679 appel—

603 1670 856 1756 lamuS,
908 1697 1132 1764 usque
1181 1677 1251 1745 in
1304 1698 1629 1767 praesens
1676 1676 2102 1747 credidimus
2148 1690 2214 1747 et
2242 1677 2689 1747 adhaesimus
2738 1688 2874 1749 toto
2921 1677 3151 1747 corde:

599 1783 790 1832 nunc
821 1785 979 1833 vero
1021 1787 1304 1855 prorsus
1349 1765 1607 1835 animis
1656 1766 2106 1836 fluctuamus.
2147 1772 2348 1836 Serve
2400 1766 2536 1848 Dei,
2589 1766 2842 1856 adjuva
2892 1788 3043 1847 nos,
3091 1777 3156 1837 et

600 1872 721 1921 ora
761 1855 974 1923 Deum
1025 1866 1251 1935 tuum,
1290 1866 1364 1924 ut
1398 1869 1629 1923 notam
1674 1856 1877 1926 nobis
1923 1854 2130 1925 faciat
2175 1855 2383 1925 fidem
2452 1876 2695 1932 suam,
2740 1854 2812 1924 in
2859 1877 3002 1942 qua
3063 1856 3160 1925 vi-

600 1961 870 2020 vamus,
914 1943 1319 2030 moriamur,
1372 1957 1439 2013 et
1484 1943 1714 2013 salvae
1762 1944 2038 2014 fiamus.
2093 1949 2262 2013 Tum
2316 1944 2421 2012 vir
2467 1944 2582 2013 Dei
2632 1955 2847 2024 stanS,
2909 1956 2979 2013 et
3027 1943 3160 2013 ali-

600 2029 946 2115 quamdiu
996 2030 1176 2101 intra
1224 2053 1297 2101 se
1348 2053 1579 2114 orans,
1633 2032 1843 2121 paulo
1892 2044 2046 2123 post
2100 2032 2273 2101 dixit
2318 2032 2402 2101 ad
2453 2054 2613 2102 eas:
2666 2054 2702 2098 «
2755 2036 3161 2103 Constantes

600 2129 836 2199 estote,
889 2132 955 2188 et
984 2132 1332 2210 expectate
1379 2120 1787 2211 intrepidae.
1830 2121 2110 2191 Confido
2157 2121 2341 2190 enim
2378 2121 2446 2189 in
2483 2121 2767 2190 Domino
2805 2125 2936 2191 Deo
2971 2142 3155 2202 meo,

603 2205 788 2293 quod
822 2206 960 2289 ille,
999 2209 1120 2295 qui
1169 2209 1515 2279 neminem
1562 2209 1713 2278 vult
1761 2210 2007 2300 perire,
2050 2211 2196 2298 Jam
2239 2209 2616 2279 declarabit
2651 2209 2869 2290 vobis,
2914 2211 3162 2300 cujus-

604 2293 796 2363 modi
844 2295 1129 2368 domino
1168 2297 1502 2368 hactenus
1548 2297 2022 2369 adhaeseritis.
2056 2322 2093 2366 »
2143 2303 2428 2385 Moxque
2477 2297 2797 2367 viderunt
2841 2321 2881 2368 e
2927 2298 3163 2368 medio

604 2382 719 2452 sui
747 2383 946 2454 felem
990 2387 1418 2456 teterrimum
1471 2386 1806 2476 prosilire,
1841 2387 2037 2458 canis
2085 2409 2193 2456 ma
2250 2386 2588 2466 nitudine,
2631 2387 2886 2457 crassis
2931 2388 3163 2457 oculis

600 2483 667 2542 et
699 2471 947 2565 igneis,
1002 2475 1096 2545 lin
1157 2479 1244 2547 ua
1276 2475 1597 2566 oblonga,
1653 2474 1812 2557 lata,
1851 2476 2197 2578 sanguino
2226 2490 2425 2558 enta,
2478 2488 2547 2546 et
2590 2496 2811 2563 usque
2856 2474 2942 2545 ad
2993 2498 3162 2546 um-

601 2561 894 2633 bilicum
951 2498 1313 2665 profucta,
1365 2565 1590 2636 cauda
1639 2566 1827 2636 brevi
1873 2579 1940 2636 et
1986 2588 2053 2634 1n
2105 2565 2406 2637 sublime
2450 2576 2695 2645 erecta,
2751 2564 2845 2633 ita
2892 2575 2970 2634 ut
3019 2564 3161 2636 loci

598 2650 752 2723 e'us
782 2654 1310 2742 turpitudinem,
1349 2675 1795 2741 quocumque
1818 2676 1893 2724 se
1919 2666 2229 2736 verteret,
2278 2653 2640 2724 hominum
2670 2652 2891 2722 oculis
2917 2667 3174 2723 osten-¹

648 2753 811 2821 eret,
850 2741 1104 2813 foetore
1151 2741 1570 2813 intolerabili
1606 2742 1769 2812 inde
1815 2742 2198 2812 exhalante.
2236 2747 2545 2830 Cumque
2582 2742 2765 2830 apud
2802 2754 3174 2814 matronas*

596 2827 755 2899 illas
816 2850 967 2899 sese
1025 2831 1196 2901 hora
1242 2853 1382 2901 una
1437 2831 1573 2900 huc
1640 2830 1950 2919 illucque
1994 2831 2343 2921 agitasset,
2396 2830 2482 2899 ad
2534 2829 2812 2909 restim,
2884 2852 3070 2917 quae
3120 2840 3166 2901 a

598 2936 938 3007 campana
991 2918 1353 3009 pendebat,
1394 2918 1735 2999 insiliens,
1787 2933 1853 2989 et
1902 2941 2021 3008 per
2065 2941 2216 2988 earn
2266 2941 2544 2989 sursum
2597 2917 2965 3000 scandens,
3002 2932 3165 2990 tan-

599 3001 754 3073 dem
817 3005 1207 3096 disparuit,
1260 3006 1460 3078 foeda
1510 3021 1663 3097 post
1715 3030 1787 3078 se
1852 3008 2137 3098 vestigia
2192 3006 2702 3095 derelinquens.
2770 3011 3164 3079 Conversus

599 3102 830 3161 autem
880 3094 964 3163 ad
1019 3108 1369 3166 matronas
1418 3108 1702 3167 sanctus
1756 3096 2182 3177 Dominicus,
2239 3096 2534 3165 nimium
2588 3096 2854 3166 territas
2909 3118 3159 3167 conso·

603 3178 900 3265 labatur,
953 3184 1048 3253 ita
1079 3183 1346 3254 dicens:
1386 3190 1542 3254 «En
1602 3206 1685 3254 ex
1744 3206 1859 3267 eo,
1904 3185 2088 3272 quod
2144 3205 2374 3255 coram
2425 3184 2647 3254 oculis
2707 3184 2973 3265 vestris,
3021 3191 3163 3256 Deo

603 3268 909 3352 volente,
961 3272 1331 3362 apparuit,
1385 3273 1671 3363 potestis
1748 3273 2342 3354 animadvertere,
2396 3273 2625 3360 qualis
2671 3274 2761 3342 sit
2806 3272 2925 3342 ille
2955 3328 2971 3354 ,
3038 3275 3166 3345 cui

602 3356 969 3446 hucusque
999 3360 1407 3432 serviistiS.»
1455 3366 1532 3432 At
1578 3361 1740 3431 illae
1788 3363 2044 3453 gratias
2093 3367 2225 3433 Deo
2273 3375 2589 3452 agenteS,
2642 3361 2728 3431 ad
2778 3361 2986 3432 fidem
3038 3386 3165 3433 ca-

601 3444 925 3517 tholicam
986 3448 1126 3517 inte
1177 3450 1427 3519 errime
1473 3472 1622 3520 sese
1669 3463 2113 3540 receperunt:
2166 3464 2233 3521 et
2286 3451 2622 3538 quaedam
2686 3470 2769 3520 ex
2812 3450 2915 3520 eis
2961 3452 3163 3543 apud

601 3554 870 3605 sorores
895 3536 980 3606 de
1016 3542 1150 3607 Pru
1183 3540 1364 3620 iane,
1410 3537 1767 3629 religionis
1815 3540 2129 3610 habitum
2165 3538 2565 3609 induerunt.

688 3626 724 3709 ξ
777 3629 930 3697 ²5.
987 3630 1225 3696 Decem
1277 3628 1481 3697 annis
1529 3628 1771 3699 beatus
1801 3628 2203 3699 Dominicus
2251 3628 2323 3697 in
2361 3628 2653 3697 diversis
2682 3627 3164 3700 Narbonensis

601 3711 996 3800 provinciae
1049 3715 1214 3786 locis
1251 3728 1578 3797 moratus,
1629 3718 1699 3786 in
1756 3717 1952 3787 rimis
1995 3738 2154 3786 vero
2220 3716 2408 3807 apud
2470 3721 2716 3785 Sonam
2772 3729 2839 3786 et
2885 3721 3164 3785 Fanum

595 3800 810 3883 sevis,
866 3801 1244 3874 haereticos
1289 3739 1788 3895 oppugnandei,
1847 3805 2259 3875 catholicam
2311 3805 2517 3875 fidem
2564 3805 2945 3894 promovit:
3000 3806 3170 3875 ani-

597 3911 1016 3977 marumque
1060 3892 1267 3963 saluti
1336 3893 1687 3983 parandae
1736 3893 2054 3964 addictus
2085 3948 2101 3975 ,
2167 3907 2349 3964 totus
2395 3893 2853 3963 concionandi
2923 3893 3169 3964 officio

593 3980 927 4060 vacabat,
985 3980 1239 4051 multas
1287 3982 1562 4051 interim
1612 3982 2094 4056 contumelias,
2150 3981 2446 4052 multum
2504 3982 2618 4051 sui
2668 3994 3160 4073 contemptum

597 4078 664 4135 et
710 4069 1189 4157 abjectionem,
1227 4070 1482 4140 multas
1528 4071 1891 4160 angustias
1925 4070 2235 4141 hilariter
2273 4069 2622 4160 perferens
2657 4084 2936 4162 propter
2962 4094 3176 4142 amo-

598 4175 739 4223 rem
796 4159 1064 4227 Domini
1114 4160 1328 4229 nostri
1399 4159 1883 4231 Jesu·Christi.
1938 4164 2062 4229 Per
2109 4160 2192 4241 ,id
2260 4180 2420 4228 vero
2484 4172 2754 4249 tempus
2818 4159 3171 4232 dominus

599 4242 861 4342 Simon,
907 4247 1388 4317 Montis-fortis
1433 4246 1727 4318 illustris
1762 4248 2108 4338 princeps,
2164 4247 2344 4317 ferro
2399 4269 2555 4348 pers
2646 4248 2939 4318 uebatur
2988 4248 3175 4320 hae-—

597 4343 867 4414 reticOS,
905 4355 1080 4420 quos
1120 4336 1367 4407 Christi
1397 4335 1753 4408 consessor
1792 4338 2194 4408 Dominicus
2234 4335 2467 4426 gladio
2500 4358 2613 4405 ver
2664 4337 2686 4404 i
2720 4338 2860 4406 Dei.
2911 4342 3176 4423 Itaque

598 4419 820 4490 multa
876 4422 1055 4492 inter
1105 4446 1223 4494 eos
1270 4424 1579 4496 amicitia
1624 4439 1690 4497 et
1734 4424 2173 4497 familiaritas
2219 4438 2570 4496 contracta
2626 4425 2779 4496 fuit.
2835 4429 2916 4496 Ut
2959 4426 3170 4496 enim
