3308 5004
668 294 796 359 752
1451 311 1529 358 nx
1578 312 1635 359 s.
1688 310 1851 359 Rosa
1900 310 2066 359 inne.
2119 310 2250 359 mi.
2804 292 3028 360 Aua.
3080 292 3168 359 30

583 396 845 487 optime
911 394 1306 486 intelligens
1367 395 1804 466 sobrietatem
1872 394 2117 466 docere
2185 394 2595 487 sapientiam
2633 406 2724 465 'et
2776 396 3163 478 virtutem,

584 486 842 572 quibus
879 484 1049 554 nihil
1085 482 1327 553 utilius
1374 497 1476 554 est
1518 484 1589 554 in
1639 484 1777 555 vita
1825 483 2273 555 hominibus:
2323 497 2744 585 quapropter
2776 485 3169 575 jejunium

583 574 814 645 adhuc
849 572 1134 663 parvula
1180 572 1278 644 sic
1319 574 1631 655 servavit,
1676 586 1756 643 ut
1791 572 1980 643 omni
2016 595 2089 643 se
2126 573 2477 645 fructuum
2507 595 2634 644 esu
2666 574 3165 655 interdiceret,
3264 636 3265 641 ,

587 684 764 751 quos
796 662 931 731 sibi
962 661 1253 731 donatos
1288 683 1443 732 mox
1476 661 1632 732 aliis
1667 661 2109 752 largiebatur.

675 759 714 831 S
765 757 852 825 4.
908 756 986 820 In
1022 749 1617 822 hebdomadarum
1671 751 1892 841 spatia
1942 750 2381 842 protrahebat
2417 750 2769 834 inediam;
2824 772 3171 840 quaeque

589 840 656 909 in
708 839 1097 930 puerilibus
1136 840 1340 910 annis
1391 839 1735 930 insignem
1786 853 2182 910 exercuerat
2225 839 2710 910 abstinentiam
2740 895 2758 923 ,
2816 840 3167 912 monialis

584 941 819 1021 postea
869 950 1019 1015 eam
1072 927 1349 998 sibimet
1392 928 1759 1020 jejunandi
1811 928 2029 1020 legem
2080 928 2373 1011 indixit,
2425 951 2602 1016 quae
2658 928 2881 1019 plane
2943 952 3162 1021 supra

589 1030 909 1088 naturam
944 1030 1145 1087 esset.
1176 1022 1341 1087 Nam
1378 1019 1683 1109 integras
1706 1017 2277 1108 quadragesimas
2302 1017 2723 1109 transigebat
2750 1017 2922 1088 sine
2954 1040 3157 1110 pane3

589 1106 833 1177 dietim
869 1107 1107 1194 quinis
1161 1106 1519 1176 dumtaxat
1556 1105 1746 1175 aurei
1788 1106 1953 1177 mali
1993 1106 2307 1198 granulis
2343 1106 2414 1176 in
2471 1107 2894 1176 memoriam
2951 1108 3159 1195 quin-

587 1217 724 1282 que
774 1195 1142 1266 vulnerum
1194 1195 1443 1265 Christi
1491 1216 1638 1266 sese
1688 1194 2085 1277 reficiebat;
2139 1208 2398 1287 septem
2448 1216 2606 1265 vero
2654 1196 3035 1266 mensium
3081 1218 3155 1265 ex

588 1284 869 1354 Ordinis
894 1285 1004 1354 sui
1046 1286 1467 1375 praescripto
1504 1284 1855 1374 jejunium
1884 1308 1922 1355 a
1954 1284 2121 1356 festo
2153 1289 2219 1355 S.
2264 1282 2500 1355 Crucis
2538 1284 2902 1369 Exaltatae
2935 1305 3155 1373 usque

588 1373 670 1441 ad
710 1373 971 1443 Pascha
1020 1374 1119 1443 sic
1166 1372 1591 1455 observabat,
1645 1385 1722 1442 ut
1771 1374 2048 1443 nonnisi
2093 1373 2178 1443 ad
2234 1396 2346 1443 ves
2440 1395 2585 1443 ram
2633 1373 2903 1463 exig-ua
2959 1375 3153 1463 panis

588 1461 854 1531 vilioris
891 1462 1190 1543 bucella,
1246 1463 1640 1550 haustuque
1690 1461 1980 1554 frigidae
2017 1485 2236 1551 aquae
2266 1486 2297 1533 s
2389 1475 2532 1531 aret
2571 1460 2862 1532 samem.
2910 1468 3140 1553 Saepe,

590 1573 673 1619 ac
726 1551 1096 1641 praecipue
1129 1553 1337 1622 sextis
1391 1551 1581 1621 feriis
1605 1605 1621 1632 ,
1676 1552 1985 1643 palatum
2023 1566 2090 1620 et
2127 1552 2387 1621 viscera
2434 1551 2798 1621 cruciabat
2837 1551 3010 1622 selle
3046 1573 3147 1620 ve-

595 1640 904 1722 ruccino,
939 1639 1122 1727 quod
1161 1641 1232 1709 in
1273 1640 1464 1710 hunc
1509 1662 1715 1709 usum
1756 1639 2057 1732 potabile
2097 1639 2432 1723 servabat,
2484 1652 2564 1710 ut
2607 1639 2870 1719 Christi
2925 1641 3041 1710 sui
3081 1641 3139 1709 in

590 1750 794 1799 cruce
841 1729 1179 1800 sitibundi
1235 1741 1542 1820 gustaret
1595 1730 2042 1821 spongiam...
2097 1728 2386 1813 Quando
2431 1726 2876 1798 obedientiae
2941 1730 3009 1799 vi
3062 1728 3133 1798 ad

592 1819 825 1887 carnis
876 1839 1071 1888 esum
1123 1817 1542 1919 cogebatur,
1595 1818 1792 1888 duris
1840 1841 1872 1888 s
1924 1817 2421 1909 mptomatibus
2466 1817 2773 1906 torqueri
2826 1819 2979 1887 visa
3025 1829 3127 1898 est,

592 1928 719 1975 nec
751 1907 1046 1993 quietem
1085 1929 1377 1997 primam
1418 1908 1803 1997 reparabat,
1896 1929 2063 1977 onec
2104 1906 2187 1977 ad
2233 1906 2599 2000 pristinam
2647 1906 3128 1977 abstinentiam
3230 1928 3239 1943 ·

595 1994 771 2064 laeta
821 1994 1043 2064 redire
1103 1995 1631 2086 permitteretur.
1688 1996 1795 2066 Sic
1843 1996 2141 2084 denique
2186 2009 2459 2066 assueta
2498 1994 2804 2085 je'uniis
2852 2008 3017 2075 erat,
3062 2006 3127 2064 ut

592 2082 748 2171 ejus
790 2083 1232 2154 creberrimis
1295 2083 1819 2155 infirmitatibus
1868 2085 2139 2155 nullum
2197 2083 2388 2155 aliud
2432 2106 2554 2176 pro
2605 2097 2798 2157 esset
2845 2084 3121 2155 medica-

594 2184 903 2241 mentum
956 2194 1168 2259 quam
1223 2172 1425 2264 panis
1471 2186 1537 2243 et
1582 2195 1809 2262 aqua,
1869 2174 1969 2245 sic
2024 2174 2210 2267 enim
2263 2173 2497 2244 divina
2555 2173 2789 2264 gratia
2842 2187 3026 2244 curat
3061 2181 3117 2240 et

592 2274 811 2332 sanat.

681 2352 719 2437 δ
764 2354 853 2422 ὅ.
908 2355 991 2419 Ut
1038 2349 1438 2438 loqueretur
1474 2350 1816 2431 victorias,
1858 2349 2198 2422 mirabilis
2230 2349 2363 2421 fuit
2395 2352 2466 2421 in
2498 2356 2685 2422 Rosa
2724 2348 3095 2428 obedientia,

600 2451 744 2508 tum
776 2438 845 2507 in
888 2439 1262 2527 sequendis
1294 2438 1513 2510 divini
1553 2438 1790 2531 sponsi
1824 2439 2178 2520 tractibuS,
2223 2440 2483 2529 quibus
2510 2461 2665 2511 eam
2706 2454 3091 2532 perarcanas

595 2527 976 2598 sanctitatis
1023 2529 1305 2599 semitas
1364 2528 1435 2598 in
1484 2541 1999 2620 unguentorum
2059 2550 2341 2599 suorum
2402 2543 2794 2600 currentem
2848 2526 3077 2597 odorem

597 2614 930 2696 trahebat,
972 2629 1116 2687 tum
1177 2618 1243 2686 in
1294 2617 1512 2688 durae
1561 2632 1627 2688 et
1669 2617 1864 2687 rudis
1913 2618 2153 2688 matris
2198 2619 2586 2711 praeceptis
2630 2612 3081 2708 adimplendis,

595 2704 857 2792 quibus
882 2726 1034 2775 earn
1071 2728 1151 2775 ex
1189 2705 1477 2777 adverso
1517 2706 1600 2775 ad
1654 2705 1869 2776 seculi
1912 2727 2137 2797 nugas
2165 2720 2232 2777 et
2262 2728 2475 2777 vanos
2512 2708 2824 2800 corporis
2847 2714 3097 2775 ornatus

598 2793 1044 2885 impellebat;
1098 2796 1167 2864 in
1205 2799 1395 2866 tanta
1442 2795 1626 2867 enim
1672 2794 2145 2886 oppositorum
2199 2796 2691 2867 mandatorum
2730 2793 3101 2871 diversitate,

597 2897 740 2952 arte
777 2883 1099 2954 excelluit
1134 2883 1504 2976 plusquam
1538 2883 1873 2965 humana,
1927 2905 2062 2953 non
2099 2885 2483 2957 aberrando
2533 2907 2765 2973 neque
2809 2884 2892 2955 ad
2922 2882 3112 2979 dexte-

602 2993 745 3041 ram
782 2991 1006 3060 neque
1037 2972 1123 3043 ad
1183 2973 1564 3042 sinistram.
1617 2973 1797 3042 Hinc
1839 2974 2032 3056 ,novit
2077 2974 2147 3043 in
2190 2974 2513 3064 florigero
2537 2987 2747 3057 serto,
2802 2995 2960 3044 vera
2999 2969 3108 3041 siin

596 3061 1005 3141 Jerusalem,
1054 3063 1257 3151 jussa
1305 3061 1478 3131 illud
1520 3061 1727 3152 capiti
1782 3061 2160 3163 imponere,
2198 3061 2424 3133 celare
2454 3084 2660 3134 acum
2704 3077 3015 3155 tempora
3045 3057 3109 3127 fi·

599 3161 896 3251 gentem,
937 3171 1072 3219 non
1126 3149 1349 3220 solum
1388 3150 1662 3232 intuita,
1703 3149 1822 3221 sed
1873 3151 2137 3221 imitata
2172 3173 2411 3222 verum
2454 3175 2685 3244 regem
2727 3155 3122 3223 Salomonem

597 3260 671 3306 m
701 3237 1082 3310 diademate
1112 3261 1242 3331 quo
1272 3242 1612 3309 coronavit
1641 3262 1793 3309 eum
1821 3249 2043 3309 mater
2066 3262 2217 3310 sua.
2272 3241 2843 3312 chirothecarum
2882 3256 3129 3312 suaveo-

600 3323 887 3394 lentium
925 3328 994 3395 in
1030 3328 1357 3398 manibus
1387 3327 1874 3419 obtemperans
1904 3327 2187 3401 admisit
2210 3329 2572 3413 amictum,
2605 3351 2644 3400 e
2674 3330 2955 3419 quibus
2984 3325 3137 3398 adu-

602 3414 889 3484 stionem
932 3435 1163 3485 veram
1195 3427 1496 3507 experta,
1533 3416 1704 3486 dum
1739 3437 1856 3486 eas
1889 3416 2147 3519 abjicit,
2190 3417 2362 3489 vidit
2408 3419 2806 3511 promicare
2840 3420 3138 3490 flammas

599 3512 666 3574 et
699 3514 913 3572 totum
949 3503 1291 3575 collucere
1335 3505 1767 3577 cubiculum.
1821 3505 2133 3584 Pellibus
2158 3507 2246 3578 ab
2284 3507 2441 3599 ipsa
2488 3507 2837 3600 genitrice
2887 3529 3009 3601 pro
3046 3525 3144 3575 re—

605 3591 913 3682 paranda
941 3591 1334 3663 valetudine
1358 3593 1862 3685 circumligatis
1896 3617 2170 3666 summe
2193 3597 2524 3679 cruciata,
2547 3596 2766 3667 silens
2792 3610 2869 3668 et
2898 3594 3150 3690 patiens

603 3680 957 3760 sustinuit,
1003 3682 1208 3752 vitam
1245 3683 1476 3774 potius
1505 3705 1714 3772 quam
1747 3683 2207 3755 obedientiam
2251 3685 2536 3776 perdere
2585 3698 2832 3777 parata
2864 3710 2884 3769 ;
2920 3687 2985 3756 in
3013 3701 3151 3753 oui-

604 3769 814 3869 nibus
843 3770 1028 3839 enim
1063 3784 1131 3841 et
1159 3793 1281 3863 per
1326 3773 1562 3841 omnia
1591 3793 1631 3841 a
1664 3771 2092 3857 confessarii,
2133 3786 2497 3864 parentum
2530 3786 2599 3844 et
2631 3775 2984 3866 majorum
3024 3792 3152 3841 nu—

607 3857 788 3927 tibus
819 3858 1150 3948 pendens,
1176 3860 1420 3930 mundi
1446 3873 1512 3932 et
1540 3860 1646 3932 sui
1671 3861 1910 3930 victrix
1936 3861 2143 3931 etiam
2172 3863 2241 3932 in
2272 3863 2587 3933 minimis
2614 3884 2875 3935 omnes
2897 3864 3155 3934 obtem-

606 3947 994 4035 perantium
1031 3947 1299 4039 palmas
1331 3949 1630 4019 obtinuit
1660 3971 1675 4017 ε
1728 3961 1814 4031 et,
1851 3950 2036 4052 quod
2074 3951 2294 4043 magis
2333 3950 2735 4021 mirandum
2775 3967 2917 4036 est,
2942 3950 3149 4022 etiam

607 4034 741 4104 vita
778 4033 1039 4114 functa,
1074 4037 1146 4106 in
1173 4037 1504 4109 coenobio
1529 4043 1597 4108 S.
1628 4037 2056 4122 catharinae,
2084 4041 2332 4111 Luciae
2360 4039 2746 4133 praefectae
2769 4041 2977 4114 illius
3005 4037 3161 4112 obe·

606 4120 935 4193 dientiam
979 4126 1337 4216 praestitit.
2208 4213 2213 4220 ,
2888 4167 2901 4204 ι
2970 4211 2979 4218 ,

693 4212 731 4298 ἓ
776 4216 872 4282 8.
925 4213 1163 4284 Sciens
1200 4215 1405 4284 etiam
1445 4218 1600 4298 Deo,
1639 4214 2045 4305 parentibus
2073 4228 2141 4287 et
2178 4217 2531 4310 magistris
2562 4239 2941 4308 nunquam
2971 4213 3160 4290 reddi

607 4298 927 4384 aequale,
985 4301 1256 4373 eximiis
1318 4315 1738 4394 prosequuta
1785 4318 1889 4375 est
1944 4304 2288 4397 genitores
2334 4307 2744 4391 reverenti&
2800 4309 3067 4401 pietate
3101 4314 3167 4376 et

608 4382 962 4470 charitate,
991 4388 1222 4461 labore
1242 4413 1580 4463 manuum
1609 4413 1848 4465 eorum
1882 4394 2186 4488 inopiam
2217 4395 2431 4467 levem
2460 4394 2826 4483 reddebat,
2853 4395 3162 4492 prudens
