3308 5004
174 354 320 421 AUG.
362 354 399 418 2
828 371 909 419 nr.
953 371 1011 419 s.
1063 371 1392 422 Atruonso
1436 373 1506 421 ιι.
1559 374 1638 420 ns
1685 371 1936 421 moonro
2471 356 2557 422 65

170 475 435 527 unccnn
480 475 714 525 mense
761 456 958 545 Majo.
997 455 1369 547 Regionem
1421 456 1815 527 incolebant
1862 456 2179 528 homines
2227 458 2560 529 rusticani
2589 468 2659 529 et

174 567 440 635 pecorum
471 544 813 625 custode&
852 544 1110 631 quibus
1153 544 1382 616 tenuis
1412 545 1790 615 admodum
1830 559 1977 615 erat
2003 548 2359 637 religionis
2383 547 2652 629 notitia,

171 647 221 702 et
255 633 611 723 spiritualis
670 633 946 703 miseria
999 656 1252 725 magna
1301 634 1535 703 nimis.
1586 639 1850 704 Horum
1916 648 2166 706 sortem
2219 649 2296 707 ut
2341 636 2662 727 cognovit

173 721 528 811 AlphonsuS,
583 722 1057 792 misericordia
1103 723 1335 793 statim
1402 735 1793 796 commotus
1835 737 1962 793 est.
2019 729 2264 807 Quare,
2332 748 2491 795 cum
2543 746 2660 796 eos

173 811 221 879 in
253 811 614 881 solitarium
665 810 1034 891 sacellum,
1089 811 1210 881 ubi
1272 833 1594 902 magnam
1648 812 1797 901 ipse
1844 814 1954 881 sui
2015 814 2346 903 ¹temporis
2395 825 2658 904 partem

170 920 354 968 coram
380 904 488 971 SS.
529 904 965 970 Sacramento
993 901 1255 970 orando
1292 900 1735 991 transigebat,
1775 901 2169 971 catervatim
2203 902 2463 973 videret
2491 924 2659 973 con-

165 987 373 1069 fluere,
434 1001 637 1076 atque
683 988 878 1058 avide
946 990 1379 1079 spiritualem
1451 989 1958 1078 eleemosynam
2025 989 2443 1091 efflagitare;
2494 991 2658 1063 huic

163 1077 475 1149 confestim
505 1077 821 1148 alacriter
852 1079 1193 1159 incubuit,
1215 1091 1293 1149 ut
1309 1078 1707 1148 christianis
1733 1100 1848 1148 eos
1876 1092 2257 1169 praeceptis
2293 1080 2652 1162 imbueret,

161 1178 331 1253 atque
360 1167 439 1235 ad
493 1167 773 1257 dignam
827 1189 990 1256 prae
1043 1180 1267 1237 araret
1308 1172 1907 1237 Sacramentorum
1970 1169 2503 1257 susceptionem.
2558 1174 2660 1240 Ita

159 1255 400 1341 quidem
446 1255 693 1335 evenit,
734 1268 813 1326 ut
848 1255 976 1325 illu
1073 1256 1287 1343 quieti
1321 1255 1741 1326 destinatum
1792 1267 2066 1345 tempus
2113 1255 2659 1328 fructuosissime

157 1344 509 1413 animarum
549 1342 754 1415 saluti
796 1344 1333 1446 impenderetur;
1376 1344 1768 1432 ardensque
1806 1344 2016 1414 simul
2045 1345 2392 1435 Alphonso
2419 1347 2658 1437 injice-

156 1446 313 1503 retur
353 1433 798 1514 desiderium‚
850 1433 1195 1523 ejusmodi
1260 1434 1728 1523 pauperibus,
1783 1432 2151 1590 sspecialem
2201 1435 2272 1504 in
2332 1435 2653 1518 modum,

154 1541 326 1590 suum
356 1522 683 1612 deinceps
714 1521 1089 1592 devovendi
1119 1523 1608 1592 ministerium.
1643 1521 1792 1592 Desi
1847 1521 2067 1592 erium
2096 1546 2136 1593 a
2164 1528 2297 1593 Deo
2322 1524 2654 1605 veniebat3

152 1631 216 1678 ex
256 1632 483 1698 eoque,
542 1611 730 1680 brevi
767 1625 938 1702 post,
992 1617 1440 1682 concammio
1490 1616 1592 1681 Ss.
1650 1616 2093 1680 Rannurroms
2142 1611 2428 1682 feliciter
2471 1634 2661 1703 eger·

152 1698 431 1769 minavit.
486 1700 614 1770 Sed
660 1700 899 1790 paucis
947 1700 1374 1779 narrandum
1405 1712 1531 1781 est,
1571 1722 1710 1788 quo
1746 1700 1949 1769 modo
1998 1721 2106 1770 res
2133 1701 2302 1771 tanti
2332 1701 2662 1772 momenti

149 1801 203 1856 et
226 1789 613 1878 incaeperit,
651 1801 715 1858 et
759 1810 964 1881 opere
995 1790 1086 1858 sit
1115 1789 1478 1879 completa.

225 1885 259 1958 ἓ
307 1883 393 1949 2.
449 1882 525 1947 In
562 1878 900 1948 civitatem
953 1878 1220 1948 Scalam
1266 1899 1400 1947 non
1435 1876 1652 1947 multo
1693 1890 1846 1968 post
1884 1899 2198 1950 reversus
2242 1891 2347 1950 est
2367 1876 2664 1969 Alphon·

153 1986 275 2047 sus,
324 1989 601 2037 sacrum
638 1966 1041 2037 novendiale
1074 1989 1234 2037 cum
1298 1966 1556 2057 populo
1605 1966 1675 2034 in
1727 1967 2017 2038 ecclesia
2064 1967 2441 2038 cathedrali
2488 1967 2665 2038 cele-

151 2053 475 2125 braturus.
529 2056 654 2126 Hic
704 2078 911 2127 suum
971 2056 1314 2126 famulum
1377 2055 1927 2146 praestolabatur
1986 2061 2209 2137 Deus,
2265 2068 2342 2127 ut
2406 2056 2669 2129 scilicet

150 2164 322 2211 suam
371 2144 509 2233 ipsi
559 2143 1027 2215 manifestaret
1072 2145 1518 2215 voluntatem.
1573 2150 1733 2213 Erat
1786 2145 1853 2213 in
1912 2146 2329 2216 monasterio
2373 2146 2666 2216 civitatis

150 2231 315 2321 virgo
360 2233 931 2315 sanctimonialis,
987 2234 1265 2303 nomine
1313 2239 1741 2315 Crostarosa‚
1803 2254 1978 2320 quae
2034 2255 2237 2323 saepe
2291 2234 2665 2305 extraordi-

148 2321 337 2390 nariis
384 2322 504 2391 Dei
553 2320 901 2394 favoribus
940 2322 1454 2393 cumulabatur.
1495 2326 1701 2397 Haec.
1739 2322 2039 2408 quadam
2081 2322 2193 2392 die
2232 2323 2411 2392 inter
2457 2345 2662 2393 oran-

151 2407 293 2477 dum
344 2411 414 2480 in
441 2411 729 2480 extasim
769 2424 984 2501 rapta,
1021 2433 1274 2481 novum
1309 2411 1686 2500 conspexit,
1725 2415 1856 2480 Deo
1889 2423 2332 2493 monstrante,
2387 2417 2662 2483 Coetum

154 2499 717 2590 presbyterorum,
769 2500 889 2589 qui
951 2500 1285 2591 juvandis
1332 2499 1721 2570 innumeris
1779 2499 2220 2582 hominibu3‚
2287 2523 2407 2591 per
2456 2522 2666 2592 pagos

153 2588 448 2677 vicosque
482 2589 820 2680 dispersis
868 2612 946 2660 ac
979 2590 1320 2681 spirituali
1345 2612 1472 2681 ope
1509 2589 1875 2668 destitutis,
1915 2603 2189 2659 strenue
2218 2589 2659 2660 insudabant.

154 2678 554 2768 Presbyteris
602 2700 760 2749 vero
808 2685 952 2750 Dux
1001 2693 1310 2770 praeerat
1355 2679 1771 2780 Alphonsus.
1811 2678 2076 2760 Quibus
2140 2678 2239 2747 sic
2295 2678 2492 2757 visis,
2535 2679 2667 2747 ista

153 2765 376 2857 virgini
417 2790 548 2838 vox
597 2767 940 2838 intonuit:
995 2767 1188 2837 «Ille
1240 2780 1341 2837 est
1387 2790 1491 2836 vir
1536 2789 1741 2854 quem
1789 2766 1962 2857 elegi
2015 2767 2398 2856 praesidem
2457 2767 2670 2868 hujus

154 2856 378 2943 operis,
430 2856 624 2944 quod
668 2879 887 2926 meam
952 2857 1379 2947 amplificare
1437 2856 1637 2926 debet
1735 2854 2003 2925 loriam.
2044 2879 2080 2922 »
2129 2862 2270 2926 Non
2319 2856 2664 2925 commisit

156 2944 684 3015 sanctimonialis
730 2959 806 3017 ut
852 2968 992 3016 rem
1046 2947 1216 3016 tanti
1265 2946 1593 3015 momenti
1634 2946 1689 3016 si
1724 2945 1905 3014 entio
1955 2958 2225 3036 tegeret.
2276 2944 2667 3036 Alphonsus

156 3051 309 3116 varo,
359 3034 606 3105 audita
652 3034 993 3123 ejusmodi
1044 3034 1449 3105 revelatione
1493 3056 1672 3122 quae
1721 3034 1870 3104 suis
1915 3046 2262 3125 tantopere
2309 3034 2670 3104 desideriis

157 3124 539 3205 assonabat,
610 3123 681 3191 in
733 3126 1102 3193 maximam
1183 3124 1528 3214 projectus
1593 3136 1696 3191 est
1745 3123 1992 3192 mentis
2057 3123 2660 3213 perturbationem.

158 3210 371 3293 Quare,
415 3234 683 3302 anceps
728 3212 893 3300 quid
944 3225 1194 3303 ageret,
1239 3212 1531 3282 orationi
1563 3212 1791 3281 statim
1831 3211 2343 3301 impensissime
2383 3212 2659 3293 instare,

157 3316 223 3364 ac
246 3301 481 3371 multis
518 3323 591 3370 se
624 3301 932 3390 corporis
961 3300 1476 3371 austeritatibus
1506 3301 1830 3370 afflictare
1856 3301 2099 3390 coepit,
2136 3312 2212 3369 ut
2236 3299 2329 3369 ita
2362 3300 2664 3370 divinam

159 3385 551 3460 voluntatem
592 3403 776 3459 certo
802 3389 1206 3481 exploraret.
1243 3394 1376 3459 Nec
1406 3412 1534 3458 sua
1561 3411 1718 3458 eum
1753 3388 1988 3459 fefellit
2019 3389 2416 3479 expectatio.
2447 3390 2663 3470 Brevi,

159 3473 227 3542 ad
254 3490 382 3546 tam
426 3478 697 3569 grande
742 3499 918 3569 opus
967 3500 1040 3549 se
1088 3478 1420 3548 divinitus
1469 3478 1695 3547 vocari
1743 3476 1926 3546 clare
1971 3478 2289 3568 inspexit,
2344 3491 2491 3547 tum
2548 3491 2668 3547 su-

161 3568 386 3662 pernis,
439 3567 705 3655 quibus
752 3568 1028 3638 abunde
1076 3566 1638 3668 perfundebatur,
1692 3565 2296 3648 illustrationibus;
2328 3580 2474 3636 tum
2522 3566 2673 3654 plu-

164 3671 467 3726 rimorum
510 3656 827 3726 doctrina
882 3668 1373 3743 sanctitateque
1484 3656 1929 3725 raestantium
1985 3656 2288 3724 virorum
2338 3654 2668 3736 consilio;

166 3749 283 3809 tum
346 3746 753 3833 praesertim
830 3767 1046 3815 suasu
1101 3757 1305 3833 atque
1373 3767 1411 3814 a
1465 3746 1829 3814 irmatione
1878 3744 2297 3814 sanctissimi
2366 3743 2674 3835 episcopi

166 3829 460 3915 Falco'ae‚
516 3855 657 3920 quo
704 3834 1161 3904 conscientiae
1210 3833 1628 3904 moderatore
1658 3833 2000 3913 utebatur,
2037 3845 2101 3903 et
2147 3855 2187 3903 a
2228 3834 2440 3920 cujus
2473 3844 2670 3915 nutu,

168 3919 273 3986 voti
323 3855 477 4012 lege
526 3922 775 3992 exhinc
821 3923 1192 3993 obstrictus
1222 3978 1237 4003 ,
1298 3934 1478 3994 totus
1535 3922 1894 4012 pendebat.
1960 3923 2139 4004 Quin
2188 3922 2395 3991 etiam
2442 3920 2678 3991 divina

170 4006 451 4080 voluntas
488 4011 876 4092 manifesto,
916 4011 1044 4081 hac
1076 4033 1285 4102 super
1308 4033 1402 4092 re,
1438 4033 1511 4080 se
1546 4010 1859 4101 patefecit
1899 4009 2257 4080 miraculO.
2294 4014 2459 4079 Cum
2490 4009 2674 4078 enim

174 4099 687 4194 sanctimonialis
737 4099 877 4181 illa,
912 4100 997 4169 de
1020 4122 1159 4187 qua
1207 4101 1415 4171 locuti
1450 4122 1721 4180 sumuS,
1757 4099 2058 4187 quadam
2087 4098 2199 4167 die
2231 4098 2677 4169 audientibus

176 4179 296 4254 alus
337 4188 722 4270 sororibus,
758 4188 1092 4259 divinitus
1137 4190 1272 4260 sibi
1301 4189 1517 4259 factae
1550 4187 1982 4259 revelationis
2015 4187 2360 4257 veritatem
2403 4199 2679 4257 strenue

179 4287 505 4358 assererem
575 4300 716 4347 una
761 4299 843 4348 ex
889 4278 1333 4349 audientibus
1381 4279 1449 4346 in
1503 4278 1683 4347 hanc
1739 4297 1972 4345 vocem
2019 4276 2289 4366 erupit:
2342 4275 2674 4364 Equidem

182 4375 288 4431 rem
316 4366 623 4448 credam,
660 4366 938 4455 quando
984 4389 1177 4436 soror
1210 4379 1439 4437 nostra
1487 4366 1699 4435 Maria
1746 4364 2146 4456 Magdalena
2190 4365 2398 4456 (quae
2452 4377 2677 4435 mente

301 4487 542 4544 surius
573 4516 594 4527 ·
633 4485 794 4545 Vitae
836 4484 940 4546 SS.
974 4518 997 4529 -
1018 4485 1146 4545 Vol.
1174 4483 1330 4546 VIII.
1376 4571 1377 4574 Ἴ
2483 4485 2517 4542 5
