3308 5004
659 341 744 405 86
1276 355 1355 402 mi
1403 355 1459 404 S.
1511 355 1838 406 Arrnotrso
1886 357 1954 404 ι.
2006 357 2087 405 ως
2134 356 2387 407 ucomo
2830 338 3016 406 AUG.
3070 340 3112 406 2

569 439 933 531 perfidiam
965 438 1093 510 zeli
1140 437 1581 510 simulatione
1640 451 1898 532 tegenS,
1953 440 2351 512 rebellionis
2407 440 2732 512 vexillum
2779 442 3010 521 erexit,
3049 454 3117 512 et

569 529 992 620 Regularum
1027 528 1593 599 adulte-rationem
1632 542 2058 621 praetexenS,
2103 535 2389 601 Romam
2440 529 2816 601 contendit.
2883 530 3118 601 Multis

570 618 668 687 ibi
703 619 773 687 in
822 617 1249 707 Alphonsum
1298 618 1641 708 congestis
1690 618 2088 701 calumniiS,
2145 618 2348 689 fidem
2400 619 2534 690 sibi
2573 619 2999 701 conciliavit,
3052 630 3120 689 et

574 706 746 777 illud
800 706 1073 777 tandem
1143 720 1502 779 assecutus
1567 718 1692 789 est,
1746 721 1819 777 ut
1867 708 2316 800 Congregatio
2364 713 2467 779 Ss.
2522 708 2998 799 Redemptoris
3043 707 3119 777 in

570 796 749 866 duas
799 809 1027 888 partes
1101 794 1555 866 scinderetur.
1610 795 1927 878 Scilicet,
1980 819 2118 883 quo
2167 797 2446 867 uberior
2498 796 2920 868 infortunato
2968 796 3123 866 seni

570 883 798 954 luctus
852 907 932 954 ac
982 883 1504 955 tribulationum
1561 885 1849 955 materia
1895 886 2268 968 obveniret,
2308 885 2471 956 Pius
2518 891 2636 970 VI,
2684 886 3120 976 permittente
3195 945 3199 948 .

571 978 731 1055 Deo,
783 973 1113 1063 deceptus
1158 985 1283 1055 est;
1335 986 1401 1042 et
1429 972 1778 1043 decretum
1817 974 2244 1066 promulgari
2280 975 2515 1066 jussit,
2559 997 2717 1064 quo,
2747 974 3123 1063 disjunctis

569 1061 899 1133 domibus
946 1084 1125 1149 quae
1171 1073 1368 1131 erant
1416 1061 1483 1130 in
1539 1065 1729 1131 Statu
1779 1062 2134 1133 Pontificio
2198 1086 2233 1133 a
2297 1064 2539 1133 ceteris
2587 1062 2760 1133 colle
2814 1062 2934 1143 iis,
3008 1061 3123 1132 Al-

570 1151 884 1241 phonsus
938 1163 1004 1221 et
1040 1150 1467 1241 Neapolitani
1531 1155 1764 1220 Patres
1809 1174 1849 1221 a
1899 1153 2435 1254 Congregatione
2483 1156 2587 1222 Ss.
2642 1157 2735 1222 Re
2787 1151 3123 1241 emptoris

568 1252 633 1308 et
680 1262 720 1309 a
756 1239 1321 1331 congregationis
1371 1238 1750 1397 privilegiis
1805 1240 2064 1312 exclusn
2114 1240 2669 1311 declarabantur.
2725 1246 2972 1324 Quare,
3037 1261 3125 1311 ex

569 1329 1036 1416 Neapolitanis
1082 1328 1420 1411 Patribus,
1488 1349 1609 1397 mu
1644 1329 1690 1397 ti
1732 1328 1800 1398 in
1861 1329 2201 1399 Pontificii
2265 1334 2494 1400 Status
2541 1329 2786 1399 domos
2825 1328 3123 1398 commi·

569 1430 884 1507 grarunt.
939 1422 1030 1487 Ex
1076 1417 1334 1504 quibus
1362 1415 1691 1488 omnibus
1741 1417 1971 1500 rebuS,
2023 1439 2231 1505 quam
2273 1417 2519 1488 acerbo
2573 1417 2831 1488 doloris
2884 1416 3122 1508 gladio

570 1510 637 1574 S.
693 1505 1104 1575 Fundatoris
1156 1518 1391 1596 pectus
1441 1506 1891 1577 transfossum
1945 1506 2187 1588 fuerit,
2241 1506 2652 1597 cogitatione
2701 1505 2808 1576 vix
2869 1506 3123 1597 attingi

572 1604 815 1683 potest.
861 1593 1278 1684 AlpbonsuS,
1331 1594 1449 1682 qui
1511 1606 1603 1664 tot
1661 1595 1939 1685 scriptis
1989 1594 2413 1685 Apostolicae
2462 1594 2657 1665 Sedis
2704 1594 2868 1680 jura
2932 1616 3124 1664 asse-

571 1697 824 1764 ruerat,
860 1682 1210 1754 Pontificis
1257 1706 1330 1753 se
1361 1682 1540 1752 videt
1565 1682 1921 1755 favoribus
1966 1683 2335 1772 dejectum,
2375 1697 2440 1753 et
2463 1683 2550 1753 ab
2584 1685 2736 1774 ipso
2766 1681 3120 1765 InstitutO,

568 1771 753 1858 quod
805 1783 941 1840 tam
1013 1793 1297 1862 operose
1371 1771 1738 1853 fundarat,
1810 1771 2205 1844 exclusum!
2276 1772 2616 1843 Divinitus
2666 1772 2833 1842 haec
2881 1772 3125 1842 omnia

568 1872 966 1943 evenerunt,
1011 1872 1089 1930 ut
1146 1864 1471 1947 majorem
1515 1882 1673 1930 cum
1741 1861 2028 1942 Christo,
2080 1863 2203 1949 qui
2266 1860 2635 1951 despectus
2683 1883 2762 1929 ac
2812 1860 3121 1929 virorum

571 1949 991 2019 novissimus
1025 1948 1096 2019 in
1148 1962 1323 2019 terra
1358 1948 1549 2018 visus
1583 1960 1708 2030 est,
1756 1948 2283 2020 similitudinem
2335 1961 2892 2036 consequeretur.
2947 1953 3124 2032 Tum

570 2059 729 2107 vero
762 2049 1009 2107 eventu
1039 2037 1456 2126 completum
1486 2036 1795 2124 estquod
1827 2037 1974 2128 ipse
2007 2038 2399 2128 Alphonsus
2430 2051 2630 2107 antea
2661 2037 3123 2127 praedixerat.

571 2131 739 2196 Cum
789 2126 972 2195 enim
1023 2125 1324 2214 quadam
1376 2125 1489 2195 die
1536 2124 1834 2217 graviter
1888 2140 2288 2216 aegrotaret,
2344 2149 2424 2197 ac
2472 2125 2745 2196 sodales
2798 2126 3129 2196 timerent

572 2236 657 2284 ne
710 2228 925 2285 morte
977 2215 1504 2306 praeriperetur,
1559 2214 1839 2284 «Nolite
1869 2214 2157 2306 (inquit)
2206 2216 2484 2295 timere;
2539 2214 2848 2285 nondum
2913 2215 3133 2284 mori-

571 2315 772 2373 turus
807 2326 989 2373 sum.
1043 2302 1405 2374 Enimvero
1455 2308 1631 2373 Deus
1682 2302 1827 2372 vult
1872 2326 1979 2373 me
2021 2306 2191 2374 mori
2241 2303 2599 2374 subditum
2661 2302 3124 2386 obedientiae,

567 2405 634 2460 et
683 2413 1122 2480 nequaquam
1174 2391 1734 2483 Congregationis
1767 2397 2118 2463 Rectorem
2169 2414 2653 2484 supremum.»
2797 2401 2800 2402 ’
2972 2466 2977 2470 ,

660 2482 697 2570 ξ
744 2485 820 2553 ’1.
873 2486 1140 2552 Interea
1190 2482 1349 2552 Pius
1396 2485 1479 2552 vl
1543 2502 1796 2552 novum
1850 2482 2167 2553 instituto
2216 2482 2682 2573 praepositum
2788 2479 3122 2564 raesecit,

572 2574 838 2641 Patrem
908 2571 1351 2641 Franciscum
1424 2570 1511 2640 de
1573 2569 1802 2640 Paola.
1863 2571 2042 2641 Huic
2110 2571 2552 2641 humillimus
2612 2591 2684 2639 se
2784 2569 3131 2660 lphonsus

570 2659 921 2741 submisit;
973 2673 1039 2730 et
1088 2659 1418 2748 quoniam
1469 2680 1627 2749 spes
1693 2658 2003 2729 nondum
2052 2672 2424 2730 evanuerat
2482 2658 2771 2730 scissam
2822 2664 2958 2728 Con
3017 2680 3130 2728 re·-

569 2748 917 2849 gationem
967 2748 1051 2819 ad
1103 2749 1437 2818 unitatem
1489 2746 1877 2828 revocandi,
1933 2747 2000 2816 in
2037 2769 2199 2817 eum
2239 2748 2446 2817 finem
2488 2746 2819 2817 omnibus
2859 2749 2984 2816 viri
3039 2770 3131 2817 us

572 2837 931 2906 intendere
979 2837 1453 2927 perseveravit,
1508 2834 1841 2927 patefacta
1876 2857 2004 2906 sua
2050 2857 2477 2923 suorumque
2525 2836 2945 2906 innocentia·
2993 2834 3129 2906 Sed

571 2946 815 2995 omnes
839 2926 991 3016 ejus
1022 2937 1309 2995 conatus
1341 2925 1511 2994 irriti
1544 2924 1850 3006 fuerunt;
1878 2938 1943 2993 et
1975 2946 2055 2996 eo
2086 2924 2362 2994 tandem
2393 2947 2432 2993 a
2468 2924 2839 3014 perfidioso
2871 2929 2956 2995 Le
3009 2925 3130 3015 gio

568 3012 746 3103 (qui,
804 3013 871 3082 in
926 3013 1252 3085 domibus
1291 3013 1686 3083 Pontificiae
1732 3012 2038 3094 ditionis,
2096 3033 2381 3082 munere
2430 3012 2899 3083 Procurator-is
2996 3035 3132 3082 un·-

572 3101 894 3192 gebatur)
918 3124 1028 3172 res
1074 3101 1411 3172 adductae
1458 3114 1643 3183 sunt,
1685 3114 1761 3171 ut
1796 3101 1928 3172 hoc
1961 3106 2024 3172 S.
2073 3100 2268 3172 Sedis
2303 3100 2631 3191 prodierit
2669 3122 3122 3191 responsum.

574 3190 897 3260 standum
949 3213 1098 3261 esse
1146 3190 1214 3259 in
1266 3190 1561 3272 decisis,
1619 3212 1841 3277 neque
1887 3212 1996 3259 am
2058 3190 2191 3260 lius
2259 3189 2531 3260 admitti
2594 3213 2854 3281 preces.
2918 3189 3129 3260 Omni

573 3278 791 3369 igitur
825 3279 1322 3370 pacificationis
1369 3301 1491 3369 spe
1536 3278 1833 3360 sublata,
1887 3214 2277 3370 Alpiionsus
2324 3299 2503 3368 opus
2550 3300 2784 3360 suum,
2844 3278 2960 3349 cui
3007 3300 3131 3361 ex-

576 3367 871 3437 truendo
1009 3390 1095 3438 ne
1137 3368 1642 3458 quinquaginta
1705 3389 1928 3438 annos
1989 3367 2467 3448 insudaverat,
2521 3368 2592 3437 in
2640 3366 3126 3439 holocaustum

576 3460 710 3526 Deo
742 3389 1015 3537 obtusi?
1084 3456 1357 3525 divinae
1404 3456 1738 3525 voluntati
1804 3456 2078 3527 heroica
2122 3478 2282 3527 cum
2336 3456 2664 3547 patientia
2717 3455 3129 3557 plenissime

573 3545 1045 3631 acquiescens.
1120 3549 1196 3615 In
1250 3557 1474 3615 tantae
1534 3557 1763 3614 autem
1825 3546 2098 3616 virtutis
2176 3545 2602 3635 praemium,
2673 3544 3011 3615 divinitus
3060 3565 3127 3612 ei

574 3655 985 3704 concessum
1034 3646 1175 3715 est,
1229 3645 1306 3702 ut
1349 3655 1557 3719 quam
1608 3645 1992 3722 exoptatam
2048 3635 2381 3704 unitatem
2446 3634 2643 3703 vivus
2690 3633 2918 3703 videre
2986 3653 3126 3701 non

576 3736 828 3813 posset,
882 3744 915 3791 s
970 3722 1134 3792 iritu
1178 3735 1360 3791 certe
1408 3721 1809 3812 prophetico
1849 3744 1889 3791 a
1939 3721 2142 3814 longe
2194 3723 2488 3811 potuerit
2534 3721 2875 3803 salutare;
2931 3742 3123 3800 nam,

573 3810 877 3899 quadam
958 3811 1041 3891 ie,
1076 3810 1427 3901 conceptis
1459 3810 1684 3882 verbis
1709 3811 2121 3881 vaticinatus
2168 3826 2270 3881 est
2299 3810 2440 3881 fore
2468 3822 2565 3891 ut,
2620 3810 2772 3901 ipso
2822 3822 3122 3887 mortuo,

573 3901 926 3991 disjuncta
972 3899 1236 3970 familia
1307 3900 1555 3969 iterum
1609 3899 1741 3970 sub
1803 3921 1946 3970 uno
2007 3900 2232 3992 capite
2295 3899 2873 3990 con‘ungeretur;
2935 3897 3129 3985 quod

575 3989 973 4059 felicissime
1019 3988 1243 4060 evenit
1273 4009 1457 4058 anno
1486 4007 1780 4058 unccxcr.
1817 3991 1975 4079 Ipse
2016 4011 2173 4060 vero
2207 3989 2401 4059 Ponti
2433 4010 2536 4070 ex,
2567 3989 2816 4058 certior
2846 3986 3126 4057 tandem

575 4077 797 4147 factus
832 4078 917 4147 de
948 4078 1341 4148 innocentia
1388 4076 1721 4167 Alphonsi
1761 4076 1909 4165 jam
1941 4075 2308 4161 demortui,
2351 4099 2665 4148 moerens
2693 4075 3126 4157 exclamavit,

576 4187 652 4235 se
701 4170 1028 4237 Sanctum
1068 4188 1217 4237 esse
1267 4178 1734 4257 persecutum.

668 4256 707 4342 ξ
752 4258 835 4326 8.
891 4254 1019 4325 Sed
1069 4256 1455 4326 divexatum
1489 4258 1730 4325 Senem
1762 4275 2014 4325 novum
2048 4276 2129 4324 ac
2170 4254 2380 4345 priori
2421 4253 2776 4324 crudelius
2809 4252 3138 4323 manebat

580 4342 1020 4432 martyrium.
1074 4344 1376 4413 Profecto
1435 4343 1751 4414 crederes
1822 4364 2064 4414 omnes
2128 4356 2289 4414 tunc
2335 4341 2610 4413 divinae
2656 4341 3135 4413 Providentiae

580 4452 789 4502 curas
837 4452 916 4501 eo
944 4431 1168 4502 solum
1198 4431 1629 4516 collineasse,
1672 4444 1752 4503 ut
1785 4431 2178 4524 Alphonsus
2201 4453 2473 4524 semper
2518 4431 2743 4523 magis
2770 4430 3139 4522 magisque
