3308 5004
715 277 843 342 714
927 293 936 304 ·
1238 292 1304 341 nt
1352 291 1546 340 πετο
1594 292 1930 341 nuceum.
1985 294 2042 340 s.
2091 290 2318 342 somn.
2370 293 2551 342 narr.
2853 277 3048 345 ΔΗΕ.
3091 279 3167 346 29

622 385 973 451 Joannes:
1014 376 1344 464 quoniam
1378 389 1537 446 cum
1570 376 1872 448 adducto
1903 378 2218 469 exemplo
2253 391 2517 471 pugnat
2547 402 2630 449 ex
2661 378 3029 451 diametro.
3071 386 3171 453 Est

624 469 809 539 enim
846 467 964 537 ille
1010 465 1262 536 firmus
1313 478 1379 536 et
1430 464 1721 548 solidus,
1761 466 2116 550 arundini,
2168 490 2349 552 quae
2396 467 2597 540 facile
2644 469 3168 553 circumfertur,

624 557 915 627 omnino
949 555 1341 625 dissimilis.
1403 555 1579 638 Quid
1636 569 1876 626 autem
1910 555 2111 637 illud,
2156 557 2227 626 in
2278 557 2608 628 mollibus
2647 559 3015 630 vestibus?
3061 565 3172 631 Eos

626 646 879 728 innuit,
931 644 1055 734 qui
1095 643 1336 713 vivunt
1368 644 1435 712 in
1475 643 1768 734 deliciis,
1824 644 2183 716 Probabile
2230 647 2416 716 enim
2467 659 2613 718 erat
2648 647 2952 719 Judaeos
3004 650 3175 741 cogi-

626 751 809 817 tare,
869 732 1052 822 quod
1111 732 1229 820 qui
1275 733 1580 822 primum
1633 733 1858 804 suerat
1905 733 2154 805 firmus
2205 758 2287 805 ac
2335 738 2688 815 robustus,
2754 751 2820 806 et
2866 751 3174 807 assuetus

628 823 1010 904 laboribus,
1049 821 1299 892 deinde
1348 821 1619 892 deliciis
1650 844 1845 905 usuS,
1901 835 2065 893 tunc
2105 838 2411 894 evaserat
2445 824 2805 906 delicatus,
2839 840 2904 895 et
2934 827 3173 895 inierat

624 912 869 984 foedus
915 933 1075 983 cum
1122 911 1461 981 mollitia:
1516 915 1823 994 Quorum
1878 927 2202 983 neutrum
2256 914 2470 984 fuisse
2512 914 2804 984 Joannis
2850 915 3075 983 animi
3119 927 3174 984 et
3269 957 3270 974 η

627 1003 801 1073 vitae
835 1057 851 1084 ,
904 1014 1168 1070 certum
1231 1000 1705 1070 testimonium
1757 1014 1881 1081 est,
1934 1014 2000 1071 et
2048 1000 2255 1072 vestis
2289 1056 2305 1083 ,
2358 1013 2425 1070 et
2488 1023 2748 1072 carcer.
2799 1008 2945 1074 Non
3005 1005 3170 1073 enim

625 1091 1129 1161 condemnatus
1185 1102 1364 1159 esset
1413 1088 1612 1158 illum
1667 1089 1978 1160 habitare
2009 1145 2025 1172 ,
2080 1091 2138 1160 si
2189 1089 2500 1161 scivisset
2548 1092 2802 1161 servire
2861 1092 3169 1183 tempori,

625 1193 690 1251 et
738 1178 981 1252 cedere
1029 1179 1333 1267 Regibus
1366 1200 1439 1249 se
1485 1179 1724 1265 inique
1764 1179 2209 1270 gerentibus:
2262 1199 2423 1248 cum
2478 1182 2884 1269 praesertim
2934 1182 3008 1252 ei
3053 1204 3170 1252 non

624 1282 806 1341 esset
839 1290 1115 1339 necesse
1166 1266 1357 1355 loqui
1405 1266 1486 1336 ad
1538 1268 1859 1358 gratiam,
1915 1268 2032 1337 sed
2077 1267 2301 1337 solum
2358 1280 2578 1338 tacere
2629 1269 3064 1350 sufficiebat,
3109 1282 3171 1339 ut

628 1358 957 1429 omnibus
1006 1357 1232 1426 modis
1277 1356 1759 1426 observaretur
1804 1371 1870 1426 et
1916 1358 2275 1427 coleretur.
2333 1357 2692 1439 Quomodo
2725 1371 2960 1429 autem
3017 1359 3175 1429 acci·

631 1448 961 1539 piendum
1020 1458 1123 1516 est
1184 1444 1401 1526 illud,
1460 1450 1628 1514 Eum
1689 1466 1840 1515 esse
1883 1445 2043 1535 plus
2099 1466 2307 1532 quam
2357 1446 2806 1537 prophetam?
2855 1452 2958 1517 An
3011 1446 3168 1535 quod

627 1549 1043 1627 conspectus
1092 1534 1180 1603 sit
1232 1533 1670 1624 propinquus
1717 1533 1962 1605 Christi
1998 1534 2324 1604 adventui
2374 1534 2459 1603 ad
2513 1535 2891 1607 homines?
2927 1540 3171 1608 Mittam
3269 1549 3270 1556 ’

628 1624 1110 1712 em‘m„inquit,
1142 1625 1477 1714 Anqelum
1510 1645 1735 1692 meum
1764 1635 1920 1693 ante
1947 1626 2195 1714 faciem
2227 1635 2441 1693 tuam.
2474 1624 2667 1707 Quod
2694 1625 2986 1712 quidem
3022 1623 3167 1695 nibil

626 1714 815 1784 aliud
863 1712 1231 1803 significat,
1282 1733 1493 1798 quarn
1553 1712 1884 1801 proxime.
1940 1718 2106 1782 Nam
2156 1714 2203 1781 ii
2261 1734 2560 1800 quoque,
2605 1716 2726 1802 qui
2788 1715 2861 1784 in
2914 1734 3168 1806 progre-

629 1802 885 1873 diendo
950 1800 1349 1870 ›raecedunt
1402 1801 1835 1870 continenter
1874 1801 2201 1892 RegibuS,
2259 1801 2306 1869 ii
2355 1801 2617 1872 scilicet
2671 1815 2738 1889 et
2797 1804 3159 1895 majorem,

627 1913 836 1979 quam
875 1825 1021 1970 alii,
1062 1890 1315 1960 habent
1348 1889 1850 1972 auctoritatem,
1888 1904 1955 1960 et
1993 1904 2155 1959 sunt
2187 1889 2251 1958 ei
2283 1889 2818 1978 conjunctiores

717 1983 753 2067 ξ
805 1983 939 2052 18.
994 1984 1071 2049 Et
1118 1977 1373 2047 sufficit
1456 1977 1685 2048 uidem
1724 1978 1964 2070 lingua
2003 1978 2356 2049 Dominica
2389 1978 2474 2048 ad
2526 1979 2891 2051 serendum
2940 1977 3162 2052 loanni

638 2068 1108 2140 testimonium
1142 2066 1229 2137 de
1260 2000 1661 2137 excellentia
1711 2068 1889 2138 inter
1936 2068 2274 2148 homines,
2327 2080 2395 2138 et
2445 2069 2626 2157 quod
2691 2068 2890 2139 nulla
2940 2069 3164 2138 mulier

628 2180 707 2227 eo
758 2158 1089 2248 majorem
1127 2156 1486 2246 pepererit.
1524 2157 1828 2226 Inveniet
1851 2168 2080 2227 autern
2134 2155 2255 2243 qui
2298 2156 2479 2240 velit,
2517 2157 2870 2227 veritatem
2913 2177 3161 2247 quoque
3269 2189 3270 2192 ¹

633 2268 861 2316 rerum
915 2244 1095 2315 idem
1148 2245 1422 2325 dicere,
1480 2244 1537 2314 si
1589 2243 1781 2316 illius
1847 2267 2155 2314 mensam
2214 2246 2487 2335 cogitet,
2559 2246 2616 2314 sl
2671 2246 2866 2316 illius
2903 2243 3158 2315 >vivendi

630 2336 990 2416 rationem,
1046 2334 1107 2403 si
1154 2334 1490 2419 excelsam
1546 2332 1737 2404 illius
1774 2347 2094 2403 mentem.
2132 2339 2485 2421 Tanquam
2521 2334 2731 2416 enim,
2769 2335 2889 2424 qui
2920 2358 2956 2405 e
2989 2331 3159 2403 coelo

631 2425 950 2506 venisset,
1005 2423 1104 2493 sic
1141 2437 1387 2494 terram
1439 2421 1696 2504 obibat,
1750 2444 2003 2514 corpus
2055 2437 2406 2509 tamquam
2477 2445 3049 2514 supervacaneum
3093 2430 3153 2488 et

631 2516 928 2585 otiosum
963 2512 1223 2599 aliquid
1270 2512 1595 2598 inserens,
1630 2526 1694 2581 et
1719 2513 1869 2603 ejus
1902 2512 2039 2582 sere
2090 2512 2353 2584 nullam
2386 2535 2625 2583 curam
2666 2535 2912 2604 gerens,
2963 2512 3148 2597 hym·
3269 2600 3270 2603 Ἴ

635 2605 744 2673 nis
789 2615 855 2672 et
905 2602 1227 2692 precibus
1266 2600 1547 2672 assidue
1571 2601 1871 2677 deditus,
1911 2601 2407 2694 propemodum
2439 2602 2721 2690 quidem
2767 2623 2875 2670 nec
2907 2613 3144 2669 terram

632 2707 947 2783 tangenS,
1003 2690 1086 2760 ad
1124 2690 1392 2761 coelum
1431 2705 1657 2760 autem
1697 2703 1922 2761 mente
1965 2690 2303 2770 sublatuS,
2356 2691 2426 2760 'et
2479 2697 2688 2761 Deum
2736 2688 2938 2760 solum
2985 2706 3158 2778 pure

630 2781 1063 2882 contingens,
1120 2779 1382 2850 nullam
1436 2801 1577 2847 rem
1631 2779 2013 2849 humanam
2074 2780 2482 2860 vendicanS‚
2537 2780 2657 2850 sed
2708 2800 2940 2850 novam
2989 2776 3162 2844 vitae

633 2872 809 2940 viam
867 2868 1303 2959 ingredienS,
1378 2879 1451 2937 ut
1495 2867 1618 2955 qui
1672 2881 1849 2938 esset
1899 2867 2108 2937 simul
2184 2867 2606 2955 tranquillus
2652 2881 2718 2939 et
2789 2868 3161 2938 vehemens.

630 2959 895 3029 Etenim
933 2979 1091 3027 cum
1135 2956 1391 3048 populo
1426 2956 1708 3043 quidem
1764 2956 2188 3027 Judaeorum
2239 2972 2519 3028 strenue
2572 2968 2638 3028 et
2695 2956 2982 3037 sortiter,
3021 2974 3160 3025 cum

634 3055 728 3119 Re
779 3069 816 3117 e
863 3059 1092 3116 autem
1148 3046 1381 3126 libere,
1434 3067 1594 3115 cum
1648 3045 1795 3115 suis
1849 3068 2004 3116 vero
2051 3045 2420 3136 discipulis
2469 3045 2763 3116 comiter
2807 3044 3163 3117 admodum

631 3150 696 3207 et
733 3071 1044 3225 {enigne
1094 3135 1535 3221 loquebatur:
1586 3152 1723 3204 non
1768 3133 2001 3205 leviter
2040 3135 2319 3222 quidem
2353 3147 2419 3206 et
2458 3147 2738 3218 temere,
2780 3136 2907 3208 sed
2940 3153 3170 3206 unum·

632 3226 953 3313 quodque
1001 3225 1285 3306 scilicet,
1321 3234 1397 3292 ut
1422 3224 1801 3312 oportebat.
1841 3223 2196 3306 Quomodo
2228 3245 2390 3313 ergo
2424 3246 2556 3294 non
2589 3238 2737 3294 erat
2791 3222 3177 3296 bominibus

638 3315 881 3405 major,
934 3314 1056 3399 qui
1105 3314 1205 3382 sic
1235 3325 1378 3381 erat
1420 3312 1759 3383 affectus?
1806 3312 1980 3396 Quid
2024 3326 2253 3382 autem
2298 3312 2428 3383 sibi
2463 3312 2607 3383 vult
2653 3314 2850 3401 quod
2906 3314 3182 3401 subjun-

637 3403 846 3491 gitur,
903 3402 1121 3471 Minor
1164 3400 1473 3488 quidem,
1530 3402 1597 3469 in
1665 3423 1874 3493 regno
1936 3414 2164 3472 autem
2216 3402 2565 3472 coelorum
2637 3404 2925 3494 maJor?
2972 3408 3188 3475 An'ne
3269 3452 3270 3461 κ

639 3490 893 3562 nimiae
936 3489 1480 3561 laudesJudaeis
1527 3489 1832 3577 aliquam
1873 3493 2189 3581 parerent
2236 3490 2769 3573 absurditatem,
2834 3507 2913 3564 et
2959 3493 3189 3563 darent

634 3581 734 3651 eis
781 3579 1214 3651 occasionem
1247 3633 1263 3661 ,
1318 3579 1582 3649 Christo
1652 3576 2079 3669 praeferendi
2135 3580 2525 3649 loannem?
2573 3580 2931 3652 Minorem
2982 3594 3198 3654 autem

634 3670 921 3743 omnino
976 3681 1041 3738 et
1096 3682 1336 3751 aetate,
1393 3680 1459 3738 et
1507 3668 1884 3738 multorum
1951 3667 2276 3758 opinione
2326 3670 2630 3758 seipsum
2709 3685 2956 3742 vocat.
3014 3676 3202 3743 Erant

633 3760 818 3828 enim
869 3758 1180 3845 quidam,
1235 3759 1353 3845 qui
1402 3758 1465 3827 ei
1515 3778 1648 3826 non
1701 3756 1927 3827 solum
1983 3757 2375 3827 tribuebant
2409 3757 2926 3843 humilitatem,
2984 3761 3112 3833 sed
3149 3771 3204 3830 et

640 3869 975 3928 voracem,
1027 3861 1093 3916 et
1131 3847 1755 3940 vinipotoremynon
1810 3846 2220 3915 verebantur
2261 3869 2420 3915 eum
2471 3867 2741 3917 vocare.

724 3938 760 4022 ξ
807 3940 958 4009 19.
992 3935 1116 4005 Sed
1137 3936 1283 4026 jam
1317 3934 1400 4004 ad
1438 3935 1591 4021 ejus
1616 3955 1891 4022 quoque
1927 3946 2213 4005 mortem
2247 3948 2352 4006 est
2401 3934 2965 4023 transeundum,
3010 3959 3208 4031 quam

637 4023 755 4093 ille
786 4025 1001 4094 subiit
1050 4038 1324 4115 propter
1358 4022 1949 4115 reprehensioneS,
1990 4036 2067 4093 ut
2113 4023 2231 4110 qui
2284 4038 2612 4115 perpetuo
2660 4023 3035 4101 adversus
3079 4053 3210 4120 pee-
3259 4104 3266 4119 ,

638 4127 866 4183 catum
908 4113 1376 4194 decertaverit,
1419 4134 1551 4182 non
1584 4113 1834 4182 timens
1864 4112 2011 4183 dies
2034 4110 2144 4202 (ut
2191 4111 2417 4182 dicam
2450 4134 2611 4183 curn
2644 4114 2908 4187 divino
2947 4116 3212 4201 Davide)

640 4222 772 4270 non
825 4200 1207 4271 formidans
1248 4201 1478 4271 vultus
1529 4224 1794 4292 regum,
1848 4201 1966 4289 qui
2022 4207 2229 4270 Deum
2267 4214 2332 4272 et
2362 4201 2543 4292 leges
2582 4201 3078 4292 despiciunt:
3111 4206 3210 4280 sed

639 4304 869 4379 aperte
915 4312 1218 4382 arguens
1253 4312 1369 4359 eos
1411 4312 1640 4360 servos
1689 4290 2097 4381 voluptatis,
2152 4290 2274 4377 qui
2322 4288 2481 4361 aliis
2527 4297 2619 4374 (o
2658 4292 2836 4381 jura
2874 4310 2958 4366 et
3001 4296 3212 4391 leges)

642 4379 863 4448 volent
902 4380 1266 4469 imperare.
1322 4385 1487 4449 Nam
1542 4392 1904 4470 postquam
1935 4379 2084 4469 jam
2136 4378 2379 4450 suisset
2416 4379 2737 4451 inclusus
2777 4404 3105 4462 carcere
3126 4388 3213 4480 (eo
