3308 5004
664 315 792 381 688
1138 332 1219 379 οι
1264 251 1351 379 ε’..
1374 329 1733 379 msusrmo
1780 327 1976 381 nrisc.
2007 301 2101 381 ἰτ
2145 328 2317 386 ποι.
2383 327 2565 380 noct.
2779 311 2978 379 Auo.
3035 314 3132 379 28

576 418 973 499 scribentes,
1023 427 1089 486 et
1117 415 1542 504 ubicumque
1588 428 1923 507 poterant,
1977 415 2260 505 publice
2285 425 2352 486 et
2391 436 2514 507 per
2539 414 2783 486 domos
2830 415 3144 504 loquen-

578 519 700 588 tes,
804 528 878 575 er
923 526 1141 576 annos
1188 503 1403 575 ferme
1449 505 1682 575 decem
1737 504 2109 583 laboravit,
2163 503 2496 575 librorum
2540 503 2757 574 multa
2803 504 3146 575 condens

576 604 642 665 et
686 617 723 664 e
774 616 920 675 ens,
970 606 1036 664 et
1083 594 1154 664 in
1203 593 1493 663 ecclesia
1536 591 1811 684 populis
1857 615 1937 662 ex
1983 593 2222 663 eodem
2270 615 2500 663 errore
2560 593 3144 681 frequentissime

577 683 686 753 dis
738 697 963 755 utans.
1017 688 1095 752 Et
1139 684 1467 771 quoniam
1521 681 1728 751 iidem
1766 681 2064 773 perversi
2104 682 2259 753 sedi
2310 682 2730 772 Apostolicae
2763 702 2888 783 per
2919 701 3141 753 suam

578 794 688 841 am
746 773 1020 842 itionem
1056 771 1366 842 eamdem
1418 771 1779 862 perii-diam
1814 769 2228 862 persuadere
2265 771 2717 853 conabantur,
2762 773 3148 844 instantis-

578 862 752 932 sime
796 863 1016 945 etiam,
1066 860 1381 931 conciliis
1442 859 1777 930 Africanis
1835 873 2229 932 sanctorum
2288 860 2778 951 Episcoporum
2842 872 3144 950 gestum

576 963 700 1031 est,
754 963 832 1020 ut
866 963 1103 1022 sancto
1134 954 1357 1039 Papae
1393 950 1589 1019 urbis
1620 954 1901 1030 Romae,
1939 962 2006 1019 et
2039 949 2236 1040 prius
2266 946 2640 1020 venerabili
2677 950 3137 1029 Innocentio,

577 1051 642 1108 et
683 1053 914 1129 postea
947 1051 1182 1109 sancto
1215 1038 1479 1108 Zozimo
1506 1039 1658 1123 ejus
1705 1039 2086 1108 successori
2132 1037 2683 1129 persuaderetur,
2731 1059 2957 1125 quam
3013 1036 3144 1106 illa

579 1142 762 1197 secta
821 1151 859 1198 a
912 1126 1259 1198 catholica
1320 1126 1455 1196 fide
1501 1127 1970 1198 abominanda
2015 1142 2081 1198 et
2127 1126 2527 1197 damnanda
2572 1127 2836 1198 fuisset.
2891 1131 2984 1197 At
3036 1126 3144 1196 illi

580 1227 807 1287 tantae
855 1216 1048 1287 Sedis
1096 1216 1466 1292 AntistiteS.
1501 1217 1648 1286 suis
1682 1216 1973 1287 diversis
2005 1216 2432 1307 temporibus
2460 1215 2733 1286 eosdem
2769 1228 3138 1296 notantes,

581 1318 784 1392 atque
814 1328 853 1376 a
889 1305 1218 1375 membris
1249 1304 1588 1375 Ecclesiae
1636 1305 2130 1395 praecidentes,
2156 1305 2336 1375 datis
2374 1305 2612 1375 Literis
2649 1303 2735 1374 ad
2757 1303 3146 1374 «Africanas

462 1411 465 1416 ·
576 1395 879 1465 Orientis
923 1404 989 1464 et
1044 1393 1431 1465 Occidentis
1476 1393 1860 1474 Ecclesias,
1914 1415 2034 1464 eos
2090 1392 2768 1464 anathematizandos
2818 1405 2886 1463 et
2939 1394 3144 1463 devi-

553 1484 831 1570 ⁸tandos
877 1484 964 1553 ab
1012 1483 1339 1553 omnibus
1400 1482 1765 1553 Catholicis
1827 1495 2271 1562 censuerunt.
2335 1488 2413 1551 Et
2477 1483 2607 1552 hoc
2668 1481 2800 1551 tale
2847 1481 2945 1551 de
3001 1482 3144 1551 illis

584 1569 927 1643 Ecclesiae
974 1571 1352 1641 catholicae
1402 1571 1743 1662 prolatum
1801 1570 2174 1658 judicium,
2226 1571 2432 1641 etiam
2485 1571 2847 1661 piissimus
2901 1575 3142 1661 Impe-

582 1674 767 1731 rator
799 1662 1145 1731 Honorius
1183 1660 1475 1731 audiens
1523 1682 1604 1730 ac
1657 1681 1953 1747 sequens
1982 1714 1997 1741 ‚
2054 1661 2201 1729 suis
2250 1682 2366 1729 eos
2406 1659 2676 1752 legibus
2711 1658 3138 1737 damnatos,

582 1750 763 1819 inter
790 1750 1167 1820 haereticos
1198 1750 1437 1819 haberi
1467 1749 1716 1818 debere
1747 1748 2125 1820 constituit.
2166 1748 2359 1819 Unde
2392 1747 2708 1823 nonnulli
2755 1767 2840 1817 ex
2870 1748 3009 1829 eis,
3051 1748 3139 1817 ad

585 1851 862 1909 sanctae
912 1839 1150 1908 matris
1179 1837 1520 1909 Ecclesiae
1559 1838 1927 1928 gremium,
1972 1837 2159 1906 unde
2193 1837 2599 1918 resilierant,
2639 1837 3030 1917 redierunt,
3077 1849 3142 1906 et

584 1928 815 1996 adbuc
846 1927 965 1996 alii
1005 1926 1317 2008 redeunt,
1360 1929 1829 1997 innotescente
1860 1939 1925 1995 et
1958 1923 2505 2016 praevalescente
2548 1925 2886 1996 adversus
2925 1925 3137 1995 illum

585 2015 1052 2085 detestabilem
1088 2037 1386 2085 errorem
1424 2025 1645 2085 rectae
1678 2014 1836 2084 fidei
1867 2016 2168 2086 veritate.

673 2107 710 2192 ξ
761 2110 922 2176 28.
975 2110 1051 2174 Et
1098 2116 1242 2173 erat
1291 2104 1407 2174 ille
1458 2102 1929 2174 memorabilis
1977 2105 2080 2172 vir
2124 2104 2596 2193 Augustinus,
2667 2103 3133 2192 praecipuum

586 2193 926 2264 Dominici
977 2193 1286 2284 corporis
1336 2194 1748 2274 membrum,
1801 2194 1982 2261 circa
2033 2192 2443 2264 universalis
2483 2191 2830 2263 Ecclesiae
2865 2191 3134 2261 utilita-

587 2295 721 2351 tem
773 2282 1084 2352 solicitus
1132 2303 1406 2371 semper
1451 2304 1531 2352 ac
1583 2281 1893 2373 pervigil.
1950 2287 2027 2350 Et
2073 2281 2175 2351 illi
2221 2281 2556 2352 divinitus
2602 2280 2933 2351 donatum
2988 2293 3128 2359 est,

586 2384 664 2440 ut
707 2370 793 2441 de
838 2393 1124 2441 suorum
1176 2371 1488 2442 laborum
1539 2370 1793 2453 fructu,
1845 2371 2048 2440 etiam
2101 2371 2169 2440 in
2213 2371 2343 2440 hac
2383 2370 2520 2441 vita
2551 2369 2851 2461 gaudere
2893 2389 3138 2460 prove-

587 2459 833 2529 nisset:
885 2460 1080 2551 prius
1126 2460 1407 2548 quidem
1459 2461 1527 2530 in
1581 2458 2007 2552 Hipponensi
2054 2458 2358 2530 Ecclesia
2390 2472 2457 2530 et
2487 2459 2785 2561 regione,
2828 2459 2952 2528 cui
2992 2479 3134 2528 rna-

587 2550 770 2618 xime
820 2549 1250 2639 praesidebat
1295 2551 1559 2619 unitate
1603 2572 1684 2619 ac
1715 2570 1881 2639 pace
1917 2549 2252 2638 perfecta:
2290 2548 2541 2618 deinde
2573 2571 2642 2618 tn
2680 2548 2829 2617 aliis
2861 2547 3136 2617 Africae

589 2638 929 2728 partibus,
983 2639 1126 2707 sive
1175 2660 1297 2727 per
1341 2638 1673 2728 seipsum,
1726 2639 1867 2707 sive
1915 2659 2037 2728 per
2083 2638 2280 2719 alios,
2332 2650 2397 2708 et
2442 2659 2618 2725 quos
2662 2638 2803 2739 ipse
2839 2634 3131 2706 dederat

591 2727 982 2797 sacerdotes
1030 2726 1434 2818 pullulasse,
1485 2739 1551 2797 et
1598 2726 2125 2817 multiplicatam
2177 2725 2392 2797 fuisse
2442 2727 2709 2796 Domini
2748 2725 3118 2795 Ecclesiam

592 2815 996 2906 pervidens,
1053 2815 1343 2903 illosque
1391 2816 1855 2897 ManichaeoS,
1910 2817 2328 2896 DonatistaS‚
2382 2814 2880 2916 Pelagianistas
2919 2829 2987 2884 et
3016 2820 3125 2883 Pa-

591 2925 809 2996 ganos
854 2926 934 2974 ex
984 2926 1234 2993 magna
1286 2918 1474 2994 parte
1521 2904 1897 2986 defecisse,
1953 2918 2018 2974 et
2065 2904 2405 2976 Ecclesiae
2463 2910 2574 2974 Dei
2631 2904 2935 2975 sociatos
2981 2922 3112 2972 esse

591 2994 1061 3083 congaudens.
1113 2993 1538 3064 Profectibus
1584 3015 1860 3081 quoque
1904 3006 1971 3063 et
2002 2993 2251 3063 studiis
2282 2992 2518 3064 favens
2547 3006 2694 3064 erat
2723 2992 3107 3064 etexultans

591 3083 931 3152 bonorum
983 3084 1324 3163 omnium,
1377 3081 2085 3184 indisciplinationem
2139 3083 2247 3174 pie
2293 3104 2375 3153 ac
2404 3098 2637 3153 sancte
2670 3081 2962 3153 tolerans
2983 3078 3106 3178 fra:

594 3182 804 3252 trum,
857 3172 927 3241 in
980 3172 1455 3259 emiscensque
1501 3172 1587 3241 de
1635 3172 2119 3259 iniquitatibus
2161 3171 2527 3254 malorum,
2565 3171 2709 3241 sive
2738 3191 2973 3242 eorum
2999 3184 3118 3267 qut

594 3259 775 3328 intra
826 3265 951 3329 Ecc
982 3260 1223 3341 esiam,
1280 3262 1420 3330 sive
1466 3281 1702 3330 eorum
1743 3260 1861 3347 qui
1904 3274 2091 3329 extra
2126 3260 2497 3331 Ecclesiam
2539 3271 2707 3330 sunt
2749 3259 3123 3336 constituti,

599 3348 998 3429 Dominicis,
1051 3361 1129 3417 ut
1175 3349 1341 3429 dixi,
1397 3348 1612 3419 lucris
1660 3371 1933 3440 semper
2026 3348 2313 3429 audens,
2365 3361 2432 3418 et
2476 3348 2756 3418 damnis
2799 3368 3132 3419 moerens.

598 3441 810 3504 Tanta
857 3450 1085 3506 autem
1134 3439 1224 3508 ab
1268 3437 1507 3508 eodem
1557 3437 1809 3508 dictata
1841 3451 1907 3507 et
1937 3460 1974 3508 e
2030 3440 2120 3507 ita
2153 3450 2337 3520 sunt,
2376 3450 2699 3524 tantaque
2728 3438 2801 3505 in
2840 3435 3141 3507 Ecclesia

599 3524 970 3614 disputata,
1027 3541 1303 3618 excepta
1353 3540 1557 3615 atque
1603 3527 1989 3610 emendata,
2045 3526 2144 3596 vel
2194 3526 2527 3597 adversus
2556 3526 2872 3596 diversos
2911 3526 3146 3595 haere-

599 3614 771 3684 ticos
817 3616 1249 3705 conscripta,
1305 3617 1406 3685 vel
1457 3637 1537 3686 ex
1583 3616 1941 3686 canonicis
1988 3616 2185 3686 libris
2228 3616 2534 3705 exposita
2582 3613 2669 3684 ad
2717 3614 3150 3685 aedificatio-

598 3724 754 3772 nem
809 3716 1201 3774 sanctorum
1253 3705 1592 3777 Ecclesiae
1638 3704 1987 3785 filiorum,
2042 3718 2120 3774 ut
2173 3726 2251 3773 ea
2309 3704 2547 3773 omnia
2597 3704 2706 3781 vix
2765 3704 3150 3790 quisquam

600 3791 1067 3863 studiosorum
1120 3814 1321 3863 nosse
1365 3806 1430 3863 et
1461 3792 1646 3884 perle
1697 3815 1809 3863 ere
1838 3792 2159 3864 sufficiat.
2195 3798 2676 3863 Verumtamen
2713 3812 2801 3860 ne
2833 3791 3154 3861 veritatis

602 3881 1037 3952 avidissimos
1085 3882 1152 3950 in
1204 3882 1437 3970 aliquo
1485 3882 1638 3952 frau
1691 3905 1806 3953 are
1854 3881 2233 3962 videamur,
2274 3883 2507 3965 statui,
2556 3886 2685 3951 Deo
2725 3891 3155 3971 praestante,

604 3971 675 4041 in
727 3972 939 4056 hujus
984 3972 1308 4062 opusculi
1356 3971 1493 4049 fine
1538 3972 1743 4042 etiam
1790 3970 2190 4041 eorumdem
2227 3970 3060 4059 libror'um,jtractatuurn
3093 3980 3162 4040 et

600 4043 1049 4147 epistolarum
1102 4060 1490 4130 indiculum
1540 4060 1940 4150 adjungere.
1982 4065 2129 4144 Quo
2164 4060 2358 4141 lecte,
2394 4060 2517 4148 qui
2559 4059 2781 4150 magis
2816 4056 2931 4127 Dei
2971 4060 3162 4128 veri-

603 4158 834 4228 tatem,
889 4169 1100 4235 quam
1152 4149 1562 4239 temporales
1607 4162 1843 4218 amant
1890 4150 2188 4230 divitias,
2240 4148 2371 4218 sibi
2419 4148 2739 4237 quisque,
2789 4145 2978 4249 quod
3041 4169 3162 4217 vo·

610 4236 836 4316 luerit,
892 4236 979 4305 ad
1016 4237 1381 4329 legendum
1416 4252 1481 4307 et
1510 4238 2066 4327 cognoscendum
2104 4238 2331 4339 eligat,
2367 4251 2434 4308 et
2472 4236 2537 4307 id
2573 4237 2660 4308 ad
2695 4235 3160 4308 scribendum
3263 4286 3264 4291 κ

602 4325 706 4394 vel
757 4325 842 4394 de
890 4325 1309 4398 Bibliotheca
1355 4327 1823 4417 Hipponensis
1869 4327 2196 4398 ecclesiae
2243 4340 2446 4418 petat,
2498 4326 2628 4415 ubi
2676 4321 3162 4425 emendatiora

604 4413 1018 4504 exemplaria
1068 4413 1236 4485 forte
1285 4416 1581 4506 potuerit
1628 4415 1979 4486 invenire:
2031 4415 2133 4487 vel
2169 4415 2355 4487 unde
2388 4414 2676 4486 valuerit
2714 4415 3057 4504 inquirat,
3094 4424 3161 4485 et
