3308 5004
234 320 428 390 ΔΗΕ.
475 317 569 386 ὀ
897 333 980 384 οι
1015 331 1082 385 s.
1131 329 1467 386 uanam
1511 332 1656 385 ue.
1707 329 2093 385 murm..
2444 305 2447 308 ’
2570 311 2705 385 549

235 420 718 496 liberationem
747 417 1191 509 quaesierim,
1221 432 1295 491 et
1324 438 1463 491 non
1522 418 1746 510 magis
1802 417 2019 491 illius.
2054 422 2262 504 ‘Quae
2307 417 2494 489 enim
2536 429 2786 502 mater,

237 510 516 583 etiamsi
546 530 848 591 omnem,
899 529 1110 597 quam
1148 507 1725 602 potuitcuramjet
1769 502 2201 601 diligentiam
2232 505 2616 600 aegrotanti
2648 504 2794 579 filio

237 599 647 672 adhibuisse
692 616 767 670 se
803 597 1008 680 sciat,
1049 597 1112 669 si
1167 595 1458 669 demum
1512 613 1587 668 ae
1640 596 1888 669 viderit
1947 596 2372 681 fmstratam,
2422 607 2490 667 et
2549 614 2796 670 omnes

244 688 520 762 labores
563 705 729 759 mos
749 689 907 758 ‘es'se
946 686 1223 779 penitus
1260 685 1683 769 inefficaces,
1737 685 1858 757 illo
1905 683 2365 757 nihilominus
2419 684 2790 769 moriente,

241 790 604 872 propterea
632 793 943 865 unquam
991 796 1034 847 a
1065 774 1346 874 fletibus
1382 775 1877 866 temper-abitt»
1912 779 2002 847 ⁴Bt
2033 774 2201 846 lraec
2231 773 2595 848 hactenus.

327 870 368 957 ς
405 871 560 940 Μ.
614 869 999 947 Decaetero,
1034 875 1267 936 tantus
1294 862 1681 936 aemulator
1704 875 1855 937 erat
1882 855 2443 936 mansuetudinis
2462 861 2536 935 et
2568 862 2787 956 pacis,

239 966 319 1028 ut
353 956 415 1027 si
459 954 632 1026 forte
668 954 1035 1046 improbus
1128 953 1377 1055 uisque
1423 953 1672 1045 petitor
1693 953 1945 1024 durius
1988 950 2382 1024 extorsisset
2413 969 2460 1023 a
2496 964 2795 1044 negante

239 1064 681 1138 responsum,
720 1041 908 1114 haud
957 1042 1090 1114 faci
1180 1039 1511 1134 deinceps
1554 1059 1718 1115 cum
1748 1039 1989 1114 eadem
2020 1040 2305 1133 repulsa
2333 1039 2797 1113 dimitteretur
2887 1070 2895 1077 ·

240 1133 495 1206 inanis.
550 1131 906 1222 Siquidem
965 1131 1153 1203 velut
1197 1130 1606 1204 naturaliter
1637 1184 1654 1214 ,
1708 1142 1786 1203 ut
1829 1129 2174 1203 fatebatur
2201 1184 2218 1212 ,
2292 1128 2530 1202 oderat
2586 1136 2880 1243 omn,

111 1257 114 1262 ·
241 1221 694 1295 scandalum:
734 1234 802 1293 et
845 1239 1221 1313 gravamen
1267 1219 1642 1312 cujuslibet
1687 1218 1995 1291 bominis
2040 1217 2404 1302 sustinere,
2453 1219 2520 1290 ei
2551 1218 2795 1291 admo·

240 1311 409 1383 dum
461 1331 707 1402 grave:
761 1331 899 1382 non
933 1309 1210 1392 sentire,
1255 1307 1689 1401 impossibile
1716 1320 1886 1381 erat.
1930 1307 2093 1380 Ideo
2118 1307 2473 1388 neminem
2506 1307 2785 1400 sprevit,

237 1399 509 1472 nullius
541 1398 849 1471 bominis
877 1396 1285 1471 scandalum
1335 1392 1809 1490 parvipendit,
1854 1397 1985 1469 etsi
2031 1395 2381 1468 veritatem
2429 1396 2550 1467 Dei
2586 1397 2795 1487 justi-

237 1490 552 1579 tiamque
599 1486 1022 1579 praetulerit.
1075 1492 1245 1560 Nam
1292 1498 1358 1558 et
1387 1487 1656 1590 quoties
1704 1497 2045 1577 oporteret
2090 1486 2334 1558 noxios
2394 1484 2792 1575 aliquorum

242 1578 346 1649 vel
380 1575 886 1671 reprehendere
944 1587 1144 1648 actus
1168 1630 1186 1659 ,
1250 1574 1352 1647 vel
1401 1575 1742 1667 impedire
1786 1586 2113 1659 conatus,
2177 1586 2315 1646 tam
2364 1574 2796 1647 considerate

239 1660 471 1750 fiebat,
504 1679 585 1738 ut
613 1665 1050 1738 abundanter
1079 1663 1215 1757 ipsi
1261 1683 1562 1755 quoque,
1597 1664 1722 1754 qui
1750 1662 1920 1736 laesi
1964 1663 2381 1746 viderentur,
2434 1662 2789 1746 haberent,

239 1756 430 1829 unde
459 1755 596 1828 sibi
638 1775 762 1847 pro
789 1772 871 1827 eo
894 1754 1368 1827 satisfacerent
1383 1754 1463 1824 in
1490 1752 2041 1847 cogitationibus
2066 1752 2239 1825 suis.
2283 1756 2462 1824 Sane
2490 1751 2795 1824 vidimus

236 1866 327 1917 ex
368 1846 540 1937 ipsis
568 1843 966 1937 ponnullos‚
998 1856 1067 1916 et
1096 1842 1460 1933 dequibus
1499 1841 1565 1914 id
1603 1842 1838 1916 minus
1878 1841 2268 1915 videbatur·
2362 1857 2471 1914 sse
2503 1839 2792 1933 sperari,

245 1932 572 2036 ampliori
618 1930 975 2036 devetione
1003 1932 1173 2036 7ejus
1221 1930 1664 2024 postmodum
1698 1931 1802 2002 vel
1846 1930 2203 2021 obsequiis
2230 1863 2644 2011 (legamine,
2689 1928 2796 2003 vet

245 2032 454 2094 etnam
488 2022 885 2112 adbaesrsse
917 2021 1250 2113 vestigiis.

334 2113 375 2200 ξ
412 2109 585 2184 ⁸2.
639 2110 901 2183 Dicitur
946 2124 1174 2183 tamen
1213 2123 1290 2182 ‘et
1321 2108 1595 2181 invidos
1623 2106 1976 2192 habuisse,
2022 2118 2108 2181 =ut
2154 2107 2436 2179 haberet
2469 2106 2793 2179 meritum

242 2199 482 2272 exeis.
535 2204 888 2290 Caeterum
935 2213 1077 2272 tam
1123 2197 1572 2292 singulariter
1615 2198 1965 2270 eminebat
2009 2197 2233 2290 glo'ria
2258 2196 2564 2269 nominis
2607 2195 2789 2286 ejus,

243 2301 324 2361 ut
369 2288 580 2381 pestis
626 2288 749 2361 itta
795 2289 1019 2382 magis
1047 2287 1548 2380 desperatione,
1597 2307 1808 2377 quam
1860 2286 2095 2370 livore,
2151 2285 2548 2368 tabesceret,
2577 2296 2651 2356 'et
2709 2283 2795 2355 ti-

243 2385 461 2450 meret
504 2377 811 2471 agnosci.
862 2377 1252 2464 Quinetiam
1304 2375 1696 2449 htrmilitate
1753 2376 1906 2467 ejus
1941 2387 2020 2447 ‘et
2065 2369 2598 2445 mansuetudine
2643 2372 2795 2442 vin-

240 2467 551 2551 cebatur,
606 2466 961 2540 beneflciis
1006 2461 1498 2549 suffocabatur,
1548 2465 1975 2539 obruebatur
2017 2462 2392 2553 obsequiis.
2451 2459 2795 2537 Nimirum
2905 2465 2920 2479 “

239 2554 489 2628 doctus
532 2570 681 2628 erat
719 2555 1000 2628 vincere
1046 2556 1118 2626 in
1167 2558 1351 2628 bono
1391 2554 1663 2628 -mal’um
1688 2608 1712 2637 ‚
1766 2554 1949 2626 sicut
2010 2553 2098 2625 'ad
2148 2551 2488 2642 quosdam
2549 2549 2796 2623 fratres

241 2646 581 2728 scribens,
635 2644 815 2716 inter
856 2652 1127 2717 caetera
1171 2644 1310 2716 ait:
1364 2666 1404 2713 a
1435 2641 1833 2716 adhaerebo
1876 2640 2118 2723 vobis,
2170 2641 2296 2713 etsi
2356 2639 2618 2712 nolitise
2669 2638 2797 2711 ad·

244 2733 567 2817 haerebo,
605 2733 734 2805 etsi
779 2732 995 2806 nolim
1058 2734 1239 2826 ipse.
1293 2732 1534 2805 Invitis
1600 2730 1966 2825 praestabo
1994 2785 2011 2814 ,
2070 2729 2364 2837 ingratis
2392 2728 2740 2829 ‚adjiciam
2773 2783 2790 2811 ,

240 2820 599 2894 honorabo
642 2834 709 2894 et
752 2834 1270 2896 contemnentes
1295 2840 1485 2894 me.»
1535 2819 1938 2911 usqueadeo
1994 2818 2338 2908 siquidem
2386 2839 2630 2891 omnes
2668 2815 2799 2890 ⁴ho·

242 2912 471 2984 mines
501 2922 839 3014 germano
884 2909 1431 3004 amplectebatur
1475 2908 1750 2994 affectu,
1795 2922 1875 2982 ut
1917 2929 2152 2981 eorum
2200 2905 2532 2979 scandalo
2575 2906 2793 2998 (sicut

242 3000 397 3093 ipse
428 3000 558 3071 fari
599 2997 897 3092 solebat)
925 3001 1206 3094 gravius
1249 3011 1592 3082 ureretur,
1637 3000 1897 3089 quibus
1953 2997 2220 3070 nullam
2280 2995 2628 3068 videretur
2672 3015 2794 3067 oc·

240 3089 591 3162 casionem
626 3088 937 3161 scandali
968 3090 1401 3194 praebuisse.
1443 3089 1610 3161 Plus
1653 3088 1841 3159 enim
1871 3087 2267 3181 piissimum
2319 3096 2580 3178 pectus,
2640 3104 2796 3191 gra·

241 3178 495 3251 tuitum
531 3177 816 3251 alterius
845 3178 1192 3273 affligebat
1247 3177 1681 3252 scandalum.
1732 3192 1944 3267 quam
2006 3174 2331 3268 propriae
2378 3175 2792 3245 immunitas

239 3266 705 3339 conscientiae
750 3267 1124 3345 solabatur.
1175 3266 1531 3358 Siquidem
1597 3267 1835 3339 minus
1881 3264 2203 3357 sperabat
2245 3280 2457 3356 posse
2502 3262 2789 3344 sanari,

240 3356 455 3516 guod,
505 3356 696 3428 unde
745 3358 1158 3448 procederet,
1216 3378 1352 3429 non
1394 3355 1713 3428 videbat:
1759 3370 2094 3447 magnum
2128 3352 2263 3424 sibi
2309 3352 2630 3444 eregione
2674 3370 2788 3424 so-

271 3444 489 3516 atium
536 3444 681 3517 fore
729 3446 1125 3540 perhibens,
1173 3445 1445 3536 quoties
1491 3444 1831 3516 inveniret
1873 3442 2063 3516 unde
2110 3441 2505 3514 satisfacere
2555 3450 2795 3532 'posset

243 3533 347 3605 vel
394 3534 666 3606 homini
702 3553 826 3626 pro
863 3554 961 3616 se,
1010 3534 1113 3606 vel
1164 3538 1298 3606 Deo
1344 3552 1471 3626 pro
1517 3533 1824 3615 homine,
1863 3545 1999 3604 non
2048 3530 2203 3604 sine
2245 3530 2608 3603 occasione
2633 3532 2794 3631 ‘tur-

242 3622 427 3696 bato.
479 3626 656 3714 Erga
688 3622 999 3695 omnium
1035 3623 1316 3713 quidem
1366 3623 1732 3694 hominum
1781 3620 2143 3713 spirituale
2178 3617 2636 3705 ‘commodum
2689 3636 2797 3688 tn·

242 3711 774 3784 commodumve
818 3712 1126 3803 amplius
1170 3710 1635 3784 afficiebatur:
1694 3722 1764 3782 et
1808 3718 2167 3782 summum
2207 3708 2271 3779 ei
2315 3705 2742 3779 desiderium
2774 3757 2792 3786 .

247 3820 607 3874 summum
638 3799 976 3895 gaudium
995 3810 1173 3883 erat,
1195 3801 1590 3873 animarum
1613 3800 1909 3881 fructus,
1933 3796 2290 3869 conversio
2322 3806 2793 3894 peccatorum.

246 3892 725 3990 Ercorpdoeas
773 3903 1001 3961 tamen
1032 3888 1503 3979 quorumlibet
1549 3887 1917 3960 hominu-m
1981 3885 2422 3958 necessitates
2474 3881 2800 3974 ‘piissimo

247 3979 709 4050 miserabatur
742 3977 1032 4050 affectu:
1091 3979 1300 4069 qu’us
1349 3989 1537 4049 tanta
1581 3988 1729 4049 erat
1772 3975 2199 4057 humanitas,
2250 3984 2330 4044 ut
2390 3988 2526 4043 non
2596 3967 2803 4042 modo

247 4064 677 4151 hominibus,
731 4067 852 4140 sed
917 4066 1518 4140 irrationabilibus
1569 4066 1779 4137 etiam
1850 4062 2327 4135 animantibus
2354 4102 2374 4143 ·,
2441 4058 2691 4131 avibus
2734 4067 2804 4131 et

247 4153 437 4240 feris,
473 4167 1000 4250 compateretur,
1053 4170 1180 4229 n'ec
1214 4154 1666 4249 compatienti
1711 4154 1944 4225 deerat
1977 4151 2253 4223 virtutis
2283 4149 2594 4221 effectus.
2618 4151 2802 4219 'Con-

250 4242 408 4335 tigit
435 4247 622 4319 euim
661 4245 1051 4337 aliquoties,
1101 4256 1182 4319 ut
1212 4246 1342 4331 iter
1384 4262 1623 4336 agens,
1677 4242 2112 4335 fugitantem,
2146 4252 2237 4322 et,
2281 4250 2361 4311 ut
2409 4236 2796 4319 videbatur,

250 4333 570 4427 protinus
612 4335 1033 4430 capiendum
1065 4326 1173 4406 vel
1224 4332 1667 4426 lepusculum
1714 4352 1756 4401 a
1795 4329 2112 4413 canibus,
2160 4326 2266 4400 vel
2315 4325 2661 4400 aviculam
2708 4323 2799 4397 ab

247 4421 722 4514 accipitribus,
775 4426 974 4519 signo
1009 4423 1259 4499 Crucis
1302 4420 1486 4495 edito
1531 4419 1942 4494 mirabiliter
1987 4417 2348 4491 liberaret:
2398 4415 2799 4507 diceretque
