3308 5004
685 352 817 419 296
1476 370 1559 418 ns
1603 370 1661 419 s.
1704 366 2013 419 cassiano
2059 367 2258 417 naar.
2815 350 3001 419 Ans.
3052 352 3144 419 ⁴2

595 454 923 527 omnibus
954 453 1304 536 membris,
1337 453 1563 545 plagis
1594 453 1785 525 mille
1825 451 2202 544 perfossus,
2236 452 2528 525 minutis
2562 466 2765 545 rupta
2791 466 2949 526 cute
2984 456 3136 527 vui-

594 543 910 629 neribus,
935 556 1003 614 et
1027 543 1554 615 circumstantes
1599 544 1800 634 pueri
1831 543 2032 634 stylis
2063 542 2376 633 parvulis
2422 543 2735 615 membra
2771 542 3127 615 fodientes.

595 636 675 703 In
724 653 865 720 quo
908 632 1077 703 dum
1130 633 1421 704 miratus
1465 644 1643 703 esset
1689 631 2046 722 adspectu,
2090 631 2347 703 dixisse
2391 632 2794 703 custodem:
2845 638 3131 736 Hospes,

597 742 733 792 non
782 732 884 791 est
929 719 1163 792 fabula
1196 775 1212 803 ,
1274 720 1462 809 quod
1511 721 1764 793 cernis,
1815 721 2116 794 Historia
2171 732 2296 802 est,
2347 741 2527 808 quae
2585 720 2783 791 libris
2829 721 3068 793 tradsta
3106 775 3127 804 ,

596 822 932 881 monstrat
963 811 1209 881 vetusti
1244 811 1574 901 temporis
1610 811 1986 882 veritatem.
2030 809 2348 901 Magister
2379 810 2491 880 hic
2520 831 2772 902 pueros
2812 810 3134 901 parvulos

599 897 816 971 literis
861 899 1239 981 imbuebat,
1290 898 1536 971 doctus
1586 900 1767 971 notis
1816 899 2142 971 brevibus
2183 899 2385 971 verba
2418 900 3012 990 comprehendere.
3047 904 3134 969 In

596 1008 802 1075 quem
843 988 1349 1080 discipulorum
1398 1009 1686 1059 suorum
1731 989 1833 1058 ira
1893 999 2291 1079 propterea,
2345 988 2531 1076 quod
2588 988 2673 1059 ad
2721 988 3131 1060 discendum

598 1076 1047 1168 cogebantur,
1087 1076 1364 1149 exarsit.
1407 1082 1550 1149 Non
1588 1078 1777 1149 enim
1828 1077 2009 1159 latet,
2051 1077 2372 1165 quamvis
2404 1077 2604 1149 utilia
2644 1077 2783 1150 siut
2811 1078 3136 1149 scientiae

597 1165 805 1247 bona,
849 1165 1028 1238 dura
1063 1180 1288 1237 tamen
1329 1186 1604 1257 semper
1645 1186 1800 1237 esse
1838 1167 2193 1238 infantiae.

683 1256 724 1343 ξ
772 1260 863 1328 2.
917 1260 1087 1325 Dum
1137 1277 1301 1347 ergo
1344 1254 1586 1325 eodem
1639 1268 1946 1347 tempore
1999 1254 2339 1327 catholica
2387 1253 2561 1325 fides
2618 1266 3132 1344 persecutorum

597 1354 998 1434 tempestate
1047 1343 1408 1426 laboraret,
1453 1344 1696 1416 beatus
1728 1346 2100 1416 Cassianus
2130 1358 2234 1416 est
2269 1344 2647 1434 productus
2675 1344 2760 1414 ad
2799 1344 3127 1425 medium,

598 1445 840 1522 utpote
885 1433 1006 1521 qui
1054 1455 1212 1504 cum
1265 1434 1821 1523 persecutoribus
1869 1434 2093 1505 colere
2156 1433 2370 1523 impia
2421 1454 2616 1504 sacra
2679 1433 3028 1504 noluisset.
3079 1437 3183 1503 Α.

598 1543 736 1608 quo
782 1543 940 1591 cum
990 1535 1167 1593 esset
1213 1523 1605 1610 quaesitum
1639 1579 1654 1606 ‚
1699 1523 1867 1612 quid
1919 1523 2110 1604 artis,
2163 1533 2283 1593 aut
2329 1522 2495 1611 quid
2546 1522 2830 1592 haberet
2874 1521 3125 1603 officii,

597 1631 1004 1700 responsum
1055 1624 1179 1692 est,
1222 1612 1404 1699 quod
1461 1634 1712 1704 pueros
1757 1612 1975 1683 literis
2021 1612 2348 1682 erudiret.
2406 1611 2644 1682 Statim
2689 1633 2851 1703 ergo
2898 1635 2940 1681 a
2983 1632 3137 1700 per-

585 1712 929 1782 secutore,
980 1721 1184 1788 quem
1237 1713 1605 1791 spreverat,
1661 1701 1832 1793 ipsis
1881 1702 2139 1793 pueriS,
2185 1723 2361 1788 quos
2413 1701 2482 1769 in
2515 1722 2589 1770 se
2619 1711 3131 1790 exasperaverat

594 1788 1022 1880 castigando,
1080 1806 1200 1880 per
1246 1791 1652 1861 sententiam
1715 1790 1932 1860 animi
1992 1790 2284 1860 furentis
2331 1788 2654 1860 addictus
2699 1798 2824 1869 est,
2877 1802 2955 1860 ut
2994 1788 3132 1879 ipsi

594 1876 667 1946 in
711 1877 1023 1969 magistri
1057 1879 1420 1969 sanguine,
1473 1901 1633 1951 cum
1683 1879 1991 1970 corporis
2038 1879 2194 1968 ejus
2252 1879 2713 1958 laceratione‚·
2767 1879 3126 1949 saevirent.

596 1970 846 2047 Durus,
900 1967 1145 2056 inquit,
1189 1968 1363 2039 disci
1416 1968 1692 2039 ulorum
1744 1990 2032 2039 suorum
2081 1982 2147 2038 et
2195 1968 2674 2038 severissimus
2720 1966 2975 2047 doctor,
3020 1987 3135 2036 eo-

596 2076 780 2137 rum,
832 2076 1004 2143 quos
1039 2057 1300 2138 terruit,
1345 1992 1608 2128 sgritate
1638 2058 2010 2128 crucietur.
2066 2055 2401 2128 Statuitur
2444 2078 2607 2147 ergo
2655 2055 2987 2147 spoliatus
3022 2076 3135 2124 ve-

598 2143 845 2225 stibuS,
901 2145 1226 2215 manibus
1274 2157 1426 2237 post
1474 2160 1743 2237 tergum
1797 2146 2049 2237 ligatis,
2103 2146 2594 2216 circumstante
2625 2155 2889 2215 armato
2932 2144 3135 2233 stylis

599 2234 875 2324 agmine
924 2256 1335 2324 puerorum:
1386 2236 1506 2323 qui
1540 2247 1877 2323 quantum
1909 2234 2077 2305 dum
2111 2235 2475 2315 discerent,
2516 2232 2822 2314 doluere,
2861 2245 3130 2304 tantum

598 2343 678 2391 ea
707 2336 984 2413 accepta
1034 2323 1342 2394 libertate
1379 2326 1740 2395 saevirent.
1793 2330 2031 2412 Itaque
2079 2324 2147 2394 in
2199 2324 2442 2394 faciem
2492 2334 2558 2393 et
2602 2322 2687 2392 ad
2739 2333 2945 2413 caput
2985 2344 3133 2390 ma-

597 2410 793 2501 gistri
844 2412 1114 2483 tabulae
1177 2425 1242 2483 et
1303 2413 1486 2484 buxa
1533 2425 1759 2484 cerata
1827 2412 2291 2505 franguntur,
2358 2425 2423 2483 et
2485 2412 2873 2504 praeacutis
2931 2410 3134 2500 stylis

595 2499 947 2573 confessor
993 2504 1240 2573 Christi
1300 2526 1486 2574 nunc
1536 2501 1794 2574 foditur
1823 2559 1838 2585 ,
1893 2523 2078 2573 nunc
2126 2516 2488 2574 caecatur:
2539 2515 2606 2572 et
2652 2500 2810 2572 aliis
2853 2522 3131 2571 summa

595 2589 907 2672 vulnera,
959 2591 1116 2664 aliis
1163 2591 1405 2664 altiora
1462 2592 1875 2684 figentibus,
1929 2592 2096 2662 dum
2150 2593 2435 2662 leviores
2483 2612 2736 2661 manus
2785 2590 3132 2682 graviores

594 2678 795 2760 fiunt,
852 2695 1066 2751 morte
1104 2681 1338 2763 dilata,
1391 2682 1643 2751 humili
1691 2680 2042 2753 confessor
2090 2703 2247 2752 voce
2298 2680 2745 2772 precabatur,
2790 2692 2865 2749 ut
2899 2690 3130 2748 essent

596 2768 859 2839 viribus
905 2768 1239 2850 sortioreS,
1294 2783 1360 2841 et
1406 2793 1629 2842 annos
1677 2771 1923 2840 virtute
1970 2770 2573 2851 transcenderent,
2620 2783 2698 2838 ut
2744 2767 2984 2838 aetatis
3022 2769 3131 2836 in-

595 2857 994 2927 firmitatem
1043 2859 1395 2950 suppleret
1442 2882 1641 2930 saeva
1689 2858 2103 2939 crudelitaS,
2155 2870 2221 2929 et
2268 2881 2340 2928 se
2388 2857 2712 2930 velocitas
2772 2856 3128 2927 amaritate

597 2946 840 3015 mortis
872 2946 1270 3019 absolveret.
1312 2948 1439 3018 Sed
1492 2948 1592 3019 illi
1644 2970 1780 3019 non
1831 2948 2131 3018 contenti
2183 2947 2326 3018 sola
2374 2947 2639 3017 feritate
2681 2945 2976 3026 tortoriS,
3030 2945 3128 3015 sic

598 3055 710 3103 ma
764 3035 913 3105 istri
960 3036 1070 3107 sui
1119 3037 1523 3108 vulneribus
1569 3037 1999 3107 illudebant:
2053 3042 2152 3108 Tu
2199 3037 2487 3107 armasti
2536 3057 2785 3106 manus
2833 3047 3123 3116 nostras,

596 3135 664 3192 et
712 3057 968 3194 garram
1020 3125 1146 3196 hoc
1180 3181 1196 3208 ,
1256 3125 1440 3215 quod
1489 3126 1798 3216 gerimus
1826 3181 1843 3206 ‚
1898 3139 1973 3196 tu
2018 3125 2312 3196 donasti.
2369 3126 2687 3196 Duriores
2724 3122 3080 3193 reddimus
3108 3177 3124 3207 ,

596 3233 806 3299 quam
858 3214 1228 3295 sensimus,
1277 3215 1540 3315 plagas,
1584 3226 1651 3284 et
1684 3215 1754 3283 in
1806 3228 1868 3285 te
1903 3214 2426 3296 districtionem,
2464 3225 2743 3303 accepta
2791 3212 3119 3292 libertate,

601 3301 960 3391 punimus.
1013 3303 1312 3373 Tandem
1366 3326 1524 3394 prus
1575 3309 1752 3373 Deus
1800 3304 2122 3393 martyris
2170 3304 2283 3374 sui
2330 3316 2666 3374 tormenta
2714 3302 3118 3381 miseratus,

601 3389 842 3459 mortis
890 3391 1163 3461 vincula
1208 3391 1544 3474 dissolvit,
1597 3405 1663 3463 et
1693 3414 1814 3481 per
1850 3414 2060 3462 venas
2098 3394 2306 3463 totius
2344 3393 2654 3483 corporis
2700 3413 2823 3461 san
2930 3391 2990 3461 is
3035 3388 3131 3460 ef-

598 3476 822 3558 fusus,
875 3479 1060 3571 piam
1102 3481 1404 3552 animam
1441 3483 1736 3552 Creatori
1772 3481 2067 3553 reddidit
2114 3481 2198 3552 ad
2233 3502 2584 3553 coronam.
2625 3485 2748 3550 Per
2786 3484 2830 3550 C
2887 3479 3126 3551 ristum

602 3568 966 3638 Dominum
1020 3582 1358 3642 nostrum.
