3308 5004
176 326 374 399 Aue.
426 327 518 393 20
886 341 968 391 nn
1013 341 1071 390 s.
1126 340 1459 392 υιωωωο
1506 342 1652 392 aaa.
1704 341 2090 394 cunum..
2518 326 2637 396 370

170 419 847 532 deprimeret,'mihi
894 437 1123 498 tamen
1162 423 1372 496 nollet
1402 447 1557 497 esse
1591 424 1961 499 molestus:
2006 449 2043 494 α
2076 431 2286 512 Quae,
2325 428 2579 517 inquit,
2619 450 2737 506 ne-

171 541 352 601 scio,
387 538 524 587 non
560 514 718 586 dico
765 514 1005 587 vobis:
1051 513 1167 585 sed
1218 535 1440 585 unum
1486 515 1818 598 narrabo,
1870 514 2054 604 quod
2114 516 2257 587 scio
2302 530 2370 589 et
2416 530 2740 610 expertus

172 629 365 689 sum,
418 604 636 676 multa
669 604 733 674 ei
782 605 851 674 in
881 603 1192 675 oratione
1231 602 1585 674 revelari.»
1638 603 1894 674 Deinde
1941 605 2246 676 narravit
2293 606 2466 676 mihi
2494 661 2511 689 ,
2561 629 2737 696 quo·

170 695 410 777 modu,
441 715 600 763 cum
653 692 878 784 primo
913 692 1250 764 melliflua
1289 689 1409 763 illa
1437 692 1908 784 spiritualium
1945 714 2156 785 apum
2198 693 2523 777 alvearia,
2560 718 2738 768 nova

175 785 271 856 de
315 806 387 855 se
432 783 753 854 examina
809 781 1360 871 circumquaque
1407 781 1734 873 proferre,
1800 804 2148 870 novasque
2190 805 2273 853 ex
2335 784 2437 855 eis
2492 783 2738 858 domos

175 873 446 945 ordinis
492 871 602 943 sui
650 871 1017 943 aedificare
1063 870 1488 962 coepissent:
1529 882 1798 963 petente
1844 883 1911 941 et
1969 882 2215 962 agente
2261 871 2547 945 domino
2594 878 2736 947 Gu-

179 961 812 1053 lielmo.Episcopo
869 960 941 1031 in
1010 959 1428 1051 Episcopatu
1487 958 1998 1042 catalaunensi,
2050 981 2230 1042 eam,
2281 983 2459 1050 quae
2520 962 2735 1038 trium

181 1051 503 1123 Fontium
578 1050 882 1130 dicitur,
938 1059 1493 1121 construxerunt.
1558 1047 1653 1120 Ad
1703 1070 1913 1137 quam
1964 1072 2127 1121 cum
2181 1049 2507 1123 Abbatem
2570 1073 2736 1127 cum

177 1139 546 1212 monachis
590 1138 934 1211 emisisset
987 1138 1351 1209 dominum
1392 1138 1792 1229 Rogerium,
1846 1137 2071 1208 virum
2123 1139 2424 1210 nobilem
2487 1163 2735 1214 secun-

176 1228 348 1299 dum
399 1227 740 1311 seculum,
775 1226 892 1298 sed
927 1226 1333 1299 nobiliorem
1369 1227 1754 1309 sanctitate,
1790 1237 1857 1299 et
1887 1226 2069 1298 viros
2100 1227 2437 1329 quosdam
2479 1229 2734 1302 similis

175 1317 441 1390 formae
486 1338 646 1388 cum
681 1338 786 1387 eo:
840 1315 1226 1419 spiritualis
1275 1327 1469 1407 pater
1512 1315 1718 1394 filios,
1751 1337 1928 1404 quos
1952 1314 2204 1399 emisit,
2258 1339 2394 1387 non
2433 1317 2726 1402 dimisit,

174 1407 298 1478 sed
351 1418 635 1500 paterna
699 1405 1139 1477 solicitudine
1182 1416 1248 1475 et
1310 1405 1423 1496 pia
1497 1405 1855 1476 affectione
1911 1427 2071 1475 cum
2144 1406 2246 1477 eis
2289 1419 2461 1478 erat.
2538 1407 2731 1479 Unde

177 1518 341 1566 cum
392 1495 505 1565 die
535 1494 835 1583 quadam
865 1494 1074 1564 simul
1109 1492 1238 1565 soli
1268 1506 1499 1565 essent
1543 1495 1768 1566 Abbas
1804 1506 1872 1565 et
1902 1493 2051 1585 ipse
2077 1494 2285 1565 frater
2309 1495 2484 1584 ejuS,
2529 1495 2732 1586 eujm

176 1584 312 1656 hoc
359 1584 690 1655 relatione
735 1581 974 1666 didici,
1026 1594 1094 1654 et
1138 1582 1225 1653 de
1285 1582 1614 1656 fratribus
1676 1584 1850 1675 ipsis
1895 1582 1983 1653 ad
2032 1582 2441 1656 alterutrum
2498 1584 2731 1673 loque·

177 1687 463 1747 rentur:
525 1672 755 1744 subito
802 1671 1260 1744 altius‘solito
1325 1673 1715 1764 suspirans,
1767 1671 2016 1744 durius
2077 1672 2338 1761 aliquid
2403 1672 2605 1745 solito
2644 1671 2732 1746 de

177 1763 281 1834 eis
326 1762 533 1834 corde
580 1784 708 1833 suo
755 1760 892 1832 sibi
928 1760 1422 1853 respondente:
1459 1784 1496 1829 α
1527 1760 1733 1856 Vade,
1782 1761 2011 1849 inquit
2033 1759 2227 1832 fratri
2251 1783 2402 1846 suo,
2454 1784 2574 1833 ora
2605 1783 2731 1855 pro

177 1852 304 1934 eis,
346 1866 413 1923 et
458 1850 795 1940 quicquid
843 1848 1217 1921 ostenderit
1263 1849 1386 1927 tibi
1439 1856 1617 1921 Deus
1645 1905 1662 1931 ‚
1729 1849 1904 1923 refer
1940 1848 2026 1919 ad
2091 1872 2223 1922 me.
2252 1875 2289 1921 »
2339 1856 2370 1921 Ι
2423 1873 2497 1922 se
2541 1851 2731 1924 enim

182 1941 598 2033 gravissima
645 1938 1037 2011 valetudine
1083 1961 1163 2010 ea
1207 1937 1379 2009 hora
1428 1938 1775 2020 laborans,
1819 1938 1888 2008 in
1925 1938 2176 2010 lectulo
2225 1953 2375 2011 tene
2426 1953 2606 2012 atur.
2634 1938 2733 2012 Ad

183 2028 369 2117 quod
422 2029 537 2100 ille
567 2029 1002 2100 vehementer
1045 2048 1543 2120 expavescens:
1598 2027 1808 2110 Absit,
1862 2027 2129 2116 inquit:
2191 2051 2329 2099 non
2379 2050 2562 2110 sum,
2610 2030 2732 2117 qui

176 2118 312 2190 hoc
364 2117 564 2189 modo
612 2116 919 2189 noverim
975 2139 1195 2200 orare,
1239 2116 1497 2205 quique
1543 2116 1675 2188 hoc
1735 2138 2001 2188 merear
2058 2116 2449 2208 impetrare.
2504 2123 2732 2190 Perse·

178 2220 459 2277 verante
504 2218 734 2278 tamen
763 2228 843 2277 eo
892 2206 960 2276 in
1011 2206 1372 2288 sententia,
1425 2205 1601 2277 itum
1627 2218 1731 2277 est
1775 2217 1842 2276 et
1863 2217 2158 2277 oratum.
2195 2204 2319 2277 Ille
2364 2206 2578 2298 igitur
2608 2227 2733 2297 per

202 2295 543 2387 singuIOS,
589 2296 657 2366 in
708 2307 1047 2384 quantum
1077 2294 1481 2387 praevaluit,
1512 2316 1638 2387 pro
1676 2293 1974 2384 singulis
2006 2293 2189 2365 fudit
2226 2295 2312 2366 ad
2344 2299 2554 2370 Deum
2580 2295 2736 2365 ani-

182 2405 369 2455 mam
405 2407 629 2457 suam:
670 2397 995 2474 tantaque
1037 2406 1158 2476 per
1204 2383 1521 2486 singulos
1568 2384 1638 2452 in
1691 2382 1953 2454 orando
1986 2382 2307 2474 perfusus
2353 2397 2457 2455 est
2502 2383 2734 2454 suavi-

181 2485 315 2545 tate
361 2473 862 2556 conscientiae,
942 2484 1265 2564 tantaque
1312 2472 1732 2566 impetrandi
1801 2470 2099 2554 fiducia,
2151 2485 2218 2543 et
2268 2472 2463 2544 omni
2505 2471 2734 2564 gratifi⁴

179 2563 567 2655 spiritualis
612 2562 1130 2647 consolationis,
1184 2564 1371 2634 utin
1413 2564 1742 2634 omnibus
1786 2573 1972 2632 certa
2021 2559 2157 2632 fide
2207 2560 2608 2648 exauditum
2657 2584 2731 2634 se

178 2653 512 2723 exultaret
541 2652 830 2742 spiritus
859 2653 1034 2743 ejus,
1064 2652 1365 2744 exceptis
1397 2651 1698 2734 duobuS‚
1725 2650 1796 2720 in
1828 2650 2087 2739 quibus
2132 2651 2349 2721 oratio
2383 2651 2725 2736 titubavit,

180 2741 540 2814 haesitavit
586 2741 878 2825 devoti0,
927 2741 1188 2812 fiducia
1233 2740 1501 2812 defecit.
1568 2738 1763 2826 Quod
1812 2760 1971 2809 cum
2038 2738 2386 2810 retulisset
2432 2739 2518 2810 ad
2565 2760 2728 2811 eum

178 2851 222 2900 a
254 2853 396 2920 quo
424 2830 684 2902 missus
726 2842 895 2913 erat,
948 2830 1064 2900 ille
1102 2831 1331 2903 statim
1368 2828 1858 2922 pronunciavit
1889 2827 1975 2899 de
2022 2827 2164 2900 illis
2196 2826 2495 2910 duobus,
2541 2826 2726 2917 quod

178 2931 414 3011 postea
465 2920 776 3009 probavit
804 2931 1112 2993 eventus,
2024 2954 2035 2967 ·

268 3011 305 3097 ξ
352 3013 515 3082 85.
566 3009 792 3081 Abbas
856 3022 1086 3080 autem
1151 3008 1488 3099 Rogerius
1532 3019 1602 3077 et
1645 3005 1915 3093 aliqui,
1971 3005 2092 3094 qui
2139 3027 2303 3075 cum
2353 3026 2434 3087 eo
2483 3016 2725 3089 erant.

180 3097 318 3189 ipsi
365 3097 669 3179 fuerunt,
711 3118 887 3186 quos
934 3098 1038 3168 vir
1085 3097 1203 3167 Dei
1248 3096 1624 3184 aliquando
1673 3095 1759 3165 de
1796 3094 2280 3167 catalaunensi
2332 3094 2533 3165 traxit
2562 3093 2732 3164 civi·

179 3197 316 3261 tate
349 3240 366 3268 ,
418 3186 506 3256 de
551 3186 810 3274 quibus
866 3186 969 3257 vel
1032 3186 1103 3255 in
1170 3186 1431 3275 quibus
1487 3185 1695 3256 etiam
1745 3197 1913 3256 tunc
1967 3183 2196 3255 simile
2253 3182 2420 3272 quid
2471 3182 2730 3256 sactum

180 3273 428 3345 fuerat.
486 3280 653 3346 Cum
701 3275 886 3349 enim
930 3274 1153 3367 gratia
1198 3272 1518 3366 Episcopi
1569 3273 2018 3345 catalaunum
2070 3272 2571 3362 frequentaret,
2624 3293 2734 3342 re·

187 3363 389 3434 diens
435 3363 833 3452 aliquando,
889 3364 1091 3435 traxit
1137 3384 1374 3435 secum
1424 3360 1943 3433 multitudinem
1994 3363 2345 3453 copiosam
2386 3358 2730 3438 nobilium

182 3463 251 3522 et
295 3451 720 3524 literatorum
756 3507 774 3536 ,
825 3452 1235 3524 clericorum
1285 3464 1353 3523 et
1389 3450 1755 3524 laicorum.
1808 3451 2076 3535 Quibus
2120 3448 2352 3523 adhuc
2401 3449 2471 3519 in
2522 3448 2729 3524 domo

183 3540 538 3632 hospitum
588 3542 1159 3623 demorantibuS,
1211 3540 1385 3612 dum
1441 3540 1748 3611 novellas
1806 3539 2267 3630 plantationes
2319 3536 2734 3610 coelestibus
2793 3576 2802 3593 ·

177 3630 503 3722 irrigaret
546 3630 864 3719 eloquiis,
918 3630 1316 3721 supervenit
1363 3630 1711 3721 portarius
1752 3627 2162 3711 monachus,
2215 3627 2561 3699 nuncians
2591 3631 2756 3707 Stet

179 3719 495 3810 phanum
547 3719 633 3790 de
664 3719 919 3808 Vitrejo
965 3719 1406 3810 magistrum«
1424 3740 1692 3799 eorum,
1747 3716 1989 3787 adesse
2035 3710 2122 3786 ad
2171 3713 2729 3816 renunciandum

184 3808 417 3879 seculo
453 3863 469 3891 ,
521 3820 588 3878 et
630 3830 793 3879 cum
842 3807 943 3878 eis
988 3807 1593 3879 commorandum.
1646 3805 1816 3890 Quis
1869 3804 2052 3876 alius
2088 3803 2175 3875 de
2224 3804 2380 3875 talis
2432 3824 2563 3872 viri
2607 3800 2733 3876 ad·

183 3909 391 3966 ventu
438 3919 575 3967 non
623 3895 995 3968 exultasset
1042 3896 1501 3977 vehementer,
1556 3917 1719 3967 cum
1771 3893 1971 3967 vallis
2000 3892 2115 3963 illa
2150 3889 2558 3983 hujusmodi
2589 3889 2730 3993 siju:

186 3997 418 4057 mento
466 4007 601 4057 non
656 3984 952 4056 multum
1004 3984 1235 4056 adbuc
1283 3983 1727 4067 abundaret?
1772 3989 1932 4075 Ipse
1975 4002 2158 4064 vero,
2212 3980 2552 4052 revelante
2598 3980 2736 4050 sibi

189 4072 448 4164 Spiritu
495 4081 743 4155 Sancto
775 4072 1070 4146 insidias
1107 4072 1493 4166 spiritualis
1526 4072 1895 4174 nequitiae,
1935 4070 2184 4172 tacitus
2210 4067 2735 4170 aliquantulum

186 4160 675 4254 ingemiscens,
717 4162 949 4255 erupit
982 4162 1053 4235 in
1086 4184 1317 4235 vocem
1350 4162 1800 4234 audientibus
1847 4179 2236 4231 universis:
2295 4182 2323 4222 ‹
2362 4154 2732 4247 MalignuS.

187 4251 332 4334 ait,
385 4252 667 4344 spiritus
722 4253 864 4324 huc
918 4274 1079 4323 eum
1129 4251 1438 4323 adduxit.
1493 4250 1697 4322 Solus
1743 4244 1971 4330 venit,
2022 4246 2215 4319 solus
2262 4257 2658 4327 revertetur.
2695 4261 2735 4321 t

186 4340 615 4433 Obstupuere
637 4364 903 4423 omnes,
933 4342 1057 4431 qui
1090 4342 1309 4433 prius,
1340 4338 1578 4411 audito
1605 4338 1764 4427 ejus
1800 4337 2122 4418 adventu,
2156 4356 2397 4406 non·se
2425 4342 2737 4422 poterant

184 4451 432 4520 capere
476 4453 639 4525 prae
678 4430 957 4502 laetitia.
995 4436 1478 4502 Verumtamen
1516 4449 1603 4499 ne
1637 4425 1930 4519 pusillos
1968 4424 2197 4496 adbuc
2236 4422 2737 4497 scandalizaret
