3308 5004
671 327 794 393 694
1139 345 1217 392 nn
1265 346 1322 393 s.
1378 343 1742 392 Aucus-rmo
1786 343 1986 393 tusc.
2037 344 2115 393 rr
2159 343 2334 394 zoen.
2386 342 2569 393 noer.
2810 327 3010 394 ΑΗΕ.
3062 328 3143 394 28

581 430 880 521 pessime
923 429 1305 498 diffamari:
1357 430 1445 498 ob
1476 428 1602 499 hoc
1640 451 1803 530 ergo
1834 428 2128 510 dicebat,
2169 450 2530 517 nunquam
2573 428 2851 512 debere,
2894 429 3148 500 foemi-

584 539 709 588 nas
732 538 893 588 cum
927 518 1139 589 servis
1173 519 1278 587 Dei
1312 518 1519 587 etiam
1569 518 2005 596 castissimis,
2047 518 2115 587 in
2144 540 2285 608 una
2319 540 2599 589 manere
2646 519 2875 598 domo,
2915 542 3033 600 ne,
3073 532 3149 591 ut

585 607 847 678 dictum
900 622 1026 686 est,
1082 607 1359 694 aliquod
1400 605 1805 677 scandalum
1843 606 1941 675 vel
1979 606 2476 677 offendiculum
2517 608 2644 678 hoc
2676 607 2796 678 tali
2821 609 3149 699 exemplo

586 708 958 787 poneretur
1004 696 1539 766 infirmioribus,
1595 701 1673 765 Et
1719 696 1777 766 si
1827 695 1997 766 sorte
2062 697 2170 767 ab,
2210 695 2566 784 aliquibus
2622 696 2954 767 foeminis
2990 752 3007 778 ,
3079 710 3152 768 ut

482 785 489 788 ’
587 786 931 856 videretur
978 784 1080 854 vel
1132 785 1593 866 salutaretur,
1647 785 2043 875 rogabatur,
2097 807 2456 872 nunquam
2509 785 2660 855 sine
2706 785 2992 856 clericis
3055 800 3149 858 te·

584 875 807 945 stibus
855 874 938 942 ad
990 883 1150 944 e‘um
1196 874 1569 954 intrabant,
1612 872 1711 943 vel
1746 874 1937 943 solus
1968 896 2130 944 cum
2163 873 2331 946 solis
2358 896 2666 963 unquam
2693 888 2797 944 est
2829 874 3139 956 locutus,

585 952 711 1034 ne'c
749 964 806 1033 si
843 976 1262 1033 secretorum
1307 962 1570 1050 aliquid
1619 964 2000 1033 interesset.

669 1054 707 1139 ξ
752 1057 911 1124 84.
964 1057 1040 1121 In
1096 1051 1607 1122 visitationibus
1657 1073 1813 1121 vero
1862 1051 2146 1121 modurn
2200 1052 2470 1123 tenebat
2515 1052 2604 1120 ab
2649 1051 2980 1140 Apostolo
3027 1053 3150 1122 de·

581 1142 882 1220 finitum,
936 1153 1012 1210 ut
1062 1163 1197 1210 non
1252 1141 1382 1210 nisi
1486 1140 1746 1229 upillos
1793 1154 1857 1208 et
1894 1140 2139 1210 viduas
2174 1142 2240 1209 in
2278 1141 2849 1211 tribulationibus
2881 1143 3147 1212 consti-

583 1243 767 1301 tutas
817 1230 1141 1299 visitaret.
1198 1234 1275 1298 Et
1322 1231 1380 1298 si
1456 1243 1601 1299 orte
1647 1229 1737 1298 ab
1786 1230 2306 1320 aegrotantibus
2351 1231 2441 1299 ob
2482 1229 2612 1299 hoc
2656 1243 3032 1318 peteretur,
3077 1245 3148 1301 ut

583 1341 708 1411 pro
755 1320 855 1387 eis
907 1319 972 1387 in
1078 1319 1370 1388 raesenti
1412 1324 1622 1387 Deum
1664 1334 1953 1408 rogaret,
1988 1319 2228 1406 eisque
2264 1341 2513 1388 manus
2546 1320 2960 1406 imponeret,
3002 1320 3143 1390 sine

583 1430 779 1477 mora
813 1341 1158 1508 pergebat.
1193 1407 1676 1476 Foeminarum
1706 1421 1935 1488 autem
1966 1408 2379 1477 monasteria
2408 1429 2542 1477 non
2572 1407 2704 1476 nisi
2729 1410 3142 1496 urgentibus

584 1497 1112 1566 necessitatibus
1160 1496 1499 1566 visitabat.
1556 1496 1981 1566 servandum
2033 1519 2310 1584 quoque
2360 1498 2426 1565 in
2480 1498 2612 1568 vita
2685 1509 2753 1566 et
2825 1499 3140 1568 moribus

584 1586 890 1655 hominis
940 1585 1049 1654 Dei
1105 1585 1459 1661 referebat,
1509 1585 1695 1672 quod
1747 1586 1813 1654 in
1868 1585 2204 1655 institutis
2253 1597 2533 1655 sanctae
2569 1587 2951 1655 memoriae
2992 1594 3138 1656 Am-

585 1675 796 1744 brosii
845 1697 996 1745 com
1053 1688 1318 1744 ererat:
1362 1688 1441 1743 ut*
1465 1697 1741 1744 uxorem
1777 1675 2102 1761 cuiquam
2144 1696 2500 1761 nunquam
2539 1689 2871 1764 posceret,
2923 1697 3137 1762 neque

586 1763 881 1834 militare
929 1786 1009 1832 vo
1042 1777 1264 1832 entem
1319 1763 1403 1831 ad
1456 1764 1583 1833 hoc
1630 1763 2171 1843 commendaret,
2219 1785 2439 1851 neque
2482 1764 2550 1831 in
2593 1787 2724 1834 sua
2758 1766 2988 1853 patria
3030 1787 3136 1855 pe-

585 1853 750 1922 titus
798 1853 925 1920 iret
973 1851 1057 1920 ad
1098 1852 1534 1921 convivium:
1587 1857 1671 1919 De
1704 1851 2002 1952 singulis
2044 1852 2250 1921 rebus
2294 1865 2650 1942 praestans
2678 1876 2959 1935 causaS,
3008 1853 3137 1923 sci-

585 1941 765 2021 licet,
795 1963 904 2021 ne,
938 1941 1107 2009 dum
1163 1942 1338 2010 inter
1385 1963 1458 2010 se
1487 1941 1869 2028 conjugatl,
1905 1963 2072 2011 casu
2102 1942 2492 2031 jurgarent,
2527 1943 2588 2011 ei
2623 1942 3124 2022 maledicerent,

584 2052 706 2120 per
752 2051 956 2116 quem
1009 2029 1364 2118 conjuncti
1413 2044 1665 2099 essent.
1723 2029 1850 2099 Sed
1907 2030 2106 2186 glane
2154 2030 2241 2098 ad
2296 2032 2422 2101 hoc
2455 2031 2757 2120 sibijam
2800 2031 2944 2100 illis
2975 2054 3130 2101 con—

584 2118 1043 2187 sentientibus
1094 2119 1381 2207 petitum
1432 2118 1762 2189 interesse
1816 2119 1899 2186 de
1951 2142 2062 2187 ere
2109 2118 2502 2190 affirmabat
2548 2122 3001 2200 sacerdotem,
3055 2130 3123 2189 ut

585 2207 689 2277 vel
740 2228 975 2277 eorum
1019 2208 1165 2294 jam
1223 2209 1417 2297 pacta
1468 2221 1534 2276 et
1585 2207 1832 2296 placita
1883 2207 2350 2299 firmarentur,
2391 2208 3118 2288 veljbenedicerentur.

585 2301 664 2365 Et
712 2319 798 2366 ne
847 2295 1134 2364 militiae
1173 2297 1702 2366 commendatus
1734 2318 1814 2364 ac
1856 2294 2032 2365 male
2069 2319 2307 2387 agens,
2344 2319 2541 2365 suam
2576 2297 2853 2386 culpam
2890 2298 3121 2366 suffra-

584 2386 806 2476 gatori
838 2385 1190 2454 tribueret.
1239 2390 1315 2454 Et
1349 2408 1432 2455 ne
1469 2408 1586 2475 per
1620 2385 2075 2472 frequentiam
2107 2386 2606 2466 conviviorum,
2648 2385 3118 2477 temperantiae

583 2476 1015 2544 amitteretur
1042 2473 1329 2544 modus„

670 2566 708 2651 ξ
756 2568 914 2635 35.
968 2563 1403 2633 Indicaverat
1448 2586 1724 2651 quoque
1777 2564 2015 2641 nobis,
2070 2586 2142 2634 se
2194 2564 2523 2653 praedicti
2575 2564 2750 2634 beati
2794 2563 2907 2630 viri
2951 2564 3099 2658 ‘¹1¹¹'
3197 2584 3200 2587 ¹

581 2653 797 2723 brosii
840 2652 906 2721 in
960 2651 1207 2722 ultimo
1256 2654 1428 2722 vitae
1475 2653 1828 2722 constituti
1879 2652 2162 2722 audisse
2210 2653 2791 2741 sapientissimum
2840 2664 2901 2719 et
2943 2669 3097 2738 pns-

505 2758 511 2765 '
582 2743 838 2811 simum
879 2763 1314 2831 responsum,
1352 2754 1417 2810 et
1450 2741 1746 2810 multum
1787 2741 2114 2811 laudabat
2146 2763 2226 2810 ac
2262 2742 2725 2830 praedicabat.
2765 2745 2918 2810 Nam
2949 2757 3099 2806 cum

583 2830 721 2911 ille,
777 2830 1026 2917 inquit,
1082 2830 1492 2900 venerabilis
1540 2830 1786 2899 ultima
1827 2831 2087 2917 jaceret
2134 2831 2595 2919 aegritudine,
2643 2844 2772 2900 eta
2806 2826 3105 2898 fidelibus

582 2921 938 2990 honoratis
988 2920 1159 2989 lecto
1207 2921 1359 3006 ejus
1407 2919 1887 2998 adstantibus,
1946 2933 2010 2988 et
2068 2919 2462 2989 videntibus
2523 2941 2680 2987 eum
2747 2918 2833 2987 de
2901 2914 3107 2986 seculo

580 3010 1046 3099 migraturum
1099 3008 1183 3076 ad
1237 3014 1487 3088 Deum,
1540 3022 1604 3076 et
1653 3008 1740 3076 ob
1793 3009 1918 3077 hoc
1970 3009 2460 3086 moerentibus,
2521 3008 2691 3077 tanti
2742 3007 2993 3078 scilicet
3031 3025 3102 3102 ac

584 3098 738 3166 talis
786 3097 1115 3166 antistitis
1168 3111 1379 3166 morte
1427 3095 1788 3165 ecclesiam
1845 3118 2066 3186 posse·
2094 3098 2347 3185 privari
2392 3096 2574 3167 verbi
2615 3110 2681 3165 et
2722 3104 3103 3167 sacramenti

582 3186 695 3255 Dei
747 3185 1282 3273 dispensatione,
1320 3208 1477 3253 cum
1516 3185 1842 3275 lacrymis
1880 3200 2257 3276 rogaretur,
2300 3200 2374 3255 ut
2406 3187 2540 3255 sibi
2569 3209 2605 3253 a
2645 3186 2931 3255 Domino
2961 3184 3105 3250 vitae

581 3288 892 3364 posceret
939 3289 1428 3354 commeatum,
1472 3297 1653 3343 eum·
1695 3274 1833 3344 illis
1894 3274 2188 3344 dixisse:
2235 3281 2374 3346 Non
2421 3276 2519 3345 sic
2555 3274 2713 3353 vixi,
2758 3289 2835 3342 ut
2877 3296 2977 3344 me
3001 3293 3109 3361 pu-

579 3362 737 3430 deat
787 3363 962 3431 inter
1010 3386 1128 3433 vos
1171 3364 1427 3431 vivere:
1467 3363 1584 3432 sed
1625 3386 1747 3432 nec
1787 3363 1960 3433 mori
1999 3364 2223 3443 timeo,
2265 3366 2428 3451 quia
2464 3364 2721 3433 bonum
2768 3364 3113 3432 Dominum

582 3452 945 3521 habemus.
1003 3458 1078 3521 Et
1129 3452 1295 3519 haec
1338 3465 1565 3521 noster
1607 3453 2032 3542 Augustinus
2067 3474 2272 3522 senex
2301 3454 2576 3521 elimata
2608 3474 2688 3520 ac
2731 3450 2985 3521 librata
3017 3448 3122 3518 ad·

580 3541 968 3610 mirabatur
1012 3555 1078 3609 et
1127 3539 1453 3610 laudabat
1501 3543 1733 3611 verba.
1784 3541 1947 3610 Ideo
1995 3542 2177 3609 enim
2229 3564 2387 3610 eum
2440 3541 2696 3610 dixisse
2739 3540 3125 3630 intelligen-

578 3630 750 3699 dum
801 3643 924 3710 est,
984 3651 1105 3698 nec
1156 3630 1328 3697 mori
1382 3631 1606 3711 time0,
1662 3630 1826 3716 quia
1876 3631 2132 3699 bonum
2190 3631 2555 3699 Dominum
2609 3629 2999 3710 habemuS,
3053 3647 3128 3695 ne

583 3719 979 3788 crederetur
1029 3718 1415 3808 praefidens
1468 3717 1553 3786 de
1625 3720 1772 3788 suis
1834 3719 2347 3808 purgatissimis
2416 3718 2725 3788 moribus
2786 3738 3130 3807 praesum·

583 3810 828 3897 psisse.
884 3813 1029 3878 Non
1079 3808 1179 3877 sic
1231 3807 1387 3886 vixi,
1441 3821 1516 3876 ut
1566 3829 1676 3875 me
1727 3807 1980 3896 pudeat
2031 3808 2207 3877 inter
2241 3829 2357 3877 vos
2390 3807 2653 3876 viveret
2699 3811 2840 3875 Hoc
2873 3808 3135 3876 dixerat

582 3898 668 3966 ad
722 3896 921 3977 illud,
976 3895 1157 3983 quod
1210 3896 1528 3965 homines
1574 3895 1662 3965 de
1711 3896 1988 3964 homine
2038 3918 2240 3966 nosse
2291 3909 2627 3985 poterant.
2689 3902 2857 3965 Nam
2910 3896 3136 3964 sciens

581 4007 867 4055 examen
917 3985 1283 4072 aequitatis
1330 3984 1650 4064 divinae,
1706 3984 1790 4053 de
1840 3986 2018 4054 bono
2073 3985 2356 4055 Domino
2405 4008 2478 4054 se
2532 3984 2805 4054 dicebat
2859 3984 3129 4084 magis,

580 4097 788 4160 quam
840 4074 925 4142 de
978 4074 1239 4142 meritis
1279 4075 1449 4151 suis,
1491 4072 1860 4150 confidere,
1899 4075 2011 4142 cui
2048 4076 2252 4143 etiam
2286 4075 2354 4143 in
2391 4074 2701 4143 oratione
2730 4073 3137 4159 quotidiana

580 4164 893 4231 dicebat:
948 4165 1221 4231 Dimitte
1265 4165 1450 4234 nobis
1498 4164 1722 4232 debita
1769 4173 1999 4232 nostra
2043 4166 2216 4232 sicut
2266 4174 2329 4232 et
2365 4187 2483 4233 nos
2517 4164 2920 4233 dimittimus
2951 4162 3138 4231 debi-

584 4254 837 4321 toribus
870 4254 1140 4319 nostri&

670 4343 705 4426 ξ
753 4344 919 4411 36.
974 4339 1347 4428 Cujusdam
1381 4362 1656 4427 quoque
1684 4340 2072 4429 coepiscopi
2108 4353 2172 4409 et
2205 4339 2736 4410 familiarissimi
2759 4340 2870 4409 sui
2893 4340 3127 4420 amici,

583 4427 654 4495 in
704 4427 1024 4497 extremis
1074 4428 1248 4497 vitae
1295 4429 1381 4497 de
1434 4429 1685 4499 talibus
1734 4430 2367 4518 frequentissimum
2439 4428 2771 4501 referebat
2817 4429 3130 4499 dictum:
