3308 5004
706 300 834 365 762
1461 316 1538 361 nn
1587 310 1644 359 s.
1698 313 1861 362 nosA
1908 310 2082 361 nae.
2134 314 2265 361 ιιιι.
2838 296 3039 363 AUG.
3102 298 3193 363 30

617 399 940 471 defuncta
987 421 1109 491 per
1154 400 1295 471 oris
1345 399 1766 470 lineamenta
1828 398 1996 468 haec
2042 419 2200 468 eam
2249 396 2538 468 omnino
2578 410 3188 489 repraesentaret;

623 500 886 578 praeter
933 488 1338 560 innumeras
1383 487 1696 570 delicias,
1735 487 2026 570 favore8‚
2063 487 2292 558 officia
2330 500 2397 558 et
2428 487 2738 570 virtuteS,
2774 488 3055 577 quibus
3102 489 3193 559 ab

616 583 697 649 ea
744 589 988 649 ornata
1032 591 1099 649 et
1144 592 1348 650 aucta
1395 576 1550 648 fuit.

603 736 612 745 ,
705 670 742 755 ἓ
785 672 939 740 ²5.
996 667 1310 739 Probavit
1357 673 1554 739 Pater
1595 665 1915 737 coelestis
1961 665 2142 734 inter
2172 665 2299 736 has
2346 664 2730 757 spiritualis
2778 665 2958 736 vitae
3010 665 3194 735 deli·

618 756 762 826 cias
809 756 986 826 hanc
1034 779 1232 827 suam
1264 756 1573 836 electam,
1613 767 1691 826 ut
1722 775 1975 825 aurum
2024 754 2095 823 in
2131 753 2431 835 fornace,
2485 754 2643 845 igne
2675 755 3189 837 tentationum,

619 844 1096 925 afflictionum,
1133 846 1691 936 persecutionum
1724 856 1790 913 et
1824 842 2137 934 plurium
2171 865 2252 913 ac
2284 844 2605 935 gravium
2637 842 3182 913 infirmitatum.

621 934 1037 1005 Luctabatur
1082 935 1268 1004 enim
1318 955 1528 1022 quam
1561 932 2119 1020 frequentissime
2151 953 2313 1002 cum
2361 932 2845 1014 daemonibus,
2894 931 3193 1003 multis·

618 1045 752 1109 que
801 1022 1079 1093 illorum
1151 1023 1484 1095 molestiis
1549 1022 1960 1101 vexabatur;
2034 1044 2115 1091 ex
2161 1021 2422 1109 quibus
2481 1021 2614 1091 sub
2689 1025 2861 1092 tetra
2938 1022 3188 1112 specie

624 1112 901 1183 molossi
948 1133 1135 1183 unus
1183 1134 1334 1183 eam
1383 1124 1694 1183 orantem
1764 1110 2013 1181 latratu
2061 1110 2426 1181 horrisono
2490 1112 2744 1180 terrere
2809 1123 2880 1181 et
2928 1110 3187 1181 rabido

624 1222 855 1272 morsu
895 1223 1016 1290 per
1062 1200 1289 1272 solum
1339 1200 1530 1271 illam
1581 1212 1865 1290 raptans
1914 1200 2197 1270 tentavit
2265 1199 2683 1288 discerpere,
2753 1198 2985 1269 donec
3037 1199 3180 1269 cla-

625 1290 831 1360 mavit
860 1290 948 1359 ad
985 1294 1368 1380 Sponsum:
1413 1296 1509 1362 Ne
1547 1290 1784 1359 tradas
1808 1290 2034 1359 bestias
2063 1291 2331 1359 animas
2361 1291 2741 1379 confitentes
2770 1290 2949 1368 t1·bi;
3002 1288 3179 1358 alias

621 1379 992 1467 colaphum
1046 1380 1354 1470 impegit,
1387 1378 1805 1467 quandoque
1854 1399 2099 1447 saxum
2135 1379 2309 1448 rude
2345 1378 2412 1446 in
2448 1400 2600 1447 eam
2642 1377 2952 1459 libravit,
2990 1376 3175 1466 quod

621 1467 1019 1539 solothenus
1069 1473 1316 1539 Rosam
1382 1490 1542 1537 nec.
1573 1467 1832 1537 laesam
1914 1488 2038 1536 nec
2101 1468 2408 1537 territam
2474 1467 2889 1555 prostravit;
2964 1465 3175 1538 libros

619 1557 772 1645 ejus
804 1557 1216 1647 'spirituales
1264 1556 1625 1636 laceravit;
1681 1556 1813 1626 sub
1852 1555 2173 1713 gigantea
2224 1552 2402 1625 mole
2448 1556 2622 1627 alias
2662 1555 2845 1626 hanc
2887 1556 3171 1646 inexpu-

621 1645 968 1734 gnabilem
1004 1645 1331 1716 seminam
1382 1658 1713 1716 tremente
1758 1643 1860 1713 cel
1894 1667 1942 1714 u
1973 1648 2011 1713 a
2042 1646 2403 1734 corripuit,
2457 1644 2768 1732 adeoque
2807 1646 3164 1723 contorsit,

626 1746 697 1803 ut
743 1736 894 1824 ejus
940 1757 1095 1804 ossa
1143 1736 1569 1805 comminuta
1617 1747 1685 1805 et
1734 1733 1925 1801 nervi
1974 1733 2287 1804 distracti
2336 1733 2771 1815 viderentur;
2824 1734 2951 1804 sed
2998 1733 3164 1802 invi-

621 1835 772 1892 ctus
822 1824 1111 1914 virginis
1172 1824 1449 1894 animus
1524 1823 1872 1895 insaniam
1939 1822 2153 1911 hujus
2208 1823 2498 1894 furentis
2574 1823 2792 1892 hostis
2844 1823 3161 1915 pluribus

627 1912 813 1982 horis
860 1911 1114 1982 frustra
1163 1913 1489 1982 certantis
1538 1911 1866 2001 repressit
1912 1924 1979 1981 et
2027 1912 2263 1992 irrisit,
2305 1912 2524 1983 donec
2572 1911 2900 1983 victoriae
2934 1913 3160 2001 despe-

628 2001 987 2070 rabundus
1024 2002 1260 2071 evasit.
1312 2000 1406 2069 Ad
1443 2001 1718 2070 hortum
1755 2012 2033 2070 oratura
2084 2001 2462 2091 procedens
2498 2002 2569 2070 in
2617 2001 2952 2091 angelum
2997 2000 3157 2070 lucis

627 2088 1184 2160 transformatum
1234 2088 1515 2160 obvium
1567 2089 1819 2161 blande
1862 2089 2105 2160 habuit
2153 2090 2339 2160 hunc
2398 2091 2941 2181 antagonistam,
2996 2109 3153 2177 quae

624 2201 662 2246 a
714 2178 923 2248 nobili
969 2178 1132 2267 suga
1180 2178 1531 2249 victoriam
1609 2178 2045 2258 mendicavit,
2116 2202 2278 2249 cum
2329 2179 2413 2248 de
2460 2180 2774 2250 castitate
2821 2193 3145 2248 certamen

624 2280 842 2348 esset;
887 2270 1298 2357 arreptaque
1350 2267 1567 2337 ferrea
1616 2269 1859 2337 catena
1905 2267 2374 2339 acerbissimis
2437 2268 2693 2339 ictibus
2741 2268 2965 2339 nudas
3008 2287 3144 2334 sca-

631 2356 827 2443 pulas
872 2358 1276 2439 cruentavit,
1341 2369 1406 2426 et
1453 2358 1632 2426 inter
1679 2356 2047 2445 sanguinis
2104 2355 2711 2447 lacrymarumque
2772 2357 2945 2426 rivos
2986 2376 3135 2452 ⁰⁰3¹?

624 2447 935 2534 querenti
983 2446 1069 2516 de
1106 2447 1418 2517 absentia
1469 2448 1742 2537 Sponsi‚
1795 2445 2220 2536 conspicuus
2267 2445 2383 2516 ille
2421 2445 2742 2526 ostendit,
2775 2443 2970 2534 quod,
3008 2462 3123 2511 nisi

624 2558 784 2604 cum
831 2540 911 2605 ea
961 2536 1108 2636 ipse
1153 2536 1418 2616 suisset,
1478 2556 1841 2623 nunquam
1895 2535 2248 2605 victoriam
2302 2548 2740 2628 reportasset.
2784 2541 2828 2604 A
2856 2535 3114 2623 primor—

625 2625 759 2695 diis
810 2625 1164 2714 puerttiae,
1202 2625 1575 2714 spirituum
1611 2623 2094 2694 discretionem
2129 2625 2544 2704 obtinuerat,
2581 2622 3104 2715 agnose-chamae,

627 2713 910 2782 docente
956 2718 1083 2782 sua
1117 2719 1355 2784 sancta
1390 2714 1745 2803 magistra,
1799 2734 1976 2800 quae
2008 2712 2174 2782 olim
2224 2737 2264 2784 a
2305 2714 2570 2784 Christo
2624 2712 2885 2784 Domino
2928 2708 3117 2807 haus-

628 2814 790 2883 erat,
843 2803 1336 2873 illustrationes
1383 2825 1420 2871 a
1475 2808 1606 2872 Deo
1651 2824 1803 2871 esse
1849 2824 2009 2871 cum
2048 2801 2118 2871 in
2153 2804 2389 2872 anima
2430 2803 2745 2890 sequitur
2773 2797 3122 2874 humilitas,

632 2891 1040 2961 reverentiae
1087 2892 1395 2977 affectu5‚
1472 2892 1791 2982 propriae
1853 2890 2134 2960 vilitatis
2180 2893 2506 2982 cognitio,
2562 2891 2735 2962 ordo
2802 2904 2868 2961 et
2926 2888 3132 2985 unitas

628 2980 856 3049 cordis
901 2991 967 3049 et
1015 2981 1347 3070 gaudium
1410 2981 1480 3049 in
1527 2985 1698 3058 Deo;
1749 3002 1829 3049 ex
1877 2978 2162 3051 adverso
2212 2982 2322 3051 his
2369 2981 2725 3072 oppositas
2776 2981 3139 3069 impressio·

631 3090 774 3148 nes,
829 3069 1166 3151 timorem,
1219 3069 1424 3139 divisi
1473 3069 1705 3139 cordis
1751 3068 2255 3151 confusionem,
2310 3071 2420 3140 sui
2484 3068 3051 3158 complacentiam
3089 3074 3142 3132 et

627 3158 1178 3243 inquietudinem
1233 3157 1562 3228 redolere.
3106 3241 3118 3252 ‚

717 3249 754 3332 ξ
807 3252 969 3318 28.
1025 3252 1098 3315 In
1143 3248 1499 3317 aerumnis
1547 3249 1637 3318 ab
1685 3247 1975 3317 infantia
2006 3247 2159 3327 suit,
2208 3268 2389 3316 nono
2415 3249 2599 3317 enim
2652 3269 2899 3317 mense
2944 3255 3154 3315 aetatis

630 3356 794 3404 suae
844 3334 1018 3405 lacte
1065 3335 1389 3408 destituta
1427 3351 1552 3417 est,
1596 3338 1802 3427 cujus
1836 3337 2144 3406 desectus
2186 3335 2465 3407 nonnisi
2505 3337 2660 3420 cibo
2697 3336 2905 3407 valde
2953 3336 3158 3430 inepto

628 3424 1067 3513 compensari
1141 3426 1381 3515 potuit.
1466 3427 1585 3496 Vix
1633 3424 1760 3495 fari
1839 3437 2193 3516 coeperat,
2246 3446 2447 3506 cum,
2517 3437 2803 3515 propter
2883 3421 3162 3495 nominis

629 3515 1201 3594 controversiam,
1279 3514 1488 3605 virgis
1558 3514 1976 3586 caedebatur
2049 3514 2136 3583 ab
2186 3514 2339 3583 avia
2388 3514 2445 3584 si
2497 3519 2699 3595 Rosa,
2752 3536 2795 3584 a
2854 3509 3163 3610 matre-si

633 3602 973 3672 Elisabeth
1009 3616 1244 3672 vocata
1294 3604 1783 3693 respondisset.
1837 3604 2141 3694 Virginis
2189 3603 2410 3690 huius
2450 3604 2736 3674 virtutes
2774 3619 2851 3674 et
2904 3596 3168 3673 mortifi-

629 3692 931 3761 cationes
965 3693 1164 3761 matri
1216 3691 1403 3761 aliud
1456 3691 1841 3762 intendenti
1886 3715 2089 3762 mera·
2122 3690 2372 3761 delicta
2422 3692 2869 3774 videbantur,
2931 3691 3171 3780 quibus

630 3780 1054 3871 castigandis
1089 3803 1222 3850 non
1260 3781 1486 3852 solum
1518 3781 1894 3851 durissima
1938 3781 2166 3861 verba,
2206 3781 2322 3850 sed
2378 3803 2706 3872 persaepe
2737 3783 2951 3852 etiam
2983 3797 3176 3849 saeva

633 3870 910 3955 verbera
942 3870 1337 3951 adhibebat,
1372 3871 1773 3960 praesertim
1807 3892 1966 3939 cum
2010 3870 2289 3939 rutilam
2333 3871 2709 3941 caesariem
2745 3870 3175 3963 deprehensa

633 3957 759 4028 fuit
789 3959 923 4028 sibi
963 3960 1442 4050 praescidisse.
1495 3965 1627 4030 Nec
1662 3959 1967 4028 mitiores
1999 3959 2070 4028 in
2103 3980 2255 4028 eam
2289 3958 2477 4029 suere
2510 3959 2886 4031 domestici
2911 3954 3180 4056 quando

632 4047 786 4135 ejus
835 4049 1122 4118 virtutes
1169 4063 1235 4118 et
1282 4047 1599 4119 coelestia
1637 4047 1819 4117 dona
1856 4049 2335 4128 innotuerunt,
2375 4049 2844 4131 vanotimore
2893 4057 3177 4137 correpti

635 4159 738 4216 ne,
793 4159 952 4206 cum
1007 4159 1259 4226 magno
1328 4136 1629 4208 familiae
1677 4137 2035 4217 dedecore,
2092 4150 2169 4206 ut
2230 4137 2314 4206 de
2363 4138 2773 4228 imposturis
2837 4149 3172 4228 suspecta,

631 4226 709 4293 ad
764 4239 1039 4295 sanctae
1091 4227 1569 4313 Inquisitionis
1606 4226 1911 4296 tribunal
1948 4238 2329 4316 raperetur.
2384 4226 2777 4296 Accessitin
2815 4224 3172 4297 cumulum

635 4314 1097 4385 tribulationis
1134 4314 1599 4404 quorumdam
1647 4315 2229 4385 confessariorum
2271 4315 2626 4384 incredula
2676 4314 2782 4384 vel
2822 4312 3175 4386 oscitantia

581 4437 586 4443 -
636 4402 733 4469 vel
784 4403 1048 4473 ruditas
1098 4403 1200 4474 vel
1274 4404 1569 4484 inscitia,
1639 4403 1808 4474 dum
1859 4404 1922 4473 ei
1993 4404 2426 4474 conabantur
2487 4402 2779 4474 suadere
2851 4425 2995 4474 non
3045 4420 3175 4472 esse
