<?xml version="1.0" encoding="UTF-8"?>
<!DOCTYPE html PUBLIC "-//W3C//DTD XHTML 1.0 Transitional//EN"
    "http://www.w3.org/TR/xhtml1/DTD/xhtml1-transitional.dtd">
<html xmlns="http://www.w3.org/1999/xhtml" xml:lang="en" lang="en">
 <head>
  <title>
</title>
<meta http-equiv="Content-Type" content="text/html;charset=utf-8" />
  <meta name='ocr-system' content='tesseract 3.04.00' />
  <meta name='ocr-capabilities' content='ocr_page ocr_carea ocr_par ocr_line ocrx_word'/>
</head>
<body>
  <div class='ocr_page' id='page_1' title='image "./historiaeseuvit01lippgoog_0867.png"; bbox 0 0 3308 5004; ppageno 0'>
   <div class='ocr_carea' id='block_1_1' title="bbox 143 353 2610 426">
    <p class='ocr_par' dir='ltr' id='par_1_1' title="bbox 143 353 2610 426">
     <span class='ocr_line' id='line_1_1' title="bbox 143 353 2610 426; baseline 0.002 -5"><span class='ocrx_word' id='word_1_1' title='bbox 143 353 325 421; x_wconf 80' lang='lat' dir='ltr'><strong>AUG.</strong></span> <span class='ocrx_word' id='word_1_2' title='bbox 383 355 467 421; x_wconf 87' lang='lat'>30</span> <span class='ocrx_word' id='word_1_3' title='bbox 1006 371 1086 419; x_wconf 73' lang='lat' dir='ltr'>ns</span> <span class='ocrx_word' id='word_1_4' title='bbox 1134 370 1190 421; x_wconf 91' lang='lat' dir='ltr'>s.</span> <span class='ocrx_word' id='word_1_5' title='bbox 1244 370 1404 420; x_wconf 61' lang='lat' dir='ltr'>nost</span> <span class='ocrx_word' id='word_1_6' title='bbox 1453 372 1625 420; x_wconf 75' lang='lat' dir='ltr'>vinc.</span> <span class='ocrx_word' id='word_1_7' title='bbox 1678 373 1814 421; x_wconf 70' lang='lat' dir='ltr'>Lm.</span> <span class='ocrx_word' id='word_1_8' title='bbox 2480 358 2610 426; x_wconf 79' lang='lat'>753</span> 
     </span>
    </p>
   </div>
   <div class='ocr_carea' id='block_1_2' title="bbox 126 454 2795 4549">
    <p class='ocr_par' dir='ltr' id='par_1_2' title="bbox 145 454 2708 1881">
     <span class='ocr_line' id='line_1_2' title="bbox 145 454 2702 549; baseline 0.001 -21"><span class='ocrx_word' id='word_1_9' title='bbox 145 470 209 528; x_wconf 91' lang='lat' dir='ltr'>et</span> <span class='ocrx_word' id='word_1_10' title='bbox 239 456 252 468; x_wconf 86' lang='lat'><strong>&#39;</strong></span> <span class='ocrx_word' id='word_1_11' title='bbox 279 455 649 549; x_wconf 82' lang='lat' dir='ltr'>providens</span> <span class='ocrx_word' id='word_1_12' title='bbox 723 456 790 525; x_wconf 93' lang='lat' dir='ltr'>in</span> <span class='ocrx_word' id='word_1_13' title='bbox 874 454 1288 527; x_wconf 85' lang='lat' dir='ltr'>removendo</span> <span class='ocrx_word' id='word_1_14' title='bbox 1357 456 1701 546; x_wconf 91' lang='lat' dir='ltr'>quidquid</span> <span class='ocrx_word' id='word_1_15' title='bbox 1776 457 1877 527; x_wconf 93' lang='lat' dir='ltr'>eis</span> <span class='ocrx_word' id='word_1_16' title='bbox 1960 458 2030 527; x_wconf 91' lang='lat' dir='ltr'>in</span> <span class='ocrx_word' id='word_1_17' title='bbox 2091 468 2316 530; x_wconf 89' lang='lat' dir='ltr'>ratum</span> <span class='ocrx_word' id='word_1_18' title='bbox 2403 473 2524 533; x_wconf 90' lang='lat' dir='ltr'>aut</span> <span class='ocrx_word' id='word_1_19' title='bbox 2593 461 2702 531; x_wconf 91' lang='lat' dir='ltr'>in-</span> 
     </span>
     <span class='ocr_line' id='line_1_3' title="bbox 147 543 2701 637; baseline 0.002 -19"><span class='ocrx_word' id='word_1_20' title='bbox 147 547 457 635; x_wconf 91' lang='lat' dir='ltr'>quietum</span> <span class='ocrx_word' id='word_1_21' title='bbox 523 566 675 615; x_wconf 89' lang='lat' dir='ltr'>esse</span> <span class='ocrx_word' id='word_1_22' title='bbox 734 556 1009 635; x_wconf 90' lang='lat' dir='ltr'>posset,</span> <span class='ocrx_word' id='word_1_23' title='bbox 1079 543 1151 614; x_wconf 94' lang='lat' dir='ltr'>in</span> <span class='ocrx_word' id='word_1_24' title='bbox 1215 545 1550 637; x_wconf 79' lang='lat' dir='ltr'>pacandis</span> <span class='ocrx_word' id='word_1_25' title='bbox 1618 546 2042 618; x_wconf 77' lang='lat' dir='ltr'>contentioni</span> <span class='ocrx_word' id='word_1_26' title='bbox 2094 570 2179 618; x_wconf 92' lang='lat' dir='ltr'>us</span> <span class='ocrx_word' id='word_1_27' title='bbox 2245 559 2312 618; x_wconf 93' lang='lat' dir='ltr'>et</span> <span class='ocrx_word' id='word_1_28' title='bbox 2373 549 2701 624; x_wconf 86' lang='lat' dir='ltr'>sedandis</span> 
     </span>
     <span class='ocr_line' id='line_1_4' title="bbox 147 632 2702 731; baseline 0.001 -24"><span class='ocrx_word' id='word_1_29' title='bbox 147 637 401 707; x_wconf 88' lang='lat' dir='ltr'>animis</span> <span class='ocrx_word' id='word_1_30' title='bbox 473 632 765 705; x_wconf 87' lang='lat' dir='ltr'>mirifice</span> <span class='ocrx_word' id='word_1_31' title='bbox 840 632 1161 704; x_wconf 88' lang='lat' dir='ltr'>discreta.</span> <span class='ocrx_word' id='word_1_32' title='bbox 1243 633 1570 704; x_wconf 88' lang='lat' dir='ltr'>Infirmae</span> <span class='ocrx_word' id='word_1_33' title='bbox 1649 657 1889 705; x_wconf 90' lang='lat' dir='ltr'>eorum</span> <span class='ocrx_word' id='word_1_34' title='bbox 1967 635 2351 707; x_wconf 88' lang='lat' dir='ltr'>valetudini</span> <span class='ocrx_word' id='word_1_35' title='bbox 2429 659 2702 731; x_wconf 82' lang='lat' dir='ltr'><strong>semper</strong></span> 
     </span>
     <span class='ocr_line' id='line_1_5' title="bbox 149 720 2705 819; baseline 0.001 -24"><span class='ocrx_word' id='word_1_36' title='bbox 149 747 342 818; x_wconf 91' lang='lat' dir='ltr'>prom</span> <span class='ocrx_word' id='word_1_37' title='bbox 403 736 465 795; x_wconf 92' lang='lat' dir='ltr'>te</span> <span class='ocrx_word' id='word_1_38' title='bbox 510 736 577 794; x_wconf 92' lang='lat' dir='ltr'>et</span> <span class='ocrx_word' id='word_1_39' title='bbox 622 720 904 814; x_wconf 82' lang='lat' dir='ltr'>provide</span> <span class='ocrx_word' id='word_1_40' title='bbox 948 722 1283 793; x_wconf 80' lang='lat' dir='ltr'>assistens</span> <span class='ocrx_word' id='word_1_41' title='bbox 1327 732 1392 792; x_wconf 86' lang='lat' dir='ltr'>et</span> <span class='ocrx_word' id='word_1_42' title='bbox 1442 722 1846 796; x_wconf 90' lang='lat' dir='ltr'>ministrans</span> <span class='ocrx_word' id='word_1_43' title='bbox 1877 724 2025 794; x_wconf 88' lang='lat' dir='ltr'>visa</span> <span class='ocrx_word' id='word_1_44' title='bbox 2071 724 2226 796; x_wconf 87' lang='lat' dir='ltr'>fuit.</span> <span class='ocrx_word' id='word_1_45' title='bbox 2280 725 2376 796; x_wconf 80' lang='lat' dir='ltr'>Ad</span> <span class='ocrx_word' id='word_1_46' title='bbox 2411 725 2542 798; x_wconf 89' lang='lat' dir='ltr'>hoc</span> <span class='ocrx_word' id='word_1_47' title='bbox 2581 749 2705 819; x_wconf 94' lang='lat' dir='ltr'>per</span> 
     </span>
     <span class='ocr_line' id='line_1_6' title="bbox 151 810 2700 905; baseline -0 -19"><span class='ocrx_word' id='word_1_48' title='bbox 151 815 354 905; x_wconf 81' lang='lat' dir='ltr'>singu</span> <span class='ocrx_word' id='word_1_49' title='bbox 388 835 463 884; x_wconf 90' lang='lat' dir='ltr'>as</span> <span class='ocrx_word' id='word_1_50' title='bbox 502 825 737 883; x_wconf 88' lang='lat' dir='ltr'>noctes</span> <span class='ocrx_word' id='word_1_51' title='bbox 784 811 857 881; x_wconf 93' lang='lat' dir='ltr'>in</span> <span class='ocrx_word' id='word_1_52' title='bbox 904 810 1233 901; x_wconf 84' lang='lat' dir='ltr'>operibus</span> <span class='ocrx_word' id='word_1_53' title='bbox 1292 811 1734 883; x_wconf 74' lang='lat' dir='ltr'>elaborandis</span> <span class='ocrx_word' id='word_1_54' title='bbox 1782 812 2078 905; x_wconf 82' lang='lat' dir='ltr'>vigilias</span> <span class='ocrx_word' id='word_1_55' title='bbox 2106 814 2548 904; x_wconf 80' lang='lat' dir='ltr'>protrahebat</span> <span class='ocrx_word' id='word_1_56' title='bbox 2613 816 2700 886; x_wconf 92' lang='lat' dir='ltr'>ad</span> 
     </span>
     <span class='ocr_line' id='line_1_7' title="bbox 151 900 2701 996; baseline 0.001 -23"><span class='ocrx_word' id='word_1_57' title='bbox 151 905 370 975; x_wconf 88' lang='lat' dir='ltr'>instar</span> <span class='ocrx_word' id='word_1_58' title='bbox 400 901 593 973; x_wconf 80' lang='lat' dir='ltr'>sortis</span> <span class='ocrx_word' id='word_1_59' title='bbox 623 900 814 971; x_wconf 89' lang='lat' dir='ltr'>illius</span> <span class='ocrx_word' id='word_1_60' title='bbox 853 900 1191 982; x_wconf 91' lang='lat' dir='ltr'>mulieris,</span> <span class='ocrx_word' id='word_1_61' title='bbox 1234 922 1411 988; x_wconf 90' lang='lat' dir='ltr'>quae</span> <span class='ocrx_word' id='word_1_62' title='bbox 1451 900 1537 971; x_wconf 92' lang='lat' dir='ltr'>de</span> <span class='ocrx_word' id='word_1_63' title='bbox 1571 914 1768 972; x_wconf 89' lang='lat' dir='ltr'>nocte</span> <span class='ocrx_word' id='word_1_64' title='bbox 1798 903 2118 985; x_wconf 84' lang='lat' dir='ltr'>surrexit,</span> <span class='ocrx_word' id='word_1_65' title='bbox 2155 902 2483 991; x_wconf 90' lang='lat' dir='ltr'>deditque</span> <span class='ocrx_word' id='word_1_66' title='bbox 2507 926 2701 996; x_wconf 90' lang='lat' dir='ltr'>prae·</span> 
     </span>
     <span class='ocr_line' id='line_1_8' title="bbox 153 989 2696 1084; baseline 0 -21"><span class='ocrx_word' id='word_1_67' title='bbox 153 993 310 1064; x_wconf 93' lang='lat' dir='ltr'>dam</span> <span class='ocrx_word' id='word_1_68' title='bbox 346 990 744 1063; x_wconf 88' lang='lat' dir='ltr'>domesticis</span> <span class='ocrx_word' id='word_1_69' title='bbox 778 989 964 1069; x_wconf 86' lang='lat' dir='ltr'>suis;</span> <span class='ocrx_word' id='word_1_70' title='bbox 1017 989 1267 1060; x_wconf 90' lang='lat' dir='ltr'>debilis</span> <span class='ocrx_word' id='word_1_71' title='bbox 1314 989 1524 1070; x_wconf 89' lang='lat' dir='ltr'>enim,</span> <span class='ocrx_word' id='word_1_72' title='bbox 1584 990 1924 1082; x_wconf 88' lang='lat' dir='ltr'>languens</span> <span class='ocrx_word' id='word_1_73' title='bbox 1970 1003 2037 1061; x_wconf 89' lang='lat' dir='ltr'>et</span> <span class='ocrx_word' id='word_1_74' title='bbox 2068 1013 2272 1082; x_wconf 88' lang='lat' dir='ltr'>saepe</span> <span class='ocrx_word' id='word_1_75' title='bbox 2305 1006 2696 1084; x_wconf 73' lang='lat' dir='ltr'>aegrotam,</span> 
     </span>
     <span class='ocr_line' id='line_1_9' title="bbox 153 1077 2703 1174; baseline 0 -21"><span class='ocrx_word' id='word_1_76' title='bbox 153 1106 230 1153; x_wconf 91' lang='lat' dir='ltr'>ac</span> <span class='ocrx_word' id='word_1_77' title='bbox 277 1080 707 1153; x_wconf 91' lang='lat' dir='ltr'>orationibus</span> <span class='ocrx_word' id='word_1_78' title='bbox 753 1091 820 1150; x_wconf 92' lang='lat' dir='ltr'>et</span> <span class='ocrx_word' id='word_1_79' title='bbox 864 1078 1022 1148; x_wconf 92' lang='lat' dir='ltr'>aliis</span> <span class='ocrx_word' id='word_1_80' title='bbox 1053 1078 1394 1149; x_wconf 87' lang='lat' dir='ltr'>exercitiis</span> <span class='ocrx_word' id='word_1_81' title='bbox 1434 1077 1729 1161; x_wconf 87' lang='lat' dir='ltr'>detenta,</span> <span class='ocrx_word' id='word_1_82' title='bbox 1768 1078 2064 1150; x_wconf 90' lang='lat' dir='ltr'>aliarum</span> <span class='ocrx_word' id='word_1_83' title='bbox 2115 1080 2462 1151; x_wconf 85' lang='lat' dir='ltr'>artificum</span> <span class='ocrx_word' id='word_1_84' title='bbox 2493 1103 2703 1174; x_wconf 89' lang='lat' dir='ltr'>opera</span> 
     </span>
     <span class='ocr_line' id='line_1_10' title="bbox 152 1166 2704 1261; baseline 0 -19"><span class='ocrx_word' id='word_1_85' title='bbox 152 1185 216 1243; x_wconf 88' lang='lat' dir='ltr'>et</span> <span class='ocrx_word' id='word_1_86' title='bbox 262 1170 607 1241; x_wconf 90' lang='lat' dir='ltr'>celeritate</span> <span class='ocrx_word' id='word_1_87' title='bbox 638 1178 705 1238; x_wconf 89' lang='lat' dir='ltr'>et</span> <span class='ocrx_word' id='word_1_88' title='bbox 753 1166 1168 1258; x_wconf 82' lang='lat' dir='ltr'>perfectione</span> <span class='ocrx_word' id='word_1_89' title='bbox 1214 1166 1633 1259; x_wconf 86' lang='lat' dir='ltr'>quamlonge</span> <span class='ocrx_word' id='word_1_90' title='bbox 1666 1168 2062 1260; x_wconf 89' lang='lat' dir='ltr'>superabat.</span> <span class='ocrx_word' id='word_1_91' title='bbox 2094 1174 2233 1239; x_wconf 78' lang='lat' dir='ltr'>¹Nec</span> <span class='ocrx_word' id='word_1_92' title='bbox 2266 1182 2704 1261; x_wconf 90' lang='lat' dir='ltr'>praetereun-</span> 
     </span>
     <span class='ocr_line' id='line_1_11' title="bbox 154 1255 2705 1358; baseline 0 -28"><span class='ocrx_word' id='word_1_93' title='bbox 154 1261 318 1331; x_wconf 90' lang='lat' dir='ltr'>dum</span> <span class='ocrx_word' id='word_1_94' title='bbox 353 1258 540 1347; x_wconf 91' lang='lat' dir='ltr'>quod</span> <span class='ocrx_word' id='word_1_95' title='bbox 580 1258 649 1327; x_wconf 91' lang='lat' dir='ltr'>in</span> <span class='ocrx_word' id='word_1_96' title='bbox 694 1255 825 1326; x_wconf 90' lang='lat' dir='ltr'>hac</span> <span class='ocrx_word' id='word_1_97' title='bbox 852 1256 1101 1358; x_wconf 87' lang='lat' dir='ltr'>pietate</span> <span class='ocrx_word' id='word_1_98' title='bbox 1133 1278 1295 1358; x_wconf 85' lang='lat' dir='ltr'>erga</span> <span class='ocrx_word' id='word_1_99' title='bbox 1331 1270 1651 1347; x_wconf 89' lang='lat' dir='ltr'>parentes</span> <span class='ocrx_word' id='word_1_100' title='bbox 1689 1280 1972 1329; x_wconf 90' lang='lat' dir='ltr'>cursum</span> <span class='ocrx_word' id='word_1_101' title='bbox 2011 1257 2188 1329; x_wconf 88' lang='lat' dir='ltr'>vitae</span> <span class='ocrx_word' id='word_1_102' title='bbox 2219 1280 2386 1330; x_wconf 91' lang='lat' dir='ltr'>suae</span> <span class='ocrx_word' id='word_1_103' title='bbox 2413 1257 2705 1330; x_wconf 86' lang='lat' dir='ltr'>feliciter</span> 
     </span>
     <span class='ocr_line' id='line_1_12' title="bbox 155 1345 2705 1437; baseline 0 -17"><span class='ocrx_word' id='word_1_104' title='bbox 155 1350 449 1429; x_wconf 89' lang='lat' dir='ltr'>clausit;</span> <span class='ocrx_word' id='word_1_105' title='bbox 503 1359 720 1417; x_wconf 91' lang='lat' dir='ltr'>mater</span> <span class='ocrx_word' id='word_1_106' title='bbox 765 1367 950 1415; x_wconf 88' lang='lat' dir='ltr'>emm</span> <span class='ocrx_word' id='word_1_107' title='bbox 1003 1345 1413 1437; x_wconf 79' lang='lat' dir='ltr'>praevidens</span> <span class='ocrx_word' id='word_1_108' title='bbox 1472 1368 1597 1437; x_wconf 96' lang='lat' dir='ltr'>pro</span> <span class='ocrx_word' id='word_1_109' title='bbox 1635 1346 1746 1417; x_wconf 91' lang='lat' dir='ltr'>sui</span> <span class='ocrx_word' id='word_1_110' title='bbox 1802 1346 2033 1418; x_wconf 90' lang='lat' dir='ltr'>obitus</span> <span class='ocrx_word' id='word_1_111' title='bbox 2079 1346 2381 1418; x_wconf 88' lang='lat' dir='ltr'>adventu</span> <span class='ocrx_word' id='word_1_112' title='bbox 2428 1370 2705 1420; x_wconf 91' lang='lat' dir='ltr'>summo</span> 
     </span>
     <span class='ocr_line' id='line_1_13' title="bbox 159 1434 2703 1527; baseline 0 -21"><span class='ocrx_word' id='word_1_113' title='bbox 159 1458 464 1508; x_wconf 89' lang='lat' dir='ltr'>moerore</span> <span class='ocrx_word' id='word_1_114' title='bbox 509 1434 972 1515; x_wconf 88' lang='lat' dir='ltr'>afficiendam,</span> <span class='ocrx_word' id='word_1_115' title='bbox 1032 1440 1375 1525; x_wconf 92' lang='lat' dir='ltr'>Sponsum</span> <span class='ocrx_word' id='word_1_116' title='bbox 1428 1457 1633 1507; x_wconf 89' lang='lat' dir='ltr'>suum</span> <span class='ocrx_word' id='word_1_117' title='bbox 1684 1436 1883 1506; x_wconf 80' lang='lat' dir='ltr'>enixe</span> <span class='ocrx_word' id='word_1_118' title='bbox 1930 1449 2228 1527; x_wconf 89' lang='lat' dir='ltr'>precata,</span> <span class='ocrx_word' id='word_1_119' title='bbox 2283 1448 2545 1507; x_wconf 90' lang='lat' dir='ltr'>tantam</span> <span class='ocrx_word' id='word_1_120' title='bbox 2594 1437 2703 1507; x_wconf 92' lang='lat' dir='ltr'>di-</span> 
     </span>
     <span class='ocr_line' id='line_1_14' title="bbox 156 1522 2706 1608; baseline 0 -12"><span class='ocrx_word' id='word_1_121' title='bbox 156 1527 473 1597; x_wconf 88' lang='lat' dir='ltr'>vinarum</span> <span class='ocrx_word' id='word_1_122' title='bbox 533 1522 1085 1594; x_wconf 85' lang='lat' dir='ltr'>consolationum</span> <span class='ocrx_word' id='word_1_123' title='bbox 1148 1522 1549 1594; x_wconf 90' lang='lat' dir='ltr'>sensibilem</span> <span class='ocrx_word' id='word_1_124' title='bbox 1612 1523 2034 1595; x_wconf 87' lang='lat' dir='ltr'>affluentiam</span> <span class='ocrx_word' id='word_1_125' title='bbox 2085 1525 2148 1595; x_wconf 91' lang='lat' dir='ltr'>ei</span> <span class='ocrx_word' id='word_1_126' title='bbox 2212 1525 2565 1608; x_wconf 86' lang='lat' dir='ltr'>obtinuit,</span> <span class='ocrx_word' id='word_1_127' title='bbox 2628 1540 2706 1597; x_wconf 91' lang='lat' dir='ltr'>ut</span> 
     </span>
     <span class='ocr_line' id='line_1_15' title="bbox 156 1611 2708 1707; baseline -0 -21"><span class='ocrx_word' id='word_1_128' title='bbox 156 1614 595 1707; x_wconf 89' lang='lat' dir='ltr'>postmodum</span> <span class='ocrx_word' id='word_1_129' title='bbox 627 1611 1082 1703; x_wconf 85' lang='lat' dir='ltr'>jurejurando</span> <span class='ocrx_word' id='word_1_130' title='bbox 1115 1611 1512 1704; x_wconf 88' lang='lat' dir='ltr'>deposuerit</span> <span class='ocrx_word' id='word_1_131' title='bbox 1557 1635 1631 1683; x_wconf 91' lang='lat' dir='ltr'>se</span> <span class='ocrx_word' id='word_1_132' title='bbox 1678 1613 1748 1683; x_wconf 90' lang='lat' dir='ltr'>in</span> <span class='ocrx_word' id='word_1_133' title='bbox 1793 1626 1929 1683; x_wconf 92' lang='lat' dir='ltr'>tam</span> <span class='ocrx_word' id='word_1_134' title='bbox 1963 1612 2252 1684; x_wconf 89' lang='lat' dir='ltr'>dilectae</span> <span class='ocrx_word' id='word_1_135' title='bbox 2290 1614 2476 1684; x_wconf 88' lang='lat' dir='ltr'>filiae</span> <span class='ocrx_word' id='word_1_136' title='bbox 2512 1636 2708 1706; x_wconf 92' lang='lat' dir='ltr'>prae·</span> 
     </span>
     <span class='ocr_line' id='line_1_16' title="bbox 159 1700 2706 1795; baseline 0 -21"><span class='ocrx_word' id='word_1_137' title='bbox 159 1708 434 1775; x_wconf 75' lang='lat' dir='ltr'>matura</span> <span class='ocrx_word' id='word_1_138' title='bbox 454 1715 670 1773; x_wconf 90' lang='lat' dir='ltr'>morte</span> <span class='ocrx_word' id='word_1_139' title='bbox 695 1715 1041 1791; x_wconf 80' lang='lat' dir='ltr'>expertam</span> <span class='ocrx_word' id='word_1_140' title='bbox 1067 1700 1282 1772; x_wconf 88' lang='lat' dir='ltr'>fuisse</span> <span class='ocrx_word' id='word_1_141' title='bbox 1301 1721 1419 1770; x_wconf 90' lang='lat' dir='ltr'>cor</span> <span class='ocrx_word' id='word_1_142' title='bbox 1448 1722 1654 1773; x_wconf 92' lang='lat' dir='ltr'>suum</span> <span class='ocrx_word' id='word_1_143' title='bbox 1689 1702 1897 1772; x_wconf 92' lang='lat' dir='ltr'>nimis</span> <span class='ocrx_word' id='word_1_144' title='bbox 1918 1714 2292 1793; x_wconf 88' lang='lat' dir='ltr'>angustum</span> <span class='ocrx_word' id='word_1_145' title='bbox 2321 1716 2387 1774; x_wconf 91' lang='lat' dir='ltr'>et</span> <span class='ocrx_word' id='word_1_146' title='bbox 2414 1703 2706 1795; x_wconf 87' lang='lat' dir='ltr'>incapax</span> 
     </span>
     <span class='ocr_line' id='line_1_17' title="bbox 159 1788 1526 1881; baseline -0.004 -17"><span class='ocrx_word' id='word_1_147' title='bbox 159 1794 241 1863; x_wconf 88' lang='lat' dir='ltr'>ad</span> <span class='ocrx_word' id='word_1_148' title='bbox 282 1791 604 1863; x_wconf 86' lang='lat' dir='ltr'>coelestia</span> <span class='ocrx_word' id='word_1_149' title='bbox 636 1790 753 1860; x_wconf 91' lang='lat' dir='ltr'>illa</span> <span class='ocrx_word' id='word_1_150' title='bbox 784 1790 1040 1880; x_wconf 89' lang='lat' dir='ltr'>gaudia</span> <span class='ocrx_word' id='word_1_151' title='bbox 1076 1788 1526 1881; x_wconf 83' lang='lat' dir='ltr'>capessenda.</span> 
     </span>
    </p>

    <p class='ocr_par' dir='ltr' id='par_1_3' title="bbox 126 1877 2795 3904">
     <span class='ocr_line' id='line_1_18' title="bbox 245 1877 2795 1973; baseline -0.001 -20"><span class='ocrx_word' id='word_1_152' title='bbox 245 1884 283 1970; x_wconf 69' lang='grc' dir='ltr'>ξ</span> <span class='ocrx_word' id='word_1_153' title='bbox 327 1886 407 1953; x_wconf 66' lang='lat'>⁸2.</span> <span class='ocrx_word' id='word_1_154' title='bbox 459 1879 761 1950; x_wconf 90' lang='lat' dir='ltr'>Humilis</span> <span class='ocrx_word' id='word_1_155' title='bbox 793 1880 985 1969; x_wconf 88' lang='lat' dir='ltr'>virgo</span> <span class='ocrx_word' id='word_1_156' title='bbox 1019 1877 1149 1949; x_wconf 90' lang='lat' dir='ltr'>sibi</span> <span class='ocrx_word' id='word_1_157' title='bbox 1188 1878 1551 1949; x_wconf 88' lang='lat' dir='ltr'>videbatur</span> <span class='ocrx_word' id='word_1_158' title='bbox 1599 1878 1692 1948; x_wconf 93' lang='lat' dir='ltr'>nil</span> <span class='ocrx_word' id='word_1_159' title='bbox 1732 1900 1932 1971; x_wconf 89' lang='lat' dir='ltr'>agere</span> <span class='ocrx_word' id='word_1_160' title='bbox 1965 1892 2085 1950; x_wconf 91' lang='lat' dir='ltr'>aut</span> <span class='ocrx_word' id='word_1_161' title='bbox 2133 1881 2273 1971; x_wconf 91' lang='lat' dir='ltr'>pati</span> <span class='ocrx_word' id='word_1_162' title='bbox 2324 1881 2393 1949; x_wconf 91' lang='lat' dir='ltr'>in</span> <span class='ocrx_word' id='word_1_163' title='bbox 2449 1884 2492 1950; x_wconf 94' lang='lat' dir='ltr'>S</span> <span class='ocrx_word' id='word_1_164' title='bbox 2544 1882 2704 1952; x_wconf 93' lang='lat' dir='ltr'>onsi</span> <span class='ocrx_word' id='word_1_165' title='bbox 2782 1964 2795 1973; x_wconf 24' lang='lat' dir='ltr'><strong><em>f</em></strong></span> 
     </span>
     <span class='ocr_line' id='line_1_19' title="bbox 160 1967 2710 2060; baseline 0 -20"><span class='ocrx_word' id='word_1_166' title='bbox 160 1970 502 2041; x_wconf 86' lang='lat' dir='ltr'>famulatu</span> <span class='ocrx_word' id='word_1_167' title='bbox 532 2023 547 2050; x_wconf 94' lang='lat'><strong><em>‚</em></strong></span> <span class='ocrx_word' id='word_1_168' title='bbox 600 1969 900 2060; x_wconf 90' lang='lat' dir='ltr'>seipsam</span> <span class='ocrx_word' id='word_1_169' title='bbox 952 1967 1410 2060; x_wconf 84' lang='lat' dir='ltr'>redarguebat</span> <span class='ocrx_word' id='word_1_170' title='bbox 1456 1967 1749 2059; x_wconf 82' lang='lat' dir='ltr'>supinae</span> <span class='ocrx_word' id='word_1_171' title='bbox 1805 1968 2143 2059; x_wconf 86' lang='lat' dir='ltr'>ignaviae,</span> <span class='ocrx_word' id='word_1_172' title='bbox 2206 1968 2498 2039; x_wconf 83' lang='lat' dir='ltr'>vocifera</span> <span class='ocrx_word' id='word_1_173' title='bbox 2552 1983 2710 2041; x_wconf 89' lang='lat' dir='ltr'>atur</span> 
     </span>
     <span class='ocr_line' id='line_1_20' title="bbox 162 2056 2710 2137; baseline 0 -8"><span class='ocrx_word' id='word_1_174' title='bbox 162 2082 234 2130; x_wconf 93' lang='lat' dir='ltr'>se</span> <span class='ocrx_word' id='word_1_175' title='bbox 258 2059 406 2130; x_wconf 92' lang='lat' dir='ltr'>indi</span> <span class='ocrx_word' id='word_1_176' title='bbox 463 2078 622 2127; x_wconf 91' lang='lat' dir='ltr'>nam</span> <span class='ocrx_word' id='word_1_177' title='bbox 656 2057 1014 2128; x_wconf 88' lang='lat' dir='ltr'>communi</span> <span class='ocrx_word' id='word_1_178' title='bbox 1045 2058 1223 2137; x_wconf 71' lang='lat' dir='ltr'>aere,</span> <span class='ocrx_word' id='word_1_179' title='bbox 1258 2056 1643 2127; x_wconf 89' lang='lat' dir='ltr'>mirabatur</span> <span class='ocrx_word' id='word_1_180' title='bbox 1681 2079 1755 2127; x_wconf 90' lang='lat' dir='ltr'>se</span> <span class='ocrx_word' id='word_1_181' title='bbox 1788 2059 2008 2127; x_wconf 88' lang='lat' dir='ltr'>vivam</span> <span class='ocrx_word' id='word_1_182' title='bbox 2050 2069 2269 2128; x_wconf 88' lang='lat' dir='ltr'>terrae</span> <span class='ocrx_word' id='word_1_183' title='bbox 2308 2057 2504 2129; x_wconf 89' lang='lat' dir='ltr'>hiatu</span> <span class='ocrx_word' id='word_1_184' title='bbox 2540 2081 2710 2130; x_wconf 90' lang='lat' dir='ltr'>non-</span> 
     </span>
     <span class='ocr_line' id='line_1_21' title="bbox 164 2144 2713 2248; baseline -0 -30"><span class='ocrx_word' id='word_1_185' title='bbox 164 2149 334 2218; x_wconf 92' lang='lat' dir='ltr'>dum</span> <span class='ocrx_word' id='word_1_186' title='bbox 384 2171 419 2218; x_wconf 90' lang='lat' dir='ltr'>a</span> <span class='ocrx_word' id='word_1_187' title='bbox 476 2146 764 2227; x_wconf 93' lang='lat' dir='ltr'>sorberi,</span> <span class='ocrx_word' id='word_1_188' title='bbox 821 2144 907 2217; x_wconf 90' lang='lat' dir='ltr'>ad</span> <span class='ocrx_word' id='word_1_189' title='bbox 960 2145 1168 2236; x_wconf 91' lang='lat' dir='ltr'>pedes</span> <span class='ocrx_word' id='word_1_190' title='bbox 1215 2144 1795 2217; x_wconf 82' lang='lat' dir='ltr'>confessariorum</span> <span class='ocrx_word' id='word_1_191' title='bbox 1833 2145 2160 2236; x_wconf 76' lang='lat' dir='ltr'>lacrymis</span> <span class='ocrx_word' id='word_1_192' title='bbox 2208 2146 2410 2237; x_wconf 89' lang='lat' dir='ltr'>plena</span> <span class='ocrx_word' id='word_1_193' title='bbox 2445 2147 2713 2248; x_wconf 84' lang='lat' dir='ltr'>singul-</span> 
     </span>
     <span class='ocr_line' id='line_1_22' title="bbox 164 2233 2711 2392; baseline -0.001 -85"><span class='ocrx_word' id='word_1_194' title='bbox 164 2236 402 2317; x_wconf 90' lang='lat' dir='ltr'>tiebat,</span> <span class='ocrx_word' id='word_1_195' title='bbox 454 2236 783 2305; x_wconf 90' lang='lat' dir='ltr'>minimos</span> <span class='ocrx_word' id='word_1_196' title='bbox 829 2255 1105 2323; x_wconf 90' lang='lat' dir='ltr'>quoque</span> <span class='ocrx_word' id='word_1_197' title='bbox 1143 2233 1448 2305; x_wconf 80' lang='lat' dir='ltr'>desectus</span> <span class='ocrx_word' id='word_1_198' title='bbox 1497 2234 1592 2304; x_wconf 90' lang='lat' dir='ltr'>ita</span> <span class='ocrx_word' id='word_1_199' title='bbox 1644 2255 1835 2392; x_wconf 43' lang='grc' dir='ltr'>(ἐκεῖ</span> <span class='ocrx_word' id='word_1_200' title='bbox 1863 2256 2066 2305; x_wconf 90' lang='lat' dir='ltr'>erans</span> <span class='ocrx_word' id='word_1_201' title='bbox 2111 2235 2311 2322; x_wconf 90' lang='lat' dir='ltr'>quasi</span> <span class='ocrx_word' id='word_1_202' title='bbox 2362 2237 2711 2308; x_wconf 78' lang='lat' dir='ltr'>atrocissi-</span> 
     </span>
     <span class='ocr_line' id='line_1_23' title="bbox 167 2321 2711 2414; baseline 0.001 -21"><span class='ocrx_word' id='word_1_203' title='bbox 167 2347 441 2394; x_wconf 90' lang='lat' dir='ltr'>morum</span> <span class='ocrx_word' id='word_1_204' title='bbox 494 2324 834 2395; x_wconf 87' lang='lat' dir='ltr'>scelerum</span> <span class='ocrx_word' id='word_1_205' title='bbox 866 2321 1274 2394; x_wconf 90' lang='lat' dir='ltr'>cumulatim</span> <span class='ocrx_word' id='word_1_206' title='bbox 1309 2344 1423 2393; x_wconf 91' lang='lat' dir='ltr'>rea</span> <span class='ocrx_word' id='word_1_207' title='bbox 1455 2322 1648 2404; x_wconf 84' lang='lat' dir='ltr'>foret,</span> <span class='ocrx_word' id='word_1_208' title='bbox 1690 2345 1786 2414; x_wconf 91' lang='lat' dir='ltr'>pu</span> <span class='ocrx_word' id='word_1_209' title='bbox 1866 2324 2005 2393; x_wconf 88' lang='lat' dir='ltr'>icas</span> <span class='ocrx_word' id='word_1_210' title='bbox 2035 2323 2231 2393; x_wconf 92' lang='lat' dir='ltr'>urbis</span> <span class='ocrx_word' id='word_1_211' title='bbox 2262 2337 2382 2394; x_wconf 86' lang='lat' dir='ltr'>aut</span> <span class='ocrx_word' id='word_1_212' title='bbox 2410 2324 2711 2414; x_wconf 84' lang='lat' dir='ltr'>regionis</span> 
     </span>
     <span class='ocr_line' id='line_1_24' title="bbox 167 2411 2705 2504; baseline 0 -22"><span class='ocrx_word' id='word_1_213' title='bbox 167 2412 599 2483; x_wconf 88' lang='lat' dir='ltr'>calamitates</span> <span class='ocrx_word' id='word_1_214' title='bbox 647 2414 795 2485; x_wconf 91' lang='lat' dir='ltr'>suis</span> <span class='ocrx_word' id='word_1_215' title='bbox 843 2412 1233 2504; x_wconf 92' lang='lat' dir='ltr'>imputabat</span> <span class='ocrx_word' id='word_1_216' title='bbox 1291 2411 1644 2483; x_wconf 90' lang='lat' dir='ltr'>demeritis</span> <span class='ocrx_word' id='word_1_217' title='bbox 1675 2465 1691 2491; x_wconf 83' lang='lat'>‚</span> <span class='ocrx_word' id='word_1_218' title='bbox 1745 2411 2212 2502; x_wconf 82' lang='lat' dir='ltr'>aegritudines</span> <span class='ocrx_word' id='word_1_219' title='bbox 2249 2413 2705 2483; x_wconf 90' lang='lat' dir='ltr'>creberrimas</span> 
     </span>
     <span class='ocr_line' id='line_1_25' title="bbox 163 2500 2714 2595; baseline -0 -22"><span class='ocrx_word' id='word_1_220' title='bbox 163 2517 232 2573; x_wconf 90' lang='lat' dir='ltr'>et</span> <span class='ocrx_word' id='word_1_221' title='bbox 285 2502 731 2574; x_wconf 89' lang='lat' dir='ltr'>acutissimas</span> <span class='ocrx_word' id='word_1_222' title='bbox 777 2502 1177 2593; x_wconf 86' lang='lat' dir='ltr'>acceptabat</span> <span class='ocrx_word' id='word_1_223' title='bbox 1234 2515 1300 2570; x_wconf 89' lang='lat' dir='ltr'>et</span> <span class='ocrx_word' id='word_1_224' title='bbox 1345 2500 1622 2571; x_wconf 89' lang='lat' dir='ltr'>amabat</span> <span class='ocrx_word' id='word_1_225' title='bbox 1667 2521 1795 2570; x_wconf 88' lang='lat' dir='ltr'>ceu</span> <span class='ocrx_word' id='word_1_226' title='bbox 1842 2500 2148 2572; x_wconf 89' lang='lat' dir='ltr'>vindices</span> <span class='ocrx_word' id='word_1_227' title='bbox 2195 2524 2274 2571; x_wconf 89' lang='lat' dir='ltr'>ac</span> <span class='ocrx_word' id='word_1_228' title='bbox 2312 2501 2504 2592; x_wconf 90' lang='lat' dir='ltr'>justa</span> <span class='ocrx_word' id='word_1_229' title='bbox 2548 2525 2714 2595; x_wconf 88' lang='lat' dir='ltr'>sup-</span> 
     </span>
     <span class='ocr_line' id='line_1_26' title="bbox 166 2588 2714 2683; baseline 0 -21"><span class='ocrx_word' id='word_1_230' title='bbox 166 2592 380 2683; x_wconf 89' lang='lat' dir='ltr'>plicia</span> <span class='ocrx_word' id='word_1_231' title='bbox 430 2614 597 2663; x_wconf 88' lang='lat' dir='ltr'>suae</span> <span class='ocrx_word' id='word_1_232' title='bbox 645 2593 717 2661; x_wconf 92' lang='lat' dir='ltr'>in</span> <span class='ocrx_word' id='word_1_233' title='bbox 770 2595 982 2661; x_wconf 88' lang='lat' dir='ltr'>Deum</span> <span class='ocrx_word' id='word_1_234' title='bbox 1033 2602 1404 2683; x_wconf 90' lang='lat' dir='ltr'>perpetuae</span> <span class='ocrx_word' id='word_1_235' title='bbox 1450 2588 1974 2679; x_wconf 87' lang='lat' dir='ltr'>ingratitudinis</span> <span class='ocrx_word' id='word_1_236' title='bbox 2003 2645 2018 2670; x_wconf 93' lang='lat'>,</span> <span class='ocrx_word' id='word_1_237' title='bbox 2065 2591 2475 2681; x_wconf 88' lang='lat' dir='ltr'>provocabat</span> <span class='ocrx_word' id='word_1_238' title='bbox 2521 2591 2591 2660; x_wconf 92' lang='lat' dir='ltr'>in</span> <span class='ocrx_word' id='word_1_239' title='bbox 2641 2614 2714 2662; x_wconf 89' lang='lat' dir='ltr'>se</span> 
     </span>
     <span class='ocr_line' id='line_1_27' title="bbox 168 2676 2712 2768; baseline -0 -17"><span class='ocrx_word' id='word_1_240' title='bbox 168 2681 409 2751; x_wconf 91' lang='lat' dir='ltr'>omnia</span> <span class='ocrx_word' id='word_1_241' title='bbox 479 2681 724 2751; x_wconf 90' lang='lat' dir='ltr'>mundi</span> <span class='ocrx_word' id='word_1_242' title='bbox 796 2679 1135 2750; x_wconf 86' lang='lat' dir='ltr'>elementa</span> <span class='ocrx_word' id='word_1_243' title='bbox 1196 2677 1281 2748; x_wconf 92' lang='lat' dir='ltr'>ad</span> <span class='ocrx_word' id='word_1_244' title='bbox 1345 2676 1684 2749; x_wconf 90' lang='lat' dir='ltr'>vindicias</span> <span class='ocrx_word' id='word_1_245' title='bbox 1748 2678 2166 2767; x_wconf 83' lang='lat' dir='ltr'>injuriarum</span> <span class='ocrx_word' id='word_1_246' title='bbox 2232 2701 2409 2768; x_wconf 91' lang='lat' dir='ltr'>quas</span> <span class='ocrx_word' id='word_1_247' title='bbox 2471 2701 2712 2751; x_wconf 88' lang='lat' dir='ltr'>eorum</span> 
     </span>
     <span class='ocr_line' id='line_1_28' title="bbox 167 2765 2712 2857; baseline 0 -19"><span class='ocrx_word' id='word_1_248' title='bbox 167 2771 467 2840; x_wconf 90' lang='lat' dir='ltr'>Creatori</span> <span class='ocrx_word' id='word_1_249' title='bbox 514 2793 554 2839; x_wconf 91' lang='lat' dir='ltr'>a</span> <span class='ocrx_word' id='word_1_250' title='bbox 602 2791 675 2840; x_wconf 92' lang='lat' dir='ltr'>se</span> <span class='ocrx_word' id='word_1_251' title='bbox 720 2768 949 2839; x_wconf 89' lang='lat' dir='ltr'>illatas</span> <span class='ocrx_word' id='word_1_252' title='bbox 995 2769 1434 2857; x_wconf 85' lang='lat' dir='ltr'>querebatur,</span> <span class='ocrx_word' id='word_1_253' title='bbox 1478 2765 1799 2837; x_wconf 88' lang='lat' dir='ltr'>credebat</span> <span class='ocrx_word' id='word_1_254' title='bbox 1843 2768 2156 2850; x_wconf 88' lang='lat' dir='ltr'>firmiter,</span> <span class='ocrx_word' id='word_1_255' title='bbox 2207 2779 2273 2837; x_wconf 94' lang='lat' dir='ltr'>et</span> <span class='ocrx_word' id='word_1_256' title='bbox 2310 2768 2403 2838; x_wconf 92' lang='lat' dir='ltr'>ita</span> <span class='ocrx_word' id='word_1_257' title='bbox 2443 2767 2530 2838; x_wconf 91' lang='lat' dir='ltr'>ab</span> <span class='ocrx_word' id='word_1_258' title='bbox 2563 2791 2712 2839; x_wconf 89' lang='lat' dir='ltr'>om-</span> 
     </span>
     <span class='ocr_line' id='line_1_29' title="bbox 169 2855 2712 2949; baseline 0 -23"><span class='ocrx_word' id='word_1_259' title='bbox 169 2858 380 2928; x_wconf 90' lang='lat' dir='ltr'>nibus</span> <span class='ocrx_word' id='word_1_260' title='bbox 426 2857 615 2929; x_wconf 90' lang='lat' dir='ltr'>credi</span> <span class='ocrx_word' id='word_1_261' title='bbox 664 2856 1060 2949; x_wconf 82' lang='lat' dir='ltr'>satagebat,</span> <span class='ocrx_word' id='word_1_262' title='bbox 1115 2856 1430 2927; x_wconf 89' lang='lat' dir='ltr'>omnium</span> <span class='ocrx_word' id='word_1_263' title='bbox 1482 2878 1554 2926; x_wconf 93' lang='lat' dir='ltr'>se</span> <span class='ocrx_word' id='word_1_264' title='bbox 1601 2866 2073 2927; x_wconf 89' lang='lat' dir='ltr'>creaturarum</span> <span class='ocrx_word' id='word_1_265' title='bbox 2123 2878 2273 2927; x_wconf 92' lang='lat' dir='ltr'>esse</span> <span class='ocrx_word' id='word_1_266' title='bbox 2329 2855 2712 2947; x_wconf 87' lang='lat' dir='ltr'>abjectissi-</span> 
     </span>
     <span class='ocr_line' id='line_1_30' title="bbox 164 2944 2708 3037; baseline 0 -23"><span class='ocrx_word' id='word_1_267' title='bbox 164 2968 352 3015; x_wconf 87' lang='lat' dir='ltr'>mam</span> <span class='ocrx_word' id='word_1_268' title='bbox 388 2947 590 3017; x_wconf 89' lang='lat' dir='ltr'>Orbis</span> <span class='ocrx_word' id='word_1_269' title='bbox 639 2946 1014 3028; x_wconf 87' lang='lat' dir='ltr'>maculam,</span> <span class='ocrx_word' id='word_1_270' title='bbox 1051 2944 1345 3015; x_wconf 88' lang='lat' dir='ltr'>humani</span> <span class='ocrx_word' id='word_1_271' title='bbox 1377 2945 1651 3037; x_wconf 88' lang='lat' dir='ltr'>generis</span> <span class='ocrx_word' id='word_1_272' title='bbox 1683 2944 2010 3016; x_wconf 88' lang='lat' dir='ltr'>ultimum</span> <span class='ocrx_word' id='word_1_273' title='bbox 2051 2945 2470 3016; x_wconf 89' lang='lat' dir='ltr'>carcinoma.</span> <span class='ocrx_word' id='word_1_274' title='bbox 2508 2946 2708 3029; x_wconf 88' lang='lat' dir='ltr'>Hinc,</span> 
     </span>
     <span class='ocr_line' id='line_1_31' title="bbox 168 3033 2715 3125; baseline 0.001 -22"><span class='ocrx_word' id='word_1_275' title='bbox 168 3035 231 3103; x_wconf 88' lang='lat' dir='ltr'>si</span> <span class='ocrx_word' id='word_1_276' title='bbox 286 3033 826 3125; x_wconf 87' lang='lat' dir='ltr'>deprehenderet</span> <span class='ocrx_word' id='word_1_277' title='bbox 874 3035 961 3105; x_wconf 93' lang='lat' dir='ltr'>de</span> <span class='ocrx_word' id='word_1_278' title='bbox 998 3034 1366 3106; x_wconf 87' lang='lat' dir='ltr'>virtutibus</span> <span class='ocrx_word' id='word_1_279' title='bbox 1414 3056 1487 3103; x_wconf 92' lang='lat' dir='ltr'>se</span> <span class='ocrx_word' id='word_1_280' title='bbox 1534 3033 1883 3105; x_wconf 85' lang='lat' dir='ltr'>tantillum</span> <span class='ocrx_word' id='word_1_281' title='bbox 1915 3034 2411 3117; x_wconf 89' lang='lat' dir='ltr'>commendari,</span> <span class='ocrx_word' id='word_1_282' title='bbox 2446 3034 2715 3106; x_wconf 90' lang='lat' dir='ltr'>crucia·</span> 
     </span>
     <span class='ocr_line' id='line_1_32' title="bbox 126 3121 2714 3216; baseline 0 -22"><span class='ocrx_word' id='word_1_283' title='bbox 126 3124 378 3194; x_wconf 78' lang='lat' dir='ltr'>,batur</span> <span class='ocrx_word' id='word_1_284' title='bbox 428 3124 700 3205; x_wconf 89' lang='lat' dir='ltr'>misera,</span> <span class='ocrx_word' id='word_1_285' title='bbox 755 3123 1281 3216; x_wconf 80' lang='lat' dir='ltr'>expallescebat,</span> <span class='ocrx_word' id='word_1_286' title='bbox 1333 3121 1691 3194; x_wconf 87' lang='lat' dir='ltr'>diffluebat</span> <span class='ocrx_word' id='word_1_287' title='bbox 1729 3121 2080 3213; x_wconf 83' lang='lat' dir='ltr'>lacrymis,</span> <span class='ocrx_word' id='word_1_288' title='bbox 2128 3122 2525 3194; x_wconf 87' lang='lat' dir='ltr'>dehiscebat</span> <span class='ocrx_word' id='word_1_289' title='bbox 2554 3123 2714 3195; x_wconf 92' lang='lat' dir='ltr'>ilico</span> 
     </span>
     <span class='ocr_line' id='line_1_33' title="bbox 169 3210 2715 3303; baseline 0 -21"><span class='ocrx_word' id='word_1_290' title='bbox 169 3234 245 3282; x_wconf 91' lang='lat' dir='ltr'>se</span> <span class='ocrx_word' id='word_1_291' title='bbox 278 3233 600 3302; x_wconf 85' lang='lat' dir='ltr'>mergens</span> <span class='ocrx_word' id='word_1_292' title='bbox 631 3213 699 3282; x_wconf 91' lang='lat' dir='ltr'>in</span> <span class='ocrx_word' id='word_1_293' title='bbox 731 3212 1063 3303; x_wconf 83' lang='lat' dir='ltr'>abyssum</span> <span class='ocrx_word' id='word_1_294' title='bbox 1092 3211 1531 3282; x_wconf 89' lang='lat' dir='ltr'>humilitatis.</span> <span class='ocrx_word' id='word_1_295' title='bbox 1583 3211 1848 3283; x_wconf 79' lang='lat' dir='ltr'>Accidit</span> <span class='ocrx_word' id='word_1_296' title='bbox 1891 3210 2071 3299; x_wconf 88' lang='lat' dir='ltr'>quod</span> <span class='ocrx_word' id='word_1_297' title='bbox 2116 3234 2153 3282; x_wconf 95' lang='lat' dir='ltr'>e</span> <span class='ocrx_word' id='word_1_298' title='bbox 2180 3212 2406 3282; x_wconf 89' lang='lat' dir='ltr'>vicino</span> <span class='ocrx_word' id='word_1_299' title='bbox 2436 3212 2715 3283; x_wconf 91' lang='lat' dir='ltr'>aedium</span> 
     </span>
     <span class='ocr_line' id='line_1_34' title="bbox 167 3300 2718 3393; baseline 0 -21"><span class='ocrx_word' id='word_1_300' title='bbox 167 3300 484 3372; x_wconf 88' lang='lat' dir='ltr'>conclavi</span> <span class='ocrx_word' id='word_1_301' title='bbox 512 3301 731 3371; x_wconf 88' lang='lat' dir='ltr'>obiter</span> <span class='ocrx_word' id='word_1_302' title='bbox 752 3301 1021 3372; x_wconf 90' lang='lat' dir='ltr'>audiret</span> <span class='ocrx_word' id='word_1_303' title='bbox 1047 3321 1377 3393; x_wconf 90' lang='lat' dir='ltr'>personas</span> <span class='ocrx_word' id='word_1_304' title='bbox 1402 3322 1645 3392; x_wconf 88' lang='lat' dir='ltr'>graves</span> <span class='ocrx_word' id='word_1_305' title='bbox 1674 3300 1759 3371; x_wconf 91' lang='lat' dir='ltr'>de</span> <span class='ocrx_word' id='word_1_306' title='bbox 1786 3305 2001 3371; x_wconf 90' lang='lat' dir='ltr'>Rosae</span> <span class='ocrx_word' id='word_1_307' title='bbox 2026 3313 2376 3389; x_wconf 88' lang='lat' dir='ltr'>tamquam</span> <span class='ocrx_word' id='word_1_308' title='bbox 2412 3302 2718 3373; x_wconf 83' lang='lat' dir='ltr'>absentis</span> 
     </span>
     <span class='ocr_line' id='line_1_35' title="bbox 172 3388 2718 3481; baseline -0 -20"><span class='ocrx_word' id='word_1_309' title='bbox 172 3388 482 3461; x_wconf 91' lang='lat' dir='ltr'>mirabili</span> <span class='ocrx_word' id='word_1_310' title='bbox 529 3389 666 3459; x_wconf 76' lang='lat' dir='ltr'>vita</span> <span class='ocrx_word' id='word_1_311' title='bbox 706 3389 1085 3461; x_wconf 83' lang='lat' dir='ltr'>honorifice</span> <span class='ocrx_word' id='word_1_312' title='bbox 1138 3412 1218 3460; x_wconf 93' lang='lat' dir='ltr'>ac</span> <span class='ocrx_word' id='word_1_313' title='bbox 1274 3402 1533 3461; x_wconf 89' lang='lat' dir='ltr'>secreto</span> <span class='ocrx_word' id='word_1_314' title='bbox 1569 3388 2135 3474; x_wconf 49' lang='lat' dir='ltr'>confabulantem</span> <span class='ocrx_word' id='word_1_315' title='bbox 2186 3391 2457 3481; x_wconf 77' lang='lat' dir='ltr'>expavit</span> <span class='ocrx_word' id='word_1_316' title='bbox 2487 3402 2553 3461; x_wconf 90' lang='lat' dir='ltr'>et</span> <span class='ocrx_word' id='word_1_317' title='bbox 2599 3390 2718 3460; x_wconf 91' lang='lat' dir='ltr'>ad-</span> 
     </span>
     <span class='ocr_line' id='line_1_36' title="bbox 170 3478 2713 3581; baseline 0 -32"><span class='ocrx_word' id='word_1_318' title='bbox 170 3479 458 3549; x_wconf 85' lang='lat' dir='ltr'>tremuit</span> <span class='ocrx_word' id='word_1_319' title='bbox 494 3480 831 3581; x_wconf 82' lang='lat' dir='ltr'>exanguis</span> <span class='ocrx_word' id='word_1_320' title='bbox 869 3479 975 3549; x_wconf 88' lang='lat' dir='ltr'>vir</span> <span class='ocrx_word' id='word_1_321' title='bbox 1023 3501 1106 3561; x_wconf 89' lang='lat' dir='ltr'>o,</span> <span class='ocrx_word' id='word_1_322' title='bbox 1163 3500 1442 3571; x_wconf 85' lang='lat' dir='ltr'>angore,</span> <span class='ocrx_word' id='word_1_323' title='bbox 1501 3479 1670 3549; x_wconf 87' lang='lat' dir='ltr'>fletu</span> <span class='ocrx_word' id='word_1_324' title='bbox 1700 3492 1766 3548; x_wconf 94' lang='lat' dir='ltr'>et</span> <span class='ocrx_word' id='word_1_325' title='bbox 1806 3500 2115 3549; x_wconf 91' lang='lat' dir='ltr'>moerore</span> <span class='ocrx_word' id='word_1_326' title='bbox 2173 3478 2555 3562; x_wconf 89' lang='lat' dir='ltr'>distabuit,</span> <span class='ocrx_word' id='word_1_327' title='bbox 2608 3501 2713 3562; x_wconf 89' lang='lat' dir='ltr'>ac,</span> 
     </span>
     <span class='ocr_line' id='line_1_37' title="bbox 166 3566 2720 3660; baseline 0.001 -24"><span class='ocrx_word' id='word_1_328' title='bbox 166 3569 474 3658; x_wconf 85' lang='lat' dir='ltr'>seipsam</span> <span class='ocrx_word' id='word_1_329' title='bbox 530 3567 908 3638; x_wconf 75' lang='lat' dir='ltr'>durissime</span> <span class='ocrx_word' id='word_1_330' title='bbox 1041 3567 1341 3660; x_wconf 85' lang='lat' dir='ltr'>jurgans</span> <span class='ocrx_word' id='word_1_331' title='bbox 1372 3622 1388 3649; x_wconf 88' lang='lat'>,</span> <span class='ocrx_word' id='word_1_332' title='bbox 1435 3580 1536 3638; x_wconf 89' lang='lat' dir='ltr'>ter</span> <span class='ocrx_word' id='word_1_333' title='bbox 1569 3622 1584 3648; x_wconf 91' lang='lat'>‚</span> <span class='ocrx_word' id='word_1_334' title='bbox 1637 3579 1883 3655; x_wconf 90' lang='lat' dir='ltr'>quater</span> <span class='ocrx_word' id='word_1_335' title='bbox 1929 3566 2126 3639; x_wconf 88' lang='lat' dir='ltr'>illisit</span> <span class='ocrx_word' id='word_1_336' title='bbox 2185 3590 2502 3660; x_wconf 89' lang='lat' dir='ltr'>pugnum</span> <span class='ocrx_word' id='word_1_337' title='bbox 2556 3590 2720 3640; x_wconf 88' lang='lat' dir='ltr'>acu-</span> 
     </span>
     <span class='ocr_line' id='line_1_38' title="bbox 169 3654 2722 3738; baseline 0.001 -13"><span class='ocrx_word' id='word_1_338' title='bbox 169 3656 392 3727; x_wconf 87' lang='lat' dir='ltr'>leatae</span> <span class='ocrx_word' id='word_1_339' title='bbox 439 3677 517 3727; x_wconf 88' lang='lat' dir='ltr'>ca</span> <span class='ocrx_word' id='word_1_340' title='bbox 575 3656 687 3727; x_wconf 91' lang='lat' dir='ltr'>itis</span> <span class='ocrx_word' id='word_1_341' title='bbox 736 3657 846 3726; x_wconf 90' lang='lat' dir='ltr'>sui</span> <span class='ocrx_word' id='word_1_342' title='bbox 885 3678 1204 3738; x_wconf 90' lang='lat' dir='ltr'>coronae,</span> <span class='ocrx_word' id='word_1_343' title='bbox 1262 3656 1612 3727; x_wconf 84' lang='lat' dir='ltr'>fluxerunt</span> <span class='ocrx_word' id='word_1_344' title='bbox 1667 3655 1799 3727; x_wconf 91' lang='lat' dir='ltr'>sub</span> <span class='ocrx_word' id='word_1_345' title='bbox 1832 3654 1979 3725; x_wconf 89' lang='lat' dir='ltr'>velo</span> <span class='ocrx_word' id='word_1_346' title='bbox 2026 3679 2147 3726; x_wconf 90' lang='lat' dir='ltr'>san</span> <span class='ocrx_word' id='word_1_347' title='bbox 2203 3657 2390 3727; x_wconf 89' lang='lat' dir='ltr'>uinis</span> <span class='ocrx_word' id='word_1_348' title='bbox 2438 3657 2589 3738; x_wconf 86' lang='lat' dir='ltr'>rivi,</span> <span class='ocrx_word' id='word_1_349' title='bbox 2643 3669 2722 3727; x_wconf 92' lang='lat' dir='ltr'>ut</span> 
     </span>
     <span class='ocr_line' id='line_1_39' title="bbox 163 3743 2720 3904; baseline 0 -90"><span class='ocrx_word' id='word_1_350' title='bbox 163 3745 511 3904; x_wconf 53' lang='lat' dir='ltr'>{crimoni</span> <span class='ocrx_word' id='word_1_351' title='bbox 605 3744 865 3816; x_wconf 90' lang='lat' dir='ltr'>doloris</span> <span class='ocrx_word' id='word_1_352' title='bbox 916 3744 1465 3836; x_wconf 91' lang='lat' dir='ltr'>ingratissimum</span> <span class='ocrx_word' id='word_1_353' title='bbox 1525 3744 1793 3815; x_wconf 90' lang='lat' dir='ltr'>alienae</span> <span class='ocrx_word' id='word_1_354' title='bbox 1850 3743 2079 3817; x_wconf 89' lang='lat' dir='ltr'>laudis</span> <span class='ocrx_word' id='word_1_355' title='bbox 2136 3768 2177 3816; x_wconf 96' lang='lat' dir='ltr'>o</span> <span class='ocrx_word' id='word_1_356' title='bbox 2231 3745 2551 3816; x_wconf 89' lang='lat' dir='ltr'>tunderet</span> <span class='ocrx_word' id='word_1_357' title='bbox 2595 3768 2720 3815; x_wconf 88' lang='lat' dir='ltr'>au-</span> 
     </span>
    </p>

    <p class='ocr_par' dir='ltr' id='par_1_4' title="bbox 224 3846 426 3906">
     <span class='ocr_line' id='line_1_40' title="bbox 224 3846 426 3906; baseline -0.005 -1"><span class='ocrx_word' id='word_1_358' title='bbox 224 3846 426 3906; x_wconf 75' lang='lat' dir='ltr'>itum.</span> 
     </span>
    </p>

    <p class='ocr_par' dir='ltr' id='par_1_5' title="bbox 167 3921 2730 4549">
     <span class='ocr_line' id='line_1_41' title="bbox 260 3921 2721 4024; baseline -0.001 -28"><span class='ocrx_word' id='word_1_359' title='bbox 260 3925 298 4011; x_wconf 69' lang='grc' dir='ltr'><strong>ἕ</strong></span> <span class='ocrx_word' id='word_1_360' title='bbox 344 3927 405 3996; x_wconf 76' lang='grc'>8</span> <span class='ocrx_word' id='word_1_361' title='bbox 484 3922 1099 3994; x_wconf 76' lang='lat' dir='ltr'>Ducebaturinter</span> <span class='ocrx_word' id='word_1_362' title='bbox 1145 3923 1315 3993; x_wconf 90' lang='lat' dir='ltr'>haec</span> <span class='ocrx_word' id='word_1_363' title='bbox 1362 3922 1696 3993; x_wconf 88' lang='lat' dir='ltr'>virtutum</span> <span class='ocrx_word' id='word_1_364' title='bbox 1731 3921 2118 3994; x_wconf 81' lang='lat' dir='ltr'>exercitiaa</span> <span class='ocrx_word' id='word_1_365' title='bbox 2153 3927 2419 4024; x_wconf 91' lang='lat' dir='ltr'>Sponso</span> <span class='ocrx_word' id='word_1_366' title='bbox 2456 3935 2591 3994; x_wconf 88' lang='lat' dir='ltr'>tam</span> <span class='ocrx_word' id='word_1_367' title='bbox 2632 3922 2721 3993; x_wconf 91' lang='lat' dir='ltr'>ad</span> 
     </span>
     <span class='ocr_line' id='line_1_42' title="bbox 167 4010 2727 4103; baseline 0.001 -23"><span class='ocrx_word' id='word_1_368' title='bbox 167 4013 577 4085; x_wconf 82' lang='lat' dir='ltr'>exteriorem</span> <span class='ocrx_word' id='word_1_369' title='bbox 625 4010 937 4102; x_wconf 90' lang='lat' dir='ltr'>corporis</span> <span class='ocrx_word' id='word_1_370' title='bbox 981 4034 1195 4100; x_wconf 91' lang='lat' dir='ltr'>quam</span> <span class='ocrx_word' id='word_1_371' title='bbox 1246 4011 1333 4082; x_wconf 93' lang='lat' dir='ltr'>ad</span> <span class='ocrx_word' id='word_1_372' title='bbox 1384 4012 1702 4083; x_wconf 91' lang='lat' dir='ltr'>intimam</span> <span class='ocrx_word' id='word_1_373' title='bbox 1765 4011 2054 4103; x_wconf 90' lang='lat' dir='ltr'>spiritus</span> <span class='ocrx_word' id='word_1_374' title='bbox 2100 4011 2549 4083; x_wconf 81' lang='lat' dir='ltr'>solitudinem</span> <span class='ocrx_word' id='word_1_375' title='bbox 2580 4066 2596 4094; x_wconf 87' lang='lat'>,</span> <span class='ocrx_word' id='word_1_376' title='bbox 2646 4026 2727 4083; x_wconf 90' lang='lat' dir='ltr'>ut</span> 
     </span>
     <span class='ocr_line' id='line_1_43' title="bbox 169 4099 2727 4193; baseline 0.001 -23"><span class='ocrx_word' id='word_1_377' title='bbox 169 4101 275 4172; x_wconf 90' lang='lat' dir='ltr'>ibi</span> <span class='ocrx_word' id='word_1_378' title='bbox 329 4101 725 4189; x_wconf 90' lang='lat' dir='ltr'>loqueretur</span> <span class='ocrx_word' id='word_1_379' title='bbox 779 4100 866 4170; x_wconf 91' lang='lat' dir='ltr'>ad</span> <span class='ocrx_word' id='word_1_380' title='bbox 922 4121 1044 4171; x_wconf 90' lang='lat' dir='ltr'>cor</span> <span class='ocrx_word' id='word_1_381' title='bbox 1094 4101 1298 4188; x_wconf 89' lang='lat' dir='ltr'>ejus;</span> <span class='ocrx_word' id='word_1_382' title='bbox 1350 4099 1847 4173; x_wconf 89' lang='lat' dir='ltr'>obsistentibus</span> <span class='ocrx_word' id='word_1_383' title='bbox 1901 4100 2273 4172; x_wconf 80' lang='lat' dir='ltr'>exadverso</span> <span class='ocrx_word' id='word_1_384' title='bbox 2305 4101 2727 4193; x_wconf 87' lang='lat' dir='ltr'>importunis</span> 
     </span>
     <span class='ocr_line' id='line_1_44' title="bbox 168 4188 2729 4282; baseline 0 -24"><span class='ocrx_word' id='word_1_385' title='bbox 168 4190 534 4282; x_wconf 91' lang='lat' dir='ltr'>genitricis</span> <span class='ocrx_word' id='word_1_386' title='bbox 566 4189 955 4271; x_wconf 89' lang='lat' dir='ltr'>conatibus,</span> <span class='ocrx_word' id='word_1_387' title='bbox 992 4188 1254 4277; x_wconf 90' lang='lat' dir='ltr'>quibus</span> <span class='ocrx_word' id='word_1_388' title='bbox 1300 4211 1449 4260; x_wconf 87' lang='lat' dir='ltr'>eam</span> <span class='ocrx_word' id='word_1_389' title='bbox 1482 4190 1567 4260; x_wconf 91' lang='lat' dir='ltr'>ad</span> <span class='ocrx_word' id='word_1_390' title='bbox 1601 4190 1956 4261; x_wconf 90' lang='lat' dir='ltr'>connubia</span> <span class='ocrx_word' id='word_1_391' title='bbox 1988 4203 2206 4261; x_wconf 89' lang='lat' dir='ltr'>terrae</span> <span class='ocrx_word' id='word_1_392' title='bbox 2255 4211 2501 4282; x_wconf 91' lang='lat' dir='ltr'>parare</span> <span class='ocrx_word' id='word_1_393' title='bbox 2547 4201 2729 4260; x_wconf 89' lang='lat' dir='ltr'>sata·-</span> 
     </span>
     <span class='ocr_line' id='line_1_45' title="bbox 172 4276 2727 4370; baseline 0 -22"><span class='ocrx_word' id='word_1_394' title='bbox 172 4276 404 4370; x_wconf 87' lang='lat' dir='ltr'>gebat,</span> <span class='ocrx_word' id='word_1_395' title='bbox 462 4279 550 4350; x_wconf 92' lang='lat' dir='ltr'>ad</span> <span class='ocrx_word' id='word_1_396' title='bbox 644 4301 776 4349; x_wconf 89' lang='lat' dir='ltr'>uae</span> <span class='ocrx_word' id='word_1_397' title='bbox 820 4300 959 4349; x_wconf 90' lang='lat' dir='ltr'>non</span> <span class='ocrx_word' id='word_1_398' title='bbox 1008 4277 1235 4350; x_wconf 90' lang='lat' dir='ltr'>solum</span> <span class='ocrx_word' id='word_1_399' title='bbox 1284 4277 1510 4349; x_wconf 81' lang='lat' dir='ltr'>verbis</span> <span class='ocrx_word' id='word_1_400' title='bbox 1555 4277 1959 4350; x_wconf 89' lang='lat' dir='ltr'>durioribus</span> <span class='ocrx_word' id='word_1_401' title='bbox 1986 4331 2008 4360; x_wconf 91' lang='lat'>‚</span> <span class='ocrx_word' id='word_1_402' title='bbox 2064 4277 2182 4348; x_wconf 91' lang='lat' dir='ltr'>sed</span> <span class='ocrx_word' id='word_1_403' title='bbox 2239 4279 2447 4350; x_wconf 83' lang='lat' dir='ltr'>etiam</span> <span class='ocrx_word' id='word_1_404' title='bbox 2489 4277 2727 4349; x_wconf 88' lang='lat' dir='ltr'>verhe-</span> 
     </span>
     <span class='ocr_line' id='line_1_46' title="bbox 173 4366 2729 4459; baseline 0 -22"><span class='ocrx_word' id='word_1_405' title='bbox 173 4366 376 4438; x_wconf 84' lang='lat' dir='ltr'>ribus</span> <span class='ocrx_word' id='word_1_406' title='bbox 406 4367 617 4459; x_wconf 90' lang='lat' dir='ltr'>impel</span> <span class='ocrx_word' id='word_1_407' title='bbox 647 4369 912 4440; x_wconf 89' lang='lat' dir='ltr'>ebatur.</span> <span class='ocrx_word' id='word_1_408' title='bbox 966 4367 1096 4438; x_wconf 90' lang='lat' dir='ltr'>Sed</span> <span class='ocrx_word' id='word_1_409' title='bbox 1138 4366 1300 4437; x_wconf 85' lang='lat' dir='ltr'>vicit</span> <span class='ocrx_word' id='word_1_410' title='bbox 1345 4367 1644 4440; x_wconf 83' lang='lat' dir='ltr'>invictus</span> <span class='ocrx_word' id='word_1_411' title='bbox 1695 4372 1913 4439; x_wconf 86' lang='lat' dir='ltr'>Rosae</span> <span class='ocrx_word' id='word_1_412' title='bbox 1950 4368 2274 4450; x_wconf 89' lang='lat' dir='ltr'>animus;</span> <span class='ocrx_word' id='word_1_413' title='bbox 2314 4368 2511 4459; x_wconf 86' lang='lat' dir='ltr'>prius</span> <span class='ocrx_word' id='word_1_414' title='bbox 2536 4366 2729 4438; x_wconf 89' lang='lat' dir='ltr'>enim</span> 
     </span>
     <span class='ocr_line' id='line_1_47' title="bbox 172 4455 2730 4549; baseline 0 -24"><span class='ocrx_word' id='word_1_415' title='bbox 172 4460 455 4538; x_wconf 83' lang='lat' dir='ltr'>Cantae,</span> <span class='ocrx_word' id='word_1_416' title='bbox 488 4456 611 4527; x_wconf 92' lang='lat' dir='ltr'>ubi</span> <span class='ocrx_word' id='word_1_417' title='bbox 643 4479 802 4528; x_wconf 89' lang='lat' dir='ltr'>cum</span> <span class='ocrx_word' id='word_1_418' title='bbox 837 4458 987 4528; x_wconf 91' lang='lat' dir='ltr'>suis</span> <span class='ocrx_word' id='word_1_419' title='bbox 1019 4457 1441 4543; x_wconf 87' lang='lat' dir='ltr'>morabatur,</span> <span class='ocrx_word' id='word_1_420' title='bbox 1481 4478 1605 4549; x_wconf 94' lang='lat' dir='ltr'>per</span> <span class='ocrx_word' id='word_1_421' title='bbox 1635 4455 2177 4547; x_wconf 90' lang='lat' dir='ltr'>quadriennium</span> <span class='ocrx_word' id='word_1_422' title='bbox 2214 4456 2425 4529; x_wconf 86' lang='lat' dir='ltr'>semel</span> <span class='ocrx_word' id='word_1_423' title='bbox 2458 4467 2730 4529; x_wconf 88' lang='lat' dir='ltr'>tantum</span> 
     </span>
    </p>
   </div>
   <div class='ocr_carea' id='block_1_3' title="bbox 341 4581 2570 4650">
    <p class='ocr_par' dir='ltr' id='par_1_6' title="bbox 341 4581 2570 4650">
     <span class='ocr_line' id='line_1_48' title="bbox 341 4581 2570 4650; baseline 0.002 -8"><span class='ocrx_word' id='word_1_424' title='bbox 341 4583 623 4645; x_wconf 75' lang='lat' dir='ltr'>surius-</span> <span class='ocrx_word' id='word_1_425' title='bbox 649 4582 811 4647; x_wconf 73' lang='lat' dir='ltr'>Vitae</span> <span class='ocrx_word' id='word_1_426' title='bbox 832 4584 943 4650; x_wconf 75' lang='lat' dir='ltr'>SS.</span> <span class='ocrx_word' id='word_1_427' title='bbox 963 4614 990 4632; x_wconf 93' lang='lat'><strong>·</strong></span> <span class='ocrx_word' id='word_1_428' title='bbox 1006 4583 1137 4647; x_wconf 81' lang='lat' dir='ltr'>Vol.</span> <span class='ocrx_word' id='word_1_429' title='bbox 1179 4581 1332 4646; x_wconf 87' lang='lat' dir='ltr'>vm.</span> <span class='ocrx_word' id='word_1_430' title='bbox 2488 4583 2570 4646; x_wconf 81' lang='lat'>48</span> 
     </span>
    </p>
   </div>
  </div>
 </body>
</html>
