3308 5004
656 311 785 377 304
1383 324 1466 375 nn
1511 327 1571 376 s.
1620 325 1998 377 mntem:
2044 326 2277 377 atoma
2787 312 2976 381 Auo.
3028 313 3112 380 ⁴3

567 433 651 484 ac
683 413 926 484 tenuit.
984 413 1193 504 Cujus
1247 411 1582 484 beneficio
1619 424 1779 483 ante
1820 412 2060 505 fugata
2107 425 2270 485 sunt
2315 411 2606 506 frigora,
2664 436 2877 504 quam
2936 429 3118 489 esset

570 500 863 572 candela
908 514 1345 594 consumpta.
3056 554 3059 557 -

657 592 696 678 ἕ
742 595 889 679 18.
945 596 1035 660 De
1071 590 1542 662 monachabus
1584 587 1927 678 quaedam
1978 590 2111 660 sibi
2142 589 2573 675 familiarior,
2627 592 2831 684 cujus
2857 614 2938 663 ex
2985 593 3121 665 hu-

569 700 760 749 more
807 680 1095 772 sanguis
1133 691 1520 750 contexerat
1572 679 1882 761 oculum,
1934 680 2370 770 apprehensa
2416 680 2631 752 herba
2692 682 3066 773 absynthio
3094 738 3111 765 ,

568 788 777 856 quam
829 782 1062 839 sancta
1096 769 1280 839 circa
1332 782 1592 859 pectuS‚
1645 781 1726 839 ut
1757 768 2226 861 refrigeraret,
2286 769 2642 850 habuerat,
2695 793 2855 842 cum
2907 794 2993 843 su
3086 795 3123 842 r

568 857 851 928 oculum
902 858 1155 949 posuit,
1207 857 1406 930 dolor
1448 869 1515 928 et
1546 878 1757 928 cruor
1784 880 1941 929 mox
1986 856 2186 950 fugit,
2238 869 2307 928 et
2351 858 2437 930 de
2476 858 2818 931 viriditate
2862 794 3123 932 herffie

567 946 835 1037 puritas
883 947 1062 1018 lueis
1117 948 1425 1018 emicuit.
1499 950 1881 1018 Revocetur
1926 947 2305 1029 memoria,
2357 947 2542 1036 quod
2606 950 2890 1020 tacitum
2942 972 3121 1040 pene

569 1036 942 1126 praeteriit.
979 1040 1168 1108 Anus
1214 1035 1300 1105 de
1350 1036 1558 1107 rebus
1605 1036 1820 1125 agens
1868 1036 2347 1120 beatissimae,
2400 1060 2561 1108 cum
2619 1038 2753 1109 sibi
2814 1037 2945 1108 filii
2992 1061 3122 1109 na-

567 1137 946 1208 scerentur,
1011 1147 1186 1213 quos
1245 1136 1324 1196 ut
1369 1123 1649 1207 videret,
1711 1147 1868 1195 mox
1912 1123 2265 1227 perderet,
2327 1137 2395 1195 et
2439 1126 2769 1218 cogitaret
2826 1127 3121 1230 sepelire

569 1226 787 1284 mater
835 1214 1086 1295 tristiS,
1140 1213 1306 1283 dum
1374 1226 1677 1304 pareret,
1729 1235 2115 1285 exanimem
2166 1213 2501 1286 infantem
2561 1216 2933 1306 lacrymosi
2992 1238 3121 1308 pa-

567 1314 796 1373 rentes
833 1304 1101 1395 Jactant
1133 1303 1200 1372 in
1253 1315 1530 1373 sanctae
1553 1302 1889 1373 cilicium.
1925 1302 2057 1386 Qui
2104 1303 2637 1374 saluberrimam
2670 1318 2921 1375 vestem
2960 1328 3121 1377 mox

565 1401 644 1459 ut
678 1393 892 1481 panni
926 1391 1177 1462 nobilis
1216 1392 1462 1483 attigit,
1494 1391 1577 1461 ad
1608 1391 1915 1463 officium
1968 1391 2168 1462 vitale
2193 1393 2398 1463 rediit
2445 1392 2675 1465 infans
2708 1393 2795 1463 de
2842 1393 3109 1478 funere,

566 1490 634 1549 et
679 1482 938 1552 rubens
985 1479 1161 1550 levat
1206 1481 1292 1550 de
1348 1481 1558 1571 pallio
1598 1480 1822 1571 pallor
1853 1481 2124 1551 vicinus
2169 1481 2256 1551 ad
2312 1481 2687 1552 tumulum.
2741 1484 2909 1565 Quis
2957 1506 3122 1555 mu-

569 1580 761 1638 neret
818 1569 1200 1651 mirabilia,
1264 1590 1443 1657 quae
1494 1571 1745 1640 Christi
1803 1570 2268 1641 misericordis
2322 1582 2646 1662 operatur
2696 1572 3119 1642 clementia?

566 1660 763 1726 Anna
803 1659 1139 1728 monacha
1185 1658 1353 1728 dum
1396 1671 1661 1729 tantum
1711 1658 2046 1750 hydropis
2096 1659 2333 1731 morbo
2381 1659 2749 1731 tumefacta
2799 1659 3116 1732 tendere-

571 1758 705 1827 tur,
758 1760 835 1817 ut
873 1747 1062 1820 salus
1107 1761 1284 1819 esset
1345 1748 1413 1816 in
1466 1748 1736 1830 ultimo,
1788 1761 1854 1818 et
1899 1749 2265 1838 deputatae
2323 1770 2591 1820 sorores
2648 1761 3111 1840 expectarent,

569 1857 708 1923 quo
757 1847 1105 1907 momento
1151 1835 1499 1907 exhalaret
1533 1837 1902 1928 spiritum:
1956 1838 2101 1907 visa
2145 1851 2249 1907 est
2292 1838 2352 1908 ei
2405 1860 2527 1928 per
2587 1859 2903 1928 soporem
2952 1860 3118 1909 cum

566 1924 957 1995 veneranda
1012 1926 1370 1996 Abbatissa
1412 1927 1604 1997 beata
1656 1925 2102 2018 Radegundis
2149 1926 2218 1995 in
2269 1926 2596 1997 balneum
2659 1928 2809 1997 sine
2849 1927 3121 2016 liquore

569 2012 830 2083 nudam
855 2014 1102 2104 jubere
1130 2014 1570 2085 descendere.
1611 2015 1866 2085 Deinde
1915 2037 2125 2085 manu
2174 2015 2373 2085 beata
2408 2016 2551 2087 visa
2589 2028 2691 2086 est
2720 2016 2950 2087 oleum
3003 2037 3117 2087 ae·

568 2115 803 2191 grotae
851 2125 1061 2193 super
1092 2116 1302 2194 caput
1346 2104 1722 2185 effundere,
1774 2115 1840 2174 et
1888 2126 2060 2175 nova
2110 2117 2291 2175 veste
2337 2118 2535 2175 conte
2585 2127 2720 2175 ere.
2765 2110 2913 2188 Quo
2957 2126 3121 2196 per-

568 2203 720 2262 acto
761 2193 1109 2282 mysteri0,
1161 2193 1516 2283 evigilanti
1561 2192 1647 2263 de
1694 2214 1962 2284 sopore,
1999 2194 2086 2263 de
2134 2193 2373 2263 morbo
2410 2128 2584 2263 nihil
2633 2195 2980 2286 apparuit,
3022 2195 3124 2264 ita

567 2292 648 2350 ut
695 2302 820 2351 nec
860 2281 1164 2364 sudaret,
1216 2294 1283 2352 et
1332 2283 1518 2352 intus
1564 2304 1745 2370 aqua
1779 2295 2191 2373 consumpta
2238 2283 2349 2353 sit.
2397 2287 2545 2366 Quo
2595 2304 2768 2353 novo
2800 2284 2933 2355 sub
2985 2285 3122 2353 mi-

568 2369 804 2440 raculo
852 2392 990 2441 non
1063 2370 1338 2458 reliquit
1386 2372 1454 2440 in
1515 2383 1711 2441 utero
1784 2393 1908 2442 nec
1993 2371 2213 2443 morbi
2264 2371 2654 2462 vestigium.
2721 2377 2888 2443 Nam
2938 2394 3124 2461 quae

566 2459 976 2531 credebatur
1008 2481 1336 2552 praeceps
1368 2458 1617 2531 deferri
1666 2460 1751 2531 ad
1803 2460 2153 2532 tumulum
2186 2517 2201 2544 ,
2256 2460 2520 2531 levatur
2565 2460 2654 2532 ad
2702 2483 2989 2533 cursum
3028 2460 3123 2533 de

567 2548 853 2651 lectulo-z
893 2563 971 2621 ut
1017 2551 1146 2621 olei
1198 2550 1587 2621 testimonio
1645 2549 1816 2620 odor
1862 2550 2117 2621 inesset
2161 2551 2430 2641 capitis,
2501 2563 2568 2622 et
2617 2552 2872 2621 ventris
2921 2551 3122 2622 nulla

618 2659 941 2711 ernicieS.

535 2661 614 2808 ,p
655 2735 693 2810 S
742 2732 884 2801 u.
938 2727 1378 2798 Praedicetur
1423 2727 1495 2797 in
1529 2727 1805 2798 laudem
1857 2727 2128 2810 Christi,
2170 2748 2355 2798 more
2402 2728 2584 2798 beati
2619 2728 2914 2809 Martini,
2947 2741 3123 2798 tem-

566 2837 730 2907 pore
780 2818 1124 2906 praesenti
1169 2817 1437 2904 antiqui
1478 2838 1720 2886 norma
1756 2816 2098 2886 miraculi.
2152 2821 2318 2887 Cum
2368 2817 2770 2890 beatissima
2817 2817 3125 2888 foemina

567 2904 840 2976 reclusa
887 2918 1064 2976 esset
1097 2906 1166 2975 in
1200 2905 1474 2986 cellula,
1529 2905 1724 2975 audit
1758 2905 1994 2975 fletum
2045 2905 2129 2975 de
2162 2906 2537 2977 monacha:
2567 2918 2632 2977 et
2680 2906 2881 2998 signo
2912 2905 3117 2988 factu,

564 2994 973 3076 venientem,
1078 2994 1192 3064 uid
1229 2994 1402 3064 illud
1444 3007 1643 3075 esset,
1704 2994 2098 3084 interrogat.
2154 2998 2339 3076 Quae
2391 3009 2731 3066 mortuam
2806 3017 3117 3068 sororem

563 3082 922 3152 nunciavit
967 3083 1038 3151 in
1071 3083 1381 3153 antulam
1416 3138 1431 3165 ‚
1482 3094 1549 3153 et
1595 3082 1944 3174 frigidam,
1997 3103 2135 3170 qua
2182 3082 2549 3167 lavaretur,
2607 3097 2915 3175 paratam
2963 3106 3122 3155 esse

556 3169 703 3260 jam
739 3171 1060 3242 calidam.
1117 3171 1499 3242 Condolens
1548 3185 1787 3242 sancta
1821 3183 1985 3241 tunc
2033 3172 2127 3241 im
2183 3184 2364 3254 erat,
2419 3185 2499 3243 ut
2552 3173 2845 3242 cadaver
2890 3174 3122 3264 ipsius

568 3281 766 3329 suam
807 3259 1099 3330 deferret
1152 3262 1224 3329 in
1275 3260 1621 3330 cellulam.
1679 3260 1875 3343 Quod
1925 3260 2056 3331 sibi
2154 3273 2539 3351 eportatum
2588 3262 2854 3352 excepit
2901 3283 3122 3332 manu

565 3349 867 3438 propria,
923 3350 1188 3422 reclusa
1229 3361 1377 3439 post
1424 3371 1497 3418 se
1540 3370 1695 3419 mox
1731 3350 1976 3440 Janua,
2020 3350 2277 3440 jubens
2326 3349 2530 3442 longe
2576 3350 2954 3433 discedere,
3028 3373 3119 3421 ne

565 3437 724 3523 quis
763 3438 967 3508 sciret
1011 3438 1181 3526 quid
1230 3450 1482 3529 ageret.
1537 3438 1667 3508 Sed
1718 3437 1904 3526 quod
1953 3439 2220 3509 occulte
2265 3440 2500 3531 gessit,
2552 3440 2763 3511 celari
2810 3440 2935 3511 diu
2975 3462 3118 3511 non

616 3526 812 3597 otuit.
853 3532 1037 3597 Inter
1083 3528 1252 3597 haec
1284 3528 1452 3597 dum
1504 3524 1868 3599 defunctae
1903 3529 2226 3616 exequiae
2261 3543 2781 3620 praeparantur,
2826 3529 2967 3599 fere
3000 3551 3125 3621 per

565 3548 774 3688 lioras
803 3630 1060 3707 septem
1118 3629 1465 3687 mortuum
1519 3628 1762 3687 tractat
1806 3618 2328 3720 corpusculum.
2365 3618 2493 3688 Sed
2544 3617 2810 3690 Christo
2844 3617 3122 3689 vidente

565 3703 799 3787 fldem,
853 3705 969 3776 cui
1012 3727 1259 3797 negare
1298 3727 1433 3776 non
1516 3706 1713 3788 otuit,
1759 3706 2026 3776 reddita
2067 3729 2349 3797 prorsus
2388 3707 2631 3786 salute,
2689 3708 2911 3799 surgit
2945 3707 3121 3778 haec

565 3794 653 3863 ab
687 3796 1015 3876 oratione,
1062 3795 1360 3887 resurgit
1405 3795 1451 3865 il
1488 3818 1525 3864 a
1570 3796 1657 3865 de
1712 3794 1994 3866 funere:
2045 3809 2111 3866 et
2158 3819 2229 3866 se
2279 3808 2444 3866 tunc
2499 3795 2812 3867 sublevat
2859 3798 3116 3878 vetula,

564 3905 725 3953 cum
777 3884 1074 3954 surrexit
1118 3883 1483 3955 infantula.
1529 3889 1717 3967 Quae
1742 3883 1919 3955 facto
1953 3884 2199 3955 iterum
2233 3885 2456 3976 signo,
2495 3884 2861 3956 laetificata
2889 3885 3122 3956 reddit

564 3973 816 4054 vivam,
873 3994 1077 4062 quam
1127 3973 1302 4043 flens
1348 3985 1705 4064 acceperat
1742 3987 2109 4043 mortuam.

652 4064 878 4149 §la
933 4066 1522 4133 Commemoretur
1566 4073 1632 4132 et
1682 4063 1853 4133 illud
1888 4062 2147 4133 factum
2189 4084 2311 4153 per
2355 4063 2731 4133 somnium.
2767 4063 3124 4135 Tribunus

560 4149 738 4229 fisci,
774 4163 1230 4242 cognomento
1279 4151 1718 4232 Domolenus,
1773 4151 1908 4234 die,
1963 4175 2100 4241 qua
2160 4152 2597 4222 sanctissima
2661 4152 2985 4244 migravit
3033 4152 3122 4223 de

560 4239 816 4320 seculo,
868 4240 1036 4311 dum
1078 4241 1376 4332 graviter
1419 4241 1891 4312 suffocationis
1926 4254 2104 4312 totus
2150 4240 2485 4331 languore
2537 4240 2880 4323 deficeret,
2928 4242 3123 4313 vide-

561 4325 766 4397 batur
797 4329 956 4418 ipsi,
990 4330 1174 4417 quod
1225 4342 1462 4400 sancta
1497 4331 1562 4398 in
1599 4331 1827 4400 vicum
1863 4331 2013 4421 ejus
2042 4329 2486 4419 dignabiliter
2529 4331 2906 4401 accederet.
2948 4336 3117 4402 Cur-

568 4416 680 4501 rit,
733 4417 1006 4500 salutat,
1064 4420 1437 4510 interrogat
1498 4419 1666 4507 quid
1716 4433 1954 4490 sancta
2019 4419 2416 4507 requireret.
2468 4425 2657 4492 Tunc
2706 4421 2857 4512 ipsa
2905 4419 3111 4504 dicit,
