3308 5004
140 338 326 405 AUG.
379 339 465 404 27
845 356 925 403 mi
972 356 1030 404 s.
1083 353 1393 403 casamo
1440 354 1643 404 unse.
1672 355 1963 404 anam.
2478 336 2605 402 663

140 440 550 522 cochlearia,
604 439 702 509 nil
761 461 1074 528 unquam
1123 461 1202 509 ar
1249 440 1388 510 enti
1438 439 1524 510 ad
1575 461 1743 510 suae
1794 460 2072 511 mensae
2118 461 2324 511 usum
2376 437 2693 523 adhiberi

142 551 393 622 passus
447 540 640 610 erat,
718 529 915 599 tertio
963 527 1127 598 inde
1228 551 1289 598 ie
1339 529 1462 621 per
1521 528 1877 600 ministros
1938 550 2101 599 suos
2166 528 2439 599 discum
2547 527 2695 598 rius

141 618 601 709 adpretiatum
649 617 863 706 jussit
912 617 1190 707 publice
1238 618 1465 699 vendi,
1523 617 1815 706 ejusque
1849 617 2067 708 pretio
2099 616 2357 687 multos
2403 638 2476 687 re
2527 616 2696 687 emit

144 708 474 799 captivos.
528 706 696 777 Ilico
743 706 950 797 Regis
987 705 1315 777 satellites
1346 706 1433 776 ad
1473 728 1630 777 eum
1663 706 1988 788 referunt,
2024 727 2097 775 se
2136 705 2390 776 vidisse
2424 706 2692 796 regium

148 819 408 868 munus
456 796 685 886 palam
738 807 1069 886 prostare,
1121 816 1337 883 eoque
1385 794 1712 867 distracto
1764 799 1830 866 S.
1884 795 2300 888 Episcopum
2353 794 2610 865 multos
2658 817 2695 864 e

148 886 437 976 captivis
472 884 823 955 liberasse.
859 890 1021 954 Tam
1057 884 1241 955 enim
1277 883 1361 953 ad
1395 885 1550 973 ejus
1582 883 1962 976 hospitium
2007 883 2252 974 ingens
2300 883 2698 954 confluebat

150 996 529 1065 pauperum
596 972 1014 1055 multitude,
1066 986 1145 1044 ut
1195 994 1358 1064 prae
1408 973 1817 1043 miserorum
1848 1026 1870 1054 ‚
1927 993 2091 1043 suas
2150 972 2212 1042 ei
2268 971 2695 1052 calamitates

147 1061 1042 1153 exponentium,densitate,
1087 1061 1198 1132 vix
1229 1062 1315 1132 ad
1366 1060 1814 1133 salutandum
1848 1083 2008 1131 eum
2052 1072 2311 1151 pateret
2339 1083 2685 1132 accessus,

148 1150 464 1222 Vidimus
496 1173 656 1221 vero
701 1150 905 1221 etiam
947 1173 1067 1241 per
1097 1150 1357 1242 plateas
1389 1150 1798 1222 miserorum
1837 1150 2216 1221 immensos
2262 1172 2506 1242 greges
2537 1165 2708 1220 cur-'

149 1241 382 1321 sitare‚
439 1241 753 1311 euntium
790 1239 874 1310 ad
913 1240 1136 1310 virum
1173 1240 1312 1322 Dei,
1357 1251 1561 1327 atque
1600 1241 2113 1310 revertentium.

231 1332 269 1417 ξ
299 1336 449 1403 19.
488 1335 852 1416 Postquam
896 1341 1125 1398 autem
1163 1350 1302 1398 rem
1337 1328 1431 1398 ab
1454 1350 1534 1397 eo
1564 1341 1826 1419 gestam
1861 1326 2198 1418 comperit
2226 1325 2690 1397 'theodoricus

143 1424 309 1498 Rex,
364 1430 550 1488 tanta
580 1440 738 1488 eum
777 1416 982 1487 laude
1028 1429 1092 1486 et
1139 1416 1596 1487 admiratione
1652 1428 2057 1508 prosecutus
2110 1427 2235 1495 est,
2287 1426 2366 1485 ut
2414 1414 2483 1484 in
2534 1415 2690 1504 ejus

142 1506 402 1598 palatio
450 1508 819 1578 servientes
862 1519 1211 1582 senatores
1243 1528 1322 1574 ac
1365 1527 1703 1596 proceres,
1764 1505 2075 1575 certatim
2122 1504 2446 1575 offerrent
2495 1505 2690 1575 beato

140 1597 290 1665 viro
334 1617 646 1676 munera,
697 1617 874 1683 quae
907 1596 1059 1683 ejus
1110 1594 1435 1666 manibus
1482 1593 2075 1686 dispensarentur,
2114 1615 2366 1683 magno
2417 1592 2533 1666 Dei
2573 1593 2689 1664 be-

52 1689 59 1700 ‘
136 1684 388 1755 neficio
420 1684 485 1753 id
523 1683 655 1754 sibi
691 1683 1093 1773 praestitum
1129 1682 1578 1764 affirmantes,
1623 1682 1809 1772 quod
1846 1682 2043 1754 talem
2087 1681 2457 1766 antistitem
2491 1681 2685 1773 digni

59 1784 77 1802 ·
136 1773 432 1856 fuissent
477 1773 898 1863 conspicere,
952 1773 1073 1860 qui
1121 1772 1433 1863 ipsorum
1490 1772 1915 1862 temporibus
1962 1770 2164 1841 dictis
2210 1779 2276 1840 et
2307 1770 2505 1841 sactis
2534 1792 2688 1860 ger-

138 1884 429 1932 manum
473 1883 545 1931 se
591 1862 1063 1952 Apostolorum
1115 1883 1583 1932 successorem
1642 1873 1708 1929 et
1745 1883 1898 1930 vere
1945 1860 2407 1950 Apostolicum
2459 1858 2689 1930 decla-

138 1963 347 2020 raret.
402 1954 479 2019 Et
523 1950 687 2038 quia
726 1950 900 2019 nihil
951 1949 1135 2019 fama
1184 1950 1487 2020 velocius
1519 1961 1643 2032 est,
1696 1972 1855 2019 cum
1891 1949 1962 2017 in
2005 1949 2352 2107 eliusmodi
2402 1949 2687 2018 sanctis-

145 2040 328 2109 simo
356 2060 559 2128 opere
598 2039 921 2126 frequens
947 2051 1126 2109 esset
1173 2038 1278 2108 vir
1309 2051 1613 2119 sanctus,
1662 2044 1915 2108 Rornae
1952 2061 2028 2108 ce
2058 2037 2242 2108 ebris
2273 2038 2428 2127 ejus
2473 2037 2692 2107 extitit

141 2149 185 2197 o
239 2127 419 2196 inio:
473 2140 795 2215 tantoque
841 2129 993 2218 ejus
1041 2127 1309 2197 visendi
1359 2126 1700 2197 desiderio
1749 2148 1978 2196 arsere
2023 2148 2304 2208 omnes,
2358 2125 2684 2207 Pontifex,

140 2220 187 2285 C
220 2237 401 2296 erus,
456 2221 770 2298 SenatuS,
826 2238 1142 2308 proceres
1187 2229 1254 2285 et
1347 2215 1639 2307 opulus,
1698 2227 1774 2285 ut
1822 2216 2018 2306 prius
2065 2237 2222 2284 eum
2255 2215 2401 2304 jam
2454 2214 2689 2283 animo

145 2304 810 2396 complecterentur,
880 2327 1085 2392 quam
1160 2238 1382 2375 oculis
1446 2305 1985 2395 conspexissent.
2056 2302 2688 2393 Interea¹captivos

140 2415 383 2465 omnes
429 2395 615 2464 ultra
664 2395 1087 2475 Durentiam,
1147 2395 1580 2481 maximeque
1626 2394 2111 2463 Arausicenses
2165 2392 2221 2473 ⁴²,
2276 2390 2399 2479 qui
2446 2411 2687 2460 omnes

136 2483 323 2573 capti
370 2496 588 2564 erant,
643 2505 938 2572 quorum
975 2483 1179 2553 etiam
1221 2481 1583 2574 plerosque
1614 2480 1876 2553 Arelate
1911 2481 2337 2562 liberaverat,
2376 2480 2445 2549 in
2489 2478 2687 2549 Italia

134 2572 453 2643 inventos
501 2573 769 2643 vinctos
803 2627 818 2653 ‚
871 2584 948 2642 ut
996 2571 1262 2663 potuit,
1321 2572 1649 2643 redemit:
1703 2583 1771 2641 et
1831 2585 1907 2641 ut
1955 2569 2246 2661 pleniori
2309 2567 2689 2659 gauderent

135 2655 478 2743 libertate,
531 2662 922 2742 exhaustos,
975 2660 1241 2730 curavit
1280 2660 1622 2761 jumentis
1666 2672 1733 2730 et
1784 2660 2111 2752 plaustris
2151 2658 2512 2749 impositos
2546 2679 2684 2728 non

136 2751 293 2820 sine
326 2772 610 2819 suorum
650 2749 890 2819 solatio
939 2749 1021 2819 ad
1064 2772 1342 2840 propria
1374 2749 1632 2819 reduci.

222 2840 261 2925 ἓ
314 2842 484 2909 zo.
537 2844 695 2907 Erat
746 2850 888 2909 tum
926 2843 1288 2909 Ravennae
1319 2839 1525 2908 vidua
1564 2837 1932 2926 quaedam,
1967 2857 2145 2925 quae
2184 2834 2407 2905 filium
2446 2834 2690 2904 babuit

128 2924 484 2997 Praefecto
517 2928 1045 2999 ministrantem.
1099 2940 1164 2997 et
1203 2927 1348 2997 suis
1379 2926 1744 3018 stipendiis
1791 2926 2015 3017 ipsius
2061 2925 2368 3015 inopiam
2419 2934 2689 2993 susten-

131 3028 424 3085 tantem.
481 3020 547 3084 Is
597 3017 824 3086 subito
888 3029 1245 3106 correptus
1297 3016 1574 3097 morb0,
1620 3015 1896 3104 jacebat
1964 3013 2325 3084 exanimis.
2381 3017 2688 3098 Cumque

125 3103 334 3175 nulla
381 3126 538 3194 spes
584 3106 672 3175 ab
723 3105 1028 3175 humana
1075 3127 1245 3174 cura
1294 3104 1396 3174 vel
1447 3103 1807 3195 affulgeret
1855 3117 2021 3185 arte,
2075 3115 2295 3172 mater
2337 3101 2513 3190 ejus,
2569 3100 2687 3170 illo

128 3192 401 3272 relicto,
462 3208 779 3284 properat
825 3193 908 3263 ad
963 3194 1187 3263 virum
1244 3194 1404 3262 Dei:
1457 3215 1689 3263 coram
1745 3192 1861 3262 illo
1916 3192 2115 3261 humi
2179 3190 2675 3281 prosternitur,

128 3294 428 3351 manant
476 3281 563 3350 ab
606 3283 828 3354 oculis
878 3283 1343 3371 lacrymarum
1396 3282 1703 3363 imbreS,
1759 3281 1877 3351 dat
1933 3302 2129 3351 voces
2191 3279 2566 3369 lugubres,
2622 3292 2688 3349 et

127 3370 280 3440 sola
336 3369 403 3438 in
453 3393 527 3439 ea
582 3371 641 3438 vi
696 3383 851 3440 ente
896 3371 1057 3452 fide,
1109 3369 1469 3461 complexa
1515 3371 1730 3440 sancti
1785 3369 2104 3461 Episcopi
2159 3390 2408 3458 genua,
2464 3368 2685 3438 excla-

124 3471 324 3529 mat:
381 3458 590 3528 Credo
689 3460 872 3528 ivina
921 3459 1342 3550 benignitate
1391 3460 1528 3529 buc
1580 3472 1641 3529 te
1689 3458 2067 3528 adductum
2101 3512 2119 3535 ,
2172 3472 2405 3527 sancte
2454 3469 2680 3548 pater,

127 3561 209 3618 ut
259 3546 487 3617 filium
542 3547 790 3618 reddas
840 3549 1066 3617 matri.
1122 3554 1415 3618 Recusat
1464 3547 1820 3638 paulisper
1879 3547 1983 3615 vir
2032 3545 2227 3636 pius:
2282 3546 2397 3616 sed
2453 3559 2681 3615 tamen

129 3634 398 3706 durum
448 3637 849 3707 existimans
901 3636 1157 3706 talibus
1222 3637 1547 3725 lacrymis
1596 3658 1732 3706 non
1787 3636 2089 3715 moveri,
2144 3635 2343 3704 solita
2399 3634 2684 3703 misera-

128 3725 319 3795 tione
357 3738 730 3814 permotus,
786 3725 930 3795 vult
977 3725 1256 3812 quidem
1309 3726 1617 3795 debitum
1658 3724 2011 3795 charitatis
2042 3723 2359 3793 affectum
2396 3722 2686 3797 afflictae

130 3813 416 3883 mulieri
450 3815 873 3904 impendere,
914 3814 1028 3885 sed
1083 3814 1174 3883 ita
1227 3827 1452 3884 tamen
1506 3816 1573 3882 in
1630 3813 1743 3883 Dei
1796 3814 2075 3883 nomine
2120 3833 2430 3883 exercere
2472 3811 2685 3879 virtu-

131 3912 298 3982 tem,
355 3914 431 3972 ut
481 3925 762 3992 prorsus
810 3903 1092 3994 effugiat
1141 3904 1533 3973 vanitatem.
1591 3907 1829 3989 Itaque
1862 3902 1945 3970 ad
1983 3902 2137 3990 ejus
2155 3899 2534 3990 ,tugurium
2568 3921 2683 3968 oc-

128 3990 319 4059 culte
366 3991 674 4073 accedit‚
727 4004 931 4079 atque
981 3991 1124 4062 illic
1173 3992 1327 4061 fusa
1380 4012 1604 4082 prece,
1661 3990 1782 4060 ubi
1839 4013 1966 4060 suo
2024 4011 2213 4060 more
2262 4000 2683 4079 prostratuS,

125 4077 441 4149 divinam
496 4081 811 4151 virtutem
870 4103 1037 4150 suae
1093 4081 1430 4150 vocationi
1496 4101 1618 4169 per
1684 4080 2013 4170 Spiritum
2086 4083 2411 4148 Sanctum
2476 4076 2691 4148 sensit

125 4167 399 4251 adesse,
459 4170 808 4240 abscedit:
865 4169 1238 4257 relictoque
1297 4169 1439 4239 illic
1472 4169 1841 4239 ·Messiano
1875 4222 1892 4249 ,
1946 4180 2112 4237 tunc
2158 4167 2310 4257 ejus
2367 4165 2635 4235 notario
2669 4220 2685 4246 ‚

125 4277 329 4325 nunc
373 4260 745 4330 venerabili
798 4260 1190 4350 presbytero
1221 4312 1237 4339 ‚
1290 4256 1359 4326 id
1409 4256 1526 4327 dat
1580 4257 1874 4347 negotii,
1929 4269 2004 4326 ut
2050 4278 2210 4325 cum
2280 4254 2693 4325 adolescens

177 4472 207 4499 ⁸
236 4470 426 4514 Incolae
446 4470 576 4514 urbis
600 4474 772 4525 omuga
793 4472 996 4515 inProv.
1016 4475 1150 4515 trans
1169 4470 1447 4515 Druentiam
1467 4471 1705 4520 <Duram-e)
1725 4471 1914 4512 flumen.
