3308 5004
217 360 372 427 AUG.
415 360 455 425 2
878 380 957 427 nn
995 380 1053 426 s,
1106 379 1434 428 Acrnonso
1483 381 1553 428 u.
1606 379 1688 429 oa
1738 380 1992 430 ucomo
2542 364 2631 430 89

215 461 567 532 memoriam
625 463 930 534 secunda
979 463 1091 534 die
1136 466 1421 557 Augusti
1469 467 1558 536 ab
1598 465 1902 538 Ecclesia
1966 465 2290 536 universa
2347 464 2716 535 colendam

210 551 426 651 statuit.
465 550 879 623 Effluxerant
902 553 993 623 ab
1011 554 1208 624 obitu
1239 555 1460 625 sancti
1495 555 1620 624 viri
1645 555 1883 625 minus
1907 555 2415 646 quinquaginta
2436 553 2718 626 duobus

217 661 409 710 annis.

278 730 309 815 ξ
350 732 488 800 18.
540 733 636 799 Ex
682 728 802 800 illo
849 743 1176 819 tempore,
1231 729 1405 800 nihil
1448 730 1592 819 jam
1626 730 1961 821 Alphonsi
2018 731 2402 802 honoribus
2463 732 2595 802 hac
2637 731 2710 801 in

216 828 356 886 terra
379 817 537 886 addi
584 839 784 909 posse
836 818 1215 890 videbatur.
1274 819 1399 890 Sed
1444 819 1755 890 Christus
1808 819 2172 900 Dominus,
2236 820 2358 907 qui
2413 819 2719 892 humiles

215 906 371 994 ponit
414 906 480 975 in
532 907 855 988 sublime,
909 922 1269 999 postquam
1321 908 1649 999 Alphonsi
1698 909 2206 978 sanctissimam
2259 909 2464 978 vitam
2509 909 2719 1001 glori·

212 993 508 1077 licaverat,
550 996 765 1066 voluit
809 1011 875 1066 et
905 998 1056 1087 ejus
1101 997 1393 1088 scripta,
1447 1019 1626 1084 quae
1673 997 1878 1068 unice
1924 997 1996 1066 in
2059 996 2173 1066 Dei
2222 997 2511 1088 gloriam
2562 999 2719 1069 ani-

210 1104 585 1173 marumque
615 1085 909 1156 salutem
943 1085 1405 1176 evulgaverat,
1458 1087 1755 1155 maxima
1804 1084 2008 1156 laude
2050 1098 2255 1174 atque
2310 1087 2717 1157 auctoritate

206 1172 642 1243 condecorare.
697 1174 1072 1265 Scripserat
1102 1187 1329 1244 autem
1383 1179 1448 1245 S.
1502 1180 1751 1244 Auctor
1797 1179 2013 1265 Opera
2048 1174 2391 1264 permulta
2439 1174 2526 1245 de
2565 1197 2719 1245 om-

208 1259 380 1330 nibus
422 1262 565 1332 fere
609 1263 1076 1354 argumentis,
1127 1285 1304 1351 quae
1351 1264 1434 1333 ad
1487 1264 1922 1354 'theologiam
1988 1264 2129 1333 sive
2190 1263 2654 1352 dogmaticam
2690 1319 2708 1346 ,

203 1348 316 1419 sive
342 1350 771 1439 polemicam,
814 1352 955 1421 sive
1005 1352 1332 1421 moralem
1373 1353 1735 1443 pertinent.
1789 1352 2066 1422 Addidit
2104 1353 2606 1422 commentaria
2640 1353 2715 1422 in

204 1441 256 1505 S.
300 1439 739 1529 scripturam,
769 1454 836 1510 et
875 1441 1309 1510 tractationes
1342 1442 1411 1509 in
1464 1441 1855 1511 universam
1893 1441 2282 1510 doctrinam
2314 1441 2714 1524 asceticam,

200 1524 254 1594 in
295 1527 541 1613 quibus
568 1529 917 1610 omnibus,
962 1530 1158 1600 suavi
1187 1529 1487 1616 quadam
1518 1530 1797 1599 dicendi
1844 1529 2288 1619 simplicitate
2335 1543 2400 1599 et
2433 1530 2715 1600 coelesti

200 1615 509 1696 unctione,
547 1615 996 1688 difficillimas
1023 1620 1343 1689 materias
1367 1618 1672 1687 dilucide
1698 1619 1995 1709 exponit,
2035 1617 2397 1706 valideque
2427 1618 2715 1690 demon-

197 1714 359 1774 strat.
397 1705 574 1774 Hinc
603 1704 857 1775 factum
908 1719 1031 1787 est,
1074 1720 1152 1776 ut
1198 1708 1348 1797 ejus
1388 1711 1628 1797 Opera,
1687 1707 1754 1775 in
1802 1706 2139 1797 plurimas
2172 1707 2264 1776 lin
2324 1729 2448 1777 uas
2485 1721 2716 1777 trans-

196 1789 330 1873 lata,
380 1806 443 1862 et
490 1794 882 1865 innumeris
911 1796 1331 1867 editionibus
1378 1795 1575 1866 multi
1634 1794 1860 1877 licata,
1928 1796 2265 1865 incredibi
2302 1797 2319 1864 i
2363 1795 2716 1865 velocitate

195 1879 250 1980 in
290 1894 496 1951 totum
552 1882 1007 1954 christianum
1072 1884 1306 1953 orbem
1375 1907 1447 1953 se
1495 1819 1923 1954 diffuderint.
1969 1889 2146 1954 Haec
2208 1884 2394 1974 apud
2435 1906 2508 1954 se
2555 1906 2717 1955 con-

195 1968 579 2054 sideranteS,
636 1972 1043 2063 septingenti
1094 1986 1160 2043 et
1259 1972 1441 2043 lures
1505 1973 1816 2043 omnium
1871 1974 2226 2043 nationum
2278 1973 2627 2043 Antistites
2674 1995 2714 2042 a

194 2059 247 2126 S.
294 2058 456 2129 Sede
491 2059 855 2151 petierunt,
910 2075 986 2130 ut
1033 2066 1098 2132 S.
1151 2066 1197 2131 A
1232 2062 1541 2151 phonsus
1591 2062 1769 2132 inter
1815 2084 1932 2131 eos
1976 2061 2477 2131 ecclesiasticos
2525 2062 2708 2131 Scri-

194 2158 394 2234 ptores
441 2149 830 2232 referretur,
883 2149 1002 2237 qui
1051 2154 1401 2221 Eccmsma
1452 2156 1780 2220 Docronss
1827 2163 2339 2231 nuncupantur.
2380 2150 2572 2233 Quod
2621 2162 2709 2232 et,

194 2233 541 2323 plaudente
588 2237 808 2319 Orbe,
875 2236 1131 2308 factum
1196 2251 1298 2310 est
1351 2262 1391 2309 a
1451 2243 1740 2309 Summo
1806 2238 2130 2311 Pontifice
2199 2239 2315 2308 Pio
2382 2243 2470 2324 IX
2528 2260 2714 2309 anno

189 2344 534 2407 nncchxn,
581 2340 938 2417 postquam
977 2329 1740 2398 zelantissimiDoctorzs
1785 2328 2076 2418 (quippe
2118 2327 2245 2396 boc
2297 2349 2545 2397 nomen
2598 2327 2708 2396 Al-

192 2411 429 2501 phonso
462 2415 781 2507 apprime
819 2417 1182 2485 convenire
1232 2416 1528 2506 videtur)
1565 2419 1786 2507 Opera
1837 2438 2007 2487 novo
2063 2427 2270 2504 atque
2331 2415 2713 2485 accuratis-

190 2501 342 2600 simo
371 2505 669 2575 examini
709 2505 1016 2576 sub'ecta
1053 2504 1348 2576 fuerant.
1403 2511 1480 2575 In
1533 2507 1800 2576 Litteris
1849 2528 2004 2576 vero
2053 2501 2482 2594 Apostolicis,
2534 2526 2715 2592 quae

189 2611 244 2657 m
289 2590 505 2663 forma
555 2593 785 2664 Brevis
847 2617 953 2663 lac
1002 2593 1087 2664 de
1137 2617 1206 2664 re
1252 2594 1474 2665 editae
1519 2594 1824 2676 fuerunt,
1877 2594 2046 2664 haec
2077 2594 2255 2663 inter
2299 2594 2432 2662 alia
2485 2592 2712 2662 decla-

192 2693 428 2763 rantur,
481 2682 743 2770 quibus
791 2682 996 2752 finem
1057 2683 1219 2753 huic
1252 2684 1438 2753 Vitae
1495 2704 1745 2774 ponere
1796 2683 2058 2841 glacet:
2126 2683 2319 2765 «Qui
2370 2681 2713 2752 Ecclesiae

189 2787 331 2837 suae
362 2792 726 2858 nunquam
761 2793 832 2841 se
879 2770 1275 2842 defuturum
1330 2772 1701 2863 spopondit
1748 2777 1791 2842 C
1849 2772 2058 2843 ristus
2096 2773 2451 2851 Dominus,
2485 2791 2707 2858 quum

190 2858 461 2929 maxime
498 2860 568 2928 in
623 2882 764 2930 rem
814 2882 980 2931 suae
1027 2860 1513 2931 immaculatae
1561 2865 1866 2951 Sponsae
1911 2883 2062 2932 esse
2111 2858 2552 2950 perspexerit,
2606 2860 2714 2928 in-

189 2946 393 3036 signes
437 2947 693 3019 excitat
741 2948 983 3039 pietate
1028 2962 1094 3019 et
1121 2949 1434 3019 doctrina
1476 2950 1690 3030 ViroS,
1726 2949 1845 3037 qui
1879 2953 2121 3052 repleti
2164 2950 2412 3041 spiritu
2450 2951 2711 3018 intelli-

187 3039 449 3122 qentiae,
487 3048 841 3130 tamquam
887 3039 1128 3108 imbres
1179 3041 1453 3108 mittant
1501 3040 1773 3130 eloquia
1816 3039 2192 3129 saptentiae
2237 3059 2426 3107 suae.
2482 3043 2715 3125 Neque

191 3123 344 3194 enim
385 3127 539 3197 sine
641 3127 1194 3197 rovidentissimo
1225 3128 1717 3217 omnipotentis
1768 3127 1882 3196 Dei
1938 3127 2229 3197 consilio
2276 3126 2531 3196 factum
2582 3139 2707 3206 est,

192 3225 272 3291 ut,
318 3236 535 3301 quum
628 3216 1133 3287 ansenistarum
1185 3214 1496 3286 doctrina
1546 3220 1954 3286 Novatorum
2011 3214 2250 3286 oculos
2303 3215 2375 3284 in
2427 3236 2499 3284 se
2553 3236 2717 3285 con-

194 3312 467 3387 verteret,
522 3305 914 3392 errorisque
973 3303 1200 3394 specie
1248 3303 1503 3374 multos
1546 3304 1962 3374 alliceret...
1999 3358 2015 3385 ,
2057 3316 2217 3374 tunc
2267 3303 2712 3394 potissimum

191 3401 410 3463 extaret
472 3392 872 3484 Alphonsus
938 3393 1147 3462 Maria
1196 3391 1279 3462 de
1335 3393 1721 3482 Ligorio,...
1792 3393 1937 3480 qui,
1977 3394 2216 3463 bonum
2265 3404 2529 3462 certans
2576 3415 2715 3462 cer-

195 3484 405 3563 tarnen,
457 3504 530 3552 os
586 3484 881 3573 aperiret
940 3504 1137 3551 suum
1186 3482 1259 3551 in
1321 3483 1538 3551 medio
1588 3484 1958 3562 Ecclesiae‚·
2013 3481 2429 3572 scriptisque
2489 3480 2712 3551 doctis

194 3575 245 3633 et
280 3565 678 3652 laboriosis,
739 3570 938 3641 istam
994 3570 1082 3640 ab
1130 3570 1370 3639 inferis
1425 3570 1786 3640 excitatam
1841 3584 2096 3662 pestem
2149 3569 2484 3640 radicitus
2531 3570 2711 3639 evel-

196 3649 484 3743 lendam,
537 3672 617 3730 et
680 3659 768 3729 ab
836 3680 1000 3750 agro
1069 3659 1427 3728 Dominico
1473 3658 2063 3729 exterminandam
2131 3671 2428 3730 curaret.
2481 3663 2712 3745 Neque

197 3759 323 3841 'pro
354 3748 480 3818 has
529 3747 757 3819 solum
801 3748 933 3820 sibi
967 3760 1191 3838 partes
1236 3747 1640 3839 depoposcit
1668 3747 2085 3839 Alphonsus;
2131 3748 2245 3818 sed
2299 3748 2369 3817 in
2408 3748 2523 3817 Dei
2565 3746 2712 3837 glo-

199 3848 333 3901 riam
367 3836 942 3927 spiritualemque
990 3836 1352 3906 hominum
1391 3837 1679 3908 salutem
1720 3838 1923 3907 unice
1957 3836 2326 3908 intendens
2357 3835 2704 3917 animum,

202 3917 497 4018 plurimos
542 3925 778 3997 Libros
823 3924 1259 4014 conscripsit,
1312 3947 1508 3996 sacra
1556 3925 1945 3996 eruditione
1977 3938 2042 3995 et
2093 3927 2340 4016 pietate
2383 3923 2707 4006 refertos;

203 4026 329 4093 sive,
378 4013 558 4086 inter
605 4014 939 4104 implexas
975 4012 1197 4084 theolo
1247 4036 1444 4083 orn—m
1479 4026 1626 4084 tum
1662 4014 1950 4085 laxiores
1984 4027 2128 4084 tum
2162 4013 2523 4104 rigidiores
2551 4034 2713 4083 sen-

207 4100 429 4186 tentias,
472 4104 562 4173 ad
631 4116 845 4174 tutam
899 4102 1179 4173 munien
1238 4125 1349 4172 am
1415 4104 1589 4172 viam
1626 4158 1641 4184 ,
1707 4125 1828 4205 per
1873 4125 2084 4191 quam
2144 4100 2707 4173 christifidelium

209 4186 557 4261 animarum
604 4192 1058 4262 Moderatores
1105 4191 1443 4261 inoffenso
1485 4190 1656 4282 pede
1706 4191 2023 4261 lncedere
2074 4202 2376 4281 possent;
2429 4191 2572 4262 sive
2621 4190 2709 4260 ad

214 4266 442 4349 tlemm
477 4280 1031 4364 informandum,
1064 4280 1597 4363 instituendum;
1630 4279 1771 4350 sive
1802 4280 1887 4350 ad
1916 4279 2298 4350 Catholicae
2327 4279 2512 4350 Fidei
2538 4280 2714 4350 veri-

219 4367 369 4460 tatem
416 4369 998 4451 confirmandam,
1035 4384 1098 4439 et
1131 4379 1368 4439 contra
1417 4370 1926 4459 cujuscumque
1987 4369 2259 4460 generis
2318 4381 2439 4439 aut
2490 4367 2711 4439 nomi-

223 4465 295 4518 ω
324 4453 694 4529 haereticos
738 4458 1270 4532 defendendam:
1307 4459 1448 4530 sive
1494 4457 1578 4528 ad
1629 4457 2001 4529 asserenda
2048 4458 2257 4550 hujus
2280 4457 2712 4549 Apostolicae
