<?xml version="1.0" encoding="UTF-8"?>
<!DOCTYPE html PUBLIC "-//W3C//DTD XHTML 1.0 Transitional//EN"
    "http://www.w3.org/TR/xhtml1/DTD/xhtml1-transitional.dtd">
<html xmlns="http://www.w3.org/1999/xhtml" xml:lang="en" lang="en">
 <head>
  <title>
</title>
<meta http-equiv="Content-Type" content="text/html;charset=utf-8" />
  <meta name='ocr-system' content='tesseract 3.04.00' />
  <meta name='ocr-capabilities' content='ocr_page ocr_carea ocr_par ocr_line ocrx_word'/>
</head>
<body>
  <div class='ocr_page' id='page_1' title='image "./historiaeseuvit01lippgoog_0761.png"; bbox 0 0 3308 5004; ppageno 0'>
   <div class='ocr_carea' id='block_1_1' title="bbox 114 275 2591 395">
    <p class='ocr_par' dir='ltr' id='par_1_1' title="bbox 114 275 2591 395">
     <span class='ocr_line' id='line_1_1' title="bbox 114 275 2591 395; baseline 0 -2"><span class='ocrx_word' id='word_1_1' title='bbox 114 326 310 395; x_wconf 81' lang='lat' dir='ltr'>AUG.</span> <span class='ocrx_word' id='word_1_2' title='bbox 365 326 451 393; x_wconf 77' lang='lat'>28</span> <span class='ocrx_word' id='word_1_3' title='bbox 677 344 756 394; x_wconf 76' lang='lat' dir='ltr'>nt</span> <span class='ocrx_word' id='word_1_4' title='bbox 803 345 862 392; x_wconf 90' lang='lat' dir='ltr'>s.</span> <span class='ocrx_word' id='word_1_5' title='bbox 913 342 1278 393; x_wconf 70' lang='lat' dir='ltr'>Aucusruto</span> <span class='ocrx_word' id='word_1_6' title='bbox 1325 342 1524 391; x_wconf 65' lang='lat' dir='ltr'>episc.</span> <span class='ocrx_word' id='word_1_7' title='bbox 1576 344 1654 391; x_wconf 69' lang='grc' dir='ltr'>ιιι·</span> <span class='ocrx_word' id='word_1_8' title='bbox 1700 342 1873 394; x_wconf 67' lang='lat' dir='ltr'>ecci..</span> <span class='ocrx_word' id='word_1_9' title='bbox 1928 275 2108 394; x_wconf 69' lang='lat' dir='ltr'>noct.</span> <span class='ocrx_word' id='word_1_10' title='bbox 2460 328 2591 395; x_wconf 83' lang='lat'>697</span> 
     </span>
    </p>
   </div>
   <div class='ocr_carea' id='block_1_2' title="bbox 112 426 2756 4513">
    <p class='ocr_par' dir='ltr' id='par_1_2' title="bbox 112 426 2730 1061">
     <span class='ocr_line' id='line_1_2' title="bbox 112 426 2679 521; baseline -0.002 -19"><span class='ocrx_word' id='word_1_11' title='bbox 112 429 551 521; x_wconf 87' lang='lat' dir='ltr'>coepiscopis</span> <span class='ocrx_word' id='word_1_12' title='bbox 595 427 1155 519; x_wconf 79' lang='lat' dir='ltr'><strong>confugeramus,</strong></span> <span class='ocrx_word' id='word_1_13' title='bbox 1200 428 1268 496; x_wconf 90' lang='lat' dir='ltr'>in</span> <span class='ocrx_word' id='word_1_14' title='bbox 1305 426 1685 514; x_wconf 90' lang='lat' dir='ltr'>eademque</span> <span class='ocrx_word' id='word_1_15' title='bbox 1714 428 1904 499; x_wconf 89' lang='lat' dir='ltr'>omni</span> <span class='ocrx_word' id='word_1_16' title='bbox 1949 427 2335 501; x_wconf 77' lang='lat' dir='ltr'>ebsidionis</span> <span class='ocrx_word' id='word_1_17' title='bbox 2370 440 2679 520; x_wconf 89' lang='lat' dir='ltr'>tempore</span> 
     </span>
     <span class='ocr_line' id='line_1_3' title="bbox 112 515 2679 608; baseline -0 -19"><span class='ocrx_word' id='word_1_18' title='bbox 112 518 413 590; x_wconf 83' lang='lat' dir='ltr'>fuimus.</span> <span class='ocrx_word' id='word_1_19' title='bbox 471 518 597 592; x_wconf 84' lang='lat' dir='ltr'>Ubi</span> <span class='ocrx_word' id='word_1_20' title='bbox 640 518 1001 590; x_wconf 87' lang='lat' dir='ltr'>nobiscum</span> <span class='ocrx_word' id='word_1_21' title='bbox 1053 539 1262 607; x_wconf 90' lang='lat' dir='ltr'>super</span> <span class='ocrx_word' id='word_1_22' title='bbox 1310 517 1419 588; x_wconf 85' lang='lat' dir='ltr'>his</span> <span class='ocrx_word' id='word_1_23' title='bbox 1449 515 1848 590; x_wconf 82' lang='lat' dir='ltr'>infortuniis</span> <span class='ocrx_word' id='word_1_24' title='bbox 1876 519 2285 608; x_wconf 86' lang='lat' dir='ltr'>saepissime</span> <span class='ocrx_word' id='word_1_25' title='bbox 2322 518 2679 606; x_wconf 87' lang='lat' dir='ltr'>colloque-</span> 
     </span>
     <span class='ocr_line' id='line_1_4' title="bbox 116 605 2730 697; baseline 0.002 -19"><span class='ocrx_word' id='word_1_26' title='bbox 116 609 507 686; x_wconf 81' lang='lat' dir='ltr'>bamur‚·et</span> <span class='ocrx_word' id='word_1_27' title='bbox 554 609 668 678; x_wconf 89' lang='lat' dir='ltr'>Dei</span> <span class='ocrx_word' id='word_1_28' title='bbox 720 605 1075 678; x_wconf 83' lang='lat' dir='ltr'>tremenda</span> <span class='ocrx_word' id='word_1_29' title='bbox 1111 605 1381 696; x_wconf 84' lang='lat' dir='ltr'>judicia</span> <span class='ocrx_word' id='word_1_30' title='bbox 1440 628 1601 695; x_wconf 89' lang='lat' dir='ltr'>prae</span> <span class='ocrx_word' id='word_1_31' title='bbox 1646 606 1870 679; x_wconf 89' lang='lat' dir='ltr'>oculis</span> <span class='ocrx_word' id='word_1_32' title='bbox 1932 608 2189 678; x_wconf 87' lang='lat' dir='ltr'>nostris</span> <span class='ocrx_word' id='word_1_33' title='bbox 2243 608 2462 697; x_wconf 83' lang='lat' dir='ltr'>posita</span> <span class='ocrx_word' id='word_1_34' title='bbox 2508 629 2680 678; x_wconf 89' lang='lat' dir='ltr'>con·</span> <span class='ocrx_word' id='word_1_35' title='bbox 2725 675 2730 682; x_wconf 86' lang='lat'>.</span> 
     </span>
     <span class='ocr_line' id='line_1_5' title="bbox 114 694 2677 793; baseline -0 -24"><span class='ocrx_word' id='word_1_36' title='bbox 114 698 629 776; x_wconf 85' lang='lat' dir='ltr'>siderabamus,</span> <span class='ocrx_word' id='word_1_37' title='bbox 682 694 1029 768; x_wconf 72' lang='lat' dir='ltr'>dicentes-t</span> <span class='ocrx_word' id='word_1_38' title='bbox 1091 701 1327 766; x_wconf 73' lang='lat' dir='ltr'>Juseus</span> <span class='ocrx_word' id='word_1_39' title='bbox 1384 718 1455 768; x_wconf 81' lang='lat' dir='ltr'>es</span> <span class='ocrx_word' id='word_1_40' title='bbox 1519 696 1832 777; x_wconf 81' lang='lat' dir='ltr'>Domine,</span> <span class='ocrx_word' id='word_1_41' title='bbox 1899 707 1962 766; x_wconf 82' lang='lat' dir='ltr'>et</span> <span class='ocrx_word' id='word_1_42' title='bbox 2015 707 2274 768; x_wconf 76' lang='lat' dir='ltr'>rectum</span> <span class='ocrx_word' id='word_1_43' title='bbox 2329 698 2677 793; x_wconf 75' lang='lat' dir='ltr'>judicium</span> 
     </span>
     <span class='ocr_line' id='line_1_6' title="bbox 112 784 2679 874; baseline -0.001 -17"><span class='ocrx_word' id='word_1_44' title='bbox 112 798 341 859; x_wconf 78' lang='lat' dir='ltr'>tuum.</span> <span class='ocrx_word' id='word_1_45' title='bbox 382 785 774 872; x_wconf 86' lang='lat' dir='ltr'>Pariterque</span> <span class='ocrx_word' id='word_1_46' title='bbox 802 784 1134 865; x_wconf 75' lang='lat' dir='ltr'>dolentes,</span> <span class='ocrx_word' id='word_1_47' title='bbox 1187 797 1535 874; x_wconf 79' lang='lat' dir='ltr'><strong>gementes</strong></span> <span class='ocrx_word' id='word_1_48' title='bbox 1582 799 1647 854; x_wconf 89' lang='lat' dir='ltr'>et</span> <span class='ocrx_word' id='word_1_49' title='bbox 1693 785 1970 866; x_wconf 87' lang='lat' dir='ltr'>flentes,</span> <span class='ocrx_word' id='word_1_50' title='bbox 2024 787 2399 856; x_wconf 80' lang='lat' dir='ltr'>orabamus</span> <span class='ocrx_word' id='word_1_51' title='bbox 2471 787 2679 856; x_wconf 86' lang='lat' dir='ltr'>mise·</span> 
     </span>
     <span class='ocr_line' id='line_1_7' title="bbox 117 873 2677 964; baseline -0 -18"><span class='ocrx_word' id='word_1_52' title='bbox 117 875 468 946; x_wconf 90' lang='lat' dir='ltr'>rationum</span> <span class='ocrx_word' id='word_1_53' title='bbox 522 887 781 964; x_wconf 83' lang='lat' dir='ltr'>patrem</span> <span class='ocrx_word' id='word_1_54' title='bbox 831 885 903 945; x_wconf 88' lang='lat' dir='ltr'>et</span> <span class='ocrx_word' id='word_1_55' title='bbox 946 877 1155 943; x_wconf 87' lang='lat' dir='ltr'>Deum</span> <span class='ocrx_word' id='word_1_56' title='bbox 1191 873 1420 943; x_wconf 90' lang='lat' dir='ltr'>omnis</span> <span class='ocrx_word' id='word_1_57' title='bbox 1467 873 1981 956; x_wconf 87' lang='lat' dir='ltr'>consolationis,</span> <span class='ocrx_word' id='word_1_58' title='bbox 2018 890 2094 944; x_wconf 91' lang='lat' dir='ltr'>ut</span> <span class='ocrx_word' id='word_1_59' title='bbox 2140 874 2228 944; x_wconf 90' lang='lat' dir='ltr'>de</span> <span class='ocrx_word' id='word_1_60' title='bbox 2272 874 2515 944; x_wconf 88' lang='lat' dir='ltr'>eadem</span> <span class='ocrx_word' id='word_1_61' title='bbox 2543 897 2677 945; x_wconf 85' lang='lat' dir='ltr'>nos</span> 
     </span>
     <span class='ocr_line' id='line_1_8' title="bbox 117 960 1553 1061; baseline -0.004 -26"><span class='ocrx_word' id='word_1_62' title='bbox 117 962 565 1035; x_wconf 79' lang='lat' dir='ltr'>tribulatione</span> <span class='ocrx_word' id='word_1_63' title='bbox 612 961 972 1034; x_wconf 88' lang='lat' dir='ltr'>sublevare</span> <span class='ocrx_word' id='word_1_64' title='bbox 1017 960 1446 1061; x_wconf 80' lang='lat' dir='ltr'>dignaretur.</span> <span class='ocrx_word' id='word_1_65' title='bbox 1550 1013 1553 1016; x_wconf 83' lang='lat'>-</span> 
     </span>
    </p>

    <p class='ocr_par' dir='ltr' id='par_1_3' title="bbox 113 1050 2683 3166">
     <span class='ocr_line' id='line_1_9' title="bbox 208 1050 2678 1142; baseline -0.002 -17"><span class='ocrx_word' id='word_1_66' title='bbox 208 1057 250 1142; x_wconf 65' lang='grc' dir='ltr'>ξ</span> <span class='ocrx_word' id='word_1_67' title='bbox 296 1057 464 1127; x_wconf 71' lang='lat'>40.</span> <span class='ocrx_word' id='word_1_68' title='bbox 518 1057 596 1122; x_wconf 89' lang='lat' dir='ltr'>Et</span> <span class='ocrx_word' id='word_1_69' title='bbox 634 1050 805 1122; x_wconf 86' lang='lat' dir='ltr'>forte</span> <span class='ocrx_word' id='word_1_70' title='bbox 855 1052 1187 1141; x_wconf 80' lang='lat' dir='ltr'>provenit,</span> <span class='ocrx_word' id='word_1_71' title='bbox 1237 1063 1310 1119; x_wconf 91' lang='lat' dir='ltr'>ut</span> <span class='ocrx_word' id='word_1_72' title='bbox 1350 1051 1491 1119; x_wconf 73' lang='lat' dir='ltr'>una</span> <span class='ocrx_word' id='word_1_73' title='bbox 1524 1072 1684 1120; x_wconf 89' lang='lat' dir='ltr'>cum</span> <span class='ocrx_word' id='word_1_74' title='bbox 1719 1050 1959 1122; x_wconf 89' lang='lat' dir='ltr'>eodem</span> <span class='ocrx_word' id='word_1_75' title='bbox 2010 1051 2096 1121; x_wconf 89' lang='lat' dir='ltr'>ad</span> <span class='ocrx_word' id='word_1_76' title='bbox 2149 1073 2457 1129; x_wconf 88' lang='lat' dir='ltr'>mensam</span> <span class='ocrx_word' id='word_1_77' title='bbox 2509 1073 2678 1121; x_wconf 92' lang='lat' dir='ltr'>con·-</span> 
     </span>
     <span class='ocr_line' id='line_1_10' title="bbox 114 1139 2673 1229; baseline -0.002 -16"><span class='ocrx_word' id='word_1_78' title='bbox 114 1142 405 1222; x_wconf 78' lang='lat' dir='ltr'>stitutiS‚</span> <span class='ocrx_word' id='word_1_79' title='bbox 456 1155 522 1212; x_wconf 90' lang='lat' dir='ltr'>et</span> <span class='ocrx_word' id='word_1_80' title='bbox 569 1139 733 1211; x_wconf 89' lang='lat' dir='ltr'>inde</span> <span class='ocrx_word' id='word_1_81' title='bbox 787 1139 1442 1221; x_wconf 79' lang='lat' dir='ltr'>confabulantibus,</span> <span class='ocrx_word' id='word_1_82' title='bbox 1495 1141 1794 1229; x_wconf 85' lang='lat' dir='ltr'>coeperit</span> <span class='ocrx_word' id='word_1_83' title='bbox 1846 1162 2082 1211; x_wconf 88' lang='lat' dir='ltr'>coram</span> <span class='ocrx_word' id='word_1_84' title='bbox 2149 1140 2351 1211; x_wconf 91' lang='lat' dir='ltr'>nobis</span> <span class='ocrx_word' id='word_1_85' title='bbox 2397 1139 2673 1212; x_wconf 83' lang='lat' dir='ltr'>dicere:</span> 
     </span>
     <span class='ocr_line' id='line_1_11' title="bbox 115 1228 2678 1319; baseline -0 -20"><span class='ocrx_word' id='word_1_86' title='bbox 115 1255 154 1299; x_wconf 84' lang='lat'>«</span> <span class='ocrx_word' id='word_1_87' title='bbox 191 1230 531 1304; x_wconf 86' lang='lat' dir='ltr'>Noveritis</span> <span class='ocrx_word' id='word_1_88' title='bbox 573 1250 684 1301; x_wconf 88' lang='lat' dir='ltr'>me</span> <span class='ocrx_word' id='word_1_89' title='bbox 730 1229 860 1300; x_wconf 88' lang='lat' dir='ltr'>hoc</span> <span class='ocrx_word' id='word_1_90' title='bbox 899 1241 1205 1318; x_wconf 89' lang='lat' dir='ltr'>tempore</span> <span class='ocrx_word' id='word_1_91' title='bbox 1254 1239 1523 1299; x_wconf 87' lang='lat' dir='ltr'>nostrae</span> <span class='ocrx_word' id='word_1_92' title='bbox 1570 1228 1983 1299; x_wconf 80' lang='lat' dir='ltr'>calamitatis</span> <span class='ocrx_word' id='word_1_93' title='bbox 2035 1234 2243 1300; x_wconf 89' lang='lat' dir='ltr'>Deum</span> <span class='ocrx_word' id='word_1_94' title='bbox 2296 1251 2559 1319; x_wconf 85' lang='lat' dir='ltr'>rogare,</span> <span class='ocrx_word' id='word_1_95' title='bbox 2602 1242 2678 1299; x_wconf 88' lang='lat' dir='ltr'>ut</span> 
     </span>
     <span class='ocr_line' id='line_1_12' title="bbox 113 1317 2672 1408; baseline -0.001 -18"><span class='ocrx_word' id='word_1_96' title='bbox 113 1333 243 1390; x_wconf 89' lang='lat' dir='ltr'>aut</span> <span class='ocrx_word' id='word_1_97' title='bbox 285 1320 465 1390; x_wconf 87' lang='lat' dir='ltr'>hanc</span> <span class='ocrx_word' id='word_1_98' title='bbox 511 1318 854 1388; x_wconf 86' lang='lat' dir='ltr'>civitatem</span> <span class='ocrx_word' id='word_1_99' title='bbox 891 1317 978 1388; x_wconf 89' lang='lat' dir='ltr'>ab</span> <span class='ocrx_word' id='word_1_100' title='bbox 1028 1317 1343 1389; x_wconf 84' lang='lat' dir='ltr'>hostibus</span> <span class='ocrx_word' id='word_1_101' title='bbox 1389 1317 1893 1387; x_wconf 83' lang='lat' dir='ltr'>circumdatam</span> <span class='ocrx_word' id='word_1_102' title='bbox 1954 1317 2246 1388; x_wconf 88' lang='lat' dir='ltr'>liberare</span> <span class='ocrx_word' id='word_1_103' title='bbox 2300 1318 2672 1408; x_wconf 79' lang='lat' dir='ltr'>dignetur,</span> 
     </span>
     <span class='ocr_line' id='line_1_13' title="bbox 115 1405 2678 1495; baseline -0.001 -16"><span class='ocrx_word' id='word_1_104' title='bbox 115 1421 245 1482; x_wconf 87' lang='lat' dir='ltr'>aut</span> <span class='ocrx_word' id='word_1_105' title='bbox 291 1409 347 1478; x_wconf 91' lang='lat' dir='ltr'>si</span> <span class='ocrx_word' id='word_1_106' title='bbox 383 1407 573 1480; x_wconf 86' lang='lat' dir='ltr'>aliud</span> <span class='ocrx_word' id='word_1_107' title='bbox 607 1407 672 1478; x_wconf 87' lang='lat' dir='ltr'>ei</span> <span class='ocrx_word' id='word_1_108' title='bbox 720 1406 1011 1485; x_wconf 90' lang='lat' dir='ltr'>videtur,</span> <span class='ocrx_word' id='word_1_109' title='bbox 1044 1428 1209 1478; x_wconf 89' lang='lat' dir='ltr'>suos</span> <span class='ocrx_word' id='word_1_110' title='bbox 1255 1427 1486 1476; x_wconf 89' lang='lat' dir='ltr'>servos</span> <span class='ocrx_word' id='word_1_111' title='bbox 1514 1405 1600 1475; x_wconf 92' lang='lat' dir='ltr'>ad</span> <span class='ocrx_word' id='word_1_112' title='bbox 1653 1406 2128 1495; x_wconf 65' lang='lat' dir='ltr'>perferendam</span> <span class='ocrx_word' id='word_1_113' title='bbox 2179 1421 2384 1478; x_wconf 85' lang='lat' dir='ltr'>suam</span> <span class='ocrx_word' id='word_1_114' title='bbox 2433 1406 2678 1478; x_wconf 88' lang='lat' dir='ltr'>volun·</span> 
     </span>
     <span class='ocr_line' id='line_1_14' title="bbox 116 1493 2680 1576; baseline -0.002 -7"><span class='ocrx_word' id='word_1_115' title='bbox 116 1511 332 1569; x_wconf 88' lang='lat' dir='ltr'>tatem</span> <span class='ocrx_word' id='word_1_116' title='bbox 383 1495 590 1568; x_wconf 85' lang='lat' dir='ltr'>fortes</span> <span class='ocrx_word' id='word_1_117' title='bbox 637 1493 888 1576; x_wconf 80' lang='lat' dir='ltr'>faciat,</span> <span class='ocrx_word' id='word_1_118' title='bbox 941 1507 1061 1568; x_wconf 84' lang='lat' dir='ltr'>aut</span> <span class='ocrx_word' id='word_1_119' title='bbox 1107 1506 1286 1564; x_wconf 88' lang='lat' dir='ltr'>certe</span> <span class='ocrx_word' id='word_1_120' title='bbox 1347 1509 1427 1565; x_wconf 91' lang='lat' dir='ltr'>ut</span> <span class='ocrx_word' id='word_1_121' title='bbox 1477 1516 1583 1564; x_wconf 88' lang='lat' dir='ltr'>me</span> <span class='ocrx_word' id='word_1_122' title='bbox 1643 1495 1730 1565; x_wconf 89' lang='lat' dir='ltr'>de</span> <span class='ocrx_word' id='word_1_123' title='bbox 1777 1495 1906 1566; x_wconf 89' lang='lat' dir='ltr'>boc</span> <span class='ocrx_word' id='word_1_124' title='bbox 1954 1495 2190 1567; x_wconf 88' lang='lat' dir='ltr'>seculo</span> <span class='ocrx_word' id='word_1_125' title='bbox 2235 1496 2318 1566; x_wconf 91' lang='lat' dir='ltr'>ad</span> <span class='ocrx_word' id='word_1_126' title='bbox 2375 1519 2449 1566; x_wconf 90' lang='lat' dir='ltr'>se</span> <span class='ocrx_word' id='word_1_127' title='bbox 2497 1496 2680 1566; x_wconf 90' lang='lat' dir='ltr'>acci·-</span> 
     </span>
     <span class='ocr_line' id='line_1_15' title="bbox 120 1583 2676 1678; baseline -0 -22"><span class='ocrx_word' id='word_1_128' title='bbox 120 1587 344 1678; x_wconf 82' lang='lat' dir='ltr'>piat.»</span> <span class='ocrx_word' id='word_1_129' title='bbox 393 1592 581 1668; x_wconf 83' lang='lat' dir='ltr'>Quae</span> <span class='ocrx_word' id='word_1_130' title='bbox 631 1583 747 1655; x_wconf 88' lang='lat' dir='ltr'>ille</span> <span class='ocrx_word' id='word_1_131' title='bbox 794 1583 1057 1663; x_wconf 90' lang='lat' dir='ltr'>dicens,</span> <span class='ocrx_word' id='word_1_132' title='bbox 1104 1605 1366 1670; x_wconf 88' lang='lat' dir='ltr'>nosque</span> <span class='ocrx_word' id='word_1_133' title='bbox 1413 1583 1792 1664; x_wconf 88' lang='lat' dir='ltr'>instruens,</span> <span class='ocrx_word' id='word_1_134' title='bbox 1848 1584 2177 1673; x_wconf 81' lang='lat' dir='ltr'>deinceps</span> <span class='ocrx_word' id='word_1_135' title='bbox 2224 1608 2384 1655; x_wconf 89' lang='lat' dir='ltr'>cum</span> <span class='ocrx_word' id='word_1_136' title='bbox 2435 1584 2676 1655; x_wconf 88' lang='lat' dir='ltr'>eodem</span> 
     </span>
     <span class='ocr_line' id='line_1_16' title="bbox 116 1672 2681 1763; baseline -0.001 -18"><span class='ocrx_word' id='word_1_137' title='bbox 116 1688 189 1746; x_wconf 90' lang='lat' dir='ltr'>et</span> <span class='ocrx_word' id='word_1_138' title='bbox 238 1697 365 1745; x_wconf 89' lang='lat' dir='ltr'>nos</span> <span class='ocrx_word' id='word_1_139' title='bbox 412 1696 574 1748; x_wconf 89' lang='lat' dir='ltr'>cum</span> <span class='ocrx_word' id='word_1_140' title='bbox 627 1672 880 1744; x_wconf 89' lang='lat' dir='ltr'>nostris</span> <span class='ocrx_word' id='word_1_141' title='bbox 927 1673 1281 1752; x_wconf 76' lang='lat' dir='ltr'>omnibuS,</span> <span class='ocrx_word' id='word_1_142' title='bbox 1336 1684 1405 1742; x_wconf 90' lang='lat' dir='ltr'>et</span> <span class='ocrx_word' id='word_1_143' title='bbox 1449 1672 1628 1763; x_wconf 91' lang='lat' dir='ltr'>ipsi,</span> <span class='ocrx_word' id='word_1_144' title='bbox 1684 1673 1808 1761; x_wconf 91' lang='lat' dir='ltr'>qui</span> <span class='ocrx_word' id='word_1_145' title='bbox 1852 1673 1920 1741; x_wconf 88' lang='lat' dir='ltr'>in</span> <span class='ocrx_word' id='word_1_146' title='bbox 1964 1672 2203 1743; x_wconf 90' lang='lat' dir='ltr'>eadem</span> <span class='ocrx_word' id='word_1_147' title='bbox 2270 1673 2540 1744; x_wconf 86' lang='lat' dir='ltr'>fuerant</span> <span class='ocrx_word' id='word_1_148' title='bbox 2580 1674 2681 1743; x_wconf 89' lang='lat' dir='ltr'>ci-</span> 
     </span>
     <span class='ocr_line' id='line_1_17' title="bbox 118 1760 2683 1852; baseline 0 -20"><span class='ocrx_word' id='word_1_149' title='bbox 118 1765 375 1845; x_wconf 86' lang='lat' dir='ltr'>vitate,</span> <span class='ocrx_word' id='word_1_150' title='bbox 439 1785 478 1831; x_wconf 91' lang='lat' dir='ltr'>a</span> <span class='ocrx_word' id='word_1_151' title='bbox 526 1783 813 1832; x_wconf 84' lang='lat' dir='ltr'>summo</span> <span class='ocrx_word' id='word_1_152' title='bbox 853 1766 985 1832; x_wconf 91' lang='lat' dir='ltr'>Deo</span> <span class='ocrx_word' id='word_1_153' title='bbox 1048 1760 1367 1830; x_wconf 87' lang='lat' dir='ltr'>similiter</span> <span class='ocrx_word' id='word_1_154' title='bbox 1415 1761 1840 1852; x_wconf 83' lang='lat' dir='ltr'>petebamus.</span> <span class='ocrx_word' id='word_1_155' title='bbox 1896 1766 1974 1831; x_wconf 89' lang='lat' dir='ltr'>Et</span> <span class='ocrx_word' id='word_1_156' title='bbox 2041 1784 2198 1831; x_wconf 91' lang='lat' dir='ltr'>ecce</span> <span class='ocrx_word' id='word_1_157' title='bbox 2250 1765 2442 1832; x_wconf 90' lang='lat' dir='ltr'>tertio</span> <span class='ocrx_word' id='word_1_158' title='bbox 2492 1763 2683 1833; x_wconf 90' lang='lat' dir='ltr'>illius</span> 
     </span>
     <span class='ocr_line' id='line_1_18' title="bbox 122 1849 2683 1941; baseline -0 -18"><span class='ocrx_word' id='word_1_159' title='bbox 122 1851 517 1924; x_wconf 83' lang='lat' dir='ltr'>obsidionis</span> <span class='ocrx_word' id='word_1_160' title='bbox 558 1872 791 1921; x_wconf 88' lang='lat' dir='ltr'>mense</span> <span class='ocrx_word' id='word_1_161' title='bbox 821 1849 1155 1921; x_wconf 80' lang='lat' dir='ltr'>decubuit</span> <span class='ocrx_word' id='word_1_162' title='bbox 1203 1849 1397 1931; x_wconf 88' lang='lat' dir='ltr'>lecto,</span> <span class='ocrx_word' id='word_1_163' title='bbox 1450 1850 1759 1920; x_wconf 83' lang='lat' dir='ltr'>febribus</span> <span class='ocrx_word' id='word_1_164' title='bbox 1795 1849 2143 1941; x_wconf 77' lang='lat' dir='ltr'>fatigatuS,</span> <span class='ocrx_word' id='word_1_165' title='bbox 2183 1863 2248 1920; x_wconf 90' lang='lat' dir='ltr'>et</span> <span class='ocrx_word' id='word_1_166' title='bbox 2283 1851 2401 1922; x_wconf 94' lang='lat' dir='ltr'>illa</span> <span class='ocrx_word' id='word_1_167' title='bbox 2437 1851 2683 1922; x_wconf 83' lang='lat' dir='ltr'>ultima</span> 
     </span>
     <span class='ocr_line' id='line_1_19' title="bbox 121 1938 2682 2030; baseline 0 -19"><span class='ocrx_word' id='word_1_168' title='bbox 121 1941 573 2011; x_wconf 85' lang='lat' dir='ltr'>exercebatur</span> <span class='ocrx_word' id='word_1_169' title='bbox 618 1938 1071 2030; x_wconf 83' lang='lat' dir='ltr'>aegritudine.</span> <span class='ocrx_word' id='word_1_170' title='bbox 1100 1943 1233 2008; x_wconf 87' lang='lat' dir='ltr'>Nec</span> <span class='ocrx_word' id='word_1_171' title='bbox 1280 1944 1484 2008; x_wconf 88' lang='lat' dir='ltr'>suum</span> <span class='ocrx_word' id='word_1_172' title='bbox 1517 1961 1683 2008; x_wconf 90' lang='lat' dir='ltr'>sane</span> <span class='ocrx_word' id='word_1_173' title='bbox 1711 1939 2043 2009; x_wconf 86' lang='lat' dir='ltr'>Dominus</span> <span class='ocrx_word' id='word_1_174' title='bbox 2074 1939 2414 2010; x_wconf 84' lang='lat' dir='ltr'>famulum</span> <span class='ocrx_word' id='word_1_175' title='bbox 2449 1939 2682 2011; x_wconf 79' lang='lat' dir='ltr'>fructu</span> 
     </span>
     <span class='ocr_line' id='line_1_20' title="bbox 124 2026 2678 2120; baseline -0 -21"><span class='ocrx_word' id='word_1_176' title='bbox 124 2051 305 2099; x_wconf 88' lang='lat' dir='ltr'>suae</span> <span class='ocrx_word' id='word_1_177' title='bbox 352 2029 574 2120; x_wconf 87' lang='lat' dir='ltr'>precis</span> <span class='ocrx_word' id='word_1_178' title='bbox 620 2027 987 2099; x_wconf 83' lang='lat' dir='ltr'>fraudavit.</span> <span class='ocrx_word' id='word_1_179' title='bbox 1049 2033 1214 2098; x_wconf 87' lang='lat' dir='ltr'>Nam</span> <span class='ocrx_word' id='word_1_180' title='bbox 1264 2039 1329 2097; x_wconf 92' lang='lat' dir='ltr'>et</span> <span class='ocrx_word' id='word_1_181' title='bbox 1376 2026 1673 2117; x_wconf 84' lang='lat' dir='ltr'>sibiipsi,</span> <span class='ocrx_word' id='word_1_182' title='bbox 1730 2040 1795 2098; x_wconf 92' lang='lat' dir='ltr'>et</span> <span class='ocrx_word' id='word_1_183' title='bbox 1841 2027 2064 2098; x_wconf 90' lang='lat' dir='ltr'>eidem</span> <span class='ocrx_word' id='word_1_184' title='bbox 2133 2028 2439 2109; x_wconf 88' lang='lat' dir='ltr'>civitati,</span> <span class='ocrx_word' id='word_1_185' title='bbox 2494 2029 2678 2117; x_wconf 89' lang='lat' dir='ltr'>quod</span> 
     </span>
     <span class='ocr_line' id='line_1_21' title="bbox 122 2117 2683 2207; baseline 0 -20"><span class='ocrx_word' id='word_1_186' title='bbox 122 2118 545 2207; x_wconf 88' lang='lat' dir='ltr'>lacrymosis</span> <span class='ocrx_word' id='word_1_187' title='bbox 592 2117 901 2207; x_wconf 88' lang='lat' dir='ltr'>deposcit</span> <span class='ocrx_word' id='word_1_188' title='bbox 928 2117 1376 2207; x_wconf 74' lang='lat' dir='ltr'>precibuS,&#39;in</span> <span class='ocrx_word' id='word_1_189' title='bbox 1414 2129 1718 2206; x_wconf 84' lang='lat' dir='ltr'>tempore</span> <span class='ocrx_word' id='word_1_190' title='bbox 1759 2117 2173 2204; x_wconf 90' lang='lat' dir='ltr'>impetravit.</span> <span class='ocrx_word' id='word_1_191' title='bbox 2210 2119 2370 2188; x_wconf 81' lang='lat' dir='ltr'>Novi</span> <span class='ocrx_word' id='word_1_192' title='bbox 2407 2139 2683 2206; x_wconf 89' lang='lat' dir='ltr'>quoque</span> 
     </span>
     <span class='ocr_line' id='line_1_22' title="bbox 121 2205 2683 2298; baseline 0 -22"><span class='ocrx_word' id='word_1_193' title='bbox 121 2207 451 2277; x_wconf 87' lang='lat' dir='ltr'>eumdem</span> <span class='ocrx_word' id='word_1_194' title='bbox 485 2220 551 2277; x_wconf 89' lang='lat' dir='ltr'>et</span> <span class='ocrx_word' id='word_1_195' title='bbox 584 2208 1059 2298; x_wconf 81' lang='lat' dir='ltr'>presbyterum</span> <span class='ocrx_word' id='word_1_196' title='bbox 1088 2205 1585 2295; x_wconf 87' lang='lat' dir='ltr'>etEpiscopum</span> <span class='ocrx_word' id='word_1_197' title='bbox 1614 2205 2174 2294; x_wconf 84' lang='lat' dir='ltr'>proquibusdam</span> <span class='ocrx_word' id='word_1_198' title='bbox 2195 2207 2683 2296; x_wconf 85' lang='lat' dir='ltr'>energumenis</span> 
     </span>
     <span class='ocr_line' id='line_1_23' title="bbox 124 2293 2683 2383; baseline 0 -17"><span class='ocrx_word' id='word_1_199' title='bbox 124 2296 569 2383; x_wconf 86' lang='lat' dir='ltr'>petentibus,</span> <span class='ocrx_word' id='word_1_200' title='bbox 621 2308 699 2367; x_wconf 90' lang='lat' dir='ltr'>ut</span> <span class='ocrx_word' id='word_1_201' title='bbox 744 2309 1016 2375; x_wconf 88' lang='lat' dir='ltr'>oraret,</span> <span class='ocrx_word' id='word_1_202' title='bbox 1060 2306 1374 2383; x_wconf 84' lang='lat' dir='ltr'>rogatum</span> <span class='ocrx_word' id='word_1_203' title='bbox 1420 2318 1433 2361; x_wconf 92' lang='lat'>:</span> <span class='ocrx_word' id='word_1_204' title='bbox 1489 2314 1788 2381; x_wconf 90' lang='lat' dir='ltr'>eumque</span> <span class='ocrx_word' id='word_1_205' title='bbox 1853 2295 1921 2362; x_wconf 92' lang='lat' dir='ltr'>in</span> <span class='ocrx_word' id='word_1_206' title='bbox 1981 2295 2288 2363; x_wconf 90' lang='lat' dir='ltr'>oratione</span> <span class='ocrx_word' id='word_1_207' title='bbox 2338 2293 2683 2383; x_wconf 82' lang='lat' dir='ltr'>lacrymas</span> 
     </span>
     <span class='ocr_line' id='line_1_24' title="bbox 118 2382 2677 2473; baseline -0 -19"><span class='ocrx_word' id='word_1_208' title='bbox 118 2384 552 2464; x_wconf 89' lang='lat' dir='ltr'>fundentem,</span> <span class='ocrx_word' id='word_1_209' title='bbox 592 2390 803 2455; x_wconf 88' lang='lat' dir='ltr'>Deum</span> <span class='ocrx_word' id='word_1_210' title='bbox 844 2404 1146 2473; x_wconf 83' lang='lat' dir='ltr'>rogasse,</span> <span class='ocrx_word' id='word_1_211' title='bbox 1177 2395 1241 2452; x_wconf 92' lang='lat' dir='ltr'>et</span> <span class='ocrx_word' id='word_1_212' title='bbox 1279 2382 1650 2451; x_wconf 88' lang='lat' dir='ltr'>daemones</span> <span class='ocrx_word' id='word_1_213' title='bbox 1697 2384 1786 2452; x_wconf 90' lang='lat' dir='ltr'>ab</span> <span class='ocrx_word' id='word_1_214' title='bbox 1836 2383 2238 2452; x_wconf 85' lang='lat' dir='ltr'>hominibus</span> <span class='ocrx_word' id='word_1_215' title='bbox 2288 2384 2677 2453; x_wconf 87' lang='lat' dir='ltr'>recessisse.</span> 
     </span>
     <span class='ocr_line' id='line_1_25' title="bbox 122 2471 2675 2564; baseline -0.003 -18"><span class='ocrx_word' id='word_1_216' title='bbox 122 2479 437 2563; x_wconf 91' lang='lat' dir='ltr'>Itemque</span> <span class='ocrx_word' id='word_1_217' title='bbox 486 2472 629 2545; x_wconf 87' lang='lat' dir='ltr'>scio</span> <span class='ocrx_word' id='word_1_218' title='bbox 677 2472 763 2544; x_wconf 93' lang='lat' dir='ltr'>ad</span> <span class='ocrx_word' id='word_1_219' title='bbox 797 2495 956 2544; x_wconf 89' lang='lat' dir='ltr'>eum</span> <span class='ocrx_word' id='word_1_220' title='bbox 1017 2483 1481 2564; x_wconf 85' lang='lat' dir='ltr'>aegrotantem</span> <span class='ocrx_word' id='word_1_221' title='bbox 1535 2483 1600 2541; x_wconf 91' lang='lat' dir='ltr'>et</span> <span class='ocrx_word' id='word_1_222' title='bbox 1648 2471 1821 2540; x_wconf 93' lang='lat' dir='ltr'>lecto</span> <span class='ocrx_word' id='word_1_223' title='bbox 1874 2472 2258 2560; x_wconf 86' lang='lat' dir='ltr'>jacentem,</span> <span class='ocrx_word' id='word_1_224' title='bbox 2302 2471 2675 2560; x_wconf 88' lang='lat' dir='ltr'>quemdam</span> 
     </span>
     <span class='ocr_line' id='line_1_26' title="bbox 118 2560 2682 2654; baseline -0.002 -20"><span class='ocrx_word' id='word_1_225' title='bbox 118 2586 284 2634; x_wconf 90' lang='lat' dir='ltr'>cum</span> <span class='ocrx_word' id='word_1_226' title='bbox 335 2586 464 2636; x_wconf 91' lang='lat' dir='ltr'>suo</span> <span class='ocrx_word' id='word_1_227' title='bbox 509 2576 787 2654; x_wconf 86' lang='lat' dir='ltr'>aegroto</span> <span class='ocrx_word' id='word_1_228' title='bbox 822 2562 1108 2643; x_wconf 88' lang='lat' dir='ltr'>venisse,</span> <span class='ocrx_word' id='word_1_229' title='bbox 1144 2574 1211 2632; x_wconf 89' lang='lat' dir='ltr'>et</span> <span class='ocrx_word' id='word_1_230' title='bbox 1243 2561 1613 2652; x_wconf 83' lang='lat' dir='ltr'>rogavisse,</span> <span class='ocrx_word' id='word_1_231' title='bbox 1652 2573 1728 2629; x_wconf 91' lang='lat' dir='ltr'>ut</span> <span class='ocrx_word' id='word_1_232' title='bbox 1772 2560 1994 2633; x_wconf 89' lang='lat' dir='ltr'>eidem</span> <span class='ocrx_word' id='word_1_233' title='bbox 2046 2582 2332 2630; x_wconf 91' lang='lat' dir='ltr'>manum</span> <span class='ocrx_word' id='word_1_234' title='bbox 2371 2561 2682 2650; x_wconf 88' lang='lat' dir='ltr'>impone-</span> 
     </span>
     <span class='ocr_line' id='line_1_27' title="bbox 122 2649 2682 2741; baseline -0.002 -18"><span class='ocrx_word' id='word_1_235' title='bbox 122 2668 252 2734; x_wconf 87' lang='lat' dir='ltr'>ret,</span> <span class='ocrx_word' id='word_1_236' title='bbox 306 2666 383 2724; x_wconf 89' lang='lat' dir='ltr'>ut</span> <span class='ocrx_word' id='word_1_237' title='bbox 422 2674 637 2722; x_wconf 90' lang='lat' dir='ltr'>sanus</span> <span class='ocrx_word' id='word_1_238' title='bbox 680 2672 831 2722; x_wconf 89' lang='lat' dir='ltr'>esse</span> <span class='ocrx_word' id='word_1_239' title='bbox 879 2664 1147 2741; x_wconf 88' lang='lat' dir='ltr'>posset:</span> <span class='ocrx_word' id='word_1_240' title='bbox 1199 2671 1499 2738; x_wconf 89' lang='lat' dir='ltr'>eumque</span> <span class='ocrx_word' id='word_1_241' title='bbox 1533 2649 1994 2738; x_wconf 88' lang='lat' dir='ltr'>respondisse,</span> <span class='ocrx_word' id='word_1_242' title='bbox 2039 2650 2095 2717; x_wconf 91' lang='lat' dir='ltr'>si</span> <span class='ocrx_word' id='word_1_243' title='bbox 2138 2649 2398 2736; x_wconf 87' lang='lat' dir='ltr'>aliquid</span> <span class='ocrx_word' id='word_1_244' title='bbox 2452 2650 2520 2717; x_wconf 92' lang='lat' dir='ltr'>in</span> <span class='ocrx_word' id='word_1_245' title='bbox 2572 2649 2682 2719; x_wconf 89' lang='lat' dir='ltr'>his</span> 
     </span>
     <span class='ocr_line' id='line_1_28' title="bbox 118 2738 2672 2832; baseline -0.002 -20"><span class='ocrx_word' id='word_1_246' title='bbox 118 2756 377 2832; x_wconf 87' lang='lat' dir='ltr'>posset,</span> <span class='ocrx_word' id='word_1_247' title='bbox 434 2740 565 2810; x_wconf 88' lang='lat' dir='ltr'>sibi</span> <span class='ocrx_word' id='word_1_248' title='bbox 617 2740 745 2811; x_wconf 86' lang='lat' dir='ltr'>hoc</span> <span class='ocrx_word' id='word_1_249' title='bbox 776 2740 1018 2826; x_wconf 88' lang='lat' dir='ltr'>utique</span> <span class='ocrx_word' id='word_1_250' title='bbox 1067 2739 1391 2829; x_wconf 89' lang='lat' dir='ltr'>primitus</span> <span class='ocrx_word' id='word_1_251' title='bbox 1442 2739 1930 2827; x_wconf 86' lang='lat' dir='ltr'>praestitisset:</span> <span class='ocrx_word' id='word_1_252' title='bbox 1986 2738 2182 2808; x_wconf 90' lang='lat' dir='ltr'>illum</span> <span class='ocrx_word' id='word_1_253' title='bbox 2236 2739 2514 2817; x_wconf 84' lang='lat' dir='ltr'>dixisse,</span> <span class='ocrx_word' id='word_1_254' title='bbox 2570 2739 2672 2808; x_wconf 89' lang='lat' dir='ltr'>vi-</span> 
     </span>
     <span class='ocr_line' id='line_1_29' title="bbox 117 2826 2671 2917; baseline -0.002 -17"><span class='ocrx_word' id='word_1_255' title='bbox 117 2831 408 2900; x_wconf 86' lang='lat' dir='ltr'>sitatum</span> <span class='ocrx_word' id='word_1_256' title='bbox 460 2850 532 2899; x_wconf 89' lang='lat' dir='ltr'>se</span> <span class='ocrx_word' id='word_1_257' title='bbox 577 2828 834 2909; x_wconf 86' lang='lat' dir='ltr'>fuisse,</span> <span class='ocrx_word' id='word_1_258' title='bbox 889 2829 1158 2916; x_wconf 87' lang='lat' dir='ltr'>sibique</span> <span class='ocrx_word' id='word_1_259' title='bbox 1207 2849 1328 2917; x_wconf 92' lang='lat' dir='ltr'>per</span> <span class='ocrx_word' id='word_1_260' title='bbox 1387 2826 1740 2895; x_wconf 89' lang='lat' dir='ltr'>somnium</span> <span class='ocrx_word' id='word_1_261' title='bbox 1804 2827 2067 2898; x_wconf 89' lang='lat' dir='ltr'>dictum</span> <span class='ocrx_word' id='word_1_262' title='bbox 2131 2849 2303 2897; x_wconf 92' lang='lat' dir='ltr'>esse.</span> <span class='ocrx_word' id='word_1_263' title='bbox 2359 2827 2538 2897; x_wconf 88' lang='lat' dir='ltr'>Vade</span> <span class='ocrx_word' id='word_1_264' title='bbox 2585 2826 2671 2896; x_wconf 91' lang='lat' dir='ltr'>ad</span> 
     </span>
     <span class='ocr_line' id='line_1_30' title="bbox 115 2915 2678 3008; baseline -0.002 -20"><span class='ocrx_word' id='word_1_265' title='bbox 115 2917 586 3007; x_wconf 79' lang='lat' dir='ltr'>Augustinum</span> <span class='ocrx_word' id='word_1_266' title='bbox 638 2917 1051 3008; x_wconf 82' lang='lat' dir='ltr'>Episcopum</span> <span class='ocrx_word' id='word_1_267' title='bbox 1083 2971 1099 2996; x_wconf 90' lang='lat'>,</span> <span class='ocrx_word' id='word_1_268' title='bbox 1170 2930 1245 2985; x_wconf 91' lang='lat' dir='ltr'>ut</span> <span class='ocrx_word' id='word_1_269' title='bbox 1293 2915 1515 2983; x_wconf 91' lang='lat' dir='ltr'>eidem</span> <span class='ocrx_word' id='word_1_270' title='bbox 1591 2936 1877 2984; x_wconf 89' lang='lat' dir='ltr'>manum</span> <span class='ocrx_word' id='word_1_271' title='bbox 1942 2917 2276 3006; x_wconf 86' lang='lat' dir='ltr'>imponat,</span> <span class='ocrx_word' id='word_1_272' title='bbox 2332 2929 2397 2984; x_wconf 91' lang='lat' dir='ltr'>et</span> <span class='ocrx_word' id='word_1_273' title='bbox 2443 2916 2678 2985; x_wconf 86' lang='lat' dir='ltr'>salvus</span> 
     </span>
     <span class='ocr_line' id='line_1_31' title="bbox 118 3003 2677 3096; baseline -0.002 -19"><span class='ocrx_word' id='word_1_274' title='bbox 118 3005 278 3077; x_wconf 88' lang='lat' dir='ltr'>erit.</span> <span class='ocrx_word' id='word_1_275' title='bbox 335 3006 528 3089; x_wconf 86' lang='lat' dir='ltr'>Quod</span> <span class='ocrx_word' id='word_1_276' title='bbox 578 3005 747 3075; x_wconf 91' lang='lat' dir='ltr'>dum</span> <span class='ocrx_word' id='word_1_277' title='bbox 798 3006 1267 3096; x_wconf 87' lang='lat' dir='ltr'>comperisset,</span> <span class='ocrx_word' id='word_1_278' title='bbox 1319 3003 1542 3072; x_wconf 82' lang='lat' dir='ltr'>facere</span> <span class='ocrx_word' id='word_1_279' title='bbox 1591 3026 1726 3074; x_wconf 90' lang='lat' dir='ltr'>non</span> <span class='ocrx_word' id='word_1_280' title='bbox 1775 3003 2081 3075; x_wconf 88' lang='lat' dir='ltr'>distulit:</span> <span class='ocrx_word' id='word_1_281' title='bbox 2132 3019 2198 3074; x_wconf 94' lang='lat' dir='ltr'>et</span> <span class='ocrx_word' id='word_1_282' title='bbox 2238 3003 2432 3073; x_wconf 89' lang='lat' dir='ltr'>illum</span> <span class='ocrx_word' id='word_1_283' title='bbox 2488 3005 2677 3075; x_wconf 85' lang='lat' dir='ltr'>infir·</span> 
     </span>
     <span class='ocr_line' id='line_1_32' title="bbox 122 3092 2394 3166; baseline -0.002 0"><span class='ocrx_word' id='word_1_284' title='bbox 122 3116 325 3166; x_wconf 88' lang='lat' dir='ltr'>mum</span> <span class='ocrx_word' id='word_1_285' title='bbox 359 3094 689 3165; x_wconf 86' lang='lat' dir='ltr'>continuo</span> <span class='ocrx_word' id='word_1_286' title='bbox 723 3095 1054 3166; x_wconf 90' lang='lat' dir='ltr'>Dominus</span> <span class='ocrx_word' id='word_1_287' title='bbox 1101 3115 1350 3162; x_wconf 89' lang='lat' dir='ltr'>sanum</span> <span class='ocrx_word' id='word_1_288' title='bbox 1402 3093 1489 3162; x_wconf 90' lang='lat' dir='ltr'>ab</span> <span class='ocrx_word' id='word_1_289' title='bbox 1536 3092 1775 3163; x_wconf 90' lang='lat' dir='ltr'>eodem</span> <span class='ocrx_word' id='word_1_290' title='bbox 1810 3093 2165 3164; x_wconf 89' lang='lat' dir='ltr'>discedere</span> <span class='ocrx_word' id='word_1_291' title='bbox 2212 3092 2394 3162; x_wconf 88' lang='lat' dir='ltr'>fecit.</span> 
     </span>
    </p>

    <p class='ocr_par' dir='ltr' id='par_1_4' title="bbox 122 3180 2756 4428">
     <span class='ocr_line' id='line_1_33' title="bbox 210 3180 2678 3272; baseline -0.002 -16"><span class='ocrx_word' id='word_1_292' title='bbox 210 3185 250 3271; x_wconf 65' lang='grc' dir='ltr'>ξ</span> <span class='ocrx_word' id='word_1_293' title='bbox 299 3188 441 3256; x_wconf 75' lang='grc' dir='ltr'><strong>-ΙΙ,</strong></span> <span class='ocrx_word' id='word_1_294' title='bbox 495 3187 761 3254; x_wconf 88' lang='lat' dir='ltr'>Interea</span> <span class='ocrx_word' id='word_1_295' title='bbox 814 3181 1236 3253; x_wconf 85' lang='lat' dir='ltr'>reticendum</span> <span class='ocrx_word' id='word_1_296' title='bbox 1292 3180 1577 3251; x_wconf 88' lang='lat' dir='ltr'>minime</span> <span class='ocrx_word' id='word_1_297' title='bbox 1622 3194 1747 3261; x_wconf 91' lang='lat' dir='ltr'>est,</span> <span class='ocrx_word' id='word_1_298' title='bbox 1783 3204 1944 3251; x_wconf 89' lang='lat' dir='ltr'>cum</span> <span class='ocrx_word' id='word_1_299' title='bbox 1997 3182 2356 3251; x_wconf 87' lang='lat' dir='ltr'>memorati</span> <span class='ocrx_word' id='word_1_300' title='bbox 2410 3183 2678 3272; x_wconf 89' lang='lat' dir='ltr'>impen-</span> 
     </span>
     <span class='ocr_line' id='line_1_34' title="bbox 122 3270 2680 3359; baseline -0.001 -17"><span class='ocrx_word' id='word_1_301' title='bbox 122 3271 370 3342; x_wconf 89' lang='lat' dir='ltr'>derent</span> <span class='ocrx_word' id='word_1_302' title='bbox 404 3271 656 3352; x_wconf 76' lang='lat' dir='ltr'>hosteS,</span> <span class='ocrx_word' id='word_1_303' title='bbox 709 3295 747 3342; x_wconf 89' lang='lat' dir='ltr'>a</span> <span class='ocrx_word' id='word_1_304' title='bbox 797 3286 1036 3342; x_wconf 91' lang='lat' dir='ltr'>sancto</span> <span class='ocrx_word' id='word_1_305' title='bbox 1069 3270 1215 3339; x_wconf 88' lang='lat' dir='ltr'>viro</span> <span class='ocrx_word' id='word_1_306' title='bbox 1250 3282 1480 3340; x_wconf 87' lang='lat' dir='ltr'>nostro</span> <span class='ocrx_word' id='word_1_307' title='bbox 1527 3270 1937 3359; x_wconf 72' lang='lat' dir='ltr'>coepiscopo</span> <span class='ocrx_word' id='word_1_308' title='bbox 1991 3270 2513 3341; x_wconf 89' lang='lat' dir='ltr'>Thabennensis</span> <span class='ocrx_word' id='word_1_309' title='bbox 2567 3292 2680 3340; x_wconf 89' lang='lat' dir='ltr'>ec-</span> 
     </span>
     <span class='ocr_line' id='line_1_35' title="bbox 122 3358 2682 3446; baseline -0.001 -16"><span class='ocrx_word' id='word_1_310' title='bbox 122 3360 379 3431; x_wconf 88' lang='lat' dir='ltr'>clesiae</span> <span class='ocrx_word' id='word_1_311' title='bbox 426 3365 795 3442; x_wconf 90' lang='lat' dir='ltr'>Honorato,</span> <span class='ocrx_word' id='word_1_312' title='bbox 850 3360 1065 3430; x_wconf 89' lang='lat' dir='ltr'>literis</span> <span class='ocrx_word' id='word_1_313' title='bbox 1105 3358 1319 3428; x_wconf 82' lang='lat' dir='ltr'>fuisse</span> <span class='ocrx_word' id='word_1_314' title='bbox 1366 3358 1788 3439; x_wconf 89' lang='lat' dir='ltr'>consultum,</span> <span class='ocrx_word' id='word_1_315' title='bbox 1827 3374 2202 3446; x_wconf 89' lang='lat' dir='ltr'>utrumque</span> <span class='ocrx_word' id='word_1_316' title='bbox 2236 3358 2377 3428; x_wconf 89' lang='lat' dir='ltr'>illis</span> <span class='ocrx_word' id='word_1_317' title='bbox 2425 3359 2682 3429; x_wconf 87' lang='lat' dir='ltr'>adven-</span> 
     </span>
     <span class='ocr_line' id='line_1_36' title="bbox 124 3447 2678 3539; baseline -0.001 -19"><span class='ocrx_word' id='word_1_318' title='bbox 124 3450 462 3530; x_wconf 90' lang='lat' dir='ltr'>tantibus,</span> <span class='ocrx_word' id='word_1_319' title='bbox 512 3470 596 3520; x_wconf 87' lang='lat' dir='ltr'>ex</span> <span class='ocrx_word' id='word_1_320' title='bbox 640 3449 949 3518; x_wconf 87' lang='lat' dir='ltr'>ecclesiis</span> <span class='ocrx_word' id='word_1_321' title='bbox 992 3448 1346 3539; x_wconf 89' lang='lat' dir='ltr'>Episcopis</span> <span class='ocrx_word' id='word_1_322' title='bbox 1396 3448 1499 3517; x_wconf 93' lang='lat' dir='ltr'>vel</span> <span class='ocrx_word' id='word_1_323' title='bbox 1531 3447 1802 3522; x_wconf 84' lang='lat' dir='ltr'>clericis</span> <span class='ocrx_word' id='word_1_324' title='bbox 1838 3447 2299 3521; x_wconf 87' lang='lat' dir='ltr'>recedendum</span> <span class='ocrx_word' id='word_1_325' title='bbox 2341 3462 2539 3527; x_wconf 89' lang='lat' dir='ltr'>esset,</span> <span class='ocrx_word' id='word_1_326' title='bbox 2591 3470 2678 3518; x_wconf 93' lang='lat' dir='ltr'>an</span> 
     </span>
     <span class='ocr_line' id='line_1_37' title="bbox 123 3536 2681 3627; baseline 0 -21"><span class='ocrx_word' id='word_1_327' title='bbox 123 3560 288 3608; x_wconf 91' lang='lat' dir='ltr'>non.</span> <span class='ocrx_word' id='word_1_328' title='bbox 336 3538 549 3625; x_wconf 86' lang='lat' dir='ltr'>Eique</span> <span class='ocrx_word' id='word_1_329' title='bbox 597 3537 951 3627; x_wconf 83' lang='lat' dir='ltr'>rescriptis</span> <span class='ocrx_word' id='word_1_330' title='bbox 984 3537 1400 3617; x_wconf 86' lang='lat' dir='ltr'>insinuasse,</span> <span class='ocrx_word' id='word_1_331' title='bbox 1455 3537 1619 3623; x_wconf 88' lang='lat' dir='ltr'>quid</span> <span class='ocrx_word' id='word_1_332' title='bbox 1677 3537 1900 3626; x_wconf 87' lang='lat' dir='ltr'>magis</span> <span class='ocrx_word' id='word_1_333' title='bbox 1927 3538 2015 3608; x_wconf 90' lang='lat' dir='ltr'>ab</span> <span class='ocrx_word' id='word_1_334' title='bbox 2064 3538 2200 3606; x_wconf 90' lang='lat' dir='ltr'>illis</span> <span class='ocrx_word' id='word_1_335' title='bbox 2247 3536 2681 3607; x_wconf 84' lang='lat' dir='ltr'>eversoribus</span> 
     </span>
     <span class='ocr_line' id='line_1_38' title="bbox 124 3625 2681 3715; baseline 0 -21"><span class='ocrx_word' id='word_1_336' title='bbox 124 3640 303 3698; x_wconf 89' lang='lat' dir='ltr'>esset</span> <span class='ocrx_word' id='word_1_337' title='bbox 356 3626 833 3697; x_wconf 73' lang='lat' dir='ltr'>metuendum.</span> <span class='ocrx_word' id='word_1_338' title='bbox 878 3631 1094 3709; x_wconf 89' lang='lat' dir='ltr'>Quam</span> <span class='ocrx_word' id='word_1_339' title='bbox 1131 3627 1283 3713; x_wconf 87' lang='lat' dir='ltr'>ejus</span> <span class='ocrx_word' id='word_1_340' title='bbox 1321 3625 1683 3715; x_wconf 89' lang='lat' dir='ltr'>epistolam</span> <span class='ocrx_word' id='word_1_341' title='bbox 1736 3626 1899 3695; x_wconf 88' lang='lat' dir='ltr'>huic</span> <span class='ocrx_word' id='word_1_342' title='bbox 1947 3626 2331 3715; x_wconf 86' lang='lat' dir='ltr'>scripturae</span> <span class='ocrx_word' id='word_1_343' title='bbox 2379 3627 2681 3695; x_wconf 90' lang='lat' dir='ltr'>inserere</span> 
     </span>
     <span class='ocr_line' id='line_1_39' title="bbox 123 3714 2756 3796; baseline 0 -14"><span class='ocrx_word' id='word_1_344' title='bbox 123 3715 334 3785; x_wconf 87' lang='lat' dir='ltr'>volui.</span> <span class='ocrx_word' id='word_1_345' title='bbox 400 3721 511 3786; x_wconf 89' lang='lat' dir='ltr'>Est</span> <span class='ocrx_word' id='word_1_346' title='bbox 558 3716 743 3786; x_wconf 88' lang='lat' dir='ltr'>enim</span> <span class='ocrx_word' id='word_1_347' title='bbox 795 3715 1224 3785; x_wconf 86' lang='lat' dir='ltr'>sacerdotum</span> <span class='ocrx_word' id='word_1_348' title='bbox 1281 3715 1392 3784; x_wconf 89' lang='lat' dir='ltr'>Dei</span> <span class='ocrx_word' id='word_1_349' title='bbox 1460 3727 1526 3783; x_wconf 93' lang='lat' dir='ltr'>et</span> <span class='ocrx_word' id='word_1_350' title='bbox 1592 3714 2068 3785; x_wconf 88' lang='lat' dir='ltr'>ministrorum</span> <span class='ocrx_word' id='word_1_351' title='bbox 2124 3715 2436 3784; x_wconf 86' lang='lat' dir='ltr'>moribus</span> <span class='ocrx_word' id='word_1_352' title='bbox 2485 3714 2682 3783; x_wconf 88' lang='lat' dir='ltr'>valde</span> <span class='ocrx_word' id='word_1_353' title='bbox 2746 3784 2756 3796; x_wconf 80' lang='grc'><em>,</em></span> 
     </span>
     <span class='ocr_line' id='line_1_40' title="bbox 125 3801 2681 3892; baseline 0.001 -23"><span class='ocrx_word' id='word_1_354' title='bbox 125 3803 315 3875; x_wconf 90' lang='lat' dir='ltr'>utilis</span> <span class='ocrx_word' id='word_1_355' title='bbox 348 3816 415 3873; x_wconf 91' lang='lat' dir='ltr'>et</span> <span class='ocrx_word' id='word_1_356' title='bbox 457 3804 865 3874; x_wconf 87' lang='lat' dir='ltr'>necessaria.</span> <span class='ocrx_word' id='word_1_357' title='bbox 918 3808 1057 3874; x_wconf 91' lang='lat' dir='ltr'>Isto</span> <span class='ocrx_word' id='word_1_358' title='bbox 1091 3803 1293 3873; x_wconf 89' lang='lat' dir='ltr'>modo</span> <span class='ocrx_word' id='word_1_359' title='bbox 1329 3804 1739 3892; x_wconf 86' lang='lat' dir='ltr'>rescriptum</span> <span class='ocrx_word' id='word_1_360' title='bbox 1771 3817 1873 3872; x_wconf 91' lang='lat' dir='ltr'>est</span> <span class='ocrx_word' id='word_1_361' title='bbox 1920 3803 2006 3873; x_wconf 91' lang='lat' dir='ltr'>ad</span> <span class='ocrx_word' id='word_1_362' title='bbox 2057 3803 2378 3872; x_wconf 90' lang='lat' dir='ltr'>eumdem</span> <span class='ocrx_word' id='word_1_363' title='bbox 2431 3801 2519 3872; x_wconf 91' lang='lat' dir='ltr'>ab</span> <span class='ocrx_word' id='word_1_364' title='bbox 2566 3825 2681 3872; x_wconf 85' lang='lat' dir='ltr'>eo·</span> 
     </span>
     <span class='ocr_line' id='line_1_41' title="bbox 130 3888 2681 3982; baseline 0.002 -26"><span class='ocrx_word' id='word_1_365' title='bbox 130 3888 324 3962; x_wconf 89' lang='lat' dir='ltr'>dem:</span> <span class='ocrx_word' id='word_1_366' title='bbox 384 3916 420 3960; x_wconf 84' lang='lat'><strong>«</strong></span> <span class='ocrx_word' id='word_1_367' title='bbox 455 3898 701 3964; x_wconf 91' lang='lat' dir='ltr'>Sancto</span> <span class='ocrx_word' id='word_1_368' title='bbox 749 3892 940 3962; x_wconf 79' lang='lat' dir='ltr'>fratri</span> <span class='ocrx_word' id='word_1_369' title='bbox 979 3906 1045 3962; x_wconf 92' lang='lat' dir='ltr'>et</span> <span class='ocrx_word' id='word_1_370' title='bbox 1091 3892 1498 3982; x_wconf 71' lang='lat' dir='ltr'>coepiscopo</span> <span class='ocrx_word' id='word_1_371' title='bbox 1549 3897 1917 3972; x_wconf 89' lang='lat' dir='ltr'>Honorato,</span> <span class='ocrx_word' id='word_1_372' title='bbox 1961 3893 2388 3979; x_wconf 79' lang='lat' dir='ltr'>Augustinus</span> <span class='ocrx_word' id='word_1_373' title='bbox 2437 3891 2504 3960; x_wconf 88' lang='lat' dir='ltr'>in</span> <span class='ocrx_word' id='word_1_374' title='bbox 2560 3896 2681 3961; x_wconf 87' lang='lat' dir='ltr'>Do-</span> 
     </span>
     <span class='ocr_line' id='line_1_42' title="bbox 132 3979 2680 4071; baseline 0.001 -27"><span class='ocrx_word' id='word_1_375' title='bbox 132 3979 313 4050; x_wconf 89' lang='lat' dir='ltr'>mino</span> <span class='ocrx_word' id='word_1_376' title='bbox 346 3981 667 4051; x_wconf 87' lang='lat' dir='ltr'>salutem.</span> <span class='ocrx_word' id='word_1_377' title='bbox 723 3980 1046 4061; x_wconf 78' lang='lat' dir='ltr'>Cltaritati</span> <span class='ocrx_word' id='word_1_378' title='bbox 1077 3995 1231 4050; x_wconf 90' lang='lat' dir='ltr'>tuae</span> <span class='ocrx_word' id='word_1_379' title='bbox 1268 3982 1479 4051; x_wconf 89' lang='lat' dir='ltr'>misso</span> <span class='ocrx_word' id='word_1_380' title='bbox 1512 3980 1823 4071; x_wconf 87' lang='lat' dir='ltr'>exemplo</span> <span class='ocrx_word' id='word_1_381' title='bbox 1857 3981 2210 4071; x_wconf 87' lang='lat' dir='ltr'>epistolae,</span> <span class='ocrx_word' id='word_1_382' title='bbox 2247 4001 2457 4068; x_wconf 90' lang='lat' dir='ltr'>quam</span> <span class='ocrx_word' id='word_1_383' title='bbox 2484 3980 2680 4049; x_wconf 89' lang='lat' dir='ltr'>fratri</span> 
     </span>
     <span class='ocr_line' id='line_1_43' title="bbox 134 4068 2678 4161; baseline 0.001 -27"><span class='ocrx_word' id='word_1_384' title='bbox 134 4068 600 4146; x_wconf 88' lang='lat' dir='ltr'>Quodvultdeo</span> <span class='ocrx_word' id='word_1_385' title='bbox 642 4084 873 4140; x_wconf 89' lang='lat' dir='ltr'>nostro</span> <span class='ocrx_word' id='word_1_386' title='bbox 921 4071 1327 4161; x_wconf 75' lang='lat' dir='ltr'>coepiscopo</span> <span class='ocrx_word' id='word_1_387' title='bbox 1384 4070 1666 4159; x_wconf 88' lang='lat' dir='ltr'>scripsi,</span> <span class='ocrx_word' id='word_1_388' title='bbox 1724 4071 2050 4160; x_wconf 88' lang='lat' dir='ltr'>putabam</span> <span class='ocrx_word' id='word_1_389' title='bbox 2119 4092 2227 4138; x_wconf 89' lang='lat' dir='ltr'>me</span> <span class='ocrx_word' id='word_1_390' title='bbox 2295 4069 2421 4139; x_wconf 88' lang='lat' dir='ltr'>hoc</span> <span class='ocrx_word' id='word_1_391' title='bbox 2472 4090 2678 4139; x_wconf 91' lang='lat' dir='ltr'>onere</span> 
     </span>
     <span class='ocr_line' id='line_1_44' title="bbox 132 4156 2672 4254; baseline 0.001 -31"><span class='ocrx_word' id='word_1_392' title='bbox 132 4159 455 4254; x_wconf 80' lang='lat' dir='ltr'>caruisse,</span> <span class='ocrx_word' id='word_1_393' title='bbox 508 4158 692 4246; x_wconf 91' lang='lat' dir='ltr'>quod</span> <span class='ocrx_word' id='word_1_394' title='bbox 746 4158 917 4228; x_wconf 87' lang='lat' dir='ltr'>mihi</span> <span class='ocrx_word' id='word_1_395' title='bbox 988 4159 1405 4250; x_wconf 89' lang='lat' dir='ltr'>imposuisti,</span> <span class='ocrx_word' id='word_1_396' title='bbox 1458 4158 1854 4246; x_wconf 88' lang='lat' dir='ltr'>quaerendo</span> <span class='ocrx_word' id='word_1_397' title='bbox 1903 4158 2320 4237; x_wconf 90' lang='lat' dir='ltr'>consilium,</span> <span class='ocrx_word' id='word_1_398' title='bbox 2381 4156 2548 4243; x_wconf 91' lang='lat' dir='ltr'>quid</span> <span class='ocrx_word' id='word_1_399' title='bbox 2602 4159 2672 4226; x_wconf 93' lang='lat' dir='ltr'>in</span> 
     </span>
     <span class='ocr_line' id='line_1_45' title="bbox 136 4239 2673 4337; baseline 0 -25"><span class='ocrx_word' id='word_1_400' title='bbox 136 4239 241 4312; x_wconf 84' lang='lat' dir='ltr'>hts</span> <span class='ocrx_word' id='word_1_401' title='bbox 290 4248 637 4334; x_wconf 88' lang='lat' dir='ltr'>periculis.</span> <span class='ocrx_word' id='word_1_402' title='bbox 689 4269 868 4335; x_wconf 82' lang='lat' dir='ltr'>quae</span> <span class='ocrx_word' id='word_1_403' title='bbox 915 4246 983 4317; x_wconf 92' lang='lat' dir='ltr'>in</span> <span class='ocrx_word' id='word_1_404' title='bbox 1037 4261 1345 4337; x_wconf 89' lang='lat' dir='ltr'>tempora</span> <span class='ocrx_word' id='word_1_405' title='bbox 1394 4261 1627 4318; x_wconf 88' lang='lat' dir='ltr'>nostra</span> <span class='ocrx_word' id='word_1_406' title='bbox 1673 4258 2031 4328; x_wconf 86' lang='lat' dir='ltr'>venerunt,</span> <span class='ocrx_word' id='word_1_407' title='bbox 2090 4247 2310 4317; x_wconf 84' lang='lat' dir='ltr'>facere</span> <span class='ocrx_word' id='word_1_408' title='bbox 2339 4246 2673 4318; x_wconf 88' lang='lat' dir='ltr'>debeatis.</span> 
     </span>
     <span class='ocr_line' id='line_1_46' title="bbox 135 4333 1527 4428; baseline 0.001 -27"><span class='ocrx_word' id='word_1_409' title='bbox 135 4333 454 4412; x_wconf 85' lang='lat' dir='ltr'>Quamvis</span> <span class='ocrx_word' id='word_1_410' title='bbox 507 4336 695 4406; x_wconf 89' lang='lat' dir='ltr'>enim</span> <span class='ocrx_word' id='word_1_411' title='bbox 744 4336 1134 4428; x_wconf 91' lang='lat' dir='ltr'>epistolam,</span> <span class='ocrx_word' id='word_1_412' title='bbox 1173 4335 1301 4407; x_wconf 69' lang='lat' dir='ltr'>esc.</span> <span class='ocrx_word' id='word_1_413' title='bbox 1336 4335 1464 4427; x_wconf 87' lang='lat' dir='ltr'>(a).</span> <span class='ocrx_word' id='word_1_414' title='bbox 1491 4359 1527 4403; x_wconf 86' lang='lat'>»</span> 
     </span>
    </p>

    <p class='ocr_par' dir='ltr' id='par_1_5' title="bbox 182 4452 2683 4513">
     <span class='ocr_line' id='line_1_47' title="bbox 182 4452 2683 4513; baseline -0 -11"><span class='ocrx_word' id='word_1_415' title='bbox 182 4452 245 4507; x_wconf 77' lang='lat'>(⁰)</span> <span class='ocrx_word' id='word_1_416' title='bbox 271 4459 327 4499; x_wconf 68' lang='lat' dir='ltr'>Et</span> <span class='ocrx_word' id='word_1_417' title='bbox 354 4461 458 4501; x_wconf 79' lang='lat' dir='ltr'>Sur.</span> <span class='ocrx_word' id='word_1_418' title='bbox 491 4459 540 4502; x_wconf 69' lang='lat' dir='ltr'>et</span> <span class='ocrx_word' id='word_1_419' title='bbox 566 4461 780 4503; x_wconf 71' lang='lat' dir='ltr'>Bonum.</span> <span class='ocrx_word' id='word_1_420' title='bbox 806 4462 1068 4513; x_wconf 67' lang='lat' dir='ltr'>Epistolsm</span> <span class='ocrx_word' id='word_1_421' title='bbox 1097 4462 1158 4503; x_wconf 89' lang='lat' dir='ltr'>ob</span> <span class='ocrx_word' id='word_1_422' title='bbox 1186 4460 1507 4513; x_wconf 72' lang='lat' dir='ltr'>prolixitatem</span> <span class='ocrx_word' id='word_1_423' title='bbox 1535 4459 1778 4509; x_wconf 72' lang='lat' dir='ltr'>omittunt.</span> <span class='ocrx_word' id='word_1_424' title='bbox 1803 4470 1925 4512; x_wconf 64' lang='lat' dir='ltr'>quse</span> <span class='ocrx_word' id='word_1_425' title='bbox 1954 4463 2031 4501; x_wconf 73' lang='lat' dir='ltr'>est</span> <span class='ocrx_word' id='word_1_426' title='bbox 2059 4462 2135 4502; x_wconf 76' lang='lat'>160</span> <span class='ocrx_word' id='word_1_427' title='bbox 2174 4458 2224 4501; x_wconf 83' lang='lat' dir='ltr'>in</span> <span class='ocrx_word' id='word_1_428' title='bbox 2242 4458 2366 4502; x_wconf 74' lang='lat' dir='ltr'>narie</span> <span class='ocrx_word' id='word_1_429' title='bbox 2387 4460 2510 4511; x_wconf 66' lang='lat' dir='ltr'>apud</span> <span class='ocrx_word' id='word_1_430' title='bbox 2531 4460 2683 4510; x_wconf 67' lang='lat' dir='ltr'>opera</span> 
     </span>
    </p>
   </div>
  </div>
 </body>
</html>
