3308 5004
688 323 816 389 736
1185 338 1253 387 m
1301 337 1494 387 πετο
1542 337 1879 387 οεῦοιωτ.
1933 337 1990 384 S.
2041 335 2270 384 somn.
2324 336 2503 383 narr.
2823 316 3010 385 AUG.
3062 317 3145 383 29

686 428 723 513 ἓ
769 429 912 499 14.
958 423 1080 493 His
1126 422 1226 492 sic
1276 423 1511 513 gestiS,
1566 435 1761 513 pater
1819 421 2101 509 quidem
2170 421 2393 491 vivam
2441 418 2660 489 filiam
2708 417 2995 490 domum
3047 441 3152 489 re·

603 514 848 595 ducit,
902 524 968 582 et
1029 512 1358 601 lacrymis
1406 511 1613 581 simul
1666 523 1730 580 et
1777 509 2034 602 gaudio
2085 507 2368 600 plenuS,
2418 523 2486 579 et
2530 507 3043 590 admirabilem,
3095 518 3155 579 et

596 624 775 688 quae
825 614 1092 692 praeter
1137 600 1535 692 opinionem
1587 598 1957 682 acciderat,
2013 598 2199 668 filiae
2232 620 2525 669 narrans
2574 597 3147 688 redemptionem.

599 691 729 773 Qui
759 703 991 760 autem
1040 688 1595 760 circumsistebat
1656 688 2001 780 populuS,
2058 687 2321 777 insigni
2368 686 2706 757 miraculo
2753 686 3154 777 obstupefa-

599 792 773 859 ctus,
811 780 1125 869 ingentes
1175 784 1306 848 Deo
1353 778 1600 868 agebat
1628 778 1912 868 gratias.
1955 780 2097 855 Quo
2136 775 2391 845 factum
2422 789 2549 857 est,
2592 787 2671 845 ut
2716 774 3156 845 praecursori

605 868 937 958 templum
989 867 1132 937 illic
1170 880 1672 946 construerent,
1711 866 1834 936 ubi
1865 865 2123 935 factum
2159 865 2382 935 fuerat
2416 863 2862 934 miraculum.
2899 869 2976 933 In
3016 886 3152 953 quo

599 979 759 1025 cum
797 957 984 1026 hunc
1034 978 1312 1026 sacrum
1361 969 1426 1024 et
1461 955 1838 1025 mirificum
1872 954 2169 1045 digitum
2206 953 2713 1043 deposuissent,
2749 975 2911 1023 eum
2958 953 3151 1023 festis

603 1047 942 1114 honorant
973 1044 1487 1127 anniversariis,
1517 1043 1964 1125 miraculum,
1999 1042 2181 1130 quod
2219 1041 2477 1112 sactum
2514 1041 2759 1123 fuerat,
2814 1064 2936 1131 per
2960 1062 3154 1111 com-

591 1134 1168 1205 memorationem
1241 1133 1783 1204 transmittentes
1843 1131 1931 1202 ad
1984 1146 2313 1222 posteros,
2369 1130 2631 1201 Dicitur
2688 1131 2895 1200 etiam
2955 1129 3149 1200 aliud

599 1244 873 1310 quoque
935 1224 1190 1292 mirum
1241 1221 1373 1292 tale
1421 1222 1568 1291 fieri
1611 1221 1667 1291 si
1724 1243 1936 1291 num:
1991 1221 2215 1312 Hujus
2263 1218 2525 1290 scilicet
2573 1231 2849 1289 sanctae
2897 1242 3148 1290 manus

601 1310 975 1399 aliquando
1022 1310 1301 1398 quidem
1342 1310 1632 1394 extendi,
1716 1312 1941 1412 igitOS,
1974 1308 2352 1397 aliquando
2388 1330 2551 1400 vero
2597 1307 2939 1377 contrahi:
2979 1331 3150 1396 quo-

605 1401 1208 1502 rum-extensione
1252 1399 1533 1501 quidem
1599 1397 1983 1499 significari
2044 1398 2459 1469 fertilitatem
2525 1395 2877 1469 fructuum
2912 1451 2930 1477 ,
2985 1420 3149 1469 con-

606 1502 934 1558 tractione
981 1502 1235 1568 autern,
1293 1510 1598 1578 inopiam
1634 1501 1700 1557 et
1736 1510 2125 1579 penuriam.

688 1579 724 1665 ξ
771 1582 915 1650 15.
961 1583 1125 1646 Cum
1177 1590 1404 1647 autem
1457 1577 1703 1659 multi,
1766 1578 1889 1663 qui
1934 1588 2091 1645 ante
2141 1598 2266 1645 nos
2312 1574 2636 1656 fuerunt,
2690 1579 3144 1665 Imperatores

602 1667 780 1735 lianc
831 1688 1114 1735 manum
1167 1664 1672 1736 desiderassent
1724 1665 1969 1753 quovis
2020 1664 2221 1736 modo
2270 1663 2662 1756 possidere,
2728 1685 2855 1733 nec
2895 1665 3140 1745 sinere,

602 1769 678 1825 ut
726 1768 992 1824 tantum
1044 1754 1303 1825 bonum
1364 1765 1669 1824 maneret
1715 1754 1903 1844 apud
1953 1754 2284 1824 barbaras
2358 1767 2593 1843 gentes
2623 1806 2640 1833 ,
2692 1774 2874 1839 quae
2924 1765 3145 1844 partes

559 1924 562 1927 Α
603 1844 758 1914 illas
789 1856 1232 1933 occuparant,
1287 1844 1677 1932 captivum:
1732 1844 2117 1933 augebatur
2162 1841 2480 1930 quidem,
2537 1863 2618 1911 ac
2667 1842 2943 1933 vigebat
3003 1842 3145 1930 ejus

604 1932 697 2000 rei
747 1930 1207 2002 desiderium:
1263 1932 1378 2001 sed
1433 1932 1705 2012 modus,
1743 1954 1879 2019 quo
1930 1932 1997 2001 id
2041 1931 2490 2033 possiderent,
2549 1930 3000 2002 nullo‘modo
3038 1933 3139 2000 in-

603 2020 819 2089 veniri
852 2032 1132 2110 poterat.
1169 2026 1433 2090 Etcum
1464 2020 1564 2089 eis
1588 2020 1963 2112 aliquando
1997 2043 2219 2091 visum
2251 2032 2451 2101 esset,
2483 2018 2716 2090 dando
2748 2021 3133 2110 pecuniam,

603 2109 804 2178 talem
855 2131 1259 2197 comparare
1309 2109 1735 2190 thesaurum,
1792 2111 2045 2191 aerem,
2101 2124 2176 2179 ut
2206 2121 2309 2179 est
2358 2109 2426 2178 in
2468 2109 2852 2196 proverbiO,
2895 2107 3138 2199 pugnis

600 2197 946 2267 caedebat.
988 2197 1511 2270 Desiderabatur
1542 2220 1705 2289 ergo
1745 2200 1832 2267 ab
1859 2198 2235 2269 homnibus
2263 2221 2305 2267 a
2331 2197 2590 2284 quibus
2622 2219 2874 2275 nomen
2903 2195 3139 2267 Christi

601 2299 702 2356 est
743 2287 1174 2356 invocatum:
1219 2301 1284 2357 et
1314 2291 1741 2373 quicumque
1790 2287 1858 2355 in
1909 2287 2060 2375 ejus
2109 2288 2206 2357 rei
2255 2289 2655 2357 versabatur
2701 2287 3128 2376 cogitatione,

608 2382 815 2445 Deum
870 2377 1152 2466 rogabat
1181 2376 1553 2466 gemitibus
1588 2375 2197 2458 inenarrabilibus,
2229 2388 2307 2445 ut
2334 2375 2654 2465 benignis
2683 2376 2902 2445 oculis
2933 2395 3133 2444 suum

602 2463 986 2555 adspiceret
1034 2464 1397 2555 populum,
1468 2476 1532 2536 et
1579 2466 1732 2556 ejus
1777 2487 1939 2535 eum
1986 2463 2287 2535 efficeret
2358 2485 2819 2555 possessorem
2876 2475 2935 2533 et
2980 2481 3129 2549 spe·

602 2566 953 2624 ctatorem.
1008 2555 1347 2637 Quoniam
1384 2567 1612 2624 autem
1649 2554 1926 2623 divinae
1976 2553 2446 2645 providentiae
2478 2565 2644 2625 sunt
2688 2552 2904 2623 omnia
2938 2570 3122 2648 prae·

605 2643 821 2720 finita,
875 2644 937 2711 ei
984 2644 1105 2730 qui
1152 2644 1388 2713 omnia
1439 2644 1802 2733 praescivit
1850 2655 2007 2712 ante
2056 2643 2401 2715 mundum
2450 2643 2794 2712 conditum
2825 2693 2847 2721 ,
2906 2636 3127 2738 desp}-

604 2732 811 2801 cienti
849 2744 1157 2822 tempora
1204 2745 1478 2801 nostrae
1528 2732 1953 2813 inscientiae,
2023 2732 2284 2824 placuit
2334 2754 2454 2821 per
2514 2731 2762 2802 multas
2807 2749 2965 2798 suas
3002 2748 3133 2795 tm-

605 2821 1003 2901 serationeS,
1042 2822 1211 2891 utin
1242 2821 1370 2890 hac
1406 2842 1683 2909 quoque
1712 2821 2153 2912 generatione
2187 2822 2603 2892 revelaretur
2634 2821 2760 2890 hoc
2811 2835 3134 2908 magnum

603 2922 668 2978 et
706 2909 980 3000 insigne
1031 2910 1490 2991 miraculum,
1543 2909 1612 2978 in
1662 2932 1803 2997 qua
1865 2910 2354 2980 Constantinus
2408 2914 2490 2980 Vl
2538 2923 2605 2981 et
2651 2915 3002 2980 Romanus
3051 2909 3132 2985 II,

600 2999 722 3084 qui
768 2998 965 3089 digni
1014 3011 1179 3068 sunt
1214 2999 1484 3090 magnis
1521 2998 1884 3079 laudibuS,
1937 3001 2026 3070 ab
2076 2999 2226 3088 ipso
2272 3014 2431 3069 ortu
2489 2997 2860 3090 purpureis
2916 2993 3135 3065 fasciis

603 3087 916 3168 involuti,
970 3088 1298 3188 regebant
1361 3088 1670 3157 habenas
1741 3088 2047 3177 Imperii.
2101 3088 2174 3157 Id
2227 3099 2457 3157 autem
2506 3098 2608 3158 est
2640 3143 2657 3167 ,
2723 3082 3138 3156 venerandae

497 3221 502 3228 ·
605 3180 1078 3245 Praecursoris
1113 3198 1360 3246 manus
1407 3177 1807 3266 exportatiO,
1847 3188 1913 3245 et
1961 3177 2297 3247 revocatio
2341 3176 2545 3266 (anno
2590 3177 2776 3264 956).

692 3267 728 3351 ξ
775 3269 927 3335 16.
982 3264 1223 3334 Modus
1269 3275 1498 3334 autem
1532 3265 2008 3348 revocationis,
2052 3278 2155 3336 est
2181 3264 2377 3335 valde
2410 3265 2753 3334 mirabilis
2777 3277 2846 3334 et
2897 3272 3149 3355 praetet-

603 3352 1026 3441 opinionem.
1081 3358 1246 3422 Nam
1300 3353 1401 3422 vir
1431 3354 1759 3440 quidam,
1813 3355 1936 3442 qui
1999 3368 2146 3425 erat
2190 3354 2449 3426 relatus
2498 3354 2567 3423 in
2618 3368 2874 3424 sortem
2929 3353 3154 3422 diaco-

607 3462 853 3510 norum
903 3442 1299 3511 Antiochiae
1343 3442 1663 3525 civitatis,
1714 3444 1844 3513 Job
1895 3444 2215 3525 nomine,
2274 3464 2572 3535 superne
2630 3442 3048 3533 inspiratus,
3096 3451 3160 3510 et

605 3529 839 3599 divino
898 3530 1041 3600 zelo
1092 3531 1415 3621 repletuS,
1472 3532 1658 3622 apud
1711 3554 1783 3604 se
1837 3532 2202 3624 cogitabat,
2260 3544 2486 3623 posset
2533 3553 2620 3601 ne
2681 3529 3161 3603 Praecursoris

606 3619 986 3689 suffuratus
1039 3625 1414 3703 Dexteram,
1446 3641 1596 3690 eam
1649 3621 1911 3690 donum
1947 3621 2415 3691 desideratum
2445 3619 2551 3690 lar
2600 3619 2685 3690 iri
2721 3621 3158 3692 Christianis:

604 3724 808 3795 atque
856 3708 1026 3779 adeo
1073 3709 1156 3779 ad
1190 3709 1394 3779 talem
1446 3711 1780 3811 processit
1825 3710 2344 3800 experientiam.
2389 3709 2555 3780 Pulc
2613 3731 2766 3779 rum
2820 3709 3163 3799 templum

433 3781 440 3792 ⁸
511 3851 526 3856 -
604 3810 668 3866 et
715 3797 1061 3867 excelsum
1114 3799 1245 3870 sub
1287 3820 1556 3868 nomine
1597 3799 1777 3868 Petri
1815 3799 2294 3886 Apostolorum
2346 3798 2571 3889 princi
2628 3798 2685 3869 is
2725 3800 3037 3889 positum
3069 3806 3168 3869 est

605 3886 674 3954 in
725 3908 807 3955 ea
854 3887 1147 3956 civitate.
1187 3893 1265 3957 In
1318 3887 1534 3975 hujus
1582 3887 1921 3958 vestibulo
1976 3910 2137 3958 cum
2200 3909 2397 3957 suam
2468 3887 2528 3959 is
2600 3886 2844 3958 ecisset
2893 3885 3171 3956 habita-

607 3975 884 4052 tionem,
936 3998 1096 4045 cum
1145 3997 1527 4058 sacrorum,
1578 3997 1757 4064 quae
1806 3976 1947 4064 illic
1993 3989 2221 4058 erant,
2277 3997 2594 4046 vasorum
2658 3974 2947 4046 custode
3014 3975 3171 4046 iniit

605 4064 1011 4145 amicitiam,
1043 4077 1119 4134 ut
1156 4086 1235 4134 ea
1267 4063 1353 4134 de
1377 4087 1588 4135 causa
1623 4078 1912 4136 tentaret
1956 4086 2117 4136 cum
2145 4065 2297 4156 ipso
2336 4077 2475 4135 tota
2507 4076 2704 4135 nocte
2726 4065 3173 4135 venerandae

611 4174 862 4222 manus
896 4153 1203 4223 assidere
1238 4152 1487 4224 loculo.
1541 4159 1910 4243 Postquam
1964 4165 2191 4225 autem
2245 4153 2558 4245 petitioni
2617 4175 2751 4246 non
2799 4155 3070 4226 annuit
3114 4154 3173 4227 is

604 4241 721 4310 cui
753 4240 1014 4311 credita
1059 4241 1282 4313 fuerat
1319 4243 1658 4325 custodia,
1713 4242 2148 4334 inopinatum
2198 4241 2367 4330 quid
2418 4242 2754 4333 cogitans,
2806 4241 2899 4312 ad
2954 4244 3172 4314 aliam

606 4329 847 4400 transit
884 4329 1488 4402 machinationem.
1544 4336 1711 4402 Cum
1762 4345 2171 4422 sumptuosa
2201 4343 2270 4402 et
2306 4330 2496 4402 lauta
2546 4333 2787 4402 mensa
2831 4353 3005 4404 eum
3053 4355 3169 4405 ex-

609 4415 990 4500 hilarasset,
1046 4431 1111 4489 et
1155 4420 1377 4490 amice
1422 4442 1582 4492 eum
1624 4420 1709 4492 ad
1761 4420 2142 4492 bibendum
2170 4419 2549 4506 invitand0,
2586 4419 2675 4492 ad
2727 4418 3168 4510 profundum
