3308 5004
207 335 390 402 AUG.
444 337 484 401 9
864 352 942 399 nn
988 352 1080 399 ss.
1136 352 1252 400 int.
1305 351 1701 401 sncnnmmo
1749 354 1825 401 Er
1872 353 2073 403 socns
2532 339 2661 404 227

294 441 431 526 §2
474 436 670 507 Ducti
707 447 871 507 sunt
910 457 1074 527 ergo
1128 436 1367 507 eodem
1415 436 1526 507 die
1569 437 2070 508 Centumcellas
2099 439 2133 474 ²*
2166 461 2207 508 a
2255 439 2620 523 militibus,
2681 451 2748 512 et

204 526 438 597 traditi
485 530 738 610 Quarto
786 531 1101 596 Promoto
1148 524 1524 596 consulari.
1577 531 1670 596 Eo
1708 527 1999 617 jubente
2049 527 2226 599 trusi
2273 541 2435 600 sunt
2483 529 2555 599 in
2615 553 2743 602 cu-

200 614 497 687 stodiam
527 670 543 697 ,
595 637 756 685 curn
805 613 869 683 ei
918 613 1325 688 mandatum
1372 626 1598 697 esset,
1653 637 1739 684 ne
1786 637 1902 687 eos
1950 616 2172 686 ‘vivere
2220 630 2611 707 pateretur,
2683 619 2744 689 si

198 704 465 776 nollent
510 702 647 774 diis
693 703 935 773 offerre
968 703 1333 773 sacrificia.
1377 704 1633 774 Deinde
1659 703 1874 793 jussit
1903 704 2038 776 sibi
2072 707 2394 796 apparari
2436 707 2744 778 tribunal

202 795 271 864 in
319 792 467 863 foro
497 848 513 875 ,
566 804 771 880 atque
817 791 961 861 illic
1006 814 1238 862 coram
1287 814 1359 862 se
1408 792 1612 863 statui
1663 793 2118 864 simulacrum
2170 795 2448 866 Saturni
2495 796 2565 865 in
2621 796 2742 866 tri-

204 882 402 983 pode,
443 881 794 969 simulque
828 881 1367 964 secundianum,
1403 881 1921 953 Marcellianum
1954 895 2018 953 et
2050 883 2416 954 Verianum
2458 883 2740 968 adduci,

206 971 425 1058 iisque
471 972 567 1040 ita
611 991 742 1040 ceu
786 970 1081 1061 egregiis
1129 969 1378 1041 Christi
1423 970 1699 1041 athletis
1747 971 2106 1062 praeconis
2139 994 2299 1042 voce
2329 972 2510 1041 dici:
2555 996 2591 1040 «
2627 978 2746 1043 In-

205 1060 657 1130 troducantur
702 1059 838 1128 huc
887 1059 956 1127 in
1000 1063 1317 1129 Caesares
1354 1072 1821 1141 contumaces,
1856 1070 1922 1130 et
1967 1082 2127 1151 erga
2166 1060 2331 1132 deos
2370 1061 2746 1153 obstrepeti

203 1162 265 1219 et
314 1149 622 1218 rebelles.
661 1170 698 1215 »
748 1147 898 1217 Illis
945 1147 1352 1219 introductis
1398 1154 1760 1219 Promotus
1808 1149 1940 1219 ait:
1979 1172 2016 1215 «
2058 1154 2192 1219 Cur
2224 1171 2358 1219 non
2391 1151 2743 1241 obtempe-

205 1239 407 1309 rastis
452 1236 696 1315 edictis
744 1236 1191 1327 principum,
1245 1248 1309 1308 et
1357 1235 1492 1307 diis
1539 1241 1841 1308 cervices
1890 1249 2147 1309 vestras
2208 1251 2411 1326 atque
2472 1240 2746 1309 animos

204 1327 677 1398 submisistis?
726 1348 763 1392 »
814 1325 1293 1396 Secundianus
1343 1325 1748 1416 respondit:
1804 1349 1840 1393 «
1892 1332 2023 1398 Nos
2070 1328 2561 1418 omnipotentis
2627 1329 2747 1398 Dei

194 1417 395 1507 jussa
442 1415 896 1506 capessimuS,
956 1435 1091 1483 non
1142 1413 1426 1485 diaboli.
1469 1437 1504 1482 »
1546 1420 1908 1486 Promotus
1941 1415 2157 1485 dixit:
2204 1439 2240 1483 «
2281 1415 2455 1485 Audi
2498 1438 2605 1485 me
2643 1418 2748 1485 vir

204 1504 735 1596 sapientissime,
788 1515 853 1574 et
899 1503 1282 1573 sacrificate
1329 1503 1487 1574 diis.
1536 1527 1573 1570 »
1623 1509 1951 1594 Martyres
2001 1526 2108 1574 res
2161 1503 2539 1575 onderunt:
2587 1528 2623 1572 «
2677 1505 2747 1575 Si

204 1594 399 1684 digni
449 1593 694 1674 simus,
749 1592 1066 1681 nosipsos
1112 1592 1439 1682 cupimus
1472 1597 1605 1663 Deo
1633 1594 1877 1663 offerre
1918 1593 2095 1664 sacri
2153 1594 2366 1675 cium,
2408 1616 2545 1664 non
2580 1594 2744 1664 dae-

206 1683 531 1752 monibus
579 1680 1003 1751 sacrificare:
1058 1702 1219 1750 cum
1266 1682 1526 1768 quibus
1573 1704 1692 1754 vos
1738 1694 1802 1751 et
1836 1682 2059 1773 princi
2112 1703 2186 1750 es
2220 1682 2424 1752 vestri
2448 1683 2596 1770 jam
2631 1704 2745 1752 ae-

206 1784 475 1842 ternum
527 1770 834 1840 damnati
867 1824 883 1851 ,
934 1769 1019 1839 ad
1072 1783 1344 1860 tempus
1390 1769 1616 1840 facitis
1665 1793 1743 1839 ea
1791 1793 1968 1859 quae
2017 1770 2064 1840 il
2097 1792 2294 1839 orum
2346 1782 2510 1841 sunt
2570 1771 2746 1841 bene

206 1871 400 1950 grata
448 1859 805 1930 voluntati.
862 1882 899 1925 »
947 1864 1116 1927 Tum
1167 1864 1527 1929 Promotus
1565 1860 1781 1949 jussit
1825 1883 1940 1930 eos
2004 1859 2382 1949 expoliatos
2446 1860 2745 1930 fustibus

203 1949 423 2019 caedi.
476 1948 585 2017 Illi
633 1969 790 2017 vero
839 1947 1009 2017 dum
1058 1948 1602 2031 verberarentur,
1654 1949 2082 2018 clamabant:
2129 1971 2163 2014 «
2203 1946 2431 2018 Gloria
2465 1949 2590 2018 tibi
2623 1954 2747 2018 Do-

204 2038 412 2118 mine,
465 2036 648 2124 quod
702 2058 1053 2106 meremur
1098 2037 1370 2106 admitti
1418 2037 1488 2105 in
1541 2038 1849 2125 requiem
1898 2049 2111 2107 tuam.
2168 2061 2203 2104 »
2254 2037 2423 2106 Inde
2471 2060 2746 2128 praece-

202 2127 305 2217 pit
349 2148 467 2196 eos
514 2132 874 2196 Promotus
920 2125 1141 2214 erigi,
1194 2125 1503 2213 dixitque
1548 2127 1685 2194 eis:
1742 2149 1779 2192 «
1831 2126 2223 2196 Sacrificate
2269 2126 2440 2195 diis:
2494 2149 2579 2196 en
2630 2126 2744 2196 hic

202 2228 477 2316 praesto
496 2227 598 2284 est
623 2214 1154 2315 simulacrum.»
1182 2219 1261 2283 In
1300 2215 1481 2301 quod
1520 2238 1677 2285 cum
1711 2214 1812 2284 illi
1846 2215 2266 2305 eripuissent,
2312 2214 2539 2286 subito
2571 2213 2745 2285 illud

207 2313 493 2386 corruit,
536 2315 603 2373 et
641 2315 1151 2374 comminutum
1183 2315 1307 2373 est.

292 2395 329 2479 ξ
375 2397 457 2465 8.
512 2393 586 2462 Id
637 2414 929 2463 cernens
977 2397 1336 2464 Promotus
1367 2447 1382 2473 ,
1436 2391 1538 2461 ira
1587 2392 1914 2482 percitus,
1968 2391 2181 2461 voluit
2240 2402 2319 2460 ut
2368 2391 2435 2460 in
2485 2390 2744 2461 eculeis

206 2480 819 2573 suspenderentur,
872 2493 939 2552 et
983 2501 1222 2551 eorum
1272 2480 1484 2551 latera
1534 2502 1626 2550 un
1685 2481 1819 2551 ulis
1851 2480 2275 2551 raderentur.
2322 2480 2603 2550 Interim
2640 2479 2745 2550 di-

203 2573 400 2641 cebat
446 2571 570 2653 eiS,
624 2583 702 2641 ut
747 2570 881 2640 diis
930 2570 1419 2640 sacrificarent.
1473 2575 1550 2640 At
1589 2571 1633 2639 il
1672 2571 1688 2638 i
1725 2591 2005 2640 sursum
2046 2569 2288 2639 erectis
2323 2568 2736 2650 luminibuS,

203 2660 518 2750 ajebant:
574 2682 610 2726 «
661 2660 925 2729 Gratias
974 2659 1099 2728 tibi
1145 2682 1180 2728 a
1236 2659 1419 2729 imus
1466 2659 1752 2728 Domine
1789 2659 1951 2728 Jesu
1984 2658 2265 2727 Christe.
2308 2681 2344 2724 »
2377 2663 2548 2726 Tum
2586 2662 2746 2728 Pro-

203 2762 435 2819 motus
490 2748 704 2838 jussit
763 2748 847 2817 ad
899 2769 1139 2817 eorum
1216 2761 1402 2818 atera
1448 2748 1769 2817 flammas
1824 2746 2204 2816 admoveri:
2267 2746 2574 2833 dumque
2640 2746 2746 2816 illi

202 2837 300 2907 sic
333 2849 702 2917 torrentur,
744 2848 1018 2938 repente
1046 2858 1234 2906 unus
1262 2858 1341 2906 ex
1375 2836 1823 2906 carnificibus
1861 2836 2315 2926 extinguitur:
2361 2835 2483 2904 alii
2515 2858 2554 2905 a
2585 2835 2745 2905 dae-

204 2927 532 2997 monibus
580 2938 872 3016 arrepti,
925 2925 1260 2995 clamant:
1297 2949 1334 2992 «
1367 2931 1501 2995 Cur
1549 2947 1675 2995 nos
1712 2925 2061 3013 torquetis,
2102 2925 2321 2994 sancti
2352 2923 2509 2993 Dei?
2541 2947 2577 2990 »
2608 2930 2744 2994 Tu-

201 3014 280 3084 lit
328 3037 485 3086 vero
533 3015 606 3084 in
645 3036 762 3084 eos
796 3014 1201 3084 sententiam
1242 3020 1627 3095 Promotus,
1662 3025 1739 3083 ut
1767 3014 1989 3104 capite
2022 3013 2456 3103 punirentur,
2496 3025 2561 3082 et
2591 3035 2744 3083 cor-

100 3110 113 3121 ‘
201 3126 371 3194 pora
415 3124 659 3173 eorum
722 3103 791 3172 in
861 3124 1047 3172 mare
1101 3104 1550 3193 jactarentur.
1623 3103 1818 3172 Ducti
1883 3114 2045 3174 sunt
2102 3103 2313 3193 igitur
2368 3101 2439 3170 in
2511 3100 2743 3173 locum

249 3192 575 3263 uemdam
624 3192 1357 3283 sexagesimosecundo
1405 3192 1732 3261 milliario
1780 3191 1866 3261 ab
1919 3192 2090 3261 urbe
2143 3196 2358 3260 Roma
2389 3245 2404 3271 ,
2459 3189 2743 3278 illicque

150 3318 167 3335 ·
199 3214 521 3352 decollati
570 3292 755 3362 sunt,
808 3292 874 3351 et
904 3302 1193 3371 corpora
1228 3280 1527 3372 projecta
1569 3281 1638 3349 in
1683 3302 1894 3351 mare.
1931 3280 2183 3349 Eadem
2220 3290 2414 3350 nocte
2452 3278 2742 3365 quidam

201 3370 450 3440 Christi
500 3391 762 3452 servus,
817 3370 1156 3441 Deodatus
1203 3372 1507 3451 nomine,
1559 3394 1600 3440 a
1665 3370 1876 3439 maris
1938 3369 2133 3439 litore
2195 3390 2275 3438 ea
2330 3367 2637 3447 abstulit,
2677 3379 2744 3438 et

201 3459 559 3529 mandavit
606 3458 999 3550 sepulturae
1047 3460 1231 3550 apud
1282 3481 1442 3528 eum
1492 3460 1722 3529 locum
1756 3514 1771 3539 ,
1837 3480 1972 3546 quo
2035 3457 2257 3548 capite
2309 3456 2491 3527 caesi
2549 3468 2735 3537 sunt,

203 3550 445 3635 quinto
495 3547 660 3618 Idus
706 3553 801 3618 Au
859 3549 993 3618 usti
1028 3604 1043 3631 ,
1096 3549 1220 3618 ubi
1270 3549 1548 3619 illorum
1600 3547 1832 3638 vigent
1895 3547 2282 3627 orationes,
2353 3555 2742 3637 praestante

205 3637 492 3795 Domino
542 3648 775 3708 nostro
809 3571 997 3708 &Jesu
1044 3637 1349 3719 ChristO,
1404 3637 1517 3706 cui
1564 3649 1666 3709 est
1715 3637 1934 3706 honor
1980 3649 2045 3706 et
2092 3635 2310 3725 gloria
2371 3635 2439 3704 in
2508 3633 2741 3704 secula

209 3746 366 3795 secu
397 3747 626 3796 orum.

264 3907 289 3933 ⁸
317 3908 418 3949 ltu.
446 3909 765 3950 ctvuaveechta.
