3308 5004
289 370 480 439 AUG.
534 370 620 436 20
991 388 1071 436 nr.
1115 387 1170 442 s.
1219 387 1550 438 nmmo
1597 387 1741 436 Ana.
1793 379 2178 437 cunum..
2624 371 2754 436 509

292 468 568 561 signis?
611 473 884 552 Quanta
931 490 1321 550 numerare,
1361 491 1449 538 ne
1479 468 1707 538 dicam
1744 490 2047 551 narrare,
2100 466 2383 538 difficile
2426 467 2621 538 foret.
2675 473 2845 540 Nam

294 573 362 630 et
408 557 645 628 eodem
704 569 1012 648 tempore
1066 558 1275 629 scribi
1344 569 1757 647 coeperant:
1811 557 1930 627 sed
2000 557 2152 649 ipsa
2209 557 2495 629 demum
2559 558 2848 648 scripto-

295 669 445 718 rem
495 648 959 718 numerositas
1005 646 1557 727 scribendorum,
1596 660 1661 717 et
1717 646 2006 716 materia
2053 647 2405 738 superavit
2451 659 2842 719 auctorem:

298 736 636 807 nimirum
688 759 852 807 cum
901 735 1277 824 aliquando
1325 758 1468 806 una
1514 735 1627 805 die
1675 734 1919 826 viginti
1977 757 2101 806 seu
2148 735 2386 827 plures
2444 736 2534 806 ab
2587 736 2850 810 incom-

299 824 525 897 modis
564 826 774 897 variis
824 837 1258 908 sanarentur,
1312 846 1438 895 nec
1487 824 1688 895 facile
1746 824 1834 895 ab
1875 824 2282 914 hujusmodi
2334 824 2483 895 dies
2530 824 2677 896 ulla
2734 847 2851 896 va-

296 928 501 984 caret.
558 915 863 1004 Denique
905 914 1140 1073 Elures
1177 935 1256 984 eo
1310 924 1617 1006 tempore
1678 914 1990 986 Christus
2040 936 2164 1006 per
2201 915 2380 985 servi
2427 914 2540 985 sui
2587 925 2846 985 tactum

285 1017 364 1073 et
407 1005 811 1085 orationem,
865 1026 900 1073 a
1008 1004 1182 1095 ipsis
1227 1003 1433 1073 etiam
1472 1003 1714 1075 matris
1746 1004 1963 1074 uteris
1992 1026 2232 1075 caecos
2270 1003 2852 1085 videre,-claudos

296 1092 683 1176 ambulare,
729 1092 960 1164 aridos
992 1092 1491 1175 convalescere,
1523 1092 1775 1164 surdos
1806 1093 1966 1164 fecit
1997 1093 2240 1163 audire
2270 1106 2338 1162 et
2371 1104 2599 1163 mutos
2631 1092 2847 1181 loqui,

296 1181 694 1254 mirabilius
727 1183 1123 1253 restituente
1206 1182 1402 1266 ratiA,
1437 1182 1623 1270 quod
1676 1182 1915 1253 minus
1968 1182 2369 1274 praestitum
2406 1180 2629 1252 fuerat
2660 1206 2699 1251 a
2736 1203 2855 1253 na-

297 1282 475 1341 tura.
536 1277 668 1343 Nec
722 1285 949 1342 tamen
990 1293 1070 1342 ex
1119 1271 1163 1341 il
1199 1294 1238 1341 a
1286 1270 1706 1363 profectione
1751 1271 2119 1343 orientalis
2168 1269 2474 1342 Ecclesia
2522 1271 2801 1342 liberari
2832 1327 2848 1354 ,

297 1358 415 1430 sed
467 1361 744 1431 colestis
794 1361 1030 1430 laetari
1067 1361 1317 1431 meruit
1349 1374 1414 1430 et
1451 1361 1544 1430 im
1604 1360 1752 1430 leri.

387 1451 424 1536 §
465 1454 598 1523 11.
655 1449 850 1533 Quod
886 1450 946 1519 si
979 1449 1241 1538 placuit
1293 1455 1427 1520 -Deo
1475 1451 1596 1519 tai
1640 1450 2003 1521 occasione
2066 1448 2533 1541 plurimorum
2571 1446 2852 1536 quidem

298 1538 603 1639 eripere;
650 1540 710 1609 si
759 1560 893 1609 non
957 1537 1410 1609 Orientalium
1460 1561 1752 1630 corpora
1809 1563 1851 1609 a
1904 1540 2247 1630 paganis,
2310 1537 2854 1610 Occidentalium

295 1649 571 1697 animas
604 1650 645 1697 a
677 1627 1012 1718 peccatis:
1045 1629 1203 1715 quis
1232 1626 1482 1698 audeat
1514 1628 1743 1698 dicere
1769 1627 1894 1711 illi,
1926 1628 2094 1716 quid
2129 1627 2351 1698 fecisti
2378 1627 2512 1697 sic?
2534 1631 2662 1697 Aut
2698 1625 2857 1714 quis

298 1728 480 1787 certe
527 1717 808 1809 sapiens
856 1717 1137 1787 illorum
1189 1728 1440 1787 sortem
1502 1718 1727 1809 magis
1775 1739 1912 1787 non
1962 1716 2216 1798 doleat,
2267 1717 2390 1805 qui
2437 1715 2525 1785 ad
2576 1716 2804 1808 priora
2836 1769 2853 1797 ,

297 1805 405 1875 vel
438 1806 609 1877 forte
647 1806 734 1877 ad
770 1808 1003 1898 pejora
1051 1806 1401 1897 prioribus
1439 1806 1698 1876 scelera
1736 1806 2113 1887 redierunt,
2154 1828 2368 1893 quam
2402 1826 2642 1875 eorum
2678 1827 2858 1874 mor-

302 1907 465 1978 tem,
519 1896 639 1983 qui
679 1897 750 1965 in
785 1894 1128 1966 fructibus
1163 1896 1620 1985 poenitentiae
1664 1908 1994 1987 purgatas
2033 1896 2244 1966 variis
2288 1892 2859 1966 tribulationibus

304 1983 577 2053 animas
625 1985 889 2055 Christo
927 1983 1433 2054 reddiderunt?
1480 1985 1800 2074 Alioquin
1830 1984 2217 2074 quamlibet
2248 1983 2485 2053 dicant
2520 1983 2854 2074 Aegyptii,

305 2072 544 2141 dicant
592 2071 718 2142 filii
766 2075 1232 2154 tenebrarum,
1284 2073 1406 2162 qui
1440 2075 1793 2144 veritatem
1826 2096 1951 2144 nec
1984 2073 2217 2144 videre
2257 2073 2509 2155 valent,
2550 2094 2677 2142 nec
2710 2094 2864 2162 pro-

308 2159 510 2230 ferre.
561 2161 816 2232 Callide
879 2163 1116 2233 eduxit
1180 2184 1343 2242 eos,
1400 2174 1478 2232 ut
1541 2163 1958 2234 interficeret
2019 2162 2091 2231 in
2140 2162 2457 2233 deserto:
2529 2163 2865 2252 patienter

312 2249 552 2320 tolerat
600 2251 910 2322 Christus
961 2251 1270 2321 Salvator
1323 2253 1780 2409 opfirobrium
1816 2308 1831 2334 ,
1892 2252 2079 2340 quod
2135 2264 2403 2321 tantum
2466 2251 2865 2320 animarum

313 2337 532 2408 salute
574 2353 999 2431 compensat.
1055 2340 1364 2410 Meminit
1462 2341 1628 2429 ujus
1677 2342 1867 2412 verbi
1916 2342 2065 2432 ipse
2128 2361 2407 2428 quoque
2450 2339 2866 2409 venerabilis

309 2433 526 2513 Pater,
563 2429 741 2499 inter
774 2441 1039 2499 caetera
1072 2430 1352 2499 dicens:
1408 2452 1444 2495 «
1477 2432 1545 2499 Si
1576 2451 1855 2500 necesse
1886 2430 1974 2501 sit
2005 2450 2230 2500 unum
2258 2427 2415 2499 ‘fieri
2448 2450 2530 2498 ex
2560 2428 2861 2510 duobus,

311 2519 496 2589 malo
546 2520 616 2588 in
668 2541 795 2589 nos
845 2540 1169 2588 murmur
1218 2518 1636 2614 hominum„
1668 2542 1877 2607 quam
1931 2520 2001 2588 in
2058 2525 2269 2588 Deum
2304 2575 2319 2601 ,
2372 2540 2543 2588 esse.
2599 2524 2864 2589 Bonum

252 2629 261 2639 ·
311 2608 482 2676 mihi
513 2664 532 2689 ,
596 2608 656 2678 si
713 2609 784 2679 di
841 2620 1042 2691 netur
1081 2629 1190 2676 me
1239 2610 1339 2678 uti
1390 2630 1514 2700 pro
1554 2609 1836 2700 clypeo:
1887 2608 2113 2678 libens
2159 2608 2305 2677 exci
2363 2607 2426 2676 io
2474 2608 2545 2675 in
2599 2629 2710 2677 me
2746 2608 2869 2677 de·

312 2697 740 2767 trahentium
831 2698 1080 2786 inguas
1138 2697 1556 2779 maledicas,
1610 2711 1677 2768 et
1726 2709 2057 2767 venenata
2105 2697 2303 2788 spicu
2338 2720 2377 2765 a
2425 2695 2576 2766 blas
2631 2697 2870 2766 hemo-

310 2806 497 2865 rum,
548 2799 628 2854 ut
660 2808 794 2854 non
839 2785 925 2855 ad
955 2787 1185 2875 ipsum
1224 2787 1647 2876 perveniant.
1703 2792 1846 2858 Non
1900 2808 2141 2857 recuso
2181 2785 2525 2888 inglorius
2600 2785 2749 2865 ieri,
2793 2795 2871 2855 ut

312 2894 454 2941 non
488 2873 797 2944 irruatur
829 2875 897 2944 in
952 2876 1063 2945 Dei
1097 2875 1416 2965 gloriam.
1453 2900 1489 2943 »
1540 2881 1683 2947 Hoc
1723 2875 2072 2965 siquidem
2114 2875 2231 2946 ille
2264 2896 2334 2943 in
2375 2874 2553 2944 libro
2578 2873 2664 2944 de
2696 2879 2869 2945 Con-

311 2961 753 3032 sideratione.

309 3053 381 3141 R
404 3053 441 3137 ξ
466 3057 616 3126 1².
648 3051 908 3123 Accidit
945 3064 1200 3135 autem,
1225 3065 1304 3124 ut
1329 3054 1449 3124 ubi
1535 3055 1794 3124 rimum
1832 3054 1919 3124 de
1950 3053 2262 3146 eJusdem
2303 3053 2643 3123 exercitus
2668 3052 2871 3122 dissi·

313 3141 593 3232 patione
648 3141 1111 3212 lamentabilis
1161 3143 1342 3213 intra
1397 3149 1492 3213 Ga
1527 3144 1654 3215 lias
1710 3144 2113 3214 insonuerat
2161 3162 2440 3223 rumor,
2492 3154 2574 3211 ut
2610 3141 2871 3213 illumi-

315 3230 630 3299 nandum
670 3231 783 3299 Dei
815 3231 1077 3301 famulo
1110 3253 1392 3302 caecum
1426 3233 1651 3303 filium
1687 3234 1981 3304 offerens
2022 3244 2236 3323 pater,
2277 3231 2516 3301 multis
2546 3230 2873 3322 precibus

312 3320 617 3388 vinceret
663 3332 1131 3391 excusantem.
1170 3326 1247 3390 Et
1280 3321 1648 3413 imponens
1697 3335 1980 3394 sanctus
2017 3342 2236 3414 puero
2287 3342 2599 3401 manum,
2634 3323 2875 3411 orabat

317 3409 406 3477 ad
471 3409 889 3490 Dominum,
956 3421 1302 3497 quatenus
1369 3411 1426 3481 si
1476 3412 1564 3481 ab
1618 3434 1699 3481 eo
1756 3412 2043 3482 verbum
2094 3409 2626 3502 praedicationis
2680 3409 2874 3481 illius

316 3498 598 3579 exierat,
635 3498 694 3567 si
787 3498 1164 3568 medicanti
1193 3500 1484 3589 spiritus
1516 3502 1669 3591 eJus
1699 3500 2011 3582 affuerat,
2050 3500 2122 3569 in
2148 3500 2343 3569 illius
2365 3498 2875 3571 illuminatione

316 3587 679 3657 ostendere
711 3521 1140 3678 dignaretur.
1177 3593 1353 3657 Dum
1393 3610 1551 3660 vero
1591 3602 1745 3680 post
1772 3590 2151 3660 orationem
2192 3588 2524 3658 orationis
2575 3599 2874 3678 praesto-

318 3675 582 3746 laretur
612 3676 956 3757 effectum,
997 3676 1170 3759 Quid
1208 3676 1515 3751 facturus
1550 3701 1706 3748 sum
1733 3681 1766 3746 ⁴?
1811 3680 1905 3748 ait
1936 3698 2132 3770 puer.
2172 3676 2379 3746 Video
2417 3676 2628 3745 enim.
2672 3676 2876 3744 Attol-

319 3764 489 3835 litur
520 3765 680 3834 ilico
727 3765 990 3835 clamor
1037 3765 1487 3838 adstantium.
1543 3768 1780 3837 Plures
1809 3767 1996 3836 enim
2038 3789 2174 3837 non
2206 3765 2414 3835 modo
2445 3786 2484 3834 e
2517 3763 2869 3845 fratribus,

319 3855 770 3923 verumetiam
807 3876 844 3921 e
893 3855 1326 3926 secularibus
1373 3856 1705 3926 aderant:
1759 3856 1881 3943 qui
1927 3867 2005 3925 ut
2038 3877 2332 3946 puerum
2369 3853 2598 3923 videre
2637 3852 2877 3923 viden-

320 3953 481 4023 tem,
537 3942 1017 4031 multipliciter
1064 3944 1424 4027 consolati,
1481 3952 1609 4015 Deo
1660 3945 1917 4034 gratias
1965 3944 2369 4014 referebant.

408 4034 444 4118 ξ
491 4036 642 4105 18.
698 4030 879 4102 Illud
931 4032 1136 4102 etiam
1188 4032 1504 4121 jucunde
1553 4035 1719 4107 satis
1768 4033 2120 4103 credimus
2174 4030 2652 4103 considerasse
2703 4052 2919 4100 non--

322 4120 577 4201 nullos,
618 4121 800 4210 quod
834 4122 1073 4191 eadem
1117 4122 1575 4206 hebdomada,
1611 4145 1751 4212 qua
1785 4122 2185 4192 felicissima
2224 4121 2460 4191 anima
2491 4120 2642 4209 ejus
2662 4140 2879 4190 *carne

321 4207 546 4279 soluta
591 4222 731 4293 est,
785 4210 1087 4281 Ecclesia
1123 4211 1697 4301 Jerosolymitana
1747 4212 2115 4302 magnifice
2163 4210 2331 4281 satis
2378 4208 2585 4278 suerit
2639 4208 2879 4279 divino

326 4318 614 4369 munere
658 4301 1030 4383 consolata,
1084 4300 1266 4371 sicut
1322 4302 1601 4392 saepius
1649 4312 1981 4370 noverant
2034 4297 2236 4369 illum
2286 4298 2713 4390 promisisse.
2778 4299 2880 4369 si-

322 4386 601 4474 quidem
653 4403 851 4479 capta
898 4403 1001 4462 est
1044 4390 1259 4551 Sanno
1283 4391 1514 4481 ucun)
1549 4388 1836 4462 Ascalon
1873 4389 1995 4459 illa
2028 4387 2522 4471 munitissima,
2562 4387 2807 4479 paucis
2838 4410 2882 4458 a

328 4491 565 4549 sancta
613 4478 883 4550 civitate
931 4480 1279 4552 miliariis
1327 4481 1619 4563 distans,
1689 4491 1755 4551 et
1802 4478 2191 4572 periculose
2238 4478 2507 4550 instans
2555 4476 2881 4549 calcaneo
