3308 5004
719 325 850 391 700
1486 340 1571 388 ns
1608 340 1672 388 s.
1720 338 1992 388 ιυιωιο
2039 338 2329 388 natm
2845 320 3046 388 AUG.
3093 323 3185 388 28

627 426 987 517 expeditus
1042 438 1110 497 et
1139 424 1291 494 sine
1338 423 1841 525 impedimento
1892 425 2314 495 secularium
2370 423 2746 504 actionum,
2806 437 3188 494 conaretur

629 516 953 606 irrepere.
985 520 1108 585 Per
1140 513 1321 583 hanc
1354 535 1541 582 enim
1567 514 1748 583 viam
1771 513 1929 583 Abel
1959 513 2197 602 justus
2231 513 2636 604 suscipitur,
2664 514 2892 583 Enoch
2929 514 3186 584 beatus

628 604 1035 685 assumitur,
1087 604 1222 675 Noe
1268 615 1680 683 raeervatur,
1730 602 2071 672 Abraham
2115 603 2418 693 eligitur,
2473 607 2665 672 Isaac
2713 602 3185 683 benedicitur,
3223 675 3226 682 ,

627 687 836 763 Jacob
882 693 1235 773 dilatatur,
1284 691 1549 781 Joseph
1603 691 2017 773 custoditur,
2077 697 2341 780 Moyses
2400 691 2911 769 sanctificatur,
2968 693 3188 761 David

715 782 1205 863 aedestinatur‚
1251 779 1571 850 Salomon
1616 779 1901 861 ditatur,
1947 796 2081 850 tres
2130 781 2326 871 pueri
2374 780 2553 850 inter
2620 780 2939 850 incendia
2992 804 3190 851 roru-

652 884 812 942 enta
859 872 1363 949 vaticinantur,
1429 869 1665 939 Daniel
1736 869 1917 939 inter
1978 870 2316 939 innocuas
2372 869 2627 939 bestias
2675 868 3016 959 pascitur:
3075 877 3195 940 Per

629 959 811 1030 hanc
859 961 1039 1031 viam
1087 957 1387 1048 Apostoli
1441 957 1867 1048 diriguntur,
1938 964 2266 1049 Martyres
2315 957 2494 1028 beati
2545 957 3066 1048 glorificantur.
3124 964 3194 1028 Et

627 1048 948 1136 qualiter,
986 1048 1218 1134 inquis
1241 1051 1272 1115 ‘l
1303 1046 1573 1117 Scilicet
1605 1046 1772 1115 dum
1815 1046 2128 1117 infirmos
2157 1060 2427 1127 curant,
2474 1061 2781 1117 mortuos
2816 1049 3190 1128 suscitant,

630 1137 1018 1229 praesentia
1080 1148 1557 1214 contemnunt,
1609 1134 1845 1206 futura
1889 1135 2328 1216 desiderant,
2382 1151 2669 1206 tortores
2731 1136 3189 1226 despiciunt,

629 1241 889 1317 poenas
936 1246 1073 1296 non
1125 1224 1454 1305 sentiunt,
1508 1223 1593 1294 ad
1643 1225 1963 1295 coelestia
2018 1246 2230 1315 regna
2288 1225 2738 1295 contendunt.
2791 1230 3000 1309 Quod
3042 1249 3195 1327 pro—

628 1314 963 1386 culdubio
1004 1314 1253 1384 virtute
1306 1314 1589 1403 propria
1644 1335 1782 1382 non
1843 1313 2249 1395 obtinerent,
2297 1315 2430 1383 nisi
2493 1336 2613 1404 per
2659 1314 2836 1384 viam
2873 1315 3193 1403 justitiae

628 1404 1011 1474 rectissime
1046 1402 1468 1482 incedentes,
1519 1425 1560 1471 a
1608 1402 2364 1473 Domino·audirentur.

718 1495 755 1581 ξ
805 1499 897 1564 2.
951 1491 1161 1561 Sic-et
1199 1490 1503 1581 inclytus
1544 1504 1808 1580 martyr
1851 1491 2220 1573 Julianus,·
2261 1491 2383 1578 qui
2430 1491 2800 1561 Viennensi
2844 1492 3192 1582 (Allobro-

637 1581 844 1673 gum)
889 1593 1083 1651 ortus
1132 1580 1326 1660 urbe,
1379 1581 1697 1649 Arvernis
1755 1580 1960 1650 datus
2007 1597 2110 1650 est
2158 1594 2333 1650 mart
2387 1603 2439 1660 r,
2502 1580 2590 1651 ab
2645 1580 2777 1650 hoc
2822 1581 2997 1671 igne
3047 1605 3194 1653 suc-

626 1692 912 1751 censuS‚
958 1669 1129 1740 haec
1184 1669 1627 1759 concupivit,
1681 1692 1762 1739 ac
1825 1679 2052 1739 mente
2099 1681 2238 1739 tota
2352 1669 2975 1752 esideravit.-Quia
3043 1693 3193 1741 cum

627 1771 814 1830 esset
860 1757 1047 1849 apud
1097 1757 1576 1828 beatissimum
1631 1758 2024 1828 Ferreolum
2073 1759 2130 1837 ¹⁵,
2163 1759 2310 1844 jam
2361 1772 2526 1827 tunc
2571 1760 2892 1848 martyrii
2957 1760 3194 1829 ardore

631 1847 1022 1938 flagrabat:
1069 1847 1193 1934 qui
1246 1846 1503 1916 relictis
1550 1846 1811 1916 divitiis
1859 1869 1938 1917 ac
2011 1869 2135 1937 pro
2189 1847 2466 1934 inquiS‚
2518 1857 2783 1917 tantum
2834 1850 2932 1918 ob
2981 1849 3191 1919 solius

632 1958 942 2006 amorem
996 1934 1311 2025 martyrii
1347 1936 1667 2007 Arvernis
1693 1935 1989 2006 advenit.
2029 1941 2108 2005 Se
2209 1958 2334 2005 nec
2368 1936 2496 2005 hoc
2537 1936 2687 2005 sine
2732 1935 2979 2007 divino
3016 1960 3194 2007 man-

633 2024 796 2094 dato
848 2024 1148 2114 peregit,
1222 2045 1383 2094 cum
1436 2038 1600 2093 tunc
1678 2024 2061 2114 persecutio
2105 2025 2176 2094 in
2241 2025 2611 2095 Viennensi
2665 2025 2839 2095 urbe
2885 2026 3186 2097 ferveret.

637 2117 925 2203 Legerat
971 2113 1157 2183 enim
1210 2114 1579 2184 Dominum
1639 2112 2086 2204 praedixisse,
2136 2116 2218 2184 Si
2261 2136 2377 2183 vos
2420 2117 2765 2205 persecu-ti
2810 2117 3076 2204 suerint
3132 2117 3188 2183 in

639 2204 779 2272 ista
819 2204 1121 2284 cecitate,
1171 2204 1394 2303 suqt'te
1448 2205 1524 2271 in
1571 2205 1790 2272 aliam
1838 2203 2108 2290 (Mami.
2142 2205 2233 2292 x).
2288 2202 2587 2272 Contulit
2639 2224 2806 2293 ergo
2850 2227 2926 2272 se
2967 2205 3082 2273 hic
3125 2204 3184 2271 in

632 2295 939 2361 Arverno
983 2291 1346 2372 territorio,
1402 2313 1538 2361 non
1592 2305 1780 2362 metu
1821 2292 2086 2373 mortiS,
2141 2290 2259 2360 sed
2301 2304 2378 2361 ut
2423 2290 2825 2378 relinquens
2873 2293 3180 2383 propria,

630 2379 914 2451 facilius
966 2381 1349 2469 perveniret
1396 2381 1480 2449 ad
1535 2379 1837 2470 palmam
1873 2415 1896 2462 ,·
1943 2380 2292 2450 metuebat
2334 2382 2561 2460 enim,
2617 2402 2702 2449 ne
2755 2381 2815 2449 ei
2874 2395 3186 2471 parentes

630 2482 864 2541 essent
895 2468 1103 2551 obvii,
1140 2469 1199 2540 si
1228 2470 1407 2540 inter
1453 2491 1569 2540 eos
1604 2469 1732 2541 hoc
1765 2482 2110 2540 certamen
2165 2468 2515 2539 inivisset:
2549 2482 2616 2539 et
2649 2469 2946 2560 perderet
2974 2469 3178 2538 miles

630 2558 880 2628 Christi
929 2580 1254 2629 coronam
1293 2558 1577 2650 gloriae,
1631 2560 1690 2628 si
1727 2557 2029 2650 legitime
2065 2579 2199 2627 non
2235 2571 2584 2628 certasset.
2625 2561 2829 2650 Igitur
2869 2559 3164 2624 instante

629 2648 1134 2738 persecutione,
1188 2647 1272 2718 ad
1323 2648 1784 2718 Brivatensem
1834 2646 2235 2739 (Brioude)
2289 2648 2541 2726 vicum,
2599 2647 2665 2716 in
2712 2667 2833 2734 quo
2877 2645 3168 2745 fanatici

630 2737 883 2806 erroris
934 2736 1219 2807 naeniae
1265 2737 1690 2817 colebantur,
1736 2737 2033 2807 advenit.
2088 2741 2165 2806 Et
2212 2758 2371 2805 cum
2426 2736 2700 2822 insequi
2743 2734 3172 2804 adversarios

630 2839 809 2895 nutu
838 2826 951 2896 Dei
992 2825 1342 2906 sensisset,
1377 2848 1417 2894 a
1445 2824 1650 2894 vidua
1697 2825 1995 2912 quadam
2029 2848 2103 2894 se
2127 2823 2459 2896 occultari
2498 2825 2922 2926 deprecatur.
2956 2828 3172 2908 Quem

628 2914 751 2984 illa
801 2919 1060 3005 tegens,
1116 2914 1275 2983 ilico
1303 2927 1602 3001 martyre
1656 2929 1975 3004 poscente
2015 2914 2306 2984 detexit:
2344 2914 2466 3001 qui
2500 2936 2650 2984 suis
2675 2916 3181 2986 insecutoribus

628 3002 725 3073 ita
772 3003 985 3073 dixit:
1040 3026 1077 3071 «
1107 3003 1273 3073 Nolo
1318 3003 1588 3073 diutius
1632 3003 2049 3073 commorari
2080 3003 2151 3072 in
2187 3003 2314 3073 hoc
2365 3000 2824 3091 secu10„quia
2872 3004 3025 3073 sitio
3048 3015 3178 3073 tota

630 3092 851 3162 animi
900 3091 1224 3162 aviditate
1265 3092 1412 3178 jam
1462 3092 1876 3162 Christum.»

716 3182 885 3267 §8
938 3186 1016 3250 At
1055 3179 1158 3250 illi
1195 3181 1445 3251 educta
1509 3181 1805 3249 vibranti
1860 3180 2137 3250 dextera
2185 3180 2489 3260 framea,
2535 3178 2769 3250 deciso
2818 3181 3064 3271 capite,
3112 3179 3182 3249 in

632 3280 770 3339 tres
800 3269 909 3358 (ut
963 3269 1056 3338 ita
1089 3269 1346 3355 dicam>
1385 3283 1608 3359 partes
1642 3269 1988 3370 gloriosus
2036 3269 2371 3349 dividitur
2421 3281 2705 3356 martyr.
2757 3276 2932 3341 Nam
2990 3281 3194 3359 caput

631 3357 963 3427 Viennam
992 3356 1322 3438 defertur,
1347 3372 1540 3428 artus
1562 3364 1824 3428 Brivate
1865 3358 2362 3439 reconduntur,
2394 3356 2550 3427 felix
2582 3358 2820 3429 anima
2854 3383 2894 3429 a
2935 3360 3201 3431 Christo

629 3445 986 3516 conditore
1020 3447 1423 3538 suscipitur.
1478 3451 1685 3519 Senes
1717 3469 2015 3534 quoque,
2068 3448 2189 3535 qui
2221 3469 2497 3517 sacrum
2546 3467 2802 3536 corpus
2837 3452 3205 3541 mancipa-

630 3547 874 3604 verant
940 3536 1361 3626 sepulturae,
1419 3536 1513 3606 ita
1578 3536 1975 3625 reintegrati
2027 3549 2215 3618 sunt,
2278 3551 2356 3606 ut
2404 3537 2470 3606 in
2523 3549 2878 3607 senectute
2924 3560 3206 3609 summa

632 3623 860 3714 positi,
919 3637 1270 3711 tamquam
1296 3624 1586 3713 juvenes
1619 3625 2061 3696 haberentur.
2102 3630 2317 3714 Caput
2346 3645 2626 3712 quoque
2653 3624 2810 3712 ejus
2839 3630 3213 3700 Ferreolus

632 3726 895 3803 martyr
924 3715 1189 3803 accepit
1219 3738 1230 3779 :
1270 3713 1750 3803 completoque
1775 3714 2175 3795 certamine,
2210 3728 2343 3784 tam
2382 3714 2577 3784 illius
2605 3717 2957 3798 membra,
3003 3741 3212 3807 quam

630 3802 833 3872 istius
877 3814 1110 3893 caput,
1164 3803 1231 3871 iu
1297 3802 1511 3873 unius
1563 3803 1817 3872 tumuli
1873 3803 2301 3893 receptaculo
2348 3803 2800 3873 collocantur.
2861 3808 3085 3889 Quae
3133 3829 3208 3877 ne

628 3892 956 3978 cuiquam
1010 3890 1320 3962 fortassis
1357 3892 1670 3962 videatur
1718 3891 2150 3962 incredibilis
2181 3914 2330 3962 esse
2373 3889 2701 3975 narratio,
2745 3916 2935 3981 quae
2976 3897 3216 3968 audivi

627 3993 842 4072 gesta,
882 3979 1178 4051 fideliter
1228 3980 1543 4073 prodam.

716 4071 755 4156 ξ
802 4074 888 4142 4.
941 4069 1252 4152 Quodam
1304 4081 1649 4158 tempore,
1703 4069 1872 4139 dum
1923 4069 2006 4138 ad
2060 4092 2426 4140 occursum
2485 4071 2666 4141 beati
2717 4070 2981 4144 Nicetii
3037 4076 3218 4147 anti-

628 4158 808 4229 stitis
843 4156 932 4239 ⁹,
979 4180 1200 4246 usque
1239 4158 1653 4249 Lugdunum
1710 4159 2220 4248 processissem,
2264 4159 2469 4231 libuit
2493 4160 2728 4230 animo
2777 4182 2923 4232 non
2985 4165 3216 4245 aliter,

677 4355 700 4377 ⁰
738 4356 795 4395 In
814 4355 1153 4405 unt-tyrologio
1169 4357 1301 4395 Rom.
1324 4364 1445 4396 xvm
1465 4356 1593 4404 Sept.

680 4407 734 4435 ⁸⁸
763 4410 800 4448 Ε
829 4409 1305 4457 tribu-'homonymia
1334 4410 1409 4449 88.
1439 4408 1683 4460 Episcopi·
1713 4406 1764 4452 in
1792 4410 2034 4459 Martyron.
2064 4410 2365 4457 memoratis.
2392 4412 2725 4461 Lugduneum
2756 4410 2996 4457 nie-ttu-
3035 4416 3126 4459 hic
3153 4422 3222 4460 cut

626 4460 785 4499 cultus
807 4470 839 4499 n
858 4463 962 4508 Apr.
985 4462 1099 4501 vide
1121 4463 1225 4501 Sur.
1246 4463 1347 4501 Vol.
1372 4471 1431 4507 tv.
1448 4471 1493 4511 p.
1511 4464 1576 4501 ⁶7.
1678 4504 1682 4509 ,
