3308 5004
1562 158 1591 178 Ν

140 352 298 418 AUG.
355 351 437 416 25
793 368 885 416 aa.
918 369 975 417 s.
1028 356 1333 418 wnovico
1380 364 1542 417 anon
1589 368 1968 418 raucone:
2299 337 2312 350 ⁸
2429 355 2555 420 627

138 452 302 523 filius
345 453 622 524 Comitis
670 453 1009 524 Marchiae
1053 454 1574 544 primogenitus,
1627 454 1712 523 ad
1766 454 2181 525 Ludovicum
2226 461 2478 548 Regem
2529 479 2643 527 ve—

137 545 262 624 nit,
306 564 462 612 cum
513 562 591 611 eo
637 540 723 611 de
772 563 939 632 pace
985 555 1423 614 tractaturus.
1477 547 1751 613 Postera
1800 542 1953 613 lucc
2008 548 2242 614 Comes
2301 545 2642 617 Marchiac

135 654 273 702 cum
319 652 528 701 uxore
575 630 895 711 advenit,
951 652 1110 702 cum
1164 631 1490 722 lacrymis
1549 645 1615 702 et
1662 632 1983 722 suspiriis
2049 655 2088 702 a
2139 638 2317 724 Rege
2367 636 2633 705 veniam

135 721 298 812 petit,
337 732 403 789 et
447 720 788 810 impetrat.
1351 729 1364 753 ¹

209 814 359 898 ξὸ.
413 813 603 878 Anno
653 808 897 878 Christi
948 808 1315 879 millesimo
1365 808 1836 879 ducentesimo
1868 808 2631 900 ,quadragesimotertim

133 912 312 969 natus
353 908 455 967 est
503 896 889 967 Ludovicus
939 897 1439 988 primogenitus
1490 897 1808 968 Ludovici
1873 898 2124 989 Regis:
2174 911 2379 986 atque
2425 899 2638 971 altero

130 987 275 1057 inde
320 1005 500 1056 anno
554 986 623 1054 in
690 985 914 1055 lucem
953 986 1181 1058 editus
1230 998 1333 1056 est
1387 984 1748 1076 Philippus
1797 986 2144 1059 secundus
2198 988 2411 1058 filius.
2467 989 2636 1058 Inde

127 1077 284 1146 circa
316 1074 480 1145 Idus
531 1075 920 1146 Decembris
953 1074 1335 1144 Ludovicus
1384 1080 1521 1145 Rex
1568 1075 1752 1166 apud
1803 1076 2227 1145 Pontisaram
2279 1076 2639 1166 (Pontoise)

124 1188 195 1235 ex
241 1164 468 1234 morbo
506 1162 954 1246 decumbens,
1000 1163 1169 1233 adeo
1201 1176 1387 1233 extra
1419 1185 1491 1236 se
1526 1176 1765 1254 raptus
1796 1179 1921 1246 est,
1960 1177 2037 1235 ut
2077 1164 2274 1235 multi
2320 1180 2637 1255 putarent

121 1275 264 1324 eum
304 1251 444 1340 jam
500 1252 701 1342 plane
746 1252 1024 1323 obiisse.
1078 1252 1203 1322 Sed
1256 1252 1339 1321 ad
1392 1275 1463 1324 se
1502 1274 1860 1334 reversus,
1919 1275 2072 1323 mox
2135 1255 2638 1324 transmarinae

18 1415 21 1418 ,
122 1342 387 1414 militiae
436 1345 714 1411 Crucem
778 1341 971 1430 petiit
1003 1394 1018 1417 .
1073 1354 1139 1411 et
1184 1341 1468 1431 accepit.
1522 1346 1811 1432 Operam
1874 1364 2038 1411 sane
2085 1341 2274 1413 dedit
2322 1348 2458 1412 Rex
2518 1342 2637 1413 ille

118 1431 484 1524 piissimus,
536 1442 611 1500 ut
660 1430 886 1518 proles
934 1452 1095 1501 suas
1141 1441 1205 1499 et
1253 1430 1478 1501 verbis
1523 1442 1587 1500 et
1633 1431 1965 1521 exemplis
2014 1430 2099 1500 ad
2133 1453 2435 1501 amorem
2486 1432 2630 1514 Dei,

115 1522 195 1592 ad
228 1519 465 1589 mundi
495 1530 988 1608 contemptum,
1025 1519 1110 1588 ad
1160 1519 1269 1587 sui
1308 1519 1769 1608 cognitionem
1806 1520 2210 1590 institueret.
2252 1525 2415 1590 Cum
2446 1521 2632 1589 enim

116 1632 232 1699 per
271 1607 484 1679 otium
549 1607 781 1677 liceret
843 1629 1081 1677 vacare
1131 1607 1286 1688 sibi,
1342 1608 1679 1677 invisebat
1740 1607 2245 1690 liberos'suOS,
2298 1620 2364 1678 et
2412 1609 2631 1678 instar

110 1699 348 1768 Tobiae
389 1697 646 1765 monita
674 1696 919 1766 salutis
946 1695 1153 1766 dabat
1181 1696 1321 1766 eis:
1361 1696 1645 1766 docebat
1676 1709 1832 1766 ante
1857 1697 2091 1766 omnia
2123 1697 2362 1767 timere
2389 1701 2628 1780 Deum,

104 1800 171 1858 et
214 1787 297 1856 ab
342 1784 530 1854 omni
583 1806 852 1873 semper
901 1798 1175 1874 peccato
1222 1785 1585 1856 abstinere.
1641 1790 1853 1868 Serta,
1907 1807 1943 1855 e
1986 1786 2162 1855 rosis
2197 1798 2315 1854 aut
2344 1786 2636 1857 floribus

101 1876 430 1951 confecta,
490 1885 608 1941 aut
648 1873 776 1942 alia
834 1872 901 1942 id
952 1896 1196 1964 genua,
1253 1895 1387 1944 non
1437 1874 1705 1944 sinebat
1736 1897 1851 1944 eos
1885 1887 2067 1946 sexta
2117 1874 2284 1943 feria
2334 1875 2403 1942 in
2440 1876 2635 1964 capi-

101 1966 285 2036 tibus
335 1961 554 2041 sene,
616 1962 798 2048 quod
844 1983 923 2032 eo
973 1962 1084 2038 die
1133 1963 1440 2033 Salvator
1486 1976 1718 2034 noster
1765 1964 1832 2032 in
1884 1984 2009 2033 suo
2047 1963 2270 2053 capite
2320 1962 2553 2033 tulerit
2598 1986 2633 2032 e

99 2053 323 2143 spinis
367 2061 746 2119 contextam
797 2073 1143 2126 coronam.
1196 2057 1500 2138 Cumque
1549 2074 1686 2121 non
1722 2052 2090 2142 ignoraret,
2135 2074 2173 2120 a
2215 2051 2481 2122 deliciis
2521 2075 2632 2122 ca-

96 2139 334 2219 stitati,
387 2160 433 2237 a
472 2137 727 2208 divitiis
778 2140 1032 2229 pietati,
1085 2140 1172 2209 ab
1223 2140 1601 2210 honoribus
1650 2140 2025 2210 humilitati
2078 2163 2324 2227 magna
2357 2141 2629 2230 impen-

95 2232 262 2300 dere
297 2227 621 2317 pericula‚
663 2228 1035 2310 sobrietati,
1071 2228 1467 2309 humilitati,
1508 2228 2018 2298 misericordiae
2065 2228 2250 2297 dedit
2284 2229 2625 2311 animum,

95 2343 143 2389 a
193 2315 472 2397 mundi,
525 2318 756 2386 carnis
805 2330 870 2388 et
917 2329 1193 2388 satanae
1250 2317 1524 2386 insidiis
1572 2317 1833 2386 solicite
1882 2317 2014 2385 sibi
2079 2338 2373 2386 cavens:
2428 2329 2632 2403 atque

90 2429 258 2478 cum
310 2405 623 2495 Apostolo
670 2427 923 2495 corpus
974 2428 1175 2475 suum
1212 2407 1582 2496 castiganS,
1619 2419 1684 2474 et
1734 2406 1800 2474 in
1840 2405 2229 2474 servitutem
2284 2403 2626 2495 redigens,

88 2494 318 2566 multo
362 2509 664 2584 tempore
707 2495 946 2564 intima
997 2508 1175 2565 veste
1221 2495 1499 2565 cilicina
1546 2495 1915 2564 utebatur:
1970 2517 2107 2581 qua
2156 2493 2211 2562 si
2263 2515 2396 2563 non
2457 2508 2633 2563 esset

84 2607 293 2663 υειιε,
329 2582 729 2661 dehortante
759 2606 914 2652 eum
968 2584 1383 2653 confessario
1416 2596 1692 2674 propter
1742 2584 2022 2651 nimiam
2067 2581 2626 2664 imbecillitatem,

87 2674 367 2743 volebat
399 2685 475 2740 ut
513 2672 691 2739 idem
747 2672 1207 2743 confessarius
1258 2695 1377 2763 pro
1424 2672 1722 2759 quadam
1775 2671 2329 2762 compensatione
2377 2670 2632 2742 diebus

79 2761 396 2851 singulis
441 2760 894 2850 quadraginta
948 2761 1202 2831 solidos
1250 2762 1666 2830 Parisienses
1714 2760 2110 2829 clanculum
2171 2760 2239 2827 in
2296 2781 2632 2849 pauperes

77 2862 426 2939 erogaret.
500 2854 779 2938 Semper
815 2851 1155 2939 jejunavit
1204 2849 1408 2918 sextis
1456 2847 1688 2927 feriis,
1746 2870 1868 2918 nec
1930 2848 2018 2917 iis
2083 2848 2328 2917 diebus
2365 2903 2379 2927 ‚
2437 2870 2633 2939 prae-

75 2941 327 3012 sertim
383 2937 451 3005 in
503 2935 804 3007 Adventu
851 2952 914 3007 et
961 2937 1523 3027 Quadragesima,
1584 2936 1890 3025 piscibus
1924 2950 2042 3005 aut
2076 2935 2416 3006 fructibus
2454 2938 2630 3005 vesci

71 3027 333 3105 voluit,
388 3025 665 3113 vigiliis,
719 3028 1146 3097 orationibus
1193 3037 1257 3096 et
1305 3025 1755 3095 clandestinis
1808 3025 2241 3096 abstinentiis
2293 3026 2626 3115 perpetim

70 3141 155 3189 se
192 3114 537 3203 affligens.
1831 3154 1848 3172 .

170 3209 209 3293 ξ
262 3208 359 3274 θ.
412 3207 678 3285 Quanto
724 3216 951 3274 autem
1003 3203 1226 3291 major
1253 3214 1418 3284 crat,
1456 3214 1640 3272 tanto
1672 3200 2010 3272 humilius
2050 3214 2114 3271 et
2157 3203 2625 3283 summissim,

62 3299 308 3366 instar
344 3292 617 3361 Davidis
667 3294 892 3382 Regis,
930 3315 1001 3363 se
1047 3291 1345 3383 gerebat,
1398 3303 1462 3361 ct
1510 3296 1764 3361 coram·
1792 3295 1923 3359 Deo
1976 3291 2250 3380 propria
2282 3291 2631 3362 existima-

63 3387 275 3455 tione
329 3380 528 3449 vilior
575 3381 706 3450 sibi
758 3382 1136 3451 videbatur.
1191 3380 1506 3464 Quolibet
1553 3379 1838 3449 sabbato
1877 3379 1945 3446 in
1982 3380 2127 3449 loco
2175 3380 2630 3451 secretissimo

55 3474 357 3558 aliquot
408 3491 785 3560 pauperum
837 3471 983 3539 suis
1029 3471 1356 3540 manibus
1402 3469 1726 3539 abluebat
1777 3468 2022 3559 pedes,
2077 3468 2248 3537 lotos
2299 3469 2622 3559 tergebat,

56 3579 305 3634 tersos
355 3559 903 3630 exosculabatur.
975 3559 1228 3628 Deinde
1276 3558 1543 3628 lavabat
1608 3557 1813 3627 etiam
1875 3555 2153 3627 illorum
2219 3580 2513 3639 manus,
2567 3571 2631 3627 et

54 3649 396 3740 singulis
457 3662 710 3718 certam
779 3649 1111 3738 pecuniae
1167 3648 1542 3739 portionem
1613 3646 2054 3736 largiebatur.
2126 3647 2369 3716 Crebro
2426 3648 2631 3716 etiam
2697 3692 2706 3697 -

49 3752 365 3811 centum
439 3738 679 3828 viginti
744 3737 1215 3827 pauperibuS,
1268 3738 1389 3894 qssii
1440 3737 1508 3805 in
1569 3736 1723 3824 ejus
1784 3734 1942 3804 aula
1990 3735 2293 3822 quotidie
2353 3734 2630 3805 abunde

50 3827 616 3908 reficiebantur,
672 3840 875 3914 atque
922 3826 1126 3897 certis
1173 3827 1293 3914 qui
1349 3825 1592 3895 usdam
1643 3825 1892 3895 diebus
1939 3836 2003 3892 et
2053 3824 2478 3895 solemnibus
2529 3823 2629 3889 vi-

48 3917 270 4009 giliis
325 3915 641 3986 ducentis
692 3917 1136 4006 pauperibuS‚
1177 3915 1581 4006 priusquam
1634 3915 1785 4014 ipse
1832 3914 2064 3982 cibum
2117 3925 2438 3991 sumeret,
2484 3912 2630 3981 suis

45 4004 416 4076 manibus
461 4005 652 4075 cibos
716 4004 1126 4096 apponebat.
1205 4009 1486 4094 Semper
1546 4014 1610 4072 et
1668 4024 1739 4071 in
1799 4001 2090 4092 prandio
2157 4013 2220 4071 et
2285 4003 2354 4068 in
2419 4021 2631 4069 coena

108 4114 300 4181 rope
352 4115 421 4163 se
469 4107 603 4165 tres
636 4094 930 4173 habebat
962 4114 1158 4162 senes
1191 4093 1456 4181 inopeS‚
1513 4091 1739 4179 iisque
1763 4091 1847 4160 de
1945 4090 2137 4161 ositis
2185 4089 2317 4159 sibi
2345 4088 2631 4158 ferculis

68 4182 594 4253 inmanissime
657 4183 1179 4254 transmittebat.
1248 4181 1601 4251 Interdum
1668 4179 1882 4249 scutel
1917 4201 1991 4248 as
2038 4192 2102 4249 et
2149 4179 2385 4260 cibos,
2455 4199 2630 4264 quos

33 4271 167 4343 illi
233 4269 489 4340 Christi
544 4293 874 4363 pauperes
924 4270 1248 4341 manibus
1297 4281 1928 4348 contrectaverant,
1996 4268 2165 4338 offas
2227 4266 2623 4357 praesertim

29 4358 350 4450 quibus
399 4359 683 4430 libenter
728 4361 1149 4440 vescebatur,
1204 4371 1280 4429 ut
1328 4358 1488 4427 inde
1536 4356 1800 4444 aliquid
1850 4358 2099 4435 ederet,
2139 4358 2224 4426 ad
2275 4378 2346 4426 se
2396 4376 2628 4445 repor—

30 4449 194 4524 tari
246 4447 570 4539 jubebat,
625 4450 966 4520 Christum
1019 4470 1390 4540 pauperem
1445 4447 1515 4517 in
1564 4446 1718 4533 ejus
1776 4446 2193 4535 pauperibus
2245 4464 2621 4526 venerans,
