3308 5004
700 317 834 393 416
1394 344 1472 391 ns
1520 344 1576 393 s.
1630 342 1999 393 nsarurrno
2049 343 2193 392 Ans.
2250 342 2391 392 non.
2838 324 3015 393 AUG.
3068 326 3142 392 ⁴9

611 429 834 519 coepti
868 428 1136 499 itineris
1185 426 1488 499 laborem
1519 449 1656 499 non
1698 429 2049 518 abjiceret,
2083 441 2151 500 et
2190 428 2513 499 Arrianae
2547 427 2756 518 pestis
2801 427 3140 520 perfidiam

614 517 1021 608 Evangelico
1061 539 1391 588 mucrone
1439 516 1689 588 feriret.
1746 524 1902 588 Erat
1931 519 2117 588 enim
2169 516 2581 588 venerabilis
2634 515 2905 608 praesul
2939 521 3146 588 Hono-

612 606 762 677 rius
809 628 1017 697 sagax
1063 605 1321 687 animo,
1375 606 1617 697 vigens
1674 607 1989 688 consilio,
2045 606 2361 677 doctrina
2418 605 2672 688 clarus,
2724 607 3038 677 comitate
3085 619 3146 676 et

611 694 1003 765 humilitate
1044 693 1350 786 pollense
1406 694 1925 784 laetabaturque
1956 718 1993 765 e
2022 696 2352 786 gentibus
2380 695 2645 766 socium
2684 716 2755 766 se
2788 696 3139 775 invenisse,

612 783 735 885 qui
783 784 1017 854 suavis
1060 797 1241 855 esset
1271 783 1582 872 eloquio:
1640 805 1764 856 nec
1817 805 2101 875 prorsus
2133 784 2308 855 ferre
2357 784 2713 864 sustinuit,
2775 796 2854 855 ut
2899 784 3029 854 cito
3071 783 3147 855 ab
3261 839 3262 842 ,

613 894 764 963 ejus
826 872 1173 943 consortio
1225 886 1688 963 separaretur.
1737 878 1902 944 Cum
1952 885 2182 944 autem
2246 885 2479 943 aestus
2541 873 2912 943 vehemens
2958 872 3144 964 longa

612 960 1008 1049 quiescendi
1073 961 1297 1052 spatia
1351 963 1728 1051 praeberet,
1781 974 2092 1052 optatum
2149 962 2252 1032 illi
2292 983 2554 1032 munus
2596 960 2967 1051 impertiit,
3018 962 3144 1053 pri-

611 1049 881 1141 vilegiis
919 1049 1106 1121 sedis
1138 1051 1562 1141 Apostolicae
1597 1072 1766 1123 eum*
1801 1050 2133 1131 afficiens,
2184 1071 2266 1120 ne
2317 1052 2476 1138 quis
2537 1050 2785 1141 Episco
2836 1072 3032 1122 orum
3084 1049 3144 1118 in

610 1140 764 1230 ejus
806 1139 1226 1211 monasterio
1271 1140 1628 1227 quodlibet
1661 1140 1794 1210 sibi
1824 1140 2118 1211 dominii
2154 1140 2278 1230 jus
2310 1138 2723 1210 vendicaret.
2758 1145 2786 1210 1
2820 1139 2938 1209 lud
2979 1158 3147 1230 pero-

612 1241 880 1320 ptatum
915 1249 1177 1299 munus
1209 1228 1465 1318 adepti,
1520 1229 1603 1299 ad
1663 1241 1928 1300 nostros
1975 1245 2281 1299 remeare
2320 1227 2908 1305 studuimus..Ubi
2939 1237 3143 1298 autem

611 1317 920 1388 confecto
968 1317 1240 1386 itineris
1304 1319 1572 1408 spatio,
1627 1324 1942 1388 Tuscana
1997 1337 2160 1387 arva
2205 1330 2270 1387 et
2319 1317 2677 1408 Apennina
2726 1339 2891 1388 rura
2935 1314 3140 1406 attigi·

614 1427 798 1487 mu3,
851 1418 918 1476 et
953 1426 1166 1496 prope
1195 1409 1498 1478 castrum
1539 1408 2026 1478 Bismantum*
2065 1406 2405 1491 venimuS,
2451 1418 2639 1477 tanta
2703 1407 2805 1476 vis
2871 1405 3141 1476 febrium

612 1494 1067 1584 Bertulphum
1129 1496 1520 1587 oppressit,
1583 1508 1660 1566 ut
1706 1496 1992 1567 omnino
2041 1496 2423 1565 moriturus
2484 1494 2902 1566 crederetur.
2960 1498 3144 1583 Aeger

612 1584 799 1653 enim
850 1584 937 1654 ab
973 1583 1151 1654 Urbe
1199 1596 1599 1656 excesserat.
1661 1589 1913 1656 Omnes
1972 1586 2205 1672 itaque
2252 1601 2524 1655 moeror
2582 1585 2966 1674 occupavit,
3017 1602 3133 1652 non

619 1684 758 1742 tam
791 1674 879 1744 ob
913 1672 1040 1742 iter
1071 1672 1439 1763 prolixum,
1477 1696 1685 1762 quam
1724 1673 2026 1744 laborem
2056 1675 2314 1764 aegroti
2349 1673 2583 1775 patris:
2618 1673 2949 1761 nullaque
2970 1669 3141 1741 nobis

616 1760 702 1831 de
749 1763 899 1852 ejus
935 1762 1259 1852 sospitate
1306 1784 1428 1853 spe
1476 1763 1733 1836 relicta.
1774 1775 1967 1835 tenso
2017 1763 2307 1834 tentorio
2354 1784 2425 1833 tn
2477 1761 2646 1832 locis
2688 1762 2992 1853 asperis,
3038 1756 3139 1856 ad-

614 1849 903 1920 modum
949 1872 1076 1919 nos
1110 1865 1466 1952 premente
1513 1852 1812 1934 tristitie,
1865 1852 2272 1922 commorati
2320 1872 2592 1922 sumus.
2647 1856 2811 1925 Erat
2857 1864 2995 1921 tum
3048 1851 3141 1914 Vi-

615 1938 784 2029 gilia
820 1939 1163 2029 passionis
1197 1941 1551 2010 beatorum
1602 1941 1781 2011 Petri
1828 1954 1892 2011 et
1930 1940 2126 2011 Pauli
2156 1939 2660 2030 Apostolorum.

703 2030 741 2115 ξ
787 2032 881 2098 θ.
935 2033 1089 2098 Atra
1130 2027 1291 2099 inde
1333 2040 1528 2099 nocte
1575 2030 1904 2111 irruente,
1934 2028 2055 2099 ille
2101 2030 2278 2099 inter
2325 2030 2523 2121 ignes
2557 2028 2858 2099 febrium
2908 2046 3011 2098 me
3039 2043 3137 2092 ac-

616 2116 915 2198 cersivit,
948 2138 1209 2205 curque
1239 2139 1435 2190 mens
1473 2119 1662 2191 curis
1687 2117 1918 2188 dedita
1958 2131 2160 2199 esset,
2204 2118 2595 2188 sciscitatus
2631 2130 2762 2187 est.
2809 2121 2907 2186 Me
2934 2127 3135 2210 autem

615 2205 1096 2294 respondente,
1139 2207 1374 2276 omnia
1401 2208 1544 2294 jam
1597 2221 1777 2277 recte
1812 2225 1963 2278 esse
2009 2207 2404 2290 constituta,
2459 2205 2576 2275 ille
2630 2207 2766 2276 ait:
2811 2209 2889 2275 Et
2934 2217 3005 2274 tu
3043 2201 3137 2269 hic

616 2294 801 2384 apud
853 2306 1141 2365 stratum
1206 2316 1436 2365 meum
1488 2307 1624 2366 tota
1684 2310 1901 2378 nocte,
1957 2296 2175 2366 donec
2216 2295 2592 2376 illucescat,
2657 2294 3006 2365 excubato.
3055 2292 3136 2357 Me

613 2382 833 2474 igitur
863 2406 1086 2471 usque
1133 2383 1220 2454 ad
1263 2385 1745 2475 intempestam
1800 2397 2065 2455 noctem
2103 2384 2499 2476 vigilantem
2534 2396 2777 2455 tantus
2808 2399 3003 2473 sopor
3038 2396 3139 2472 opj

616 2472 891 2564 pressit,
946 2484 1023 2544 ut
1063 2493 1344 2545 sursum
1395 2486 1604 2566 caput
1642 2473 1951 2545 attollere
2006 2495 2144 2544 non
2207 2472 2547 2545 valerem:
2620 2490 2995 2559 omnesque
3034 2483 3136 2553 qul

616 2562 803 2632 circa
850 2564 1223 2634 tentorium
1273 2563 1356 2633 ad
1423 2564 1735 2634 sarcinas
1789 2563 1891 2635 vel
1940 2585 2154 2651 equos
2201 2562 2677 2645 excubabant,
2740 2560 2946 2633 simili
3003 2564 3138 2625 sunl

615 2673 862 2742 sopore
897 2652 1220 2743 correpti.
1259 2656 1337 2722 In
1389 2665 1576 2723 tanto
1625 2653 1841 2810 igitur
1884 2652 2199 2723 omnium
2261 2652 2538 2722 silentio
2600 2653 2845 2724 beatus
2890 2653 3136 2740 Aposto-

614 2740 840 2811 lorum
912 2742 1235 2831 princeps
1283 2746 1523 2813 Petrus
1593 2762 1631 2811 a
1689 2742 1914 2821 venit,
1969 2752 2035 2809 et
2081 2758 2296 2830 supra
2357 2752 2646 2811 stratum
2725 2738 2905 2829 aegri
2953 2745 3139 2826 patrls

617 2843 830 2912 stans,
886 2835 1125 2919 Surge,
1181 2829 1431 2917 inquit,
1484 2843 1550 2900 et
1596 2852 1834 2920 sospes
1901 2829 2015 2898 abi
2071 2828 2156 2898 ad
2219 2829 2512 2901 sodales.
2565 2827 2700 2898 Illo
2757 2826 3134 2916 inquirente,

613 2919 774 3007 quis
805 2932 1005 3000 esset,
1059 2925 1333 2988 Petrum
1385 2941 1459 2988 se
1488 2941 1640 2989 esse
1688 2940 1796 2989 res
1849 2918 2066 2998 ondit,
2109 2917 2317 3004 cujus
2375 2931 2522 2988 tum
2580 2939 2786 2989 sacra
2838 2928 2967 2987 toto
2998 2908 3141 3006 orbe

616 3006 953 3076 solemnia
999 3008 1536 3078 celebrarentur.
1591 3008 1714 3078 His
1828 3007 2019 3088 ictis,
2073 3005 2428 3076 abscessit.
2483 3011 2560 3076 At
2608 3005 3016 3097 Bertulphus
3067 3009 3138 3092 ῑιῑ

617 3115 808 3164 more
866 3094 1249 3185 perculsus,
1309 3096 1512 3167 anxio
1550 3109 1616 3167 et
1665 3092 1932 3187 trepido
1990 3093 2197 3165 corde
2263 3096 2791 3179 sciscitabatur,
2844 3090 3011 3190 quid·
3054 3103 3136 3155 rel

616 3195 819 3263 esset,
875 3184 1165 3273 putabat,
1190 3184 1376 3253 enim
1411 3196 1476 3254 et
1513 3184 1865 3256 audivisse
1915 3205 2022 3254 me
2069 3204 2328 3266 vocem,
2382 3198 2448 3254 et
2504 3184 2835 3257 visionem
2886 3178 3130 3249 vidisse.

619 3276 704 3341 Ut
751 3287 979 3342 autem
1032 3273 1369 3363 comperit
1404 3296 1511 3343 me
1560 3273 1733 3343 nihil
1773 3294 1994 3361 neque
2043 3271 2316 3354 vidisse,
2373 3293 2596 3361 neque
2646 3268 3133 3367 audiisse,·Non

621 3360 877 3443 cernis,
917 3361 1167 3448 inquit,
1211 3360 1474 3432 fulvam
1525 3360 1778 3444 lucem,
1813 3384 1951 3450 qua
1986 3368 2225 3432 Petrus
2257 3362 2620 3453 Apostolus
2659 3349 3137 3455 proficiscitur?

619 3453 723 3518 Me
772 3449 1252 3552 respondente,
1311 3471 1751 3538 nequaquam
1812 3472 1963 3520 eam
2030 3473 2140 3521 me
2187 3451 2459 3533 videre,
2528 3450 2745 3523 siluit.
2795 3456 2955 3519 Tum
2999 3456 3134 3542 yero

616 3558 747 3696 ego
793 3538 1010 3607 ammi
1059 3538 1344 3616 dubius,
1390 3539 1557 3626 quid
1609 3540 1708 3609 rei
1746 3560 1983 3610 secum
2011 3553 2335 3621 versaret,
2382 3541 2492 3610 vix
2524 3542 2801 3611 tandem
2845 3530 3133 3627 preclbus

618 3648 659 3697 o
713 3626 928 3697 tinere
977 3628 1192 3718 potui,
1245 3641 1323 3698 ut
1363 3627 1537 3697 mihi
1587 3628 1920 3720 panderet
1970 3629 2361 3699 veritatem:
2406 3649 2615 3717 quam
2669 3629 2784 3700 ille
2829 3624 3019 3718 plane
3044 3634 3133 3684 re-

618 3716 954 3797 ticuisset,
1011 3716 1070 3787 si
1111 3737 1221 3786 me
1267 3716 1615 3789 audivisse
1653 3730 1719 3788 et
1765 3717 2021 3788 vidisse
2061 3717 2381 3788 novisset.

710 3812 747 3887 ἓ
795 3810 875 3878 ⁸2.
928 3810 1094 3875 Cum
1145 3805 1446 3892 quodam
1482 3820 1809 3898 tempore,
1861 3805 2128 3897 expleto
2165 3805 2505 3896 psallendi
2531 3804 2781 3887 officio,
2821 3818 2952 3872 una
2992 3808 3128 3863 cum

619 3893 951 3966 fratribus
999 3894 1170 3963 hora
1216 3894 1353 3964 diei
1420 3896 1730 3966 secunda
1775 3918 1814 3965 e
1859 3895 2041 3965 beati
2088 3896 2266 3964 Petri
2332 3895 2621 3968 ecclesia
2685 3890 3125 3989 egrederemh

617 3984 900 4054 obvium
952 3983 1197 4053 habuit
1231 3984 1609 4066 bominem,
1647 3984 1987 4054 viatorem
2027 3984 2328 4060 nomine,
2381 3984 2742 4054 daemonis
2787 3965 3131 4073 rameple·

618 4090 817 4143 num.
871 4077 964 4142 Eo
998 4072 1166 4156 vis0,
1214 4073 1513 4144 sublatis
1555 4073 1641 4142 ad
1692 4072 1962 4144 coel-um
2011 4072 2260 4157 oculiS,
2300 4073 2730 4144 Conditorem
2779 4070 3041 4157 rogavit,
3067 4061 3131 4122 ¹1t

620 4161 771 4230 suis
820 4162 995 4231 votis
1038 4160 1341 4243 faveret,
1410 4162 1906 4249 hominemque
1965 4161 2247 4252 plenum
2301 4161 2484 4232 malo
2545 4161 2891 4237 daemone,
2940 4149 3129 4252 ilem—‘³

674 4250 951 4320 recibus
998 4250 1146 4322 suis
1193 4263 1490 4331 curaret.
1544 4251 1908 4321 Exaudivit·
1951 4262 2344 4341 precantem
2397 4251 2752 4330 Dominus,
2795 4250 2860 4314 et¹
2900 4258 2996 4308 Vis
3036 4250 3129 4324 rat

620 4270 787 4407 bida
835 4338 1193 4411 daemonis
1241 4340 1605 4431 profligata
1657 4354 1800 4424 est,
1860 4362 1988 4411 nec
2035 4360 2321 4432 prorsus
2367 4362 2582 4413 ausus
2632 4349 2732 4411 est
2774 4343 2980 4407 satan,
3028 4325 3126 4390 ⁰0¹

679 4462 708 4490 ⁴²
735 4463 794 4504 In
821 4462 1047 4505 monton·
1074 4463 1307 4507 territorii
1336 4463 1472 4518 Regii
1500 4463 1668 4517 Lepidi
