3308 5004
195 355 384 421 AUG.
436 354 523 419 20
855 372 935 419 nr:
983 372 1040 420 s.
1094 372 1464 420 rmuaanro
1511 370 1756 421 ABBATE
1804 373 2077 422 sanum.
2522 360 2651 425 435

193 457 513 533 sufficiat.
568 457 736 527 Inde
784 457 852 526 in
906 479 1259 549 vesperam
1309 458 1687 528 inclinante
1719 458 1854 540 die,
1910 460 2211 531 nuncius
2250 459 2503 531 venita
2538 474 2741 553 portu

195 548 433 629 maris,
487 546 807 618 indicans
853 548 942 617 ab
989 548 1162 618 urbe
1210 546 1704 639 Burdegalensi
1752 547 1992 619 adesse
2039 551 2266 619 navim
2304 604 2324 630 ,
2381 572 2560 638 quae
2616 552 2741 622 lia-

191 640 351 709 beat
396 636 857 726 quadraginta
904 635 1037 706 olei
1086 636 1396 717 modios,
1452 637 1541 707 ab
1588 636 1837 707 amicis
1883 638 2035 727 ejus
2083 639 2229 708 viro
2279 639 2394 708 Dei
2459 640 2734 712 missos,

190 733 407 814 Atque
439 727 531 795 ita
578 747 738 795 cum
789 725 1186 827 prophetiae
1222 726 1471 816 spiritu
1516 725 1953 796 foecundavit
1999 748 2159 796 eum
2211 732 2387 797 Deus
2416 727 2566 798 oleo
2601 730 2742 800 lae-

192 816 384 886 titiae
424 836 587 905 prae
634 814 1069 885 consortlbus
1114 815 1288 905 ejus.
1341 814 1487 884 Alio
1532 836 1808 902 quoque
1856 827 2162 906 tempore
2199 838 2361 886 cum
2395 816 2741 907 ejusmodi

196 905 466 993 liquore
514 902 837 973 lucernae
875 902 1164 973 fratrum
1207 902 1620 995 indigerent,
1663 903 1860 974 beato
1893 904 2037 973 viro
2078 904 2364 977 Domino
2403 905 2742 978 instanter

196 1006 457 1074 orante,
510 1006 588 1062 ut
620 991 843 1092 ipsius
892 1013 1178 1062 munere
1224 991 1515 1063 fratrum
1566 992 1797 1083 inopia
1833 991 2319 1083 suppleretur:
2374 1016 2580 1064 mane
2614 1019 2740 1065 an-

196 1082 552 1153 nunciavit
596 1102 656 1150 e}
693 1080 1100 1160 monachus,
1156 1102 1344 1152 mare
1391 1081 1726 1184 grandem
1772 1081 2027 1171 piscem
2073 1093 2421 1153 mortuum
2457 1084 2740 1174 ejecisse

192 1173 264 1242 in
314 1172 499 1242 litus.
555 1175 647 1239 Ex
696 1168 814 1239 illo
855 1170 1040 1258 pisce
1070 1169 1312 1241 fratres
1347 1171 1628 1261 triginta
1679 1169 1945 1240 modios
1995 1169 2440 1262 pinguedinis
2488 1173 2576 1242 ad
2629 1172 2734 1243 lu-

192 1283 443 1332 cernas
476 1258 803 1329 fovendas
834 1271 1203 1329 extraxere.

286 1353 322 1438 §
376 1353 523 1420 ²1¹2.
576 1347 720 1418 Alio
770 1361 1074 1439 tempore
1119 1347 1515 1418 Pictavense
1563 1347 1980 1419 territorium
2035 1369 2287 1439 magna
2316 1371 2589 1419 annone
2627 1372 2740 1421 ca-

196 1439 396 1510 ritate
430 1436 813 1518 infestante,
852 1437 956 1505 vir
1004 1436 1118 1506 Dei
1156 1458 1278 1527 pro
1326 1436 1616 1506 fratrum
1668 1437 2070 1508 necessitate
2117 1436 2451 1520 solicitus,
2488 1449 2739 1509 attente

194 1529 266 1597 in
304 1548 541 1618 preces
570 1525 909 1595 incubuit.
965 1531 1159 1595 Mane
1193 1526 1557 1596 inveniunt
1593 1526 1837 1597 fratres
1871 1547 2193 1616 magnam
2232 1527 2363 1595 vim
2411 1527 2734 1618 piscium,

197 1616 373 1686 mari
406 1615 865 1695 antecedente,
906 1614 975 1683 in
1014 1614 1207 1684 litore
1238 1615 1563 1685 haesisse.
1604 1616 1661 1684 Ii
1703 1615 1924 1705 pisces
1959 1627 2094 1685 toto
2124 1637 2307 1685 anno
2341 1637 2476 1685 non
2511 1615 2737 1687 solum

193 1705 526 1775 fratribus
572 1704 813 1773 solatio
862 1702 1073 1784 fuere,
1128 1703 1244 1774 sed
1296 1703 1502 1778 etiam
1552 1703 1917 1793 permultis
1976 1705 2410 1774 monasteriis
2456 1717 2521 1774 et
2617 1728 2740 1775 au-

199 1794 485 1885 peribus
556 1792 931 1883 praebuere
1000 1792 1428 1862 alimoniam.
1503 1793 1887 1863 Haerebant
1947 1792 2363 1880 quandoque
2423 1793 2508 1863 ad
2601 1794 2738 1863 itus

198 1904 406 1954 naves
456 1881 886 1950 Britannicae
916 1936 931 1962 ,
983 1894 1184 1952 vento
1230 1904 1346 1952 eas
1408 1882 1796 1952 retardante
1827 1936 1842 1961 ,
1912 1894 1977 1950 et
2038 1882 2313 1952 interim
2365 1893 2612 1951 nautae
2658 1903 2739 1953 ex

195 1972 378 2042 fame
411 1971 479 2038 in
514 1970 886 2040 discrimen
938 1969 1483 2040 adducebantur.
1538 1970 1980 2040 Humanitate
2014 1984 2364 2061 permotus
2415 1971 2517 2040 vir
2567 1971 2729 2052 Dei,

186 2061 388 2149 jubet
448 2060 548 2131 eis
599 2059 739 2129 duo
796 2059 1125 2128 animalia
1174 2072 1239 2129 et
1284 2058 1577 2128 farinam
1628 2072 1832 2148 atque
1883 2081 2094 2149 panes
2146 2059 2338 2129 dari:
2395 2059 2740 2146 simulque

193 2172 353 2220 cum
406 2148 736 2218 fratribus
782 2169 988 2217 orans
1039 2170 1159 2238 pro
1206 2148 1306 2218 eis
1356 2148 1751 2229 Dominum,
1807 2160 2116 2238 optatum
2165 2149 2265 2218 eis
2298 2161 2573 2218 ventum
2609 2149 2742 2217 im-

196 2238 526 2329 petravit,
579 2238 784 2328 cujus
845 2237 1150 2307 secundo
1196 2238 1367 2307 ssatu
1413 2238 1626 2307 altera
1677 2237 1830 2307 luce
1878 2236 2163 2327 profecti
2210 2250 2394 2307 sunt.
2451 2237 2741 2307 Sedebat

196 2326 496 2414 quodam
525 2326 636 2395 die
662 2348 818 2396 cum
858 2325 1211 2407 fratribus,
1251 2339 1317 2395 et
1351 2326 1750 2416 prophetico
1782 2324 2083 2415 repletus
2112 2325 2403 2415 spiritu:
2441 2348 2477 2392 «
2501 2327 2732 2407 Plane,

200 2417 446 2502 inquit,
491 2415 756 2496 fratreS‚
810 2415 1067 2505 gratias
1114 2436 1407 2506 agamus
1447 2416 1735 2485 Domino
1780 2420 1947 2486 Jesu
1995 2414 2280 2485 Christo,
2335 2414 2738 2504 Propediem

195 2507 380 2575 enim
418 2504 710 2575 aderunt
753 2505 949 2573 nobis
985 2526 1021 2573 e
1070 2504 1381 2594 partibus
1423 2504 1905 2574 transmarinis
1955 2517 2343 2605 opportuna
2399 2504 2666 2573 solatia.
2704 2528 2733 2570 ι

106 2642 113 2651 ·
194 2600 338 2665 Non
374 2594 590 2663 multo
672 2606 774 2662 ost
800 2593 1116 2663 adventat
1145 2594 1483 2682 quaedam
1521 2598 1876 2663 Scotorum
1909 2615 2127 2672 navis,
2165 2592 2454 2663 diversis
2486 2604 2738 2663 onusta

195 2682 568 2764 mercibus,
607 2616 937 2752 fratribus
971 2693 1187 2752 vestes
1223 2695 1290 2752 et
1327 2681 1594 2752 calceos
1634 2681 1912 2752 abunde
1951 2681 2428 2773 suppeditans,

285 2781 324 2854 g
380 2775 527 2844 28.
581 2776 819 2841 Nostra
876 2770 1154 2859 quidem
1225 2771 1516 2841 facultas
1574 2783 1761 2841 tanta
1809 2792 1946 2840 non
2006 2783 2152 2852 est,
2221 2782 2300 2840 ut
2345 2770 2495 2860 ejus
2558 2769 2737 2839 facta

192 2861 432 2931 omnia
488 2881 1029 2930 commemorare
1091 2859 1462 2950 possimus.
1532 2859 1656 2929 Ille
1702 2859 1831 2929 hoc
1890 2871 2156 2950 potest,
2230 2860 2351 2945 qui
2419 2869 2739 2927 numerat

194 2948 709 3019 multitudinem
763 2947 1141 3019 stellarum.
1195 2954 1352 3018 Erat
1396 2948 1527 3017 hoc
1576 2948 1695 3019 illo
1744 2948 2176 3039 praeclarum
2208 3002 2223 3029 ,
2279 2960 2354 3017 ut
2399 2945 2733 3035 quicquid

192 3037 358 3107 aliis
404 3037 796 3108 faciendum
866 3037 1341 3127 praedicaret,
1395 3037 1462 3106 id
1531 3037 1680 3128 ipse
1745 3037 1940 3128 prius
1987 3058 2059 3107 re
2122 3036 2273 3125 ipsa
2334 3047 2734 3127 praestaret.

192 3132 357 3197 Erat
397 3126 614 3196 multa
643 3127 710 3196 in
740 3149 819 3196 eo
901 3128 1091 3209 ietas,
1123 3126 1420 3217 insignis
1446 3126 1847 3196 humanitas
1875 3138 1940 3196 et
1978 3125 2475 3206 misericordia,
2508 3146 2740 3215 prom-

193 3229 310 3318 pta
340 3216 799 3285 concionandi
831 3149 1146 3297 AEcultas,
1185 3238 1294 3285 ma
1352 3237 1436 3283 na
1469 3216 1730 3317 ingenii
1763 3228 1827 3285 et
1854 3214 2241 3285 intellectus
2281 3214 2732 3305 perspicacia,

192 3327 265 3374 ln
296 3305 682 3406 jejunando
721 3303 1063 3385 discretio,
1112 3305 1183 3373 in
1232 3326 1311 3374 co
1348 3304 1597 3392 loquiis
1646 3303 1967 3374 amabilis
2014 3303 2420 3385 affabilitas,
2475 3301 2739 3373 multus

195 3395 413 3464 animi
473 3394 707 3485 vigor,
762 3393 1036 3484 egregia
1083 3392 1541 3483 hospitalitas.
1595 3398 1753 3463 Erat
1801 3393 2190 3483 redemptor
2248 3415 2323 3462 ca
2383 3392 2674 3461 tivorum
2715 3446 2731 3474 ‚

196 3484 650 3553 moerentium
686 3482 1095 3564 consolator,
1139 3482 1535 3553 aedificator
1572 3482 2045 3553 ecclesiarum.
2094 3488 2343 3551 Permu
2376 3482 2425 3551 ti
2463 3502 2740 3568 quoque

192 3572 345 3661 ejus
374 3571 707 3662 exemplis
754 3571 1040 3651 incitati,
1092 3593 1249 3640 eum
1299 3571 1557 3641 imitari
1608 3571 2026 3641 nitebantur.
2082 3570 2512 3640 Mendacium
2549 3569 2736 3639 haud

193 3683 394 3731 secus
442 3673 645 3749 atque
694 3661 884 3731 virus
931 3660 1200 3729 exitiale
1245 3661 1541 3742 [vitabat.
1613 3659 1996 3731 Castitatem
2030 3714 2046 3740 ,
2113 3659 2546 3730 sobrietatem
2576 3712 2595 3738 ,
2663 3658 2736 3726 in

198 3751 390 3820 omni
439 3772 643 3841 opere
691 3749 874 3819 bono
926 3747 1407 3840 perfectionem
1474 3749 1665 3819 illius
1721 3750 1881 3835 quis
1926 3747 2271 3848 explicet?
2335 3753 2617 3837 Semper
2663 3747 2735 3815 in

193 3861 311 3909 ore
358 3839 511 3927 ejus
552 3838 897 3918 Christus,
953 3859 1225 3928 semper
1272 3839 1341 3908 in
1390 3839 1537 3929 ejus
1586 3850 1857 3929 pectore
1906 3841 1947 3906 S
2002 3838 2203 3908 1ritus
2237 3842 2539 3923 ⁸Sanctus
2586 3856 2738 3903 ver-

195 3928 501 4000 sabatur.
554 3927 855 3997 Tandem
906 3927 1233 3996 flentibus
1300 3927 1576 4019 populis
1607 3982 1622 4008 ,
1678 3860 2090 3996 laetantibus
2136 3924 2448 4015 Angelis,
2501 3924 2738 3993 anima

193 4018 427 4087 eximii
452 4016 823 4087 sacerdotis
852 4015 1314 4087 tertiodecimo
1344 4015 1676 4085 Calendas
1709 4013 2151 4106 Septembris,
2182 4036 2220 4081 e
2254 4012 2495 4083 mundi
2526 4012 2739 4101 hujus

196 4106 522 4176 ludibriis
574 4106 895 4208 migravit
940 4105 1023 4175 ad
1082 4104 1478 4186 Christum,
1533 4117 1937 4206 perceptura
1987 4125 2027 4171 a
2085 4102 2373 4172 Domino
2431 4100 2734 4191 palmam

194 4195 455 4297 gloriae
482 4208 963 4286 semplternae:
999 4194 1127 4279 Qui
1158 4215 1315 4263 cum
1343 4198 1535 4264 Patre
1559 4206 1624 4263 et
1656 4194 1913 4286 Splritu
1945 4195 2191 4261 Sancto
2216 4192 2378 4260 vivit
2399 4203 2464 4260 et
2500 4202 2739 4280 regnat

196 4307 267 4353 1n
310 4285 541 4356 secula
576 4284 991 4357 seculorum.
2019 4314 2024 4321 ·
