3308 5004
704 352 834 418 610
1348 368 1428 415 nn
1474 367 1532 415 S.
1586 365 1854 416 senasio
1900 367 2168 416 amu.
2225 366 2421 415 naar.
2844 349 3031 417 AUG.
3085 351 3179 415 25

616 469 684 557 et
726 475 946 609 quan}
989 473 1164 522 nova
1221 451 1617 543 spectacula
1667 457 1799 522 Deo
1844 461 2048 540 atque
2095 452 2364 543 angelis
2425 452 2575 524 suis
2626 452 2943 544 praebuit
2988 451 3174 522 fides

665 564 891 616 lorum

617 566 661 635 p
702 636 854 721 54.
886 636 1055 706 Ecce
1086 630 1156 698 in
1192 629 1510 719 sacrilegi
1551 629 1830 718 tyranni
1867 628 2254 700 ministerio
2281 629 2571 701 militem
2605 653 2813 701 suum
2849 629 3173 700 Christus

613 721 896 792 invenit.
967 718 1238 789 Solebat
1300 718 1600 788 Ecclesia
1661 717 1748 788 ad
1813 717 2188 813 tribunalia
2243 732 2761 809 persecutorum
2825 731 3178 808 martyres

610 812 924 882 mittere:
975 830 1134 878 ecce
1166 829 1354 878 nunc
1392 806 1735 898 stupendo
1767 828 2019 897 genere
2048 806 2395 878 Ecclesiae
2435 821 2809 898 martyrem
2851 807 3168 879 tribunal

608 898 1067 1001 persecutoris
1099 896 1351 967 emisit.
1386 897 1803 966 Pronunciat
1836 896 2088 985 itaque,
2136 896 2568 967 Christianus
2601 919 2799 968 sum:
2837 909 2901 967 et
2932 897 3178 967 omnis

609 987 882 1058 insania
931 986 1387 1077 persecutoris
1437 1007 1628 1055 verso
1662 985 1734 1054 in
1769 983 1971 1056 illum
2008 984 2243 1056 surore
2280 986 2639 1077 consurgit
2669 1009 2704 1051 ε-
2739 1000 3007 1057 aestuat
3036 986 3172 1056 do-

611 1076 751 1146 lore
783 1088 849 1146 et
894 1074 1299 1146 confusione
1319 1073 1533 1161 judex
1578 1086 1911 1145 cruentus
1937 1076 1965 1141 :⁴
2009 1074 2168 1165 plus
2211 1074 2579 1157 erubescit,
2626 1075 2959 1146 cultorem
2997 1074 3174 1145 fidei

606 1167 693 1236 de
753 1176 944 1256 parte
1000 1163 1367 1234 emersisse
1479 1162 1785 1233 erfidiae.
1848 1164 2303 1234 Incumbente
2367 1164 2599 1251 itaque
2662 1162 3173 1255 persecutionis

585 1252 812 1334 mole,
845 1253 1373 1341 insequentibus
1449 1251 1660 1322 iaboli
1685 1252 2047 1332 ministris,
2072 1252 2388 1323 Rhodani
2417 1274 2488 1323 se
2513 1253 2825 1324 immittit
2850 1253 3169 1335 fluentis,

605 1344 679 1412 in
712 1341 1107 1420 ulteriorem
1146 1341 1393 1432 ripam,
1429 1340 1514 1410 de
1560 1341 1833 1411 civitate
1863 1340 1933 1410 in
1972 1341 2346 1423 civitatem,
2385 1341 2676 1411 flumine
2705 1344 3161 1429 obsequente,

609 1430 1157 1532 transgreditur:
1214 1452 1347 1500 non
1397 1441 1476 1499 ut
1513 1429 1883 1519 gloriosam
1925 1442 2212 1500 mortem
2250 1430 2539 1520 fugeret,
2580 1430 2697 1500 sed
2731 1444 2808 1501 ut
2842 1432 3171 1519 martyrii

606 1521 836 1590 ordini
875 1520 971 1589 nil
1016 1519 1301 1601 deesset,
1355 1517 1623 1589 dicente
1657 1519 1808 1609 ipso
1858 1519 2194 1589 Domino:
2244 1523 2327 1590 Si
2374 1541 2484 1589 vos
2521 1523 2871 1622 persecuti
2901 1522 3170 1609 fuerint

607 1611 679 1680 in
725 1612 998 1679 civitate
1055 1611 1229 1689 ista,
1280 1610 1500 1698 fuqite
1548 1610 1619 1677 in
1675 1610 1887 1677 aliam
1945 1608 2213 1696 (Manli.
2274 1608 2366 1699 x).
2427 1608 2578 1684 Illic
2626 1609 3114 1700 apprehensus
3146 1665 3162 1688 ,

606 1698 871 1769 Christo
905 1696 1328 1775 immolatur,
1371 1709 1438 1765 et
1484 1695 1887 1786 triumphali
1938 1718 2184 1767 cruore
2241 1697 2706 1790 perfunditur.
2746 1698 2943 1768 Unda
2998 1719 3161 1787 pre·

606 1789 761 1858 tiosi
796 1786 1182 1877 sanguiniS,
1218 1785 1546 1875 baptismi
1573 1791 2015 1855 Sacramenta
2046 1787 2507 1877 complentur:
2537 1785 2725 1857 cadit
2749 1787 2820 1856 in
2857 1787 3167 1878 pretium

605 1876 928 1957 veritatis,
976 1874 1190 1945 hostis
1227 1875 1522 1965 pietatis.

691 1967 728 2051 ξ
774 1969 861 2037 ὅ.
916 1963 1056 2033 Sub
1108 1963 1259 2053 ipsa
1323 1964 1551 2049 itaque
1616 1962 2056 2033 felicissimae
2089 1963 2416 2038 ,civitatis
2465 1963 2738 2034 moenia
2769 2017 2785 2044 ,
2841 1961 3164 2034 fidelium

603 2053 915 2134 humeris
953 2052 1163 2121 funus
1211 2051 1451 2140 inclyti
1485 2051 1760 2121 victoris
1794 2051 2108 2122 insertur.
2166 2053 2357 2123 Unde
2391 2076 2575 2123 nunc
2619 2053 2795 2122 inter
2823 2063 3160 2139 utrasque

603 2141 799 2211 urbis
833 2140 1023 2210 illius
1106 2153 1284 2210 artes
1310 2140 1585 2231 gemino
1620 2140 1879 2211 honore
1905 2141 2272 2232 gloriosus,
2312 2142 2504 2212 illam
2541 2143 2763 2232 ripam
2797 2141 3160 2231 triumpho

604 2230 1010 2310 sanctificat,
1105 2252 1232 2298 ane
1265 2252 1336 2298 se
1389 2229 1625 2299 ulcro:
1665 2229 1853 2300 illam
1891 2231 2230 2321 sanguine
2258 2230 2581 2313 illustrat,
2623 2231 2802 2299 hanc
2832 2251 3148 2319 corpore.

603 2319 866 2390 Fideles
893 2320 1120 2406 itaque
1151 2340 1338 2408 popu
1373 2320 1391 2387 i
1426 2319 1846 2407 peculiarius
1875 2319 2260 2389 exultantes
2289 2318 2374 2389 de
2448 2319 2715 2410 erpetui
2752 2340 3158 2408 propugna-

601 2409 769 2478 toris
795 2407 1076 2488 auxilio,
1113 2406 1341 2477 serunt
1373 2407 1458 2477 ad
1495 2407 1843 2478 tumulum
1868 2421 2044 2488 vota,
2084 2407 2170 2477 de
2205 2422 2403 2479 tumu
2433 2432 2473 2479 o
2504 2422 2814 2479 votorum
2846 2407 3156 2477 referunt

600 2497 878 2589 gaudia.
920 2496 1201 2567 Pulsant
1242 2496 1313 2567 hi
1353 2496 1699 2587 precibuS,
1748 2497 2111 2587 respondet
2143 2494 2261 2568 ille
2300 2497 2693 2568 virtutibus:
2747 2495 3151 2578 vincuntur,

603 2609 723 2678 per
769 2586 1172 2674 quotidiana
1206 2587 1520 2676 Martyris
1568 2586 1923 2667 beneficia,
1968 2586 2294 2657 alumnae
2327 2588 2522 2657 urbis
2557 2588 2911 2673 obsequia.
2955 2586 3152 2656 Unde

602 2677 845 2746 merito
894 2676 961 2744 in
1004 2675 1353 2766 prosperis
1387 2675 1647 2756 colunt,
1687 2696 1896 2762 quem
1948 2688 2372 2765 praesentem
2417 2677 2487 2745 in
2532 2674 2858 2766 periculis
2894 2692 3156 2766 cogno·

601 2778 866 2834 verunt.
899 2764 1395 2852 Frequentibus
1423 2765 1650 2851 itaque
1682 2763 2247 2833 tribulationibus
2272 2765 2773 2855 approbarunt,
2807 2778 3152 2853 quantum

600 2854 783 2944 apud
823 2859 1033 2923 Deum
1086 2854 1300 2943 possit
1339 2854 1664 2943 proprius
1704 2854 2139 2943 suffragator.
2176 2859 2394 2937 Quam
2447 2855 2743 2945 pretiosa
2773 2867 2938 2923 sunt
2964 2872 3152 2921 mar·

599 2956 831 3032 tyrum
874 2942 1157 3010 vulnera
1189 2995 1203 3022 ‚
1248 2964 1459 3029 quam
1515 2942 1813 3032 gloriosa
1866 2942 2243 3012 certamina
2275 2997 2290 3023 ,
2345 2943 2521 3014 inter
2562 2965 2741 3030 quae
2791 2941 3147 3011 tormentis

596 3031 920 3111 viventeS,
957 3043 1023 3100 et
1053 3030 1391 3100 mortibus
1423 3030 1955 3120 triumphanteS,
2006 3033 2252 3101 vematz‘
2292 3034 2363 3100 in
2407 3035 2669 3122 pauci-5,
2722 3034 2881 3101 bene
2923 3032 3144 3118 dispo·

596 3131 853 3190 mentm·
902 3123 972 3189 in
1026 3121 1259 3188 multis
1303 3119 1426 3207 (ew
1473 3120 1637 3210 Sap.
1683 3120 1811 3208 111).
1852 3124 2090 3190 Coram
2140 3120 2543 3191 hominibus
2598 3120 2859 3201 afflicti,
2907 3139 3146 3188 coram

595 3209 862 3299 angelis
891 3207 1351 3298 glorificandi,
1388 3207 1662 3278 brevem
1702 3213 1831 3278 Deo
1872 3209 2078 3278 vitam
2112 3210 2244 3281 sub
2277 3211 2697 3280 aeternitatis
2728 3206 3150 3280 commercio

596 3297 1139 3367 foeneraverunt.
1196 3302 1272 3365 Et
1319 3297 1472 3366 ideo
1520 3298 1701 3367 sicut
1739 3320 1988 3368 aurum
2047 3299 2118 3366 in
2158 3298 2435 3368 fornace
2489 3299 2671 3390 ignis
2706 3354 2721 3380 ,
2777 3300 2868 3367 ita
2918 3297 3023 3366 illi
3071 3297 3150 3366 in

595 3386 871 3455 camino
911 3384 1376 3455 tribulationis
1427 3386 1718 3476 probati,
1771 3385 2137 3477 fulgebunt
2185 3388 2365 3457 sicut
2396 3387 2521 3458 sol.
2581 3393 2668 3457 De
2713 3387 2973 3475 quibus
3025 3407 3154 3476 per

596 3474 873 3543 beatum
906 3480 1243 3543 ¹loannem
1296 3496 1418 3543 vox
1471 3474 1708 3545 divina
1762 3488 2091 3546 testatur:
2145 3479 2241 3544 Hi
2287 3488 2465 3557 sunt,
2521 3480 2646 3568 qai
2689 3486 3154 3546 venerante-1²

592 3586 848 3652 may-na
880 3564 1335 3644 tribulatione,
1380 3568 1794 3633 efflaverunt
1840 3569 2047 3635 stolas
2092 3588 2274 3646 sua-5,
2319 3577 2382 3634 et
2413 3567 2895 3635 dealbaverunt
2927 3588 3047 3633 eas
3077 3566 3156 3634 in

591 3655 918 3743 sanquine
948 3660 991 3720 Α
1002 3654 1145 3742 qni,
1179 3664 1459 3743 propter
1489 3654 1607 3721 lzoe
1645 3656 1916 3723 stabant
1950 3656 2019 3723 z'n
2048 3666 2392 3744 conspectu
2425 3656 2655 3724 throni
2679 3654 2756 3745 (A
2755 3678 2912 3811 1poc.
2947 3658 3099 3738 vn).

681 3744 719 3828 ξ
766 3746 859 3812 θ.
914 3745 1055 3810 Hoc
1093 3762 1256 3831 ergo
1289 3742 1684 3813 charissimi
1734 3744 1825 3812 ita
1875 3743 2234 3823 miremur,
2280 3755 2355 3813 ut
2404 3744 2720 3813 homines
2784 3744 2967 3814 uisse
3004 3764 3155 3812 me-

594 3831 1046 3900 minerimus:
1101 3831 1226 3901 hos
1257 3886 1271 3911 ,
1341 3831 1672 3918 inquam,
1727 3831 1822 3901 ita
1874 3832 2208 3902 miremur
2240 3887 2255 3913 ,
2310 3844 2386 3902 ut
2433 3854 2548 3902 eos
2598 3833 2812 3902 nostri
2876 3831 3154 3902 similes

593 3920 1028 4000 noverimus,
1094 3932 1159 3989 et
1204 3920 1336 3989 sub
1383 3919 1622 3988 eadem
1654 3976 1669 4001 ,
1742 3942 1881 4007 qua
1943 3942 2069 3990 nos
2117 3943 2365 3990 sumus
2397 3977 2412 4002 ,
2479 3922 2711 3992 carnis
2773 3919 3154 4011 fragilitate

592 4010 877 4080 vixisse:
929 4021 993 4078 et
1043 4031 1162 4098 per
1210 4009 1770 4109 hocfsequamur,
1817 4010 2228 4097 inquantum
2282 4032 2679 4100 possumuS,
2728 4010 2938 4109 sidem
2991 4008 3156 4082 illo—

589 4120 795 4166 rum:
849 4111 1191 4168 sectemur
1252 4119 1470 4166 annm
1534 4110 1854 4167 virtutem
1887 4153 1902 4179 ,
1955 4120 2091 4186 qua
2149 4112 2417 4168 terrena
2463 4111 2529 4169 et
2595 4111 2984 4187 praesentia
3041 4121 3155 4169 re—

590 4198 961 4276 spuentes,
1029 4187 1168 4257 vim
1240 4187 1472 4275 regnis
1536 4186 1949 4257 coelestibus
1998 4187 2404 4257 intulerunt.
2461 4193 2975 4279 Superaverunt
3041 4187 3152 4259 illi

587 4297 954 4363 corporum
990 4275 1283 4356 doloreS,
1341 4297 1464 4344 nos
1515 4298 1925 4365 superemus
1961 4299 2230 4346 morum
2267 4289 2330 4347 et
2363 4277 2676 4347 cordium
2732 4277 3146 4368 passiones:

592 4364 900 4432 vicerunt
950 4364 1051 4433 illi
1101 4375 1481 4438 tormenta.
1537 4387 1663 4434 nos
1714 4366 1896 4435 vitia.
1952 4365 2060 4434 Illi
2110 4365 2485 4437 sacrificari
2542 4365 2930 4436 daemoniis
2979 4365 3152 4438 hor—

592 4465 904 4533 ruerunt,
964 4474 1085 4521 nos
1140 4452 1514 4533 malitiam,
1572 4454 1928 4533 iuvidiam,
1983 4455 2553 4536 obtrectationes,
2617 4454 3142 4527 contentiones.
