3308 5004
226 358 371 425 ΑΗΕ.
413 356 453 422 2
887 372 970 422 1>ss
1017 375 1074 423 s.
1123 375 1450 426 Airnonso
1496 378 1563 425 u.
1617 378 1698 425 nr.
1743 377 1994 426 amomo
2526 363 2611 428 69

218 473 552 537 peccatores
598 459 685 530 ad
718 479 904 541 eum,
942 471 1219 551 peccata
1247 461 1619 531 confitendi
1659 464 1901 553 gratia,
1940 462 2379 544 accedebant,
2420 463 2507 534 ad
2563 487 2703 535 me·

217 541 411 619 liorem
444 570 515 620 se
545 546 813 636 frugem
846 561 1349 620 converterunt.
1387 551 1722 633 Quocirca
1755 552 1771 619 i
1829 573 1900 621 se
1925 551 2314 641 Al'phonsus
2346 553 2703 625 confessus

214 651 310 718 est,
355 659 700 726 nunquam
758 638 1114 723 accidisse,
1168 651 1244 709 ut
1299 640 1667 727 quisquam
1719 663 1757 709 a
1847 662 1918 712 se
1965 642 2031 710 in
2085 663 2279 712 sacro
2347 642 2701 713 Tribunali

215 728 510 797 sedentem
551 728 935 811 accesserit,
987 728 1156 816 quin
1210 749 1328 819 per
1376 728 1715 799 sinceram
1778 729 2289 799 conversionem
2347 753 2506 802 cum
2569 737 2700 802 Deo

212 814 412 887 fuisset
445 815 950 887 reconciliatus.
2163 856 2170 885 t

275 907 306 993 ξ
345 908 431 975 8.
485 909 575 974 De
620 919 907 987 caeter0,
951 927 1088 993 quo
1138 905 1478 995 potentior
1535 904 1604 973 in
1658 926 1971 976 sermone
2019 919 2222 993 atque
2269 929 2472 997 opere
2528 923 2704 979 esset

209 993 290 1063 vir
328 1006 643 1074 sanctuS,
717 993 933 1064 voluit
981 999 1157 1063 Deus
1218 994 1371 1083 ejus
1449 994 1908 1066 ministerium
1978 995 2295 1065 maximis
2355 1019 2705 1067 commen-

207 1081 405 1152 datum
460 1082 818 1174 prodigiis.
883 1088 1258 1153 Memoratu
1322 1082 1391 1152 di
1450 1083 1734 1153 nissima
1803 1095 1962 1152 sunt
2031 1084 2385 1174 praecipui
2449 1085 2702 1156 favoris

203 1171 389 1261 signa,
437 1172 693 1259 quibus
721 1194 854 1241 non
894 1171 1102 1241 semel
1140 1194 1342 1241 suum
1377 1105 1720 1242 &mulum
1761 1172 2155 1241 Beatissima
2200 1172 2401 1264 Virgo
2450 1195 2705 1264 augere

206 1260 450 1349 dignata
487 1273 613 1330 est.
666 1261 956 1351 Foggiae
1016 1260 1085 1328 in
1122 1260 1387 1349 Apulia,
1426 1260 1592 1329 dum
1641 1274 1924 1331 sanctus
1964 1262 2404 1331 concionator
2444 1285 2696 1332 noven-

200 1348 414 1419 dialem
455 1349 881 1419 devotionem
917 1370 1075 1419 cum
1117 1348 1373 1439 populo
1407 1349 1804 1431 celebraret,
1837 1351 2060 1438 spatio
2090 1352 2301 1421 unius
2329 1350 2465 1420 fere
2495 1351 2701 1421 horae

200 1458 394 1506 coram
448 1437 705 1518 tabula,
757 1458 936 1526 quae
975 1438 1330 1526 Deiparam
1381 1439 1956 1528 repraesentabat,
1995 1439 2064 1507 in
2099 1441 2384 1510 extasim
2436 1454 2697 1530 raptuS,

199 1527 538 1596 consistere
572 1526 759 1597 visus
807 1540 930 1596 est.
985 1549 1021 1593 «
1057 1531 1213 1597 Erat
1239 1527 1539 1617 Virginis
1588 1540 1911 1617 aspectus
1933 1528 2066 1618 (sic
2118 1549 2256 1598 rem
2295 1529 2442 1618 ipse
2474 1542 2702 1619 postea

197 1613 568 1705 declaravit)
611 1617 812 1703 quasi
843 1613 1107 1705 puellae
1156 1615 1479 1687 tredecim
1508 1632 1628 1687 aut
1662 1616 2184 1704 quatuordecim
2220 1639 2585 1698 annorum,
2621 1640 2701 1687 ac

196 1701 598 1775 dextrorsum
650 1704 1152 1786 sinistrorsum,
1206 1705 1363 1775 albo
1417 1704 1558 1773 lino
1619 1718 1854 1795 operta
1927 1705 2345 1776 movebatur.
2412 1711 2705 1798 Insuper

193 1794 542 1863 asserimus
588 1791 911 1883 (inquit),
982 1815 1105 1863 nos
1154 1815 1408 1884 magna
1453 1793 1809 1864 devotione
1866 1816 1943 1863 ac
1991 1815 2024 1863 s
2080 1794 2279 1864 iritus
2329 1795 2538 1864 nostri
2590 1818 2702 1864 vo-

192 1878 444 1970 luptate,
487 1903 613 1951 nec
644 1882 793 1951 sine
832 1882 1181 1971 lacrymiS,
1220 1882 1599 1984 inspexisse
1649 1881 1960 1952 eamdem
2036 1883 2278 1964 aciem,
2327 1905 2458 1952 non
2502 1884 2700 1969 quasi

190 1967 533 2059 depictam,
587 1971 703 2040 sed
749 1972 1113 2062 integram,
1164 1993 1365 2059 quast
1413 1971 1751 2061 sculptam
1806 1993 1886 2040 ac
1933 1993 2280 2051 carneam,
2338 1970 2520 2041 velut
2567 1972 2702 2041 sci-

191 2055 325 2128 licet
368 2058 941 2164 adolescentulae,
995 2081 1170 2146 quae
1229 2060 1483 2150 pariter
1535 2060 1670 2129 huc
1720 2059 1886 2131 illuc
1935 2081 2006 2130 se
2047 2061 2380 2130 volvebat.
2420 2083 2456 2127 »
2511 2060 2696 2129 Idem

187 2148 559 2245 prodigium
613 2148 902 2239 Foggiae
952 2162 1184 2237 postea
1232 2161 1626 2219 renovatum
1677 2160 1824 2230 est;
1891 2163 2095 2237 atque
2147 2149 2239 2218 ita
2288 2148 2700 2219 describitur

187 2256 244 2302 in
275 2235 493 2307 officio
528 2239 829 2394 proprio,
869 2237 1052 2324 quod
1101 2238 1510 2308 Auctoritate
1542 2238 1916 2327 apostolica
1963 2239 2032 2307 in
2087 2238 2240 2326 ejus
2294 2238 2692 2307 memoriam

187 2345 573 2397 concessum
672 2326 812 2396 uiti
848 2349 885 2394 »
946 2330 1114 2397 Dum
1163 2328 1347 2396 enim
1399 2327 1509 2395 Dei
1564 2327 1925 2397 Genitricis
1964 2326 2077 2395 hic
2142 2327 2365 2396 cultor
2409 2327 2702 2395 eximius

190 2426 326 2482 ante
370 2414 588 2484 altare
633 2420 704 2484 B.
758 2414 1008 2484 Mariae
1058 2415 1381 2507 Virginis,
1435 2414 1643 2507 vulgo
1690 2419 1905 2485 Icom‘s
1955 2417 2198 2485 veteris
2238 2429 2696 2506 nuncupatae,

185 2497 537 2574 ferventius
586 2502 1061 2575 concionando
1113 2504 1196 2574 de
1258 2504 1411 2591 ejus
1478 2504 1805 2574 laudibus
1860 2504 2259 2584 dissereret,
2315 2527 2351 2574 e
2401 2502 2699 2594 Virginis

184 2592 478 2683 Imagine
526 2592 596 2661 in
640 2615 797 2662 eum
850 2593 1166 2664 immisso
1217 2593 1393 2664 miro
1440 2593 1828 2685 splendore,
1882 2604 2063 2663 totus
2116 2591 2285 2663 facie
2340 2613 2702 2661 coruscare

182 2690 236 2746 et
271 2680 334 2749 in
389 2681 681 2751 extasim
745 2683 890 2772 rapi
942 2703 1172 2751 coram
1225 2682 1547 2753 universo
1599 2682 1966 2772 populo....
2022 2681 2210 2750 vis'us
2257 2692 2430 2751 est.»
2481 2679 2699 2750 Simul

183 2787 321 2836 vero
367 2782 507 2840 tres
624 2769 844 2841 almos
891 2792 931 2839 a
978 2784 1309 2861 suggestu
1355 2771 1695 2840 attollitur
1723 2826 1738 2853 ,
1807 2769 2060 2860 gaudio
2114 2792 2193 2839 ac
2240 2768 2703 2840 consolatione

180 2856 505 2928 exultante
587 2859 1134 2945 requentissima,
1179 2881 1355 2946 quae
1402 2859 1657 2939 aderat,
1696 2859 2048 2929 concione.
2101 2857 2324 2928 Simili
2376 2880 2531 2928 vero
2578 2878 2701 2947 ap-

185 2945 502 3031 paritione
538 2960 886 3018 recreatus
924 2959 1028 3017 est
1066 2947 1451 3038 Alphonsus
1483 2949 1552 3017 in
1601 2947 1872 3018 civitate
1919 2946 2237 3038 Amalphi
2284 2960 2348 3018 et
2404 2948 2472 3015 in
2527 2969 2700 3036 pago

180 3030 342 3104 dicto
389 3059 429 3105 a
465 3041 534 3106 S.
592 3036 903 3126 Georgio.
959 3035 1215 3107 Claruit
1264 3049 1608 3126 praeterea
1648 3037 1849 3106 donis
1892 3049 2036 3106 tum
2088 3036 2506 3126 prophetiae,
2563 3057 2702 3122 qua

179 3117 386 3193 sutura
426 3137 551 3194 aut
603 3123 806 3215 longe
849 3137 1105 3195 remota
1158 3125 1613 3216 praedicebat;
1668 3138 1812 3195 tum
1866 3125 2306 3196 scrutationis
2354 3123 2694 3205 cordium,

182 3228 298 3294 qua
339 3213 824 3302 peccatoribus
875 3235 1164 3283 arcanas
1211 3213 1456 3303 culpas
1509 3214 1882 3295 revelabat;
1936 3215 2153 3305 gratia
2200 3235 2336 3301 quo
2385 3235 2472 3282 ue
2518 3212 2702 3281 sani-

186 3308 403 3398 tatum,
469 3324 555 3372 ac
605 3301 884 3372 demum
947 3303 1382 3375 bilocationis
1446 3325 1752 3385 munere,
1804 3325 1941 3392 quo
1988 3325 2123 3373 non
2173 3315 2354 3372 seme
2429 3301 2704 3371 duobus

184 3390 365 3459 simul
421 3391 491 3460 in
537 3390 705 3460 locis
743 3390 986 3461 adesse
1022 3392 1210 3460 visus
1253 3404 1378 3461 est.

192 3561 203 3572 ⁸
254 3478 288 3563 ξ
329 3483 488 3552 lo.
553 3485 724 3548 Dum
761 3501 918 3549 vero
966 3479 1361 3570 apostolicis
1394 3479 1746 3550 laboribus
1772 3480 1872 3548 sic
1904 3479 2242 3549 indefesse
2276 3501 2347 3549 se
2381 3478 2697 3558 traderet,

188 3582 711 3655 innumerasque
746 3581 888 3637 tum
942 3569 1168 3648 verbo,
1205 3581 1349 3639 tum
1391 3569 1726 3660 exempl0,
1764 3582 1906 3638 tum
1945 3567 2439 3638 miraculorum
2483 3566 2702 3658 gloria

183 3654 423 3727 animas
472 3656 744 3728 Christo
791 3655 1261 3739 lucrifaceret;
1315 3657 1601 3727 minime
1638 3658 1984 3728 commisit
2031 3670 2311 3727 sanctus
2358 3656 2708 3746 Fundator

190 3752 254 3809 ut
292 3767 533 3900 graves
568 3767 795 3826 curas,
837 3766 1012 3832 quas
1041 3747 1282 3835 junior
1310 3745 1461 3833 ejus
1510 3744 1774 3815 familia
1833 3746 2093 3836 jugiter
2140 3746 2273 3817 sibi
2331 3743 2700 3834 poscebat.

188 3849 295 3920 neg
320 3835 501 3903 cctui
545 3833 848 3905 baberet.
889 3838 1463 3925 congregatorum
1518 3857 1852 3905 numerus
1900 3835 2156 3905 sensim
2193 3845 2600 3913 accreverat;
2641 3843 2707 3902 et

191 3937 343 3990 anno
373 3945 706 4004 unccxnvi,
752 3924 1150 3994 Institutum
1205 3923 1348 4011 jam
1381 3937 1680 4009 quatuor
1719 3924 1967 3993 domus
2012 3923 2425 4013 possidebat,
2487 3943 2700 3990 unam

190 4007 483 4080 Nuceriae
506 4017 967 4101 Paganorum,
989 4025 1290 4082 caeteras
1317 4013 1385 4081 in
1412 4011 1578 4084 locis
1604 4013 1864 4101 quibus
1887 4034 2130 4082 nomen
2163 4012 2453 4090 Ciorani,
2472 4012 2705 4080 Iliceto

194 4106 240 4162 et
264 4101 571 4190 Gaposele
615 4099 965 4190 (Scaiense
1004 4102 1190 4170 enirn
1242 4100 1615 4192 Collegium
1672 4102 1759 4172 ob
1811 4101 2063 4171 multas
2111 4099 2571 4168 divexationes
2621 4121 2701 4169 eo

198 4192 464 4276 tempore
494 4189 648 4278 jam
695 4200 840 4258 erat
886 4188 1289 4279 desertum).
1341 4194 1564 4273 Quare
1601 4203 1733 4260 tem
1791 4212 1871 4258 us
1902 4188 2138 4259 adesse
2170 4201 2381 4270 ratuS,
2418 4189 2538 4258 ubi
2574 4211 2704 4258 suo

201 4276 351 4359 operi
409 4276 661 4347 ultima
707 4276 1122 4363 adjiceretur
1183 4279 1549 4360 stabilitas,
1606 4213 2002 4370 Alpfionsus
2058 4277 2383 4349 omnibus
2442 4278 2704 4348 viribus

203 4357 329 4432 enl'ti
359 4366 609 4456 coepit,
650 4377 726 4435 ut
774 4378 916 4435 tum
970 4367 1237 4435 Summi
1270 4368 1644 4448 Pontificis,
1702 4381 1842 4437 tum
1893 4366 2073 4457 regis
2105 4365 2527 4456 Neapolitani
2578 4366 2703 4437 ad-

206 4450 633 4532 probationem
665 4468 1221 4542 consequeretur.
1253 4460 1304 4526 A
1338 4469 1664 4547 potestate
1696 4455 1973 4544 quidem
2007 4455 2192 4525 civili
2227 4456 2401 4525 nihil
2439 4470 2704 4547 praeter
