3308 5004
141 337 326 405 ΔΗΕ.
376 338 481 406 29·
754 351 823 404 11¹
867 354 1062 404 nsi-o
1109 354 1443 405 utentur.
1499 356 1556 403 s.
1606 354 1835 405 rom.
1885 355 2069 406 am.
2478 340 2608 410 709

138 440 269 513 fuit
315 438 789 511 oohahitatia?
834 444 927 509 An
977 440 1290 521 omnino,
1327 439 1515 528 quod
1557 451 1721 510 tunc
1751 454 1932 512 esset
1967 439 2277 530 paritura
2311 440 2696 516 Elisabeth?

141 531 206 601 Si
254 530 443 600 enim
490 528 679 599 circa
725 540 993 599 sextum
1045 550 1352 601 mensem
1381 582 1402 611 ,
1455 550 1539 599 ex
1583 551 1725 617 quo
1770 551 1852 600 ea
1908 541 2317 618 eoaceperat
2346 584 2363 612 ,
2440 532 2699 607 missus

136 618 269 692 fuit
311 617 609 709 angelus
654 617 742 687 ad
791 616 1143 708 Virginem
1171 672 1191 701 ,
1241 618 1398 709 ipsa
1443 630 1676 689 autem
1724 639 1888 689 cum
1936 616 2126 708 apud
2175 617 2528 692 Elisabeth
2590 643 2697 692 ve·

136 707 374 789 nisset,
431 727 704 778 menses
751 719 891 777 tres
934 706 1124 796 apud
1172 729 1325 777 eam
1378 718 1770 797 permanet:
1821 705 2089 779 clarum
2137 717 2268 787 est,
2302 707 2485 794 quod
2531 731 2695 784 cum

138 796 411 868 finitum
461 808 641 866 esset
686 808 961 887 tempus
1009 796 1528 886 conceptionis,
1579 795 1766 883 quod
1816 817 2045 868 nonus
2092 794 2354 870 mensis
2400 797 2505 866 cir
2547 819 2698 868 um·

145 885 407 966 scribit,
438 884 507 954 in
540 884 825 955 domum
862 906 1061 954 suam
1102 885 1307 976 Virgo
1346 885 1746 956 revertitur:
1783 897 1852 954 et
1878 884 2166 958 fortasse
2201 884 2330 956 bac
2361 883 2449 954 de
2483 881 2498 902 ⁴*
2565 908 2694 958 usa

142 974 321 1063 quod
372 973 696 1044 universa
744 973 1122 1044 multitudo
1168 986 1315 1045 erat
1362 986 1648 1062 ventura
1694 974 1768 1047 in
1815 973 2024 1044 aedes
2069 972 2462 1056 Zachariae,
2525 996 2687 1046 eum

138 1064 422 1165 instaret
470 1075 746 1164 tempus
796 1062 1110 1153 pariendi
1160 1062 1532 1145 Elisabeth,
1586 1062 1816 1153 pudor
1853 1075 2083 1133 autem
2127 1062 2491 1154 virginalis
2523 1062 2695 1136 haec

137 1173 427 1222 m1n1me
476 1163 868 1222 susuneret.

226 1243 264 1329 ξ
310 1244 394 1312 S.
449 1239 808 1310 undenam
854 1261 1013 1310 vero
1063 1238 1247 1310 venit
1294 1239 1366 1310 in
1415 1253 1718 1310 mentem
1775 1239 2254 1322 Elisabethae,
2316 1252 2397 1311 ut
2450 1238 2701 1314 infanti

137 1329 529 1420 imponeret
577 1349 826 1400 nomen
865 1327 1190 1410 Joannis,
1233 1328 1422 1416 quod
1454 1350 1690 1399 revera
1727 1341 1874 1400 erat
1914 1351 2195 1410 novum,
2237 1340 2303 1399 et
2330 1328 2419 1398 ab
2451 1350 2692 1402 eorum

135 1439 390 1510 genere
437 1416 793 1487 alienum?
840 1417 1199 1488 Under-iam
1250 1429 1505 1498 autem,
1562 1417 1699 1487 nisi
1751 1439 1983 1490 revera
2011 1441 2089 1488 ex
2126 1420 2170 1487 S
2224 1417 2386 1512 iritu
2422 1421 2693 1500 Sanet0,

133 1519 207 1578 et
251 1528 334 1577 ex
384 1506 631 1576 virtute
675 1506 853 1595 ejuS,
908 1507 1029 1593 qui
1078 1506 1542 1578 nascebatur?
1589 1511 1820 1594 Neque
1863 1507 2052 1578 enim
2084 1506 2147 1577 ei
2230 1529 2310 1580 oc
2346 1506 2700 1597 significa-

137 1595 241 1665 vit
290 1595 1010 1678 maritussQuomodo
1056 1595 1270 1681 enim,
1322 1616 1482 1666 cum
1533 1595 1597 1666 ei
1644 1608 1826 1668 esset
1855 1596 2087 1668 adhuc
2128 1595 2372 1686 lingua
2411 1617 2700 1686 praepe-

137 1683 339 1756 dita?
387 1687 576 1755 Certe
620 1684 827 1755 etiam
896 1697 1261 1774 postquam
1331 1683 1463 1755 hoc
1528 1684 1788 1774 scripto
1854 1683 2274 1774 significavit
2332 1684 2697 1758 Zacharias

138 1775 360 1864 (nutu
403 1772 590 1843 enim
640 1794 777 1843 non
831 1773 1145 1863 poterat),
1199 1772 1524 1845 admirati
1574 1786 1760 1855 sunt,
1814 1774 2064 1860 inquit,
2115 1794 2382 1843 omnes.
2418 1778 2701 1874 Propter

134 1883 523 1950 quamnam
573 1859 779 1931 aliam
830 1883 1144 1942 causam,
1187 1883 1397 1948 quam
1434 1874 1710 1952 propter
1751 1874 2112 1952 parentum
2146 1861 2698 1934 convenientiam

80 2033 81 2036 Ἴ
135 1951 330 2020 circa
378 1969 627 2020 nomen
678 1949 1013 2021 infantis?
1061 1948 1493 2037 Simulatque
1537 1972 1704 2042 ergo
1751 1951 2064 2021 scribens
2115 1950 2519 2031 nominavit,
2561 1949 2699 2020 lin-

137 2060 322 2129 guae
368 2060 645 2126 quoque
691 2039 1032 2112 dissoluta
1079 2049 1243 2112 sunt
1291 2038 1593 2120 vincula,
1648 2052 1715 2110 et
1744 2040 1969 2131 coepit
2007 2040 2221 2128 loqui.
2258 2038 2388 2112 Sed
2418 2059 2550 2110 cur
2590 2039 2698 2108 in-

141 2127 334 2198 vadit
384 2127 587 2198 timor
631 2150 898 2209 omneS,
936 2129 1055 2216 qui
1092 2129 1357 2200 circum
1390 2128 1843 2199 habitabant?
1882 2129 2076 2212 Quod
2107 2128 2466 2219 oportebat
2503 2128 2696 2197 clara

139 2237 592 2306 praecurrere
638 2216 977 2288 miracula
1006 2272 1022 2298 ‚
1075 2230 1142 2286 et
1190 2229 1469 2316 propter
1518 2218 2050 2307 promissionem
2096 2218 2297 2307 ejus,
2411 2216 2484 2286 ui
2547 2227 2695 2317 erat

135 2306 566 2386 nascituruS,
617 2316 684 2375 et
733 2319 1007 2396 propter
1054 2317 1192 2374 tam
1241 2305 1572 2375 eximium
1625 2306 1818 2376 illius
1869 2318 2167 2396 partum,
2221 2317 2303 2375 υἱ
2349 2327 2390 2376 a
2488 2304 2690 2376 initio

132 2391 280 2464 fide
325 2394 585 2485 dignus
635 2393 983 2485 praeclare
1030 2416 1068 2462 a
1127 2396 1416 2483 pareret.
1463 2394 1821 2484 Significat
1848 2408 2076 2465 autem
2122 2393 2248 2463 hoc
2280 2414 2558 2480 quoque
2593 2392 2691 2474 id,

129 2482 323 2571 quod
373 2482 851 2575 subjungitur,
903 2505 1043 2572 quo
1137 2482 1506 2557 admiratio
1541 2496 1606 2553 et
1641 2495 1867 2554 metus
1898 2482 2224 2553 invaserit
2253 2504 2521 2564 omnes,
2558 2482 2688 2553 sci-

126 2571 300 2645 licet
330 2594 449 2644 eos
501 2574 622 2661 qui
653 2572 1063 2644 audiebant:
1099 2573 1437 2656 Quisnam
1465 2572 1617 2652 erit,
1664 2571 1995 2652 dicentes,
2034 2571 2145 2641 hic
2182 2574 2401 2661 puer?

226 2662 267 2749 ξ
313 2666 409 2732 ss.
464 2662 1065 2732 Verumenimvero
1118 2682 1203 2732 ne
1247 2660 1417 2732 haec
1464 2659 1746 2747 quidem
1799 2682 1924 2730 nos
1973 2672 2424 2751 praetereant,
2471 2680 2698 2746 neque

128 2750 498 2822 socordiae
544 2772 955 2824 accusemur
1002 2751 1072 2820 in
1121 2750 1209 2820 iis
1258 2749 1327 2819 in
1375 2749 1635 2835 quibus
1682 2749 2018 2823 debemus
2087 2749 2317 2838 potius
2381 2747 2696 2821 conferre

128 2837 454 2908 studium
505 2851 571 2908 et
616 2838 1076 2929 diligentiam.
1128 2838 1293 2907 Vide
1321 2838 1519 2907 enim·
1542 2838 2135 2925 quemadmodum
2173 2837 2411 2928 lingua
2442 2838 2695 2909 Zacha-

121 2926 310 3004 riae,
366 2925 699 3015 depositis
745 2928 1005 3014 quibus
1051 2924 1471 3016 alligabatur
1518 2926 1817 2999 vinculis
1852 2981 1868 3008 ,
1923 2948 2058 2996 non
2109 2925 2548 2998 solummodo
2596 2926 2697 2997 lov

116 3013 404 3105 quitur,
457 3014 578 3084 sed
626 3015 858 3096 etiam,
913 3030 989 3087 ut
1031 3015 1384 3104 propheta,
1421 3015 1646 3105 coepit
1678 3014 2232 3105 suturapulchre
2270 3014 2696 3104 praedicere.

117 3118 347 3191 atque
394 3100 565 3172 adeo
612 3103 697 3174 de
742 3104 895 3195 ipso
944 3105 1088 3175 filio
1137 3102 1554 3193 praedicere,
1592 3104 1714 3190 qui
1744 3104 1897 3193 ejus
1931 3104 2029 3175 lin
2132 3125 2214 3177 ae
2246 3103 2527 3177 vincula
2565 3104 2698 3177 im.-

122 3194 451 3271 miserat‚
502 3205 569 3261 et
613 3214 694 3263 ea
742 3192 1180 3267 relaxaverat.
1235 3191 1577 3265 Praedicit
1620 3192 1806 3262 enim
1845 3214 2006 3265 eum
2073 3205 2358 3264 uturum
2399 3192 2695 3281 prophe*

120 3296 279 3354 tarn
335 3280 689 3361 Altissimi,
741 3295 808 3353 et
857 3281 1285 3372 praeiturum
1332 3301 1484 3351 esse
1530 3293 1690 3352 ante
1734 3281 1889 3369 ejus
1935 3279 2184 3353 faciem
2216 3335 2231 3361 ‚
2288 3294 2699 3371 paraturum

126 3384 378 3442 autem
429 3391 582 3439 esse
609 3370 754 3440 vias
782 3371 957 3460 ejus.
995 3369 1123 3439 Sed
1159 3368 1329 3439 haec
1360 3368 1638 3456 quidem
1675 3370 1800 3440 sie.
1840 3369 2398 3457 consequebatur
2435 3383 2695 3451 autem,

119 3458 393 3547 inquit,
450 3459 694 3529 loanni
745 3480 868 3550 pro
919 3459 1180 3529 ratione
1226 3459 1508 3539 aetatis,
1562 3458 1897 3550 spiritalis
1941 3479 2216 3547 quoque
2263 3459 2525 3549 gratiae
2574 3479 2687 3531 ac-

117 3548 387 3621 cessio.
440 3552 582 3618 Hoc
629 3547 814 3617 enim
865 3546 1005 3618 sibi
1054 3546 1198 3619 vult
1244 3546 1699 3638 Evangelista‚
1745 3548 2022 3619 dicens:
2062 3553 2238 3619 Puer
2276 3560 2508 3618 autem
2543 3569 2695 3617 cre-

120 3639 401 3717 scebat,
453 3650 520 3707 et
566 3635 1115 3709 confirmabatur
1160 3636 1458 3725 spiritu:
1511 3648 1575 3708 et
1622 3659 1802 3725 quae
1839 3649 2250 3723 sequamur.
2298 3636 2696 3719 Quinetiam

117 3750 299 3800 eum
348 3725 521 3796 dicit
569 3724 785 3796 fuisse
818 3739 1164 3797 versatum
1207 3724 1277 3793 in
1314 3723 1814 3797 solitudinibus
1843 3747 2067 3812 usque
2105 3724 2190 3795 ad
2228 3737 2527 3815 tempus,
2564 3746 2702 3812 quo

118 3838 203 3888 se
251 3814 761 3887 demonstravit
807 3814 1069 3885 Israeli.
1123 3813 1251 3887 Sed
1301 3835 1605 3901 quanam
1654 3814 1742 3885 de
1787 3837 2000 3891 causa
2049 3813 2274 3885 noluit
2305 3814 2705 3887 conversari

119 3926 297 3975 cum
355 3902 639 3994 populo,
690 3914 756 3972 et
804 3902 1378 3992 peregrinationis
1429 3903 1700 3975 amicus
1749 3903 1919 3985 suit,
1989 3916 2055 3972 et
2107 3902 2562 3976 solitudinis?
2610 3907 2703 3974 Ne

121 4005 580 4063 evanesceret
628 3990 870 4082 populi
916 3992 987 4060 in
1036 4013 1195 4063 eum
1248 3993 1648 4073 reverentia,
1702 4005 1780 4062 ut
1824 4014 2003 4081 quae
2041 3991 2419 4063 offuscetur
2449 4004 2514 4061 et
2543 3992 2706 4061 ssac-

121 4093 370 4152 ceseat
416 4080 960 4152 conversationis
1005 4078 1540 4153 assuefactione:
1593 4081 1977 4168 quinetiam
2027 4092 2105 4152 ut
2141 4080 2312 4151 dum
2347 4091 2693 4167 argueret,

116 4169 420 4257 facilius
466 4169 991 4240 admitteretur:
1040 4182 1108 4239 et
1155 4167 1323 4239 dum
1378 4170 1854 4244 testimonium
1914 4169 2143 4250 ferret,
2204 4181 2387 4243 esset
2425 4166 2563 4238 fide
2592 4169 2702 4238 di-

118 4281 351 4352 gnus,
404 4279 590 4328 nunc
638 4257 918 4345 quidem
967 4257 1392 4329 Judaeorum
1446 4280 1750 4349 arguens
1811 4258 2324 4350 improbitatem
2358 4310 2374 4338 ,
2446 4257 2697 4347 partim

118 4359 375 4422 autem
404 4348 675 4419 Christo
716 4346 946 4417 ferens
987 4346 1489 4436 testimouium.

218 4438 260 4526 ξ
310 4440 476 4509 11).
529 4437 1136 4529 verumenimvero
1182 4435 1549 4511 Zacharias
1592 4435 1880 4524 quidem
1911 4457 2116 4507 senex
2143 4447 2210 4507 et
2242 4433 2591 4515 sacerdos.
2629 4445 2706 4505 ut
