3308 5004
162 339 350 406 AUG.
404 340 492 406 25
848 356 928 403 m:
975 357 1031 404 s.
1084 354 1393 404 annovico
1441 355 1601 403 anan
1646 354 2030 404 FRANconmt
2487 340 2614 406 639

237 441 589 516 Sermones,
632 442 739 523 qui
786 442 946 504 fiunt
985 441 1061 503 de
1108 442 1251 516 Deo,
1299 440 1533 519 publice
1577 447 1639 502 et
1671 441 1956 521 privatim
1987 440 2204 504 lubens
2232 429 2459 517 audiaS,
2493 459 2701 522 preces

159 539 407 602 quoque
449 529 509 584 et
552 522 1029 584 condonationes
1070 524 1195 583 sive
1238 520 1659 598 indulgentias
1698 521 1966 582 studiose
2008 529 2273 601 expetas,

245 602 457 664 Amato
502 601 757 675 bonurn,
802 602 962 664 odito
1005 600 1233 663 malum
1278 616 1483 664 omne.

238 681 619 761 Ubicumque
660 681 871 753 fueris,
917 697 1101 743 nemo
1142 697 1322 742 ausus
1347 680 1427 742 sit
1454 681 1777 758 quicquam
1809 679 2106 756 ejusmodi
2137 687 2195 741 te
2225 688 2540 759 praesente
2568 682 2699 744 elo-

159 764 287 840 qui,
330 760 493 839 quod
535 761 761 825 alliciat
800 763 870 823 ad
915 762 1306 823 mortiferum
1352 766 1692 837 peccatum,
1733 768 1840 821 aut
1880 759 2129 822 alterius
2170 760 2366 823 famae
2407 764 2692 841 deroget:

160 857 272 903 nec
312 849 375 903 tu
418 857 688 918 unquam
732 840 805 902 de
848 839 971 902 ullo
1015 839 1173 902 male
1213 839 1480 918 loquaris
1522 838 1901 901 obtrectandi
1945 839 2177 903 anime.

239 919 369 982 Non
397 922 662 999 patiaris
703 935 1108 999 quemqnam,
1156 926 1213 981 te
1255 920 1570 992 audiente,
1616 934 1899 998 perverse
1929 919 2005 982 de
2034 919 2157 981 Deo
2187 926 2294 982 aut
2319 923 2542 983 sanctis
2569 922 2698 999 ejtts

161 999 217 1062 lo
263 1001 346 1072 ui,
393 1016 505 1061 nec
549 1001 604 1061 id
651 1001 815 1061 sinas
859 1000 1112 1075 impune
1152 999 1341 1061 abire.
1582 1014 1586 1018 ⁴

287 1079 462 1142 rebro
504 1081 728 1157 gratias
770 1096 911 1158 agas
951 1078 1073 1140 Deo
1115 1094 1221 1156 pro
1264 1078 1437 1140 bonis
1476 1077 1766 1140 omnibus
1804 1078 1879 1140 ab
1925 1077 2024 1140 illo
2066 1079 2174 1141 tibi
2219 1077 2466 1151 collatiS,
2512 1086 2580 1140 ut
2609 1079 2700 1141 di·

157 1175 321 1238 gnus
361 1161 470 1222 fias
513 1159 847 1239 potioribus
891 1159 1020 1236 ejus
1062 1158 1375 1220 beneficiis
1417 1158 1571 1220 affici
1617 1163 1681 1221 et
1721 1159 1960 1234 augeri.

238 1239 305 1301 In
347 1239 828 1302 administranda
865 1239 1096 1316 iustitia
1139 1240 1220 1298 sis
1260 1245 1466 1300 rectus
1507 1244 1569 1299 et
1610 1253 1889 1309 severus,
1916 1244 1978 1299 et
2011 1240 2087 1300 ita
2125 1245 2189 1299 ut
2219 1238 2383 1315 leges
2412 1239 2700 1317 praescri-

153 1317 336 1392 bunt,
382 1333 513 1381 eam
556 1334 837 1380 exerceas
865 1334 1010 1395 erga
1040 1317 1324 1388 subditOS,
1356 1333 1556 1396 neque
1584 1317 1654 1380 ad
1686 1317 2018 1391 dexteram,
2054 1333 2253 1398 neque
2280 1319 2353 1380 ad
2387 1322 2694 1381 sinistram

154 1398 510 1460 deflectens:
537 1413 997 1476 pauperumque
1020 1399 1432 1475 querimonias
1455 1413 1576 1458 non
1605 1396 1858 1470 rejiciaS,
1884 1397 2073 1460 donec
2095 1399 2314 1460 veritas
2334 1399 2691 1461 innotescat.

237 1477 297 1540 Si
343 1483 478 1556 quis
519 1478 734 1540 habeat
775 1477 1102 1540 adversum
1150 1484 1208 1538 te
1250 1476 1557 1555 querelam
1600 1483 1708 1539 aut
1750 1481 2229 1539 controversiam
2260 1526 2275 1551 ,
2332 1493 2575 1555 semper
2622 1478 2697 1540 ab

156 1556 262 1621 illo
302 1566 420 1618 stes
461 1567 669 1619 contra
719 1558 1005 1636 teipsum,
1048 1556 1240 1619 donec
1280 1572 1409 1618 rem
1455 1564 1685 1618 certam
1729 1559 2085 1635 comperias,
2132 1556 2213 1619 Ita
2260 1558 2426 1620 enim
2461 1558 2591 1631 fiet,
2627 1566 2694 1619 ut

153 1637 484 1699 consiliarii
530 1638 615 1699 tui
662 1637 952 1699 fidentius
986 1637 1209 1714 J‘ustam
1254 1635 1453 1698 ferant
1493 1638 1881 1697 sententiam.

236 1716 298 1778 Si
343 1716 487 1795 quid
531 1716 826 1795 possideas
869 1718 958 1778 rei
1003 1716 1260 1791 alienae,
1303 1716 1539 1778 etiamsi
1577 1716 1632 1777 id
1664 1716 1965 1792 acceperis
1994 1732 2024 1777 a
2058 1715 2385 1794 majoribus
2420 1719 2561 1791 tuis,
2597 1718 2692 1778 in·

151 1803 511 1859 cunctanter
554 1799 836 1858 restituas
873 1796 1034 1874 justo
1078 1796 1419 1872 possessori,
1467 1796 1569 1858 ubi
1614 1802 1782 1857 cerlo
1814 1796 1870 1855 id
1905 1794 2009 1856 tibi
2044 1796 2410 1859 constiterit.
2442 1796 2546 1859 Sin
2578 1814 2692 1859 au-

155 1884 280 1937 tem
323 1875 503 1938 dubia
550 1892 646 1938 res
686 1882 799 1948 est,
844 1892 985 1939 cura
1020 1882 1088 1938 ut
1116 1875 1234 1935 viri
1264 1877 1568 1954 sapientes
1596 1882 1874 1937 accurate
1901 1881 1963 1937 et
1990 1876 2122 1937 sine
2153 1891 2317 1938 mora
2352 1878 2688 1955 inquirant.

151 1954 215 2017 Id
258 1957 427 2016 enim
476 1954 568 2016 vel
613 1957 876 2017 maxime
918 1956 1161 2018 studere
1203 1954 1407 2029 debeS,
1454 1962 1521 2016 ut
1562 1955 1662 2032 qui
1706 1962 1850 2016 sunt
1894 1955 1956 2015 in
2000 1956 2234 2018 ditione
2281 1961 2404 2029 tua,
2451 1971 2592 2033 pace
2633 1963 2694 2018 et

148 2033 384 2110 iustitia
428 2035 731 2106 fruantur,
779 2036 1084 2176 imssrimis
1131 2034 1411 2096 homiues
1453 2034 1749 2111 religiosi,
1794 2041 1855 2096 et
1894 2036 1998 2113 qui
2046 2035 2106 2096 in
2154 2033 2327 2096 Clero
2368 2044 2528 2104 sunt.

236 2113 591 2176 Parentibus
635 2117 753 2176 tuis
793 2116 865 2176 de
911 2131 972 2176 es
1014 2131 1311 2186 amorem,
1357 2117 1773 2176 reverentiam
1816 2120 1876 2175 et
1917 2114 2342 2176 obedientiam.
2385 2115 2688 2179 Beneficia

154 2190 563 2256 Ecclesiastica
610 2211 730 2256 non
774 2195 1052 2257 conferas
1097 2194 1212 2255 nisi
1258 2195 1411 2256 bene
1452 2193 1681 2271 dignis,
1726 2202 1788 2256 et
1827 2196 1932 2273 qui
1980 2193 2142 2257 nulla
2173 2194 2470 2271 eJ‘usmodi
2505 2196 2690 2257 bene—

157 2272 303 2333 ficia
338 2273 616 2344 habeant,
663 2274 849 2351 idque
890 2291 967 2335 ex
1009 2274 1258 2336 consilio
1305 2275 1605 2335 bonorum
1654 2275 1954 2335 virorum.

237 2351 493 2428 Bellum,
537 2355 892 2431 praesertim
935 2353 1222 2415 adversus
1263 2353 1597 2431 quemlibet
1638 2351 2080 2425 Christianum,
2125 2353 2257 2414 sine
2302 2352 2491 2413 multo
2542 2370 2689 2414 con-

151 2431 288 2494 silio
333 2435 467 2495 vide
512 2450 590 2494 ne
630 2433 931 2510 suscipias.
976 2431 1036 2493 Si
1084 2437 1407 2495 necessitas
1448 2439 1624 2510 cogat
1668 2433 1993 2511 suscipere,
2022 2431 2300 2494 ecclesias
2328 2439 2387 2493 et
2421 2435 2690 2493 insontes

148 2512 320 2574 nullo
362 2516 605 2593 patiaris
645 2513 869 2574 damno
911 2512 1093 2575 affici.

224 2591 284 2652 Si
331 2610 441 2672 qua
489 2594 709 2655 existat
751 2592 844 2654 vel
896 2592 1024 2667 tibi,
1071 2592 1163 2655 vel
1207 2591 1463 2654 subditis
1509 2595 1624 2653 tuis
1666 2590 2002 2663 contentio,
2049 2589 2143 2652 vel
2190 2590 2436 2663 bellum,
2492 2591 2688 2671 quoad

146 2674 395 2750 poteris,
440 2688 804 2751 componere
846 2678 907 2734 et
947 2673 1157 2735 sedare
1200 2672 1462 2734 coneris.

223 2750 377 2814 Vide
419 2760 490 2814 ut
532 2752 717 2814 bonos
762 2752 979 2814 habeas
1025 2757 1329 2832 praetores
1370 2757 1429 2812 et
1475 2750 1884 2827 magistratus,
1928 2756 1988 2810 et
2030 2750 2104 2812 de
2146 2749 2267 2811 illis
2308 2751 2557 2813 solerter
2589 2751 2686 2810 in-

139 2831 377 2908 quiraS,
423 2834 512 2893 uti
557 2848 622 2894 se
664 2838 904 2909 gerant.

222 2908 477 2989 Semper
517 2913 597 2972 sis
634 2913 905 2974 addictus
946 2919 1006 2974 et
1050 2913 1310 2973 devotus
1363 2910 1665 2971 Romanae
1719 2908 2015 2972 Ecclesiae
2041 2958 2056 2982 ‚
2113 2915 2173 2971 et
2215 2910 2341 2987 eJ‘us
2381 2908 2686 2982 Pontifici,

142 2989 307 3053 haud
351 3006 523 3051 secus
564 2998 741 3068 atque
782 2992 1082 3069 spirituali
1129 2992 1308 3069 patri,
1354 2997 1412 3052 te
1453 2991 1830 3065 morigerum
1881 3006 1949 3067 pr
2025 2990 2185 3052 beas.

223 3069 308 3130 Da
343 3084 605 3147 operam,
641 3078 707 3131 ut
738 3073 1042 3150 impensae
1075 3078 1236 3143 tuae,
1265 3070 1614 3145 moderatae
1642 3073 1786 3141 sint,
1820 3077 1882 3129 et
1915 3086 1974 3131 ra
2001 3072 2132 3130 ,loni
2163 3078 2621 3131 consentaneae.

222 3148 355 3211 Sub
398 3149 583 3211 finem
628 3151 842 3213 liortor
882 3156 943 3211 et
984 3151 1193 3228 adiuro
1238 3160 1295 3212 te
1326 3149 1410 3211 fili
1445 3150 1551 3221 mi,
1585 3149 1632 3209 si
1666 3165 1765 3210 me
1797 3150 2124 3228 contigerit
2152 3157 2296 3211 ante
2328 3158 2385 3210 te
2417 3150 2687 3226 migrare

137 3245 215 3290 ex
264 3229 376 3290 hac
421 3231 543 3291 vita
572 3278 588 3303 ,
633 3239 700 3292 ut
747 3238 868 3291 toto
913 3248 1105 3308 regno
1146 3230 1434 3295 Franciae
1477 3244 1582 3307 pro
1624 3232 1829 3291 anima
1877 3244 2008 3290 mea
2071 3245 2248 3291 cures
2303 3228 2507 3290 offerri
2563 3227 2686 3289 Deo

139 3325 352 3387 preces
393 3316 455 3369 et
498 3310 707 3372 Missae
748 3310 1064 3372 sacrificia.

219 3389 318 3450 Ad
361 3393 731 3463 extremum,
778 3389 860 3452 tili
905 3390 1282 3461 charissime,
1326 3388 1612 3468 quicquid
1660 3387 1802 3449 boni
1850 3393 2042 3466 potest
2086 3388 2279 3450 bonus
2320 3395 2379 3447 et
2410 3389 2545 3466 pius
2577 3402 2683 3464 pa·

138 3485 285 3531 rens
330 3469 557 3545 precari
603 3469 728 3531 filio
768 3484 894 3541 suo,
937 3469 995 3530 id
1039 3485 1153 3546 ego
1197 3485 1405 3547 precor
1453 3469 1583 3529 tibi.
1629 3466 2013 3529 Sacrosancta
2060 3468 2329 3529 Trinitas
2372 3476 2433 3529 et
2489 3466 2680 3528 sancti

134 3564 361 3611 omnes
399 3557 645 3610 servent
689 3554 745 3609 te
786 3547 861 3609 ab
903 3551 1069 3609 omni
1122 3549 1322 3622 mam,
1381 3554 1767 3688 praestetque
1821 3547 1927 3609 tibi
1988 3547 2144 3610 Deus
2198 3550 2456 3626 gratiam
2513 3553 2682 3608 recte

135 3644 383 3707 semper
423 3627 666 3706 agendi,
710 3634 773 3688 et
804 3627 989 3705 ipsius
1019 3629 1276 3691 faciendi
1307 3644 1381 3689 vo
1412 3634 1708 3699 untatem,
1745 3629 1822 3690 ita
1861 3634 1929 3688 ut
1960 3627 2061 3689 ille
2092 3644 2201 3707 per
2235 3636 2288 3689 te
2317 3628 2681 3699 honoretur,

135 3717 198 3768 et
243 3724 359 3770 nos
406 3708 695 3786 possimus
738 3714 869 3786 post
915 3708 1069 3769 hanc
1112 3709 1300 3771 vitam
1348 3711 1576 3787 pariter
1616 3723 1746 3770 esse
1775 3723 1913 3769 cum
1948 3708 2072 3779 ille,
2105 3724 2370 3784 eumque
2399 3714 2680 3767 contem-

136 3787 285 3864 plari
336 3794 396 3847 et
439 3787 684 3850 laudare
727 3804 833 3866 per
878 3787 1116 3849 infinita
1160 3787 1353 3850 secula
1400 3787 1772 3855 seculorum,
1818 3786 2042 3849 Amen.
