3308 5004
185 354 373 421 Aue.
430 354 459 419 Ι
897 369 978 417 nn
1024 368 1287 418 eunius
1334 370 1410 416 m:
1457 370 1686 417 emmo
1733 371 1790 417 S.
1845 371 2028 418 mm
2571 356 2643 422 Η

184 452 517 522 manibus
542 451 926 533 detentum,
978 451 1241 520 catenis
1278 450 1628 532 vinctum,
1681 464 1824 520 eta
1885 452 2295 523 custodibus
2348 465 2545 525 caute
2601 475 2746 524 ser·

183 554 446 621 vatum,
484 563 521 610 e
557 539 806 609 mediis
853 552 1059 627 atque
1092 538 1609 609 inevitabilibus
1657 538 1799 609 illis
1849 542 2111 611 retibus
2159 542 2496 613 liberavit.
2551 549 2744 614 Tune

181 631 370 699 enim
425 630 559 711 his,
617 653 653 698 a
704 628 963 716 quibus
1024 629 1813 719 comprehendebatur„
1849 629 2135 701 fortasse
2183 631 2251 700 id
2303 632 2640 703 veneficio
2679 644 2746 703 et

179 742 291 789 ma
349 719 477 789 icis
510 719 779 789 artibus
818 716 1074 787 sactum
1126 718 1343 787 videri
1388 719 1745 805 potuisset,
1797 739 1937 805 quo
1989 719 2222 790 minus
2269 720 2357 791 ab
2403 722 2505 792 eis
2551 745 2745 792 com·

180 743 571 898 preffiensus
619 820 838 877 esset:
878 807 1111 894 itaque
1149 807 1450 897 Apostoli
1500 807 1922 877 miraculum
1968 807 2237 878 irrideri
2300 811 2389 880 ab
2438 811 2580 880 illis
2621 833 2744 901 po·

177 899 449 969 tuisset.
494 901 688 967 Nunc
736 916 894 965 vero
941 917 1103 966 cum
1152 910 1217 966 et
1262 898 1523 966 catenis
1550 898 1846 978 vinctus,
1901 908 1967 966 et
2002 910 2303 984 quatuor
2345 900 2745 986 quaternio-

181 987 396 1058 nibus
446 986 748 1056 militum
808 985 1221 1067 custoditus,
1273 998 1341 1054 et
1378 985 1558 1055 inter
1604 985 1783 1057 duos
1848 985 2103 1056 milites
2161 989 2451 1071 cubam,
2520 990 2748 1058 omni-

178 1075 457 1163 busque
494 1075 607 1145 his
660 1074 868 1143 rebus
920 1075 1201 1163 paratiS,
1240 1093 1417 1161 quae
1471 1087 1757 1144 mortem
1809 1074 2289 1145 condemnatis
2338 1077 2743 1148 hominibus

179 1166 430 1234 afferre
464 1164 709 1246 solent,
762 1164 858 1231 ita
912 1184 1217 1253 superno
1263 1163 1523 1232 auxilio
1585 1162 1845 1255 dignus
1895 1164 2174 1234 habitus
2225 1166 2349 1246 sit,
2405 1178 2470 1235 et
2501 1181 2742 1236 contra

175 1255 499 1324 omnium
549 1252 948 1342 opinionem
998 1251 1487 1321 admirabilem
1555 1252 2032 1323 liberationem
2084 1266 2445 1324 assecutus
2503 1254 2736 1337 suerit,

179 1354 373 1412 tanto
404 1342 533 1412 hoc
582 1339 1093 1422 admirabilius,
1119 1354 1187 1411 et
1223 1352 1463 1411 contra
1493 1342 1892 1431 opinionem
1930 1343 2245 1411 omnium
2293 1342 2443 1424 fuit,
2482 1357 2741 1430 quanto

174 1454 215 1502 e
262 1431 515 1501 mediis
556 1430 760 1500 malis
796 1431 1055 1499 servari
1103 1431 1333 1520 majus
1378 1443 1504 1509 est,
1561 1452 1772 1518 quam
1827 1431 1946 1499 illa
1997 1453 2130 1499 non
2183 1431 2516 1521 attigisse.

262 1524 303 1608 ς
351 1526 501 1593 12.
556 1524 632 1589 At
678 1518 1042 1609 Apostolus
1082 1520 1230 1610 ipse
1279 1518 1379 1587 vel
1431 1533 1584 1609 post
1635 1519 1808 1589 tanti
1850 1520 2169 1589 miraculi
2221 1522 2624 1608 potentiam,
2676 1532 2741 1592 et

173 1610 416 1700 Angeli
454 1608 1006 1679 adhortationem
1047 1610 1398 1679 nesciebat
1445 1630 1683 1678 verum
1720 1629 1892 1688 esse,
1945 1608 2132 1695 quod
2183 1609 2391 1680 fiebat
2439 1633 2563 1700 per
2606 1616 2740 1679 An-

264 1698 439 1769 lum:
494 1698 611 1768 sed
667 1697 1027 1766 videbatur
1058 1698 1190 1767 sibi
1241 1698 1463 1769 visum
1502 1698 1755 1767 videre.
1810 1698 2046 1767 Adhuc
2080 1698 2266 1767 enim
2316 1698 2741 1789 arguebatur

226 1810 527 1857 umanae
577 1799 864 1855 naturae
912 1786 1308 1868 infirmitas»,
1343 1786 1670 1875 quodque
1718 1809 1934 1877 supra
1982 1800 2300 1856 naturam
2350 1810 2430 1857 eo
2485 1788 2731 1870 modo,

170 1879 294 1965 qui
348 1876 686 1967 explicari
736 1896 871 1944 non
930 1888 1191 1966 potest,
1246 1876 1711 1957 efficiebatur,
1767 1898 1925 1945 cum
1999 1876 2295 1946 naturali
2366 1876 2611 1946 ordine
2657 1898 2738 1947 ac
2805 1920 2809 1924 Δ

169 1967 444 2036 viribus
491 1976 970 2055 comparatum
1004 2018 1022 2046 ,
1095 1964 1229 2034 tale
1280 1965 1600 2066 perinde,
1658 1987 1737 2033 ac
1785 1966 1840 2033 si
1907 1966 2114 2034 inane
2160 1965 2445 2053 aliquod
2508 1966 2737 2037 visum

168 2069 376 2135 esset,
423 2054 940 2124 aestimabatur.
998 2054 1121 2123 Sed
1176 2054 1511 2141 quidnam
1564 2054 1865 2143 Angelus
1917 2054 2479 2143 ipsePQuoniam
2534 2054 2733 2124 illum

170 2144 347 2214 vidit
394 2143 624 2213 adhuc
657 2144 892 2211 animo
941 2142 1419 2224 fluctuantem,
1476 2144 1723 2212 visioni
1767 2143 1972 2211 fidem
2013 2165 2144 2212 non
2191 2144 2468 2224 habere,
2509 2166 2734 2231 neque

169 2234 552 2321 quicquam
600 2253 679 2301 ex
731 2233 814 2301 iis
863 2253 1043 2318 quae
1103 2232 1384 2315 fiebant,
1440 2253 1511 2300 re
1546 2254 1702 2300 vera
1735 2232 1993 2301 factum
2042 2232 2547 2302 admirabiliter
2591 2233 2737 2302 exi-

174 2323 484 2402 stimare,
522 2322 817 2412 primam
854 2333 921 2390 et
951 2321 1329 2391 secundam
1370 2321 1669 2390 militum
1698 2321 2085 2390 custodiam
2130 2322 2223 2390 ita
2252 2322 2402 2392 sine
2442 2322 2737 2412 strepitu

173 2433 334 2481 cum
382 2409 700 2500 Apostolo
750 2410 1171 2500 pertransiit,
1211 2423 1287 2479 ut
1318 2409 1637 2480 custodes
1686 2410 1817 2499 ipsi
1869 2430 2106 2479 eorum
2143 2410 2618 2481 transitionem
2647 2432 2736 2480 ne

177 2501 523 2571 senserint
568 2497 846 2587 quidem
881 2555 897 2581 ,
949 2498 1188 2569 divino
1265 2512 1438 2568 nutu
1488 2521 1733 2583 somno
1811 2499 1962 2587 ipso
2010 2498 2288 2569 illorum
2366 2500 2736 2591 palpebras

174 2589 548 2669 detinente,
602 2610 740 2676 quo
783 2589 1016 2659 minus
1066 2587 1319 2658 factum
1373 2587 1546 2657 illud
1591 2588 1845 2658 sentire
1897 2601 2197 2677 possent.
2245 2593 2409 2657 Cum
2449 2609 2606 2657 vero
2648 2590 2730 2658 ad
2827 2658 2833 2664 .

174 2693 443 2768 portam
486 2677 776 2747 ferream
827 2678 1198 2758 venissent,
1251 2699 1430 2764 quae
1477 2678 1559 2746 ad
1614 2677 1957 2747 civitatem
2010 2676 2328 2757 ducebat,
2384 2677 2503 2746 illa
2551 2677 2734 2747 ultro

175 2780 416 2856 aperta
452 2780 580 2849 est,
622 2771 755 2836 Deo
802 2767 953 2857 ipso
999 2778 1066 2836 et
1115 2767 1244 2836 hoc
1294 2766 1443 2835 loco
1485 2766 1902 2836 miraculum
1955 2765 2269 2847 faciente,
2330 2778 2396 2835 et
2432 2767 2736 2856 Apostoli

173 2855 619 2926 formidinem
661 2855 996 2946 paulatim
1048 2854 1518 2937 subtrahente,
1576 2869 1652 2925 ut
1700 2854 1785 2924 ad
1836 2876 1955 2937 ea,
2013 2876 2192 2942 quae
2238 2855 2569 2947 deinceps
2625 2855 2736 2925 su-

172 2956 329 3015 tura
372 2956 616 3026 erant,
670 2945 1055 3035 promptior
1093 2943 1305 3013 fieret.

258 3036 298 3121 ξ
345 3038 495 3107 18.
550 3038 787 3103 Postea
823 3055 1001 3115 vero,
1053 3054 1263 3120 quam
1301 3046 1627 3106 exeuntes
1679 3044 2164 3123 processerunt
2215 3032 2443 3101 vicum
2481 3054 2729 3113 unum,

174 3122 474 3213 Angelus
519 3122 804 3209 quidem
856 3123 1003 3212 ipse
1033 3122 1350 3202 avolavit,
1386 3144 1608 3210 neque
1654 3122 1964 3213 amplius
2019 3123 2367 3212 apparuit.
2420 3122 2545 3192 Ille
2580 3143 2735 3192 vero

173 3233 335 3281 cum
383 3211 714 3281 miraculi
762 3232 1044 3281 sensum
1094 3212 1440 3299 cepisset,
1480 3224 1684 3299 atque
1730 3211 2238 3281 considerasset
2267 3223 2403 3279 tam
2448 3231 2732 3297 eaquae

174 3300 372 3390 prius
446 3302 519 3370 in
566 3322 842 3370 carcere
908 3301 1322 3370 mirabiliter
1366 3301 1604 3370 effecta
1654 3300 1965 3381 fuerant,
2031 3321 2242 3387 quam
2309 3321 2490 3387 quae
2546 3322 2733 3369 nunc

172 3410 387 3478 supra
454 3402 774 3459 naturam
826 3389 1219 3481 prodigiose
1280 3389 1457 3458 sacta
1508 3390 1805 3470 viderat,
1870 3403 2076 3476 atque
2141 3390 2308 3459 haec
2365 3410 2523 3457 eum
2592 3387 2733 3459 illis

170 3477 554 3559 conserenS,
608 3491 674 3548 et
722 3480 1014 3565 utraque
1047 3479 1349 3549 vicissim
1390 3501 1831 3569 comparans,
1871 3478 1956 3547 de
1991 3479 2251 3548 visione
2300 3478 2452 3567 ipsa
2485 3479 2735 3547 certior

171 3566 397 3638 sactus
454 3567 718 3647 fuisset,
775 3569 960 3653 quod
1011 3568 1327 3637 videlicet
1377 3590 1511 3637 non
1565 3569 1770 3638 inane
1829 3567 2110 3655 aliquod
2163 3579 2557 3656 spectrum,
2611 3565 2731 3638 sed

174 3677 415 3726 verum
467 3655 642 3726 illud
694 3655 963 3737 fuerat,
1020 3658 1281 3747 quippe
1327 3657 1513 3744 quod
1568 3656 1931 3726 manifesto
1981 3679 2212 3726 rerum
2269 3668 2528 3737 eventu,
2566 3677 2733 3725 con·

174 3744 530 3814 firmatum
584 3745 903 3815 videbat:
956 3747 1214 3848 gratias
1266 3752 1397 3815 Deo
1437 3768 1673 3836 agenS,
1711 3746 1913 3815 talem
1964 3746 2196 3815 emisit
2226 3766 2500 3814 vocem:
2537 3747 2732 3814 Nunc

168 3834 316 3903 scio
357 3856 536 3915 vere,
589 3834 775 3921 quod
830 3836 1016 3904 misit
1065 3837 1399 3905 Dominus
1438 3834 1773 3925 Angelum
1809 3856 2040 3917 suum,
2087 3847 2152 3904 et
2199 3834 2457 3924 eripuit
2507 3853 2614 3900 me
2648 3832 2733 3901 de

175 3943 389 3993 manu
439 3923 753 4003 Herodis,
807 3937 872 3993 et
919 3924 1004 3994 de
1050 3925 1241 3993 omni
1274 3925 1743 4015 expectatione
1779 3924 1998 4014 plebis
2021 3924 2474 3994 Judaeorum.
2515 3920 2733 4004 Quid·

176 4031 335 4080 nam
388 4026 513 4094 est,
566 4013 753 4100 quod
795 4012 995 4093 dicis,
1035 4013 1511 4104 Apostolorum
1548 4014 1920 4103 princeps?
1949 4018 2142 4082 Nunc
2172 4025 2237 4081 te
2275 4011 2558 4081 scivisse
2583 4009 2734 4080 ais?

171 4102 365 4170 Nunc
413 4101 820 4172 credidisti?
858 4107 1051 4172 Nunc
1078 4102 1339 4192 gaudes
1390 4101 1786 4192 miraculo?
1807 4107 2120 4185 Quonam
2156 4101 2327 4169 abiit
2358 4098 2583 4169 servor
2612 4099 2734 4169 ille

174 4193 393 4260 tuus?
437 4195 752 4273 Quonam
803 4191 1097 4261 avolavit
1142 4203 1325 4261 certa
1367 4190 1488 4261 illa
1536 4195 1745 4282 spes?
1779 4196 2092 4273 Quonam
2141 4188 2398 4258 effluxit
2447 4188 2569 4258 illa
2614 4199 2728 4258 tua

176 4277 545 4348 vehemens
569 4279 953 4352 confessio?
980 4280 1273 4350 Ubinam
1304 4293 1468 4350 sunt
1497 4280 1723 4350 claves
1775 4280 1968 4370 regni
2004 4277 2405 4348 coelorum?
2432 4278 2729 4348 Ubinam

181 4387 214 4463 ²?
264 4367 581 4457 pellatio,
646 4389 787 4457 qua
844 4369 1184 4439 Ecclesiae
1233 4369 1752 4439 firm-amentum
1806 4369 2243 4439 nominaris?
2293 4367 2421 4438 Ubi
2478 4367 2732 4436 ardens

184 4452 227 4521 tl
254 4456 345 4526 ud
385 4458 839 4539 desiderium,
886 4472 953 4528 et
990 4459 1391 4550 conjunctio
1431 4458 1517 4528 ad
1581 4471 1868 4529 mortem
1919 4479 2143 4546 usque
2188 4454 2733 4547 inseparabilis?
