3308 5004
175 336 523 405 311me
859 350 1047 407 nuss-
1101 354 1436 411 smuano
1477 356 1620 404 aaa.
1674 354 2061 410 emaum·-
2520 341 2649 408 537

171 437 941 538 expendisse-dicebat.
970 444 1049 510 Et
1075 439 1298 529 ipsam
1333 459 1611 527 quoque
1640 440 1973 518 continuo
2006 462 2128 529 per
2172 441 2450 531 signum
2503 444 2740 520 Crucis

173 527 1063 608 illuminans.-v1r.-beatus,
1089 527 1291 615 -quod
1337 528 1556 618 gratis
1600 541 1979 618 acceperat,
2064 530 2230 601 ratis
2257 530 2470 600 dedit.
2512 532 2639 604 Sed
2672 544 2739 604 et

175 627 582 697 matronam
632 615 916 690 alteram
952 671 968 698 ‚
1022 617 1091 687 in
1145 615 1323 688 beati
1371 617 1549 688 Petri
1596 617 2021 688 basilica.ob
2051 631 2232 688 atam
2302 620 2373 688 in
2434 619 2732 702 lectulo,

177 704 376 786 idem
429 705 677 787 Christi
726 728 965 777 servus
1008 706 1219 778 erexit
1269 706 1612 794 protinuS‚
1662 719 1730 777 et
1778 705 2197 778 incolumem
2245 708 2393 779 suis
2443 709 2739 798 pedibus

177 793 800 895 abire=praeoepit.
854 795 1080 885 Hujus
1113 815 1193 864 ex
1229 793 1445 865 multo
1469 795 1616 885 jam
1652 795 2554 885 temporelnervi-femorum
2589 798 2739 870 sue-

181 895 350 953 rant
397 906 496 953 sic
545 884 841 964 retracti,
893 897 971 953 ut
1008 905 1131 953 nec
1162 883 1335 983 erigi
1368 883 1719 956 ullatenus
1756 896 2012 972 posset,
2050 906 2176 955 nec
2208 886 2583 956 consistere
2618 909 2739 987 ρει-τ

181 972 622 1046 dibus-suis,
675 976 970 1044 Nam-ex
1079 972 1551 1044 ersonisaliis
1617 972 2109 1062 perhibebant,
2179 973 2300 1061 qui
2360 974 2737 1048 studiosius

181 1060 668 1141 observarunh
722 1060 816 1131 ad·
855 1061 916 1150 ej
1057 1083 1165 1129 em
1216 1062 1435 1129 sancti
1485 1061 1612 1134 viri
1661 1062 2041 1140 orationem
2089 1073 2156 1131 et
2198 1084 2455 1134 manus
2512 1064 2739 1154 impo-

184 1150 636 1228 sitionem-in
685 1150 978 1228 civitate.
1004 1148 1353 1239 praedicta
1400 1149 1581 1219 infra
1631 1149 1966 1231 triduum,
1999 1150 2182 1238 quod
2216 1151 2313 1220 ihi
2346 1151 2526 1234 fecit,
2562 1153 2740 1224 duo-

181 1237 414 1314 decim
461 1237 771 1308 claudos·
799 1251 1082 1318 erectoS‚
1137 1259 1421 1308 mancos
1467 1238 1642 1309 duos
1694 1253 1993 1321 sanatos,
2043 1252 2111 1309 et
2154 1240 2469 1327 quinque
2498 1247 2740 1312 caecos

181 1326 669 1485 illicilminatos,
722 1326 1063 1415 loquelam
1118 1325 1452 1404 redditam
1507 1328 1719 1398 mutis
1766 1328 2032 1406 tribus,
2095 1340 2160 1400 et
2209 1327 2444 1400 decem
2505 1330 2739 1417 surdis

181 1438 282 1488 au
336 1428 534 1486 itum.
613 1469 618 1482 .
743 1451 748 1458 ·
985 1431 990 1434 ·

276 1508 315 1592 ξ
360 1509 538 1578 80;
586 1504 997 1594 Aquisgrani
1040 1504 1198 1574 sede
1230 1505 1438 1594 regia,
1472 1504 1640 1575 dum
1680 1505 1748 1573 in
1784 1503 1905 1574 illa
1938 1503 2403 1577 famosissima
2436 1519 2570 1577 toto
2602 1513 2738 1579 Ro-

185 1615 568 1664 manorum
610 1593 786 1663 Orbe
811 1591 1092 1682 «Capella
1138 1594 1240 1662 vir
1278 1593 1517 1663 beatus
1556 1593 1924 1664 Missarum
1958 1593 2296 1666 solemnia
2334 1595 2731 1677 celebraret,

187 1682 450 1753 claudo
496 1682 1155 1771 homini-gressum,
1198 1694 1264 1751 et
1301 1683 1525 1754 caecis
1555 1694 1855 1770 quatuor
1885 1682 2109 1751 visum
2144 1683 2276 1752 sub
2311 1706 2523 1754 manu
2555 1685 2739 1775 ejus-

184 1770 350 1842 dem
383 1772 590 1844 servi,
625 1771 909 1842 sui-Rex
948 1792 1186 1860 regum
1230 1793 1575 1851 summuS,
1614 1783 1680 1841 et
1706 1771 1964 1841 unicus
2006 1772 2341 1842 Dominus
2367 1772 2738 1844 dominan-

185 1861 364 1931 tium
395 1860 779 1948 reparavit,
830 1874 896 1929 et
943 1860 1200 1949 potenti
1251 1860 1496 1929 virtute
1546 1860 1865 1931 restituit.
1900 1859 2151 1934 Eodem
2185 1861 2388 1931 etiam
2433 1875 2738 1952 tempore

185 1948 897 2020 intra-Leodiensium
950 1949 1146 2026 fines,
1206 1961 1470 2037 praeter
1517 1949 1883 2019 innumera
1932 1948 2110 2029 alia,
2162 1972 2338 2036 quae
2386 1949 2737 2021 brevitatis

187 2036 424 2128 studio
475 2040 945 2126 praeterimus,
974 2038 1171 2127 juxta
1204 2036 1566 2130 oppidum,
1604 2037 1789 2124 quod
1828 2043 2169 2109 Fontanus
2198 2050 2464 2118 vocant,
2499 2053 2738 2109 orante

187 2146 273 2198 eo
304 2178 320 2205 ‚
372 2126 640 2216 aperuit
686 2126 1020 2202 Dominus
1065 2125 1304 2198 oculos
1349 2127 1534 2196 caeci
1584 2126 1752 2204 nati.
1812 2126 2036 2213 Hujus
2092 2149 2226 2196 non
2292 2127 2495 2197 modo
2550 2127 2737 2199 oculi

190 2213 403 2294 caeci,
455 2215 579 2285 sed·
624 2215 816 2304 ipsae
857 2215 1062 2286 etiam
1104 2213 1475 2314 palpebrae
1504 2214 1784 2285 clausae
1812 2229 1878 2285 et
1908 2228 2259 2288 emortuae
2289 2228 2507 2286 erant.
2552 2222 2736 2300 Quas

192 2303 679 2374 sacratissimis
725 2303 963 2392 digitis
1010 2324 1157 2374 suis
1205 2325 1244 2372 a
1297 2303 1523 2373 ericns
1575 2304 1675 2371 vir
1722 2303 1987 2383 heatus,
2041 2303 2277 2375 divino
2325 2326 2611 2375 munere
2670 2318 2737 2375 et

193 2391 518 2491 vigorem·
548 2383 921 2482 palpebriS,
976 2402 1041 2460 et
1074 2392 1242 2493 pupi
1273 2391 1360 2463 lis
1391 2392 1729 2482 praestitit
1759 2391 2164 2491 claritatem.
2211 2392 2577 2464 Confestim
2620 2393 2737 2462 de-

193 2499 399 2568 mque
430 2480 618 2553 idem·
641 2502 816 2569 puer
839 2480 1063 2553 lucem
1101 2494 1392 2553 miratus
1421 2482 1754 2572 ignotam,
1792 2502 2091 2551 maxima
2118 2501 2281 2551 cum
2320 2481 2736 2559 exultatione

187 2568 563 2643 clamabat:
617 2569 823 2641 Video
869 2568 1076 2645 diem.
1116 2569 1309 2641 video
1350 2570 1691 2651 homines,
1734 2568 1927 2640 video
1960 2570 2356 2660 capillatos:
2396 2570 2735 2659 plaudens

190 2679 467 2746 quoque
515 2658 839 2729 manibus
877 2672 951 2729 et
999 2659 1431 2748 tripudians:
1489 2664 1689 2739 DeuS,
1743 2658 2013 2745 inquit,
2067 2680 2147 2729 ex
2196 2659 2325 2730 boc
2370 2660 2520 2748 jam
2596 2680 2734 2730 non

190 2746 532 2817 oflendam
575 2746 661 2821 ad
704 2748 768 2817 la
824 2746 969 2817 ides
1003 2747 1210 2837 pedes
1252 2769 1463 2818 meos,

275 2838 315 2922 ξ
359 2840 508 2907 81.
563 2841 640 2907 ln
691 2859 775 2905 ur
905 2836 1110 2906 etiam
1161 2838 1525 2909 cameraco
1571 2835 1946 2906 celebranti
1989 2835 2354 2906 Missurum
2397 2836 2735 2909 solemnia

192 2924 337 2993 viro
387 2922 527 3004 Dei,
565 2923 856 2999 surdum
890 2936 958 2994 et
989 2937 1259 2995 mutum
1293 2947 1330 2994 a
1366 2924 1716 2999 nativitate
1747 2945 2038 3013 puerum
2068 2924 2469 2995 offerebant.
2513 2930 2733 3008 Quem

192 3012 583 3093 audientem
631 3025 699 3087 et
744 3012 1133 3101 loquentem
1183 3014 1305 3100 qui
1356 3013 1642 3101 propius
1690 3014 1999 3093 aderant,
2054 3035 2265 3104 supra
2312 3013 2609 3103 gradum
2650 3013 2736 3082 li·-

195 3123 448 3192 gneum
497 3104 817 3183 statuere,
868 3114 945 3172 ut
990 3102 1076 3172 de
1128 3101 1273 3172 loco
1317 3101 1754 3172 eminentiori
1808 3124 1980 3171 novo
2028 3122 2345 3173 sermone
2393 3101 2733 3192 populum

197 3190 548 3262 salutaret.
599 3194 731 3261 Nec
771 3191 1060 3272 mirum,
1112 3189 1296 3277 quod
1350 3191 1522 3262 mira
1573 3190 2136 3280 plebis-devotio,
2188 3191 2363 3260 mira
2415 3191 2734 3280 protinus

196 3278 583 3351 vociferatio
630 3280 717 3349 sit
765 3291 1022 3350 secuta.
1076 3284 1154 3348 Et
1201 3279 1369 3349 haec
1414 3279 1695 3366 quidem
1746 3301 1958 3370 super
2004 3279 2347 3366 hisquae
2395 3280 2462 3349 in
2521 3302 2735 3368 regno

196 3368 596 3443 Germaniae
644 3368 716 3439 in
748 3390 960 3437 manu
991 3368 1167 3441 servi
1207 3368 1317 3438 sui
1351 3368 1761 3438 mirabiliter
1790 3382 2113 3469 operatus
2142 3381 2245 3439 est
2280 3373 2478 3446 Deus,
2512 3391 2551 3438 e
2582 3367 2735 3470 plu-

197 3457 386 3527 ribus
434 3478 656 3546 pauca
701 3455 1070 3526 sufficiant.
1125 3462 1290 3527 Nam
1341 3471 1406 3526 et
1453 3459 1524 3526 in
1576 3457 1930 3547 Hispaniis
1960 3512 1977 3539 ‚
2030 3458 2150 3528 ubi
2204 3478 2527 3546 praesens
2586 3479 2736 3547 ipse

195 3566 327 3619 non
376 3544 554 3627 suit,
609 3545 992 3620 sanctitatis
1034 3545 1187 3635 ejus
1235 3545 1494 3617 indicia
1540 3546 1965 3617 claruerunt.
2020 3551 2186 3616 Cum
2251 3546 2437 3615 enim
2506 3546 2734 3616 fidelis

196 3656 450 3706 servus·
478 3645 545 3703 et
584 3633 924 3724 prudens,·
967 3634 1341 3724 pretiosum
1394 3635 1628 3706 Crucis
1662 3636 2059 3706 Dominicae
2086 3634 2388 3705 fructum
2422 3636 2735 3723 undique

196 3722 566 3824 colligeret,
607 3724 993 3809 iterumque
1025 3744 1235 3814 propa
1288 3738 1432 3793 aret
1471 3724 1767 3811 ubique:
1812 3724 2102 3814 contigit
2138 3735 2215 3795 ut
2250 3722 2338 3793 de
2377 3723 2545 3795 filiis
2581 3724 2733 3795 suis

198 3811 263 3893 in
310 3811 682 3902 Hispanias
731 3811 1050 3891 mitteret,
1105 3813 1174 3880 in
1226 3811 1365 3882 ilis
1411 3834 1709 3900 quoque,
1767 3813 1943 3883 sicut
1987 3824 2056 3881 et
2102 3812 2170 3881 in
2222 3812 2509 3883 caeteris
2564 3833 2735 3902 gen-

199 3900 417 3981 tibus,
463 3900 770 3988 aliquem
821 3900 1071 3973 habere
1118 3899 1419 3975 fructum
1469 3901 1898 3972 desiderans.
1954 3906 2042 3969 De
2088 3921 2384 3988 quorum
2438 3920 2730 3970 numero

199 3987 514 4061 Albertus·
548 3989 832 4077 quidam
881 3988 1094 4070 faber,
1148 3990 1217 4063 in
1272 3989 1417 4060 loco
1462 3990 1579 4060 cui
1629 4011 1879 4069 nomen
1931 3988 2363 4079 Superadum
2395 4041 2412 4069 ,
2514 3988 2732 4061 ravis-

201 4076 366 4147 sima
414 4077 804 4159 valetudine
831 4091 1253 4169 occupatus,
1308 4098 1429 4168 per
1477 4077 1773 4151 multum
1813 4079 1963 4168 jam
2006 4090 2280 4167 tempus
2301 4076 2457 4166 jace
2508 4088 2575 4146 at
2611 4098 2724 4166 pa·

201 4162 521 4253 ralytieus
565 4166 640 4243 in
681 4166 995 4258 grabato.
1047 4166 1329 4239 Interim
1392 4188 1513 4256 per
1567 4168 1893 4239 abbatem
1950 4187 2157 4239 suum
2196 4164 2731 4245 ,incommodum

140 4314 151 4325 .
201 4275 398 4340 suum
450 4256 735 4326 nunciat
781 4255 960 4347 patri
1008 4269 1269 4329 sancto,
1320 4268 1386 4325 et
1430 4267 1508 4325 ut
1555 4256 1687 4324 sibi
1722 4255 2150 4334 misereatur,
2185 4266 2438 4324 exorat.
2476 4254 2730 4324 Eadem

199 4354 419 4412 autem
464 4341 603 4426 die,
652 4367 792 4432 qua
838 4345 941 4416 vir
988 4343 1228 4415 beatus
1275 4342 1344 4412 in
1382 4342 1756 4414 Claravalle
1791 4365 1913 4431 pro
1951 4341 2193 4413 eodem
2225 4340 2601 4433 paralytico
2640 4343 2731 4413 ad

199 4430 582 4523 petitionem
646 4434 755 4505 sui
812 4433 1004 4505 illius
1068 4434 1345 4505 abbatis
1412 4432 1670 4514 oravit,
1740 4445 2058 4503 currente
2131 4431 2450 4504 velociter
2522 4433 2728 4504 verbo
