3308 5004
575 278 705 348 236
972 296 1053 344 na
1100 295 1191 345 ss.
1247 291 1363 346 ιιι.
1412 295 1590 345 suro
1636 296 1736 345 ιη’.
1788 297 1864 345 ar
1910 296 2265 348 nummo
2311 293 2539 346 Lssvm
2721 279 2911 347 AUG.
2950 281 3036 348 10

484 402 774 472 corpora
810 378 1232 471 colligentes,
1263 380 1539 451 beatum
1577 380 1842 451 Sixtum
1879 380 2295 472 Episcopum
2330 393 2396 452 et
2428 392 2803 470 martyrem
2844 403 3039 473 sepe-

486 469 744 540 lierunt
787 468 856 537 in
910 482 1152 559 crypta
1207 468 1278 537 in
1327 469 1732 539 coemeterio
1789 468 2029 541 Calixti
2065 469 2305 540 eadem
2348 470 2497 540 via:
2552 481 2826 543 sanctos
2877 493 3042 542 vem

486 557 1006 716 1⁴’eliciss1i5numA
1040 569 1106 627 et
1163 559 1527 658 Agapltum
1580 571 1920 649 martyres
1979 559 2052 628 in
2116 558 2523 630 coemeterio
2579 561 3030 645 Praetextati,

486 661 722 719 octavo
838 668 920 717 us
1009 658 1264 736 ugusti.

574 739 612 825 ξ
659 741 801 809 15.
855 740 1061 806 Porro
1126 734 1377 806 milites
1436 734 1621 804 Decii
1688 736 1965 806 beatum
2025 735 2471 807 Laurentium
2538 735 2887 808 duxerunt
2947 738 3038 808 ad

486 824 954 901 Parthemium
1007 823 1393 894 tribunum.
1446 827 1513 894 Is
1564 845 1719 894 vero
1760 846 1915 894 mox
1964 823 2295 894 indicavit
2327 824 2550 904 Decio,
2590 825 3035 897 Laurentium

489 914 654 986 Sixti
701 911 1307 992 Archidiaconum,
1360 912 1481 1000 qui
1530 912 1811 983 haberet
1868 912 2228 984 thesauros
2288 912 2679 985 reconditos
2714 968 2730 996 ,
2796 913 2867 983 in
2911 938 3036 986 cu-

487 1002 707 1075 stodia
769 1001 1008 1072 teneri.
1063 1001 1354 1072 Gavisus
1416 1014 1518 1071 est
1582 1001 1826 1072 Decius
1869 1001 1951 1083 ²⁵,
2002 1015 2068 1071 et
2105 1001 2317 1092 jussit
2380 1001 2514 1072 sibi
2588 1003 3034 1074 Laurentium

485 1090 934 1183 praesentari,
987 1089 1220 1178 aitque
1268 1089 1413 1160 illi:
1468 1090 1594 1160 Ubi
1642 1103 1807 1161 sunt
1854 1091 2160 1161 thesauri
2210 1090 2571 1171 Ecclesiae,
2624 1113 2801 1179 quos
2847 1113 2886 1160 a
2940 1092 3036 1162 ud

489 1193 551 1251 te
598 1179 1052 1271 cognovimus
1084 1178 1522 1249 reconditos?
1567 1183 1813 1249 Beatus
1843 1179 2253 1250 Laurentius
2301 1201 2383 1250 ne
2428 1180 2710 1250 verbum
2751 1180 2870 1267 qui
2923 1203 3034 1252 em

487 1268 591 1340 illi
640 1267 1015 1358 respondit.
1069 1268 1317 1338 Decius
1361 1288 1525 1358 ergo
1576 1267 1856 1340 tradidit
1901 1290 2059 1338 eum
2121 1268 2479 1338 Valeriano
2529 1267 2888 1359 praesecto,
2927 1269 3037 1338 di-

486 1380 694 1429 cens:
741 1363 865 1427 Per
914 1357 1065 1426 uire
1112 1356 1479 1447 diligenter
1523 1356 1609 1427 de
1657 1357 2000 1428 thesauris
2046 1357 2409 1439 Ecclesiae,
2446 1370 2513 1427 et
2545 1356 2674 1437 fac,
2714 1369 2792 1427 ut
2821 1357 3036 1428 sacri-

486 1446 666 1518 ficet.
720 1379 910 1529 Quod
961 1445 1020 1515 si
1085 1444 1300 1526 nolit,
1365 1444 1654 1515 diversis
1716 1445 1954 1535 poenis
2022 1467 2180 1515 eum
2240 1445 2568 1515 interfice.
2633 1445 3035 1517 Valerianus

488 1536 719 1622 itaque
766 1532 1048 1604 tradidit
1111 1533 1312 1604 illum
1378 1533 1751 1625 Hippolyto
1796 1533 1867 1569 *³*
1935 1533 2212 1604 cuidam
2276 1534 2529 1606 vicario
2582 1534 2652 1604 in
2724 1536 3039 1607 custodia

489 1621 1036 1696 asservandum:
1090 1621 1285 1710 isque
1330 1622 1616 1694 inclusit
1663 1645 1818 1693 eum
1852 1644 2010 1693 cum
2048 1621 2283 1692 multis
2328 1623 2507 1694 aliis.

576 1714 614 1800 ξ
659 1718 813 1785 16.
866 1716 1023 1781 Erat
1069 1724 1297 1782 autem
1348 1711 1631 1799 quidam
1686 1711 1961 1812 gentilis
2007 1711 2077 1781 in
2130 1712 2464 1793 custodia,
2516 1711 2664 1798 qui,
2717 1733 2877 1782 cum
2911 1712 3037 1783 diu

488 1799 635 1872 illic
684 1801 1076 1880 mansisset,
1134 1800 1466 1889 plorando
1512 1799 1747 1871 amisit
1791 1798 2151 1871 oculorum
2203 1799 2462 1870 lumen.
2517 1800 2703 1870 Dixit
2740 1822 2898 1871 vero
2934 1800 3038 1872 illi

489 1891 736 1962 beatus
769 1888 1223 1959 Laurentius:
1260 1888 1469 1960 Crede
1497 1889 1566 1957 in
1603 1888 1828 1958 filium
1873 1889 2008 1968 Dei,
2048 1889 2416 1959 Dominum
2454 1902 2764 1960 nostrum
2794 1890 3032 1960 Jesum

490 1978 860 2057 Christum,
902 1990 966 2046 et
1013 1976 1381 2067 baptizare,
1419 1989 1487 2048 et
1515 1976 1631 2047 ille
1666 1990 1728 2047 te
1768 1975 2215 2047 illuminabit.
2251 1977 2632 2067 Respondit
2678 1978 2985 2050 Lucillus
3013 2033 3031 2062 ,

491 2067 592 2137 sic
627 2066 812 2137 enim
854 2065 1266 2136 vocabatur:
1318 2071 1455 2156 Ego
1503 2088 1775 2156 semper
1821 2065 2202 2137 desideravi
2252 2067 2585 2157 baptizari
2634 2067 2708 2135 in
2757 2068 3039 2137 nomine

490 2154 763 2226 Domini
812 2154 1027 2226 nostri
1071 2161 1237 2225 Jesu
1285 2154 1557 2225 Christi.
1607 2160 1854 2224 Beatus
1902 2156 2311 2225 Laurentius
2358 2155 2568 2225 dixit:
2623 2154 2855 2227 Credis
2897 2169 3034 2227 toto

489 2243 745 2316 corde?
789 2243 1169 2334 Respondit
1234 2242 1351 2313 ille
1418 2266 1579 2314 cum
1644 2242 2012 2333 lacrymis:
2079 2248 2217 2334 Ego
2272 2243 2477 2314 credo
2542 2244 2610 2314 in
2666 2244 3034 2314 Dominum

488 2333 724 2404 Jesum
745 2331 1117 2414 Christum,
1150 2345 1217 2401 et
1246 2331 1430 2403 idola
1456 2355 1630 2402 vana
1656 2354 1932 2423 respuo.
1959 2332 2370 2423 Hippolytus
2397 2333 2667 2403 interim
2707 2333 3042 2423 patienter

492 2421 877 2495 sustinebat
929 2442 1284 2493 sermones
1324 2443 1589 2492 eorum.
1633 2427 1804 2492 Tum
1864 2421 2104 2493 beatus
2138 2422 2546 2492 Laurentius
2592 2421 3037 2492 catechizavit

491 2510 859 2592 Lucillum,
915 2522 982 2581 et
1026 2524 1307 2603 accepta
1354 2513 1557 2599 aque,
1601 2510 1775 2581 dixit
1811 2511 1899 2582 ad
1939 2520 2146 2581 eum:
2199 2511 2445 2582 Omnia
2485 2511 2557 2580 in
2606 2510 3038 2582 consessione

490 2600 838 2672 lavantur.
891 2604 993 2671 'l'u
1045 2613 1274 2671 autem
1324 2621 1434 2671 rne
1483 2599 1984 2690 pronunciante
2018 2655 2034 2682 ,
2093 2599 2480 2690 responde,
2536 2598 2770 2669 Credo.
2823 2603 3039 2669 Bene-

490 2688 799 2778 dixitque
836 2710 1115 2776 aquam,
1152 2701 1219 2760 et
1263 2711 1423 2759 cum
1473 2688 1885 2779 expoliasset
1916 2709 2100 2770 eum,
2139 2688 2318 2759 fudit
2366 2710 2577 2776 super
2620 2698 2827 2778 caput
2854 2687 3032 2777 ejus,

490 2778 771 2848 dicens:
812 2777 1044 2847 Credis
1075 2778 1143 2847 in
1174 2783 1387 2848 Deum
1421 2781 1685 2847 Patrem
1720 2777 2286 2866 omnipotentem,
2325 2776 2625 2847 Lucille?
2662 2776 3040 2868 Respondit

489 2866 630 2948 ille,
683 2866 918 2936 Credo.
973 2870 1050 2937 Et
1082 2867 1152 2935 in
1184 2866 1431 2936 Jesum
1467 2865 1808 2936 Christum
1853 2865 2075 2937 filium
2110 2866 2308 2957 ejus?
2355 2864 2757 2957 Respondit,
2797 2865 3033 2936 Credo,

491 2960 569 3025 In
605 2976 791 3036 eum,
829 2954 953 3042 qui
989 2967 1305 3025 mortuus
1348 2966 1414 3023 et
1460 2953 1778 3044 sepultus
1805 2966 1931 3035 est,
1981 2967 2047 3024 et
2080 2956 2276 3024 tertia
2310 2952 2421 3024 die
2455 2955 2878 3026 resurrexit?
2905 2960 3038 3025 Re-

490 3043 793 3133 spondit,
847 3041 1083 3113 Credo.
1136 3047 1213 3112 Et
1260 3042 1570 3112 ascendit
1620 3042 1690 3111 in
1731 3041 2026 3123 coelum,
2088 3043 2275 3114 unde
2323 3058 2655 3114 venturus
2709 3057 2812 3113 est
2848 3043 3042 3134 judi-

492 3152 650 3202 care
695 3131 884 3201 vivos
930 3143 996 3201 et
1030 3144 1336 3202 mortuos
1367 3143 1432 3200 et
1480 3129 1793 3202 seculum
1848 3153 1969 3221 per
2018 3131 2246 3222 ignem
2274 3133 2306 3200 7
2339 3131 2738 3234 Respondit,
2798 3131 3036 3203 Credo.

493 3224 788 3291 Sanctus
827 3220 1236 3291 Laurentius
1283 3219 1424 3289 ait:
1477 3223 1557 3289 Et
1600 3219 1663 3288 is
1696 3230 1760 3290 te
1807 3219 1876 3289 in
1927 3241 2212 3310 corpore
2257 3232 2323 3290 et
2369 3241 2606 3291 anima
2652 3219 3028 3291 illuminet.

491 3307 972 3397 Respondente
1020 3307 1140 3379 illo
1188 3308 1443 3389 statim,
1483 3307 1717 3378 Credo.
1760 3312 1825 3377 S.
1872 3310 2279 3380 Laurentius
2325 3330 2483 3380 eum
2520 3308 2751 3379 induit
2797 3307 3040 3379 lintea-

493 3397 704 3478 mine,
756 3396 1112 3486 apertique
1159 3409 1325 3468 sunt
1370 3394 1554 3467 oculi
1591 3397 1769 3485 ejus,
1823 3408 1890 3465 et
1936 3396 2386 3469 exclamavit:
2440 3397 2851 3469 Benedictus
2907 3402 3038 3468 Do-

492 3485 730 3557 minus
774 3491 977 3557 Jesus
1037 3485 1391 3566 Christus,
1450 3490 1628 3555 Deus
1676 3498 2040 3567 aeternus,
2107 3487 2231 3574 qui
2281 3510 2388 3557 me
2448 3485 2872 3557 illuminavit
2919 3507 3041 3577 per

491 3573 770 3647 beatum
822 3574 1293 3655 Laurentium,
1345 3573 1466 3661 qui
1515 3595 1791 3666 semper
1834 3596 2083 3646 caecus
2130 3573 2256 3655 sui,
2295 3590 2360 3646 et
2393 3597 2579 3646 nunc
2630 3574 2852 3646 vide0.
2903 3578 3038 3646 Au-

491 3662 759 3734 dientes
807 3661 876 3731 id
917 3662 1119 3733 multi
1153 3662 1363 3743 caeci,
1417 3675 1753 3734 venerunt
1805 3663 1889 3733 ad
1929 3663 2202 3733 beatum
2246 3666 2695 3735 Laurentium
2745 3664 2988 3735 flentes
3015 3718 3033 3746 ,

490 3752 689 3839 isque
750 3751 820 3820 in
888 3750 1246 3843 Hippolyti
1308 3751 1625 3823 custodia
1697 3753 2095 3844 imponebat
2153 3751 2374 3824 oculis
2437 3773 2679 3822 eorum
2748 3773 3037 3824 manum

491 3863 720 3922 suam,
775 3852 840 3912 et
887 3839 1494 3911 illuminabantur.

580 3931 617 4018 ξ
662 3933 795 4002 12.
849 3933 1147 4001 Cernens
1195 3929 1266 3999 id
1315 3928 1729 4020 Hippolytus
1763 3984 1780 4010 ,
1847 3929 2019 4001 dixit
2075 3929 2161 3999 ad
2210 3928 2487 4000 beatum
2538 3928 3035 4000 Laurentium:

491 4018 784 4089 Ostende
824 4018 997 4090 mihi
1048 4018 1406 4089 thesauros
1454 4018 1821 4090 Ecclesiae.
1873 4023 1947 4088 Β.
2002 4017 2412 4089 Laurentius
2475 4018 2874 4108 respondit:
2929 4022 3038 4087 «Ο

492 4106 884 4198 Hippolyte,
927 4107 986 4179 si
1032 4107 1257 4177 credis
1290 4106 1359 4177 in
1413 4111 1623 4178 Deum
1675 4112 1939 4178 Patrem
1992 4106 2557 4198 omnipotentem,
2593 4119 2660 4178 et
2690 4107 2762 4176 in
2812 4106 3036 4179 filium

545 4305 571 4332 ¹·
602 4302 835 4346 Monitnm
851 4307 1004 4348 denuo
1024 4307 1243 4348 volumus
1270 4307 1517 4348 Lectorem
1539 4307 1597 4349 de
1615 4309 1938 4359 expungemus
1965 4317 2050 4358 per
2080 4307 2230 4349 totam
2260 4307 2509 4349 historiam
2538 4306 2678 4350 Decio
2710 4315 2765 4349 ιο
2798 4308 3036 4357 praetento

370 4364 380 4373 “
489 4355 759 4404 Valeriano,
787 4362 836 4398 et
862 4361 1158 4410 subrogando
1189 4361 1438 4400 Valeriano
1466 4362 1770 4410 Imperatore.

548 4412 605 4439 *¹*
623 4412 674 4452 B.
696 4412 1016 4460 meroni-us,
1038 4415 1177 4463 cujus
1205 4414 1328 4454 infr·
1345 4417 1566 4455 narratur
1585 4416 1827 4464 praeclar·
1852 4414 2101 4461 οοιιίοιιίο.
2115 4413 2290 4454 colitur
2305 4421 2389 4454 xm
2407 4412 2507 4463 huj.
