3308 5004
812 331 944 400 738
1656 351 1736 398 ns
1782 350 1839 398 s.
1894 350 2121 400 sumu
2169 351 2360 398 nar.
2904 330 3042 399 AUG.
3073 332 3121 396 29

813 439 852 525 ξ
898 438 1051 508 19.
1106 433 1216 504 Sic
1262 433 1543 522 quidem
1594 455 1757 506 cum
1806 433 2055 506 festum
2107 448 2502 506 sanctorum
2538 434 3122 526 Theophaniorum.et

721 525 825 596 sic
853 526 1056 595 etiam
1110 545 1430 611 sequenS,
1485 524 1557 593 in
1607 545 1746 612 quo
1795 524 1974 595 sacri
2021 525 2499 596 Praecursoris
2547 525 2850 595 memoria
2876 537 2959 594 est
2993 522 3122 592 altius

722 613 927 685 nobis
975 612 1245 696 tradita,
1297 613 1559 771 quippe
1603 613 1726 705 qui
1774 613 1992 683 divini
2026 613 2464 716 baptismatis
2500 614 2803 705 mysterio
2829 612 3120 687 inservierit,
3182 634 3183 651 ¹

720 702 1234 795 peregissemus
1279 715 1348 772 et
1395 724 1472 773 ce
1503 702 2013 773 ebravissemus
2047 758 2063 785 ‚
2108 702 2584 794 Judicavimus
2642 725 2756 795 par
2810 723 2933 772 esse
2969 701 3123 768 Manis

719 813 996 880 quoque
1043 791 1384 862 honorare
1418 789 1917 882 depositionem
1957 791 2147 861 festis
2194 792 2476 871 annuis,
2522 792 2648 862 hac
2675 812 2914 879 quoque
2950 809 3123 857 connu-

719 894 983 951 merata
1015 879 1172 950 aliis
1202 881 1355 970 ejus
1384 878 1599 962 festiS,
1639 893 1717 950 ut
1753 901 1834 950 ex
1866 881 2074 950 rebus
2124 880 2315 951 illius
2362 880 2539 950 nihil
2579 881 2663 951 sit
2692 902 2816 950 non
2851 877 3119 970 gloriosum

719 982 786 1041 et
824 967 1260 1040 admirabile.
1314 973 1391 1040 Et
1441 991 1628 1040 nunc
1676 991 1835 1039 ecce
1882 970 2075 1039 adest
2123 970 2252 1040 boc
2300 968 2550 1039 festum
2585 969 2829 1040 clarum
2863 981 2918 1037 et
2948 966 3123 1066 insigne

771 1072 878 1131 ost
907 1058 1315 1129 circularem
1366 1059 1534 1128 anni
1582 1059 1919 1130 ambitum
1947 1113 1962 1140 ‚
2024 1057 2374 1130 distillans
2414 1058 2613 1129 nobis
2657 1059 2887 1128 imbres
2926 1073 3121 1148 miraca-

748 1169 973 1231 orum,
1028 1160 1094 1218 et
1139 1168 1218 1217 ea
1265 1147 1558 1218 afferens
1605 1170 1785 1236 quae
1832 1160 1996 1218 sunt
2041 1147 2276 1218 futura
2327 1148 2583 1219 animis
2640 1147 2869 1218 nostris
2900 1141 3122 1214 conduci·
3188 1172 3189 1223 3

720 1236 914 1308 bilia.
968 1241 1084 1307 Est
1128 1257 1292 1327 ergo
1343 1236 1542 1308 nobis
1592 1237 1942 1328 proposita
1991 1238 2180 1307 omni
2229 1258 2310 1306 ex
2358 1247 2551 1329 parte
2608 1236 2880 1328 gloriosa
2921 1243 2971 1301 et
3003 1248 3119 1297 vene

721 1325 940 1396 randa
991 1347 1242 1397 manus
1288 1326 1631 1417 Baptistae
1696 1339 1762 1396 et
1809 1326 2282 1396 Praecursoris
2317 1380 2332 1406 ,
2394 1326 2769 1417 incorporei
2825 1317 3119 1416 circumdata

721 1414 1122 1497 virtutibuS,
1165 1436 1343 1502 quae
1390 1414 1829 1486 admirantur
1868 1416 2094 1485 Sancti
2139 1414 2442 1506 Spiritus
2482 1415 2812 1494 virtutem,
2855 1430 2993 1498 quae
3014 1423 3118 1474 mea

721 1503 1011 1574 habitat.
1064 1503 1427 1586 Quodnam
1458 1525 1622 1596 ergo
1670 1517 1772 1573 est
1801 1504 1930 1574 hoc
1972 1504 2311 1596 templum
2364 1503 2570 1573 hodie
2608 1500 3118 1605 pulchrius‘lQuae

722 1614 884 1662 nam
934 1591 1140 1663 aedes
1187 1593 1423 1663 divina
1469 1593 1977 1674 venerabilior,
2034 1606 2099 1663 et
2157 1593 2710 1684 magnificentior
2752 1590 2923 1668 hac‚‘
2955 1608 3004 1654 111
3041 1598 3115 1676 qu?
3188 1602 3189 1611 ¹

723 1680 836 1751 hic
871 1704 1066 1752 sacer
1111 1691 1176 1751 et
1214 1681 1495 1753 divinus
1544 1682 1912 1753 thesaurus
1960 1682 2326 1773 reposituS,
2379 1678 2953 1752 innumerabilium
2998 1672 3114 1770 lium·
3188 1704 3189 1727 ι

723 1791 891 1841 num
924 1769 1290 1861 splendore
1328 1792 1487 1840 cum
1531 1770 1944 1843 coelestibus
1974 1771 2325 1855 contendit
2355 1770 2802 1862 spectaculis?
2827 1764 2939 1837 Sub
2961 1756 3112 1848 quibus
3188 1782 3189 1789 ¹

720 1881 901 1947 quae
948 1880 1245 1948 superne
1292 1859 1723 1930 descendunt
1837 1859 2045 1930 ratiae
2094 1859 2325 1930 Sancti
2374 1860 2672 1950 Spiritus
2702 1915 2718 1941 ,
2768 1857 3110 1945 dispensantur

722 1970 849 2038 pro
885 1947 1088 2018 modo
1134 1948 1689 2039 uniuscujusque
1735 1883 1922 2031 figei,
1974 1971 2240 2029 eorum,
2291 1949 2413 2037 qui
2462 1947 2749 2019 laudant
2789 1958 2845 2016 et
2869 1940 3103 2027 celebrant.

721 2036 1137 2106 animabus:
1191 2041 1268 2107 In
1314 2038 1586 2109 Christo
1630 2038 1789 2126 Jesu
1838 2038 2129 2109 Domino
2159 2050 2415 2121 nostro,
2462 2039 2580 2108 cui
2628 2036 2833 2130 gloria
2854 2045 2907 2102 et
2930 2033 3107 2121 potentia
3188 2072 3189 2109 3

718 2125 790 2194 in
829 2125 1061 2198 secula
1090 2126 1508 2209 seculorum,
1558 2131 1799 2197 Amen.

1668 2430 2325 2515 MARTYRIUM

914 2675 994 2778 S.
1062 2675 1513 2778 SABINAE
1577 2676 2137 2778 MATRONAE
2221 2660 2970 2779 lLLUSTRlSSlllAE

1243 2913 1532 2966 AUCTORE
1563 2915 1773 2966 About
1806 2917 2086 2978 mmm„
2120 2918 2189 2967 IN
2228 2915 2741 2966 uARTYROLOGIo.

1414 3094 1610 3155 cirea
1651 3109 1908 3152 annum
1952 3095 2068 3151 127
2107 3123 2187 3134 -
2226 3090 2557 3155 Romana.

800 3279 838 3366 ἓ
883 3284 960 3351 1.
1015 3283 1270 3349 Romae
1315 3277 1386 3347 in
1436 3277 1767 3349 Aventino
1799 3331 1816 3359 ,
1884 3276 1955 3346 in
2015 3276 2272 3368 oppido
2341 3275 2802 3374 vindinensi,
2859 3265 2929 3339 ad
2969 3269 3112 3372 ΜΨ
3188 3345 3189 3348 ,

710 3366 1064 3447 Faustini,
1118 3364 1345 3436 natale
1391 3366 1831 3437 beatissimae
1877 3377 1944 3436 et
1979 3364 2495 3436 illustrissimae
2547 3366 2837 3437 Sabinae
2877 3362 3120 3453 marsya»,

712 3476 893 3543 quae
940 3454 1071 3525 fuit
1124 3476 1298 3525 uxor
1363 3453 1890 3546 plaeclarissimi
1950 3454 2302 3544 quondam
2373 3454 2759 3535 Valentini,
2807 3461 2866 3520 et
2903 3442 3006 3513 filia
3046 3434 3125 3500 ΗΘ·

707 3543 898 3703 {odis
946 3543 1348 3702 Mletaillarii:
1402 3549 1588 3627 Quae
1638 3566 1842 3635 passa
1888 3558 2011 3624 est,
2063 3543 2364 3615 Adriano
2411 3545 2835 3636 imperante,
2884 3529 2985 3606 sub
3007 3538 3129 3617 [Μ’

736 3644 882 3704 ecto
930 3637 979 3703 E
1062 3632 1080 3701 i
1136 3633 1225 3702 io.

798 3725 836 3812 ξ
879 3727 968 3794 2.
1012 3655 1213 3793 Fflant:
1261 3722 1458 3793 beata
1505 3722 1700 3813 virgo
1735 3721 2038 3813 Serapia,
2072 3744 2234 3792 cum
2277 3722 2349 3793 in
2389 3721 2598 3792 domo
2630 3721 2779 3813 ejus
2822 3713 3134 3787 conversare·

707 3821 845 3895 tur,
900 3810 1243 3902 persuasit
1273 3811 1343 3880 in
1387 3811 1523 3881 fide
1561 3810 1834 3880 Domini
1866 3812 2026 3882 Jesu
2060 3810 2334 3880 Christi.
2372 3816 2558 3894 Quae
2601 3802 2992 3901 postmodum
3016 3803 3134 3875 fflm‘.

706 3899 864 3971 dem
917 3900 1252 3991 virginem
1303 3922 1526 3987 usque
1570 3899 1657 3970 ad
1711 3898 1937 3970 locum
1990 3898 2337 3990 passionis
2387 3911 2624 3971 secuta
2669 3909 2815 3969 est:
2861 3897 3070 3962 etcum
3099 3887 3136 3936 ἃ

703 3987 1093 4080 praefectus
1141 3987 1454 4078 Beryllus
1501 3987 1803 4071 diceret,
1860 3988 2037 4072 Quid
2089 3989 2212 4059 tibi
2271 3989 2425 4079 ipsa
2476 3985 2823 4078 derogas?
2862 3987 2959 4050 aut
2993 3976 3137 4054 ΨΜ

706 4078 1139 4168 temetipsam
1179 4076 1383 4147 vilem
1421 4076 1700 4147 reddis?
1747 4090 1866 4147 aut
1902 4098 2119 4165 quare
2168 4099 2304 4147 non
2341 4076 2742 4150 consideras
2772 4087 2931 4161 quae
2953 4080 3030 4139 es,
3066 4055 3136 4120 ⁸¹²¹

704 4166 911 4258 cujus
943 4165 1090 4236 filia
1126 4187 1200 4236 es
1221 4169 1254 4235 ἲ
1285 4165 1712 4257 Conjunxisti
1745 4166 1931 4236 enim
1968 4178 2028 4236 te
2062 4166 2494 4251 Christianis,
2527 4179 2595 4237 et
2623 4163 2833 4236 oblita
2865 4178 2927 4228 es
2956 4137 3134 4220 natal&

704 4266 896 4337 tuos,
961 4267 1027 4324 et
1087 4254 1489 4325 memoriam
1535 4254 1897 4336 tanti-viri,
1948 4256 2151 4346 cujus
2191 4255 2381 4326 fuisti
2416 4311 2433 4340 ,
2486 4267 2548 4326 et
2595 4254 2872 4325 deorum
2917 4241 3131 4331 quoru&

702 4342 881 4412 iram
912 4364 1148 4413 vereor
1178 4365 1263 4413 ne
1298 4344 1640 4416 incurras.
1680 4349 2034 4415 Revertere
2067 4344 2290 4435 magis
2325 4344 2411 4416 ad
2451 4345 2738 4416 domum
2776 4353 2966 4411 tuam,
3001 4314 3132 4421 ΒΨ·

706 4430 902 4501 mitte
947 4431 1127 4502 banc
1167 4431 1537 4507 nefandam
1566 4487 1584 4517 ,
1637 4455 1815 4523 quae
1864 4432 2226 4507 maleficiis
2275 4446 2339 4506 te
2385 4447 2451 4507 et
2501 4431 2733 4526 plures
2778 4417 3130 4500 demumst
