3308 5004
625 305 756 371 750
1408 322 1487 369 nn
1534 322 1592 371 s.
1646 320 1809 371 nosA
1855 318 2025 369 mc.
2070 320 2212 367 Lm.
2766 302 2958 371 ΔΗΕ.
3015 306 3102 373 30

533 405 984 508 Evangelium
1015 404 1197 476 ultra
1245 405 1516 476 Indiam
1544 418 1612 477 et
1636 411 1941 496 Gangem
1990 417 2057 476 et
2104 408 2578 493 Aequatorem,
2611 417 2678 477 et
2702 428 2823 497 per
2847 428 3101 479 omnes

536 509 997 587 compitorum
1049 494 1345 587 angulos
1378 494 1679 565 famelici
1713 494 2009 583 quaesiti
2047 494 2379 587 gentiles„
2407 507 2485 566 ut
2531 496 2602 565 in
2654 509 2892 588 parato
2926 519 3102 567 con-

536 585 716 655 vivio
756 584 1124 676 pinguium
1165 606 1248 655 ac
1314 583 1850 656 medullatorum
1917 606 2078 655 cum
2147 588 2281 655 Deo
2328 584 2670 656 Abraham
2701 640 2719 667 ,
2784 589 2991 656 Isaac
3036 597 3103 657 et

532 673 750 745 Jacob
797 673 869 744 in
906 673 1096 764 regia
1143 674 1271 743 sua
1319 673 1824 744 recumberent.

624 766 662 852 ξ
711 767 801 835 2.
853 761 1181 843 Tandem,
1235 761 1416 833 ultra
1470 762 1678 833 totius
1707 761 1979 849 antiqui
2017 762 2208 832 orbis
2244 774 2585 835 extremos
2637 762 2837 845 fines,
2882 763 3097 855 longe

533 850 806 940 lateque
835 873 1059 940 usque
1104 850 1190 921 ad
1226 850 1511 921 ultimas
1540 850 1860 921 Atlantici
1906 852 2146 922 oceani
2197 863 2434 925 metas.
2486 864 2553 921 et
2600 874 2820 939 usque
2867 853 2958 922 ad
2989 876 3107 930 ex-⁴

451 1015 456 1023 ,
534 941 741 1014 timas
787 938 1321 1012 occidentalium
1356 939 1716 1010 Indiarum
1760 962 1939 1021 oraS,
1974 961 2151 1027 quae
2184 940 2399 1010 maris
2442 939 2657 1031 (quod
2707 942 3091 1013 Pacificum

531 1029 820 1119 dicitur)
856 1029 1136 1120 sepiunt
1180 1028 1523 1099 immensa
1571 1028 1824 1112 littora,
1855 1030 2106 1099 iterum
2156 1040 2361 1118 atque
2390 1029 2641 1099 iterum
2678 1030 2870 1101 fideli
2900 1054 3095 1102 servo

527 1117 685 1210 (per
730 1140 937 1207 quem
989 1116 1540 1209 praedicatorum
1590 1118 1784 1201 ordo,
1839 1119 2140 1188 maximo
2186 1118 2401 1206 hujus
2449 1122 2514 1188 S.
2554 1123 2634 1189 R.
2687 1123 2763 1189 E.
2806 1120 3091 1191 doctore

529 1219 597 1278 et
645 1207 1170 1299 praedecessore
1217 1217 1451 1278 nostro
1500 1208 1826 1299 Gregorio
1873 1207 2216 1297 testante),
2250 1207 2688 1298 significatur
2732 1209 2791 1292 ⁴²,
2844 1230 3089 1280 excur-

527 1296 825 1367 rendum
875 1295 1027 1379 fuit,
1079 1294 1298 1365 donec
1346 1295 1432 1365 ad
1463 1296 1825 1366 Peruviam
1858 1296 2265 1398 perveniret.
2319 1302 2395 1367 In
2443 1318 2680 1386 quam,
2732 1301 2881 1369 una
2933 1321 3091 1369 cum

528 1385 618 1456 iis
656 1385 777 1487 qui
826 1384 1177 1475 regionem
1228 1382 1417 1455 illam
1457 1383 1638 1455 felici
1681 1385 1968 1455 introitu
2014 1408 2094 1455 ac
2144 1408 2472 1457 successu
2520 1392 2652 1456 Deo
2678 1399 2744 1457 et
2768 1392 2833 1457 S.
2895 1392 2979 1459 R.
3008 1393 3077 1457 Ε..

528 1474 1044 1565 subjecerunt..
1081 1472 1353 1564 primus
1401 1472 1518 1543 ille
1565 1474 1947 1566 penetravit
2006 1474 2210 1555 Ordo,
2262 1476 2427 1562 qui,
2481 1476 2821 1577 singulari
2874 1476 3085 1565 hujus

528 1575 807 1634 sanctae
856 1561 1051 1633 Sedis
1098 1561 1522 1653 Apostolicae
1564 1561 1947 1655 privilegi0,
1987 1563 2541 1635 Praedicatorum
2576 1564 2774 1634 titulo
2808 1566 3085 1657 jamdiu

529 1650 912 1743 insignitus
958 1650 1112 1733 fuit,
1151 1663 1217 1721 et
1260 1663 1419 1721 ante
1465 1650 1638 1721 alios
1674 1653 2092 1722 Peruvianae
2135 1652 2501 1743 gentilitati
2550 1665 2871 1725 sanctum
2926 1661 3084 1725 Jesu

528 1740 779 1811 Christi
827 1739 1273 1832 Evangelium
1325 1741 1762 1811 annuntiavit
1792 1796 1808 1822 ,
1853 1742 2263 1832 primusque
2310 1741 2408 1812 ibi
2447 1740 2842 1813 salutiferae
2894 1766 3080 1844 prae-

528 1829 897 1901 dicationis
970 1829 1257 1899 verbum
1308 1851 1436 1899 suo
1494 1830 1835 1921 sanguine
1881 1829 2382 1921 obsignando‚·
2427 1832 2829 1902 universam
2890 1832 3071 1901 illam

575 1932 800 1989 entem
851 1917 937 1987 ad
984 1939 1268 1988 coenam
1319 1924 1366 1987 A
1421 1917 1493 1987 ni
1540 1919 1807 2021 providi
1854 1917 2226 1989 efficaciter
2263 1919 2599 1989 invitavit.
2650 1921 2870 1992 Cu'us
2897 1942 3066 2003 voce,

555 2007 762 2077 abore
807 2018 872 2077 et
917 2028 1163 2077 cruore
1200 2006 1354 2076 auri
1385 2029 1501 2077 era
1548 2007 1670 2077 1lla
1704 2020 1883 2078 terra
1918 2008 2210 2090 exculta,
2244 2008 2330 2078 ad
2366 2008 2715 2079 exhilaran
2776 2031 2890 2079 am
2923 2009 3064 2080 uni·

524 2117 765 2167 versae
810 2108 948 2166 tam
984 2094 1346 2168 militantis
1375 2117 1587 2184 quam
1629 2096 2130 2188 triumphantis
2163 2097 2508 2168 Ecclesiae
2551 2120 2871 2181 coenam,
2906 2099 3065 2168 inter

527 2197 788 2256 ceteros
835 2183 1255 2256 christianae
1294 2184 1564 2275 pietatis
1613 2184 1804 2255 illius
1857 2185 2163 2278 regionis
2211 2186 2438 2267 flore8‚
2495 2191 2649 2270 Deo,
2703 2188 2965 2277 angelis
3001 2196 3055 2255 et

527 2273 934 2345 hominibus
981 2272 1483 2345 suaveolentem
1523 2274 1808 2365 protulit
1854 2279 2134 2358 Rosam,
2185 2275 2393 2345 totius
2438 2274 2876 2367 evangelicae
2928 2297 3052 2367 per-

527 2361 846 2435 fectionis
878 2360 1252 2453 exemplar,
1304 2374 1370 2434 et
1416 2364 1723 2454 primum
1774 2385 1855 2434 ex
1902 2362 2066 2433 orbe
2100 2385 2275 2435 novo
2320 2363 2391 2432 in
2459 2368 2865 2441 Sanctorum
2918 2363 3045 2433 albo

525 2451 1005 2544 reponendum
1056 2464 1570 2523 ornamentum.
1609 2457 1775 2523 Cum
1800 2452 1985 2523 enim
2020 2451 2106 2522 ad
2144 2452 2273 2522 boc
2308 2464 2470 2523 nata
2512 2466 2581 2524 et
2604 2450 2771 2524 data
2817 2452 3030 2530 fuisset

525 2563 677 2612 eam
714 2542 1029 2611 omnium
1063 2540 1455 2632 impartitor
1486 2543 1827 2613 bonorum
1862 2541 2114 2633 spiritu
2161 2542 2538 2634 sapientiae
2584 2556 2650 2614 et
2698 2541 3024 2613 intellectus

523 2630 863 2721 implevit,
907 2630 1215 2718 adeoque
1245 2652 1412 2701 suae
1445 2630 1801 2701 charitatis
1827 2631 1987 2723 igne
2015 2631 2498 2712 inflammavit,
2525 2643 2605 2701 ut
2638 2655 2777 2702 non
2809 2642 3018 2700 tantum

523 2718 731 2790 odore
779 2731 1137 2801 recrearet,
1164 2719 1284 2791 sed
1332 2719 1535 2791 etiam
1572 2718 1841 2809 fulgore
1888 2720 2147 2791 luceret
2184 2719 2258 2790 in
2304 2743 2384 2791 ea
2415 2720 2671 2791 domus
2723 2719 2827 2791 Dei
2862 2727 3021 2808 parte

523 2830 703 2897 quae
747 2809 822 2878 in
870 2809 1171 2879 tenebris
1211 2806 1486 2890 latebat,
1540 2821 1618 2878 ut
1656 2809 1858 2909 quasi
1905 2808 2099 2879 stella
2153 2810 2491 2879 matutina
2550 2809 2622 2880 in
2660 2808 2903 2879 medio
2938 2826 3034 2874 ne—

522 2896 753 2980 bulae,
797 2897 1000 2986 quasi
1047 2896 1217 2968 luna
1250 2897 1455 2988 plena
1502 2896 1572 2965 in
1623 2896 1870 2967 dlebus
1918 2897 2195 2980 nostris,
2247 2910 2313 2968 et
2349 2897 2552 2986 quasi
2584 2898 2686 2970 sol
2724 2898 3040 2989 refulgens

521 2986 593 3058 in
639 2997 1005 3079 perpetuas
1052 2987 1487 3056 aeternitates
1536 2984 2068 3078 splendesceret.

611 3078 648 3165 ξ
696 3080 787 3148 8.
838 3082 1147 3165 Aequum
1197 3074 1411 3168 igitur
1455 3086 1521 3145 et
1568 3096 2012 3165 summopere
2057 3074 2308 3146 rationi
2367 3086 2911 3147 consentaneum
2958 3074 3051 3164 ju-

521 3163 862 3247 dicamus,
922 3176 1023 3246 ut,
1075 3186 1284 3253 quam
1336 3164 1674 3234 Dominus
1721 3176 1950 3234 noster
2002 3169 2208 3235 Jesus
2269 3163 2580 3236 Christus
2624 3165 2869 3256 (cujus
2901 3164 3053 3233 viem

521 3255 592 3324 in
645 3255 846 3324 terris
891 3253 1232 3345 gerimus)
1292 3252 1739 3345 singulariter
1782 3252 2308 3323 dilectissimam
2362 3275 2403 3322 a
2450 3276 2523 3323 se
2578 3275 2916 3344 sponsam
2962 3274 3057 3323 as-

520 3365 675 3414 sum
689 3355 873 3433 ptam
909 3341 1290 3412 monilibus
1318 3354 1386 3412 et
1414 3342 1689 3412 coronis
1717 3341 1864 3412 suis
1894 3352 2205 3412 ornatam
2231 3340 2704 3413 demonstrare
2743 3341 3057 3434 dignatus

520 3444 646 3513 est,
700 3453 826 3503 nos
871 3452 1170 3519 quoque,
1224 3452 1348 3520 pro
1396 3430 1702 3500 muneris
1760 3430 1975 3500 nostri
2023 3431 2093 3500 in
2142 3430 2467 3501 universa
2513 3430 2821 3501 Ecclesia
2856 3430 3063 3501 debito

520 3521 688 3606 (cui,
746 3519 903 3591 licet
948 3518 1317 3602 immerito,
1372 3518 1903 3611 praesidemus),
1946 3530 2024 3589 ut
2077 3519 2540 3590 venerandam
2607 3542 2648 3589 a
2695 3524 2837 3591 Deo
2886 3540 3066 3612 prae-

520 3608 808 3681 electam
861 3620 1307 3695 sanctamque
1335 3607 1696 3678 colendam
1726 3607 2106 3699 apostolica
2152 3609 2556 3679 auctoritate
2587 3608 3061 3687 decernamus,

520 3711 599 3769 ut
627 3721 667 3768 a
713 3698 884 3770 solis
927 3708 1084 3769 ortu
1131 3719 1355 3785 usque
1401 3696 1483 3767 ad
1537 3719 1860 3768 occasum
1892 3697 2121 3768 omnis
2162 3695 2255 3766 lin
2314 3720 2402 3767 ua
2431 3709 2496 3768 et
2544 3719 2785 3768 omnes
2841 3720 2929 3790 po
2979 3694 3069 3765 uli

518 3787 979 3858 confiteantur
1023 3785 1208 3875 quod
1254 3808 1552 3876 magnus
1585 3786 1921 3857 Dominus
1953 3786 2023 3855 in
2075 3720 2402 3856 omniffius
2441 3786 2769 3877 operibus
2818 3800 2889 3857 et
2955 3807 3070 3856 au-

519 3876 774 3946 dabilis
814 3875 1012 3948 valde
1045 3876 1118 3945 in
1171 3875 1609 3946 mirabilibus
1672 3875 1848 3956 suis3
1901 3874 2230 3977 quoniam
2280 3875 2486 3945 etiam
2532 3876 2607 3945 in
2655 3875 2912 3947 diebus
2953 3895 3066 3944 no-

519 3966 683 4037 stris
732 3987 868 4036 non
909 3964 1310 4037 defecerunt
1334 3963 1850 4035 misericordiae
1881 3985 2032 4055 ejus
2064 3983 2275 4053 super
2306 3986 2455 4043 nos,
2484 3976 2572 4047 et,
2609 3964 2765 4035 licet
2800 3980 3074 4057 paterne

517 4054 749 4157 culpis
796 4054 1050 4125 nostris
1118 4053 1555 4145 exigentibus
1611 4052 1979 4143 corripiat,
2039 4074 2176 4123 non
2224 4066 2454 4123 tamen
2530 4054 2601 4123 in
2699 4067 3068 4144 erpetuum

518 4143 976 4226 obliviscitur,
1028 4142 1147 4213 sed
1198 4143 1269 4212 in
1319 4142 1663 4232 angustiis
1711 4142 1967 4212 nostris
2017 4140 2389 4233 multiplici
2438 4163 2565 4213 nos
2602 4163 2640 4211 e
2668 4156 2982 4214 ectorum
3016 4150 3079 4210 et

569 4289 597 4316 ¹·
623 4288 866 4329 Alludstur
891 4288 981 4328 hoo
1009 4288 1114 4329 loco
1145 4295 1282 4328 nervo
1308 4285 1672 4329 Patristamssin
1699 4284 1976 4337 evangelici,
2002 4285 2257 4329 invitatum
2283 4289 2343 4329 nd
2372 4297 2563 4329 coenum
2584 4285 2746 4336 mmo.
2763 4289 2969 4339 enum
2984 4288 3076 4329 Ho-

517 4341 617 4383 mss.
644 4343 710 4388 38,
735 4343 788 4382 1..
817 4343 858 4382 2.
889 4342 933 4381 8.
966 4342 1183 4392 Gregorii
1209 4339 1382 4392 ungui.
1407 4338 1795 4382 concionatorum
1813 4338 1946 4382 verbi
1964 4339 2050 4382 Dei
2069 4343 2258 4384 coetum
2276 4342 2557 4392 designnnti.
2576 4342 2669 4382 Per
2685 4341 2892 4393 figuram
2908 4343 3078 4386 tumn.

515 4395 630 4436 huic
658 4395 815 4444 pauno
844 4395 969 4435 infra
998 4393 1294 4435 assimilatur
1321 4395 1447 4436 Ordo
1475 4396 1857 4437 Proculo-torum
1887 4396 1931 4437 8.
1959 4393 2208 4443 Dominlct,
2237 4393 2319 4447 qul
2351 4393 2531 4446 primus
2566 4393 2615 4437 in
2642 4397 2894 4439 &merten
2916 4395 3079 4447 phun

517 4447 758 4491 ommam
776 4451 875 4489 tm
894 4449 1101 4499 alono-e
1117 4447 1417 4499 tenuiterque
1438 4449 1753 4492 muntiant.
