3308 5004
726 336 857 402 4⁴2
1214 353 1295 400 aa
1342 352 1434 400 ss.
1488 352 1741 400 Annam
1787 353 2061 404 ramoso
2104 355 2181 403 ιτ
2227 352 2428 406 socus
2475 354 2590 404 ιιι.
2861 337 3035 404 AUG.
3081 338 3148 405 ⁴9

639 436 979 510 amentiae
1024 435 1330 517 tradidit,
1385 436 1505 510 sed
1558 436 1897 527 plurimos
1942 439 2151 510 etiam
2205 438 2504 511 militum
2554 460 2729 527 quos
2775 460 3002 510 secum
3048 438 3150 509 ha-

636 527 863 607 bebat,
921 527 1295 597 concitatos
1329 580 1345 607 ,
1397 525 1483 595 ad
1540 548 1692 596 eam
1743 528 2154 600 sententiam
2210 527 2530 618 impulit,
2582 539 2661 601 ut
2707 526 3045 620 regalibus
3094 539 3147 598 et

639 615 895 688 divinis
950 614 1193 686 edictis
1250 613 1799 687 adversarentur.
1853 617 2194 699 Quoniam
2261 639 2416 688 vero
2488 617 2940 707 cognovimus
2997 615 3150 688 clam

638 704 804 774 hinc
852 703 1081 794 ipsum
1122 702 1549 786 discessisse,
1601 716 1668 775 et
1727 704 1797 775 in
1868 704 2158 777 Cilicum
2259 705 2566 778 rovincia
2614 727 2801 778 nunc
2845 705 3147 786 existere,

641 791 964 882 aequitati
1015 805 1170 867 tuae
1221 792 1484 884 placeat
1532 793 1760 884 regiae
1790 793 2123 868 voluntati
2160 727 2253 865 οξ

640 895 706 953 et
751 903 868 952 eos
899 882 1019 969 qui
1066 904 1227 953 cum
1277 882 1428 972 ipso
1462 893 1648 963 sunt,
1751 905 1788 952 e
1950 884 2048 962 ui,
2112 906 2191 953 ac
2238 884 2549 956 detentos
2593 897 2660 955 et
2708 884 2999 964 vinctos,
3048 904 3149 954 no-

640 971 802 1044 stris
851 971 1175 1072 manibus
1201 970 1498 1072 tradere.
1542 905 1804 1074 Quogsi
1860 994 1902 1043 a
1958 973 2201 1043 versati
2248 972 2543 1057 fuerint,
2595 984 2717 1046 aut
2762 972 2993 1064 fugere
3028 970 3149 1060 jam

639 1072 1011 1151 coeperint,
1067 1059 1489 1131 militaribus
1527 1059 1783 1151 gladtts
1814 1061 2100 1134 confice.

732 1152 768 1237 ξ
817 1153 913 1220 9.
996 1147 1324 1220 Seleucus
1369 1170 1531 1218 cum
1586 1149 1934 1240 eJusmodi
1981 1150 2215 1221 literas
2268 1150 2678 1241 accepisset,
2729 1148 3066 1241 expeditos
3101 1158 3151 1217 et

640 1237 1164 1330 probatissimos
1199 1236 1473 1316 milites,
1512 1258 1689 1325 quos
1741 1238 2032 1310 Romani
2067 1238 2468 1312 ordinarios
2516 1238 2892 1330 appellant,
2939 1256 3150 1326 quam-

640 1326 987 1418 plurimos
1020 1347 1253 1398 secum
1305 1326 1568 1397 habens
1603 1327 1781 1416 (erat
1826 1328 2014 1398 enim
2071 1341 2137 1397 et
2185 1328 2332 1419 ipse
2379 1340 2614 1399 contra
2666 1327 2914 1400 Christi
2957 1344 3150 1399 servos

642 1416 860 1487 nimio
914 1414 1143 1486 furore
1193 1414 1548 1505 percitus),
1591 1414 1680 1485 ad
1730 1417 2172 1488 Tarsensium
2222 1418 2464 1490 urbem
2536 1417 2968 1508 properavit,
3018 1433 3150 1483 cum

642 1517 1043 1575 sanctorum
1079 1503 1439 1574 hominum
1481 1516 1824 1576 catervam
1876 1504 2019 1577 illic
2063 1527 2215 1576 esse
2260 1504 2639 1577 didicisset.
2684 1506 2981 1578 Andreas
3022 1521 3149 1572 vero

642 1605 925 1664 sanctus
973 1592 1098 1673 vir,
1139 1614 1296 1663 cum
1351 1592 1416 1662 id
1452 1594 2071 1684 praecognovisset,
2105 1593 2298 1684 petiit
2323 1617 2363 1664 a
2394 1596 2590 1666 beato
2620 1600 2815 1667 Petro
2863 1594 3153 1689 Episcopo

644 1682 1167 1755 sanctissimum
1213 1681 1582 1772 baptisma.
1635 1682 1829 1766 Quod
1884 1683 2100 1756 multo
2159 1705 2319 1753 cum
2369 1682 2716 1756 desiderio
2766 1696 2836 1755 et
2880 1676 3148 1754 certandi

640 1771 886 1842 ardore
917 1770 1224 1860 suscepit
1269 1792 1410 1842 una
1449 1793 1611 1842 cum
1645 1770 2076 1842 fidelissimis
2124 1772 2503 1854 militibus,
2555 1795 2734 1860 quos
2784 1792 3010 1842 secum
3052 1767 3152 1838 ha·

643 1860 869 1932 bebat.
931 1865 1090 1930 Erat
1135 1872 1365 1929 autem
1432 1881 1592 1930 cum
1643 1864 1839 1931 Petro
1909 1861 2248 1952 Episcopo
2308 1873 2377 1932 et
2438 1867 2726 1934 Nonnus
2811 1861 3150 1955 Episcopus

642 1954 954 2019 Beroeae.
1007 1953 1163 2018 Post
1231 1947 1397 2019 haec
1447 1948 1751 2021 Andreas
1797 1949 2141 2022 celeritate
2188 1972 2385 2032 usus,
2436 1952 2601 2022 exiit
2648 1951 2721 2022 in
2782 1950 3003 2021 locum
3057 1964 3152 2044 qu!

642 2036 900 2107 dicitur
947 2037 1292 2118 Taxanite,
1347 2057 1484 2107 non
1538 2049 1724 2109 metu
1772 2037 1838 2108 id
1866 2037 2147 2120 faciens,
2184 2038 2302 2111 sed
2335 2051 2413 2110 ut
2443 2050 2887 2129 praeceptum
2921 2043 3153 2107 Donum

644 2138 969 2208 servaret,
1021 2126 1204 2213 quod
1258 2126 1347 2196 ita
1396 2125 1678 2198 definit:
1734 2131 1900 2200 Cum
1935 2131 2275 2218 persecuti
2313 2151 2428 2199 vos
2454 2131 2741 2229 suerint,
2793 2151 2883 2198 em
2918 2145 3050 2196 una
3079 2121 3154 2190 ci·-
3257 2149 3258 2172 ³

642 2218 851 2285 vitate
886 2214 1108 2305 suyite
1140 2217 1211 2286 in
1240 2217 1480 2286 aliam.
1521 2215 1850 2288 Seleucus
1889 2238 2047 2287 vero
2095 2240 2256 2289 cum
2305 2216 2683 2289 audtvisset
2741 2216 2933 2287 illum
2977 2233 3051 2282 ex
3088 2229 3152 2279 ea

643 2304 818 2376 urbe
867 2304 1295 2395 migravisse,
1335 2304 1779 2376 solicitudine
1816 2317 1882 2376 et
1928 2304 2334 2377 confusione
2380 2306 2688 2393 quadam
2752 2305 3054 2380 affectus,
3102 2307 3151 2366 et

645 2416 811 2484 prae
859 2392 1134 2465 tristitia
1181 2392 1446 2464 vultum
1500 2405 1841 2465 mutatum
1894 2394 2182 2476 habens,
2239 2396 2501 2467 intento
2554 2417 2799 2477 cursu,
2853 2404 2917 2463 et
2959 2391 3152 2480 ipsum

643 2495 707 2554 et
738 2482 892 2573 ejus
939 2481 1162 2554 socios
1211 2481 1728 2570 insequebatur.

733 2575 771 2661 ξ
818 2575 977 2646 10.
1010 2576 1216 2641 Porro
1249 2572 1574 2654 Andreas,
1606 2596 1767 2644 cum
1809 2584 1932 2643 ete
1956 2573 2105 2645 loco
2131 2573 2453 2646 Taxanite
2490 2572 2938 2652 discessisset,
2971 2577 3152 2638 totum

647 2674 949 2733 montem
986 2665 1286 2731 Taurum
1338 2663 1723 2752 peragravit
1769 2685 1992 2751 usque
2037 2663 2125 2734 ad
2186 2662 2362 2734 fines
2407 2662 2559 2753 ejus
2621 2661 2940 2754 regionis,
2986 2671 3150 2758 ,quite

646 2749 996 2823 Tamalme
1035 2748 1313 2820 dicitur.
1355 2754 1522 2821 Cum
1556 2751 1852 2823 venisset
1887 2762 2116 2823 autem
2166 2750 2253 2821 ad
2280 2750 2672 2833 castellum,
2711 2749 2888 2839 quod
2938 2745 3154 2842 dic-itur

646 2838 1051 2920 Orchesum,
1105 2838 1175 2910 in
1208 2838 1689 2911 Armeniorum
1744 2840 2094 2930 provincia
2143 2840 2354 2909 situm
2407 2861 2620 2931 prope
2660 2838 3148 2927 Melitinenstunl

649 2927 988 3000 illustrem
1027 2927 1485 3017 metropolim,
1541 2928 1848 3018 pervenit
1906 2927 2070 2999 inde
2116 2927 2200 2999 ad
2267 2928 2624 2999 Chausorii
2685 2941 2753 2999 et
2810 2926 3154 3024 Charavatt-

648 3017 968 3086 nensium
1023 3016 1361 3105 regiones.
1416 3015 1490 3085 Id
1563 3039 1724 3087 cum
1779 3017 2071 3088 nesciret
2141 3015 2515 3100 Seleucus,
2583 3038 2807 3105 neque
2866 3023 3152 3104 rationem

648 3104 952 3192 aliquam
991 3104 1166 3174 inire
1216 3118 1464 3193 posset,
1517 3125 1659 3191 qua
1696 3106 1925 3189 sciret,
1981 3128 2102 3197 per
2132 3128 2340 3194 quam
2394 3107 2571 3177 viam
2618 3117 2897 3177 sanctus
2942 3098 3042 3198 ille
3069 3113 3155 3161 vu·

651 3194 777 3262 iter
836 3192 1144 3274 fecisset,
1210 3193 1392 3262 venit
1439 3215 1812 3265 accurrens
1859 3194 1944 3264 ad
2004 3217 2164 3266 eum
2215 3194 2424 3267 homo
2472 3195 2762 3283 quidam
2797 3249 2812 3275 ,
2866 3196 3153 3262 Martinus

650 3281 953 3363 nomine,
1008 3281 1129 3369 qui
1179 3281 1636 3372 significavit,
1692 3282 2029 3355 Andream
2103 3282 2190 3353 ad
2249 3290 2551 3357 Taurum
2608 3295 2904 3356 montem
2959 3289 3154 3376 perve-

651 3370 859 3452 nisse,
896 3384 960 3440 et
1012 3391 1134 3471 per
1170 3392 1327 3440 eum
1380 3370 1464 3439 ad
1515 3370 1650 3440 alia
1714 3371 1860 3443 loca
1926 3373 2304 3445 transiisse.
2358 3378 2528 3445 Tum
2584 3381 2971 3463 persecutor
3011 3360 3144 3437 ulte,

649 3480 809 3530 cum
846 3457 916 3529 id
964 3458 1341 3540 didicisset,
1395 3458 1706 3530 celeriter
1738 3462 1920 3531 venit
1966 3461 2050 3531 ad
2105 3461 2334 3534 locum
2366 3515 2382 3543 ,
2497 3463 2572 3533 ui
2634 3461 2887 3533 dicitur
2931 3460 3152 3546 Capsu·

651 3548 823 3618 rius.
878 3548 1377 3619 celeberrimus
1422 3560 1651 3619 autem
1709 3561 1967 3639 martyr
1995 3572 2141 3622 una
2188 3573 2346 3623 cum
2399 3550 2445 3620 fi
2497 3550 2827 3623 elissimis
2866 3545 2997 3617 illis
3047 3556 3152 3609 mt-

653 3636 891 3709 litibus
939 3658 1172 3707 secum
1245 3638 1716 3718 versantibuS,
1776 3640 2164 3729 properavit
2210 3638 2297 3709 ad
2344 3662 2498 3711 eam
2551 3641 2941 3741 regionem,
2999 3642 3152 3731 9119&

649 3726 907 3796 dicitur
965 3724 1464 3805 Androcaloni,
1539 3737 1603 3796 et
1669 3726 1738 3797 in
1791 3730 1995 3799 Tauri
2064 3728 2317 3799 montis
2363 3741 2724 3820 angustias
2800 3748 2872 3796 se
2914 3722 2990 3790 de
3017 3722 3144 3785 ecit.

650 3821 938 3886 Causam
992 3836 1148 3885 vero
1186 3836 1397 3902 quare
1426 3818 1797 3906 Anqustiae
1832 3830 2183 3898 vocentur,
2224 3817 2377 3907 ejus
2425 3818 2559 3888 loci
2608 3817 2828 3909 figura
2864 3811 2977 3881 dec
3007 3810 3145 3907 qrat-

653 3910 798 3974 Duo
828 3905 1015 3974 enim
1052 3903 1305 3974 montis
1335 3904 1508 3994 juga
1542 3905 1843 3976 vicissim
1880 3906 2013 3977 sibi
2054 3907 2394 3996 opposita,
2448 3928 2528 3977 ac
2607 3904 2899 4001 aulatim·
2929 3908 3149 3996 coeun-

654 3995 767 4075 tia,
807 3992 944 4064 fere
983 3993 1161 4063 inter
1188 4016 1260 4062 se
1289 3993 1749 4084 copulantur:
1788 3994 1905 4066 sed
1949 3995 2240 4065 flumine
2285 4008 2550 4085 praeter
2605 4008 2807 4068 uente
2836 3989 3142 4058 distincta.

650 4083 1007 4174 angustias
1054 4081 1391 4170 quasdam
1437 4081 1770 4163 efficiunt,
1824 4104 2001 4171 quae
2039 4082 2178 4155 fere
2220 4084 2443 4155 inviae
2483 4098 2681 4157 sunt:
2727 4081 2975 4152 hiatum
3022 4082 3149 4166 vest)

654 4172 1093 4262 praecipitem
1147 4171 1322 4241 inter
1355 4193 1428 4240 se
1462 4171 1754 4251 habent,
1801 4194 2134 4264 magnum
2189 4172 2387 4242 illum
2442 4173 2768 4262 quidem,
2830 4157 3024 4264 elye]
3078 4171 3146 4221 ¹¹⁵

653 4259 772 4346 qui
806 4261 1036 4350 ipsum
1086 4259 1506 4347 adspiciunt,
1565 4260 1963 4335 terribilem.
2017 4266 2159 4333 Hac
2205 4261 2292 4334 de
2337 4285 2548 4334 causa
2596 4263 2745 4351 ejus
2797 4256 2921 4328 loct
2956 4257 3143 4318 situs,

656 4347 854 4418 talem
908 4348 1435 4439 appellationem
1489 4350 1777 4440 accepit.
2997 4421 3007 4433 .
3055 4417 3066 4428 .

743 4444 781 4517 ἓ
829 4441 961 4510 11.
1039 4442 1326 4526 Magnus
1371 4459 1536 4527 ergo
1594 4451 1660 4508 et
1715 4439 2211 4510 celeberrimus
2264 4452 2569 4532 martyr,
2635 4456 2790 4507 cum
2827 4450 2904 4503 ex
2944 4422 3144 4493 dtvtnt!

2254 807 2384 865 tem
2397 795 2687 886 peranti,
2716 807 2784 866 et
2812 794 3142 874 Andream,
3251 809 3252 876 l
