3308 5004
143 321 319 390 me.
372 323 459 389 27
857 341 939 390 ns
987 341 1065 389 s.>
1096 339 1404 391 cusulo
1450 341 1647 390 nrrsc.
1704 341 1967 390 aaran.
2466 327 2594 404 655

147 422 573 497 incommoda
609 422 1004 495 valetudine
1042 424 1417 498 admodum
1476 425 1760 506 doleret,
1799 439 1880 496 ·et
1929 426 2111 497 inter
2147 427 2557 519 magistrum
2619 441 2685 502 et

140 513 557 604 discipulum
590 513 931 601 quaedam
982 529 1161 586 esset
1206 514 1428 586 morbi
1483 515 1778 606 partitio,
1831 515 1952 586 illo
1999 516 2268 596 animo,
2322 517 2450 588 h‘oc
2526 540 2684 590 vero

141 625 251 674 cor
344 624 415 672 re
464 602 855 672 laborante:
932 616 1241 673 cerneret
1314 618 1542 674 autem
1616 615 1901 675 sanctus
1969 617 2173 696 pater
2221 606 2293 675 in
2351 607 2683 678 coenobio

143 691 409 762 nulum
461 691 520 761 ei
574 712 781 781 posse
839 691 1223 762 remedium
1273 692 1625 763 adhiberi:
1688 694 1818 767 ubi
1859 692 2133 764 etiamsi
2199 694 2511 765 medicus
2555 695 2682 765 ad·-

142 793 330 861 esset,
386 794 611 850 tamen
662 779 933 850 fervens
979 780 1431 853 adolescentis
1478 782 1562 851 ad
1610 781 1956 872 spiritalia
2003 784 2326 853 exercitia
2388 805 2683 855 conisus-

139 869 314 950 tudo,
364 869 541 939 *nihil
585 868 719 938 sibi
805 881 1154 959 pateretur
1234 870 1319 940 de
1367 871 1824 941 abstinentiae
1881 870 2094 942 frenis
2153 884 2220 942 et
2281 872 2678 962 vigiliarum

140 959 349 1050 rigore
384 958 623 1038 laxari,
658 957 858 1047 jubet
888 979 1074 1034 eum.
1110 959 1326 1029 immo
1363 959 1571 1031 etiam
1602 959 1957 1051 compellit
1983 960 2315 1031 Arelatem
2337 983 2425 1031 -se
2451 975 2681 1032 trans-

136 1046 299 1118 ferre
329 1045 745 1118 valetudinis
788 1046 1146 1117 curandae
1193 1051 1428 1119 causa,

216 1138 254 1224 ἓ
298 1141 386 1209 4.
439 1141 598 1206 Erat
645 1146 791 1205 tum
842 1135 913 1205 in
970 1157 1053 1206 ea
1097 1136 1269 1207 urbe
1318 1137 1669 1209 Firminus
1750 1136 1855 1206 vir
1917 1136 2210 1208 illustris
2285 1148 2355 1207 et
2423 1139 2680 1212 timens

137 1229 341 1296 Deum
370 1277 392 1306 ,
457 1225 748 1315 ejusque
796 1225 1189 1316 propinqua
1264 1226 1621 1317 Gregoria'
1668 1225 2058 1297 clarissima
2108 1226 2674 1298 materfamilias:

130 1335 425 1402 quorum
488 1313 742 1393 studio,
795 1317 967 1384 cura
1011 1326 1079 1384 et
1129 1313 1553 1405 benignitate
1582 1337 1766 1406 -erga
1811 1314 2082 1386 clerum
2129 1327 2199 1385 et
2245 1316 2627 1388 monachos
2656 1372 2674 1398 ,

130 1425 285 1505 erga
331 1402 514 1474 cives
571 1417 638 1474 et
684 1423 1049 1492 pauperes,
1103 1403 1273 1474 urbs
1321 1403 1441 1473 illa
1501 1404 1840 1475 illustrior
1888 1403 2329 1475 reddebatur.
2385 1409 2679 1495 Uterque

132 1513 313 1563 emm
356 1491 673 1582 proprias
708 1511 876 1581 opes
923 1513 1058 1561 non
1111 1492 1180 1561 in
1236 1493 1483 1563 mundi
1530 1493 1745 1583 hujus
1794 1492 2031 1563 luxum
2085 1491 2501 1576 conferebat,
2553 1494 2677 1566 sed

126 1582 196 1651 in
229 1579 628 1671 paradisum
665 1601 1049 1670 pauperum
1092 1581 1421 1651 manibus
1444 1582 1976 1653 transmittebat.
2015 1581 2125 1652 Illi
2155 1604 2319 1652 -vero
2352 1596 2676 1655 sanctum

125 1670 513 1742 Caesarium
555 1667 1065 1739 misericordiae
1087 1669 1318 1740 studio
1366 1670 1450 1741 ad
1488 1692 1561 1741 se
1591 1683 2017 1762 receperunt.
2070 1675 2231 1741 Erat
2269 1684 2498 1742 autem
2534 1671 2678 1745 illis

124 1757 496 1829 admodum
538 1756 903 1827 familiaris
950 1759 1305 1828 Pomerius
1355 1759 1669 1847 quidam,
1731 1759 2156 1851 professione
2206 1760 2459 1840 rhetor,
2523 1760 2678 1832 Afer

123 1868 393 1940 genere,
440 1867 649 1933 quem
698 1846 872 1936 ipsis
926 1846 1372 1950 singulariter
1415 1849 1707 1919 charum
1776 1849 2279 1919 Grammatieae
2330 1851 2498 1921 artis
2551 1850 2677 1920 do-

122 1935 343 2007 ctrina
395 1933 746 2035 reddebat.
801 1936 1212 2039 Concipmnt
1258 1937 1473 2028 igitur
1531 1937 1766 2008 animo
1838 1937 2152 2028 generosi
2202 1938 2543 2020 homineS,
2597 1950 2677 2009 ut

118 2030 191 2094 Β.
244 2030 622 2104 Caesarius,
677 2036 863 2094 tanta
913 2029 1029 2095 Det
1076 2026 1302 2114 gratia
1349 2025 1667 2107 refertus,
1721 2039 1788 2096 et
1836 2040 1973 2097 tam
2023 2027 2288 2117 insigni
2335 2027 2679 2098 memoria

117 2135 200 2183 ex
242 2111 490 2182 Christi
527 2111 862 2183 beneficio
921 2113 1326 2195 instructuS,
1393 2117 1457 2185 ei
1513 2116 1981 2187 instituendus
2021 2114 2355 2197 tradatur,
2409 2116 2511 2187 uti
2555 2137 2672 2186 -se-

118 2201 376 2272 cularis
407 2201 730 2272 scientiae
760 2201 1154 2293 disciplinis
1202 2204 1582 2275 monastica
1629 2204 1782 2294 ejus
1821 2203 2235 2293 simplicitas
2280 2216 2665 2275 ornaretur.

120 2290 247 2361 Sed
280 2291 688 2363 eruditionis
734 2289 1084 2361 humanae
1118 2291 1444 2382 figmenta
1495 2314 1631 2363 non
1691 2292 1968 2382 recepit,
2019 2314 2226 2380 quem
2279 2313 2400 2382 per
2447 2313 2520 2362 se
2569 2292 2672 2361 in·

122 2379 544 2451 stituendum
575 2379 812 2449 divina
860 2379 995 2449 sibi
1040 2381 1262 2471 gratia
1323 2393 1728 2451 servaverat.
1783 2386 2024 2468 Itaque
2073 2379 2407 2460 codicem,
2458 2402 2668 2467 quem

115 2468 181 2539 ei
227 2471 555 2559 magister
600 2467 716 2539 ille
760 2466 1129 2559 legendum
1193 2469 1558 2552 obtulerat,
1617 2491 1787 2540 casu
1835 2468 2091 2560 vigiliis
2139 2468 2550 2551 delassatuS‚
2596 2470 2669 2540 in

113 2556 368 2630 lectulo
401 2559 540 2629 sub
582 2555 868 2647 scapula
916 2559 1224 2651 reponit:
1262 2582 1562 2647 cumque
1608 2559 1702 2628 ita
1737 2557 2246 2639 obdormiisset,
2287 2580 2444 2628 mox
2489 2558 2670 2629 divi-

111 2647 301 2720 nitus
340 2646 639 2718 terribili
685 2645 947 2717 visione
984 2647 1430 2738 percellitur:
1483 2647 1666 2717 videt
1717 2646 2083 2738 scapulam
2154 2659 2219 2717 et
2266 2647 2663 2729 brachium,

154 2759 248 2807 uo
298 2736 724 2806 innitebatur
768 2735 1019 2819 codici,
1070 2738 1370 2807 dracone
1406 2735 1805 2827 colligante.
1857 2736 2112 2806 arrodi.
2155 2741 2303 2806 Mox
2333 2758 2668 2827 experge-

134 2837 360 2904 actus,
407 2837 472 2894 et
506 2826 657 2915 ipso
698 2822 851 2894 visu
900 2826 1200 2904 territus,
1257 2824 1635 2896 terribilius
1675 2846 1823 2896 sese
1856 2847 1980 2916 pro
2028 2847 2155 2896 suo
2195 2825 2373 2896 sacto
2429 2824 2669 2926 obJ'ur-

100 2925 249 3005 gat,
303 2913 489 3000 quod
524 2913 760 2983 lumen
812 2913 1134 2986 salutaris
1186 2913 1484 3004 regulae,
1521 2912 1770 2984 stultae
1818 2913 2065 2983 mundi
2110 2914 2326 3005 hujus
2385 2936 2668 3004 sapien-

98 3003 243 3072 tiae
295 3001 588 3072 voluerit
624 3000 973 3094 copulare.
1044 3008 1274 3093 Ocyus
1321 3002 1534 3093 igitur
1580 3002 1701 3073 illa
1747 3001 2127 3074 contemnit
2154 3057 2170 3083 ‚
2254 3002 2481 3072 sciens
2527 3024 2668 3073 non

94 3090 346 3192 deesse
384 3089 720 3192 perfect-ae
766 3091 1136 3163 locutionis
1186 3104 1533 3172 ornatum,
1588 3092 1657 3160 in
1706 3092 1970 3179 quibus
2018 3091 2358 3181 spiritalis
2406 3091 2667 3162 intelli-

92 3193 340 3269 genua
385 3193 738 3251 emineret.

188 3270 231 3356 ἕ
277 3276 378 3342 5.
422 3274 579 3339 Post
602 3269 867 3357 aliquot
910 3283 1139 3341 autem
1192 3269 1341 3339 dies
1387 3268 1493 3339 illi
1528 3270 1843 3340 homines
1889 3262 2217 3350 illustres,
2262 3290 2438 3355 quos
2475 3268 2661 3339 dixi-

93 3379 293 3438 muS,
341 3362 409 3428 S.
453 3358 666 3430 Eonio
710 3359 1005 3430 civitatis
1049 3359 1203 3448 ejus
1249 3363 1298 3428 E
1352 3358 1585 3450 iseopo
1632 3358 2056 3436 indicarunt,
2090 3379 2239 3428 esse
2285 3357 2661 3444 quemdam

90 3446 297 3537 apud
328 3446 520 3549 ipsos
551 3446 1007 3518 venerabilem
1050 3469 1295 3517 monac
1349 3470 1495 3529 um,
1546 3459 1614 3517 et
1652 3448 1845 3517 omni
1877 3446 2083 3517 laude
2128 3445 2655 3537 dignissimum,

86 3534 310 3625 cujus
355 3557 506 3625 lpse
554 3556 919 3626 personam
952 3535 1280 3607 familiari
1319 3549 1386 3606 et
1426 3536 1690 3627 privato
1715 3536 2060 3623 colloquio
2085 3534 2367 3605 deberet
2403 3556 2661 3627 cogno-

86 3644 314 3697 scere.
369 3624 824 3715 suberigitur
876 3647 1037 3697 eum
1089 3625 1177 3696 ad
1226 3648 1298 3696 se
1348 3625 1659 3715 perduci,
1710 3647 1794 3695 ex
1838 3625 2070 3696 oblato
2133 3624 2273 3695 sibi
2340 3634 2663 3695 accurate

91 3712 523 3795 sciscitatur,
576 3716 779 3804 cujus
830 3714 963 3786 loci
1013 3714 1101 3785 sit
1133 3714 1328 3791 civis.
1367 3727 1433 3784 et
1469 3714 1732 3802 quibus
1776 3713 2181 3806 parentibus
2228 3725 2654 3803 procreatus,

85 3800 232 3871 Illo
279 3814 346 3873 et
393 3803 689 3894 patriam
748 3816 815 3873 et
870 3815 1187 3893 parentes
1225 3803 1600 3885 indicante,
1653 3816 1893 3873 sancta
1938 3802 2288 3873 alacritate
2344 3800 2451 3870 illi
2502 3823 2659 3892 gra-

82 3889 338 3991 tulans
381 3905 667 3964 sanctus
715 3888 1098 3986 Episcopus
1145 3894 1275 3962 ait:
1330 3898 1520 3964 Meus
1558 3892 1732 3962 civis
1769 3913 1866 3994 es.
1919 3891 2046 3974 fili,
2096 3891 2367 3993 pariter.
2400 3901 2466 3961 et
2497 3911 2662 3980 pro-

82 4001 436 4071 pinquus.
494 3986 803 4070 Namque
854 3993 927 4052 ¹et
973 3993 1482 4074 parentes-tuos
1528 4003 1659 4073 ego
1701 3994 1960 4072 optime
2010 4002 2204 4062 novt,
2256 3990 2323 4049 et
2379 3990 2661 4070 propter

78 4068 467 4158 sanguinis
499 4071 1061 4160 conjunctionem
1110 4082 1397 4162 paterno
1435 4071 1687 4142 affectu
1731 4069 2171 4161 complector.
2218 4068 2450 4159 Coepit
2492 4089 2659 4159 ergo

57 4158 442 4250 juvenem,
498 4182 633 4232 non
676 4160 826 4249 ,iem
880 4172 961 4231 ut
996 4160 1441 4252 peregrinum
1500 4159 1605 4229 vel
1654 4170 2082 4240 extraneum,
2133 4157 2254 4227 sed
2307 4156 2660 4227 attentiori

72 4246 351 4319 obtutu
380 4247 649 4322 intimis
695 4249 926 4321 cordis
972 4249 1196 4320 oculis
1230 4248 1723 4339 contemplari:
1759 4269 2060 4337 memque
2089 4246 2180 4317 ab
2207 4246 2463 4318 Abbate
2488 4251 2654 4315 Por-

67 4335 340 4437 chprin
372 4336 585 4408 *illum
622 4339 925 4431 expetiit,
977 4350 1044 4409 et
1101 4338 1262 4409 licet
1302 4337 1392 4409 ab
1454 4337 1690 4419 invito,
1745 4336 1952 4408 etiam
2012 4335 2426 4429 impetravit.
2480 4333 2654 4405 Ilico

70 4447 403 4521 primum
469 4427 852 4512 mactmus,
930 4428 1181 4501 deinde
1245 4426 1607 4517 Presbyter
1671 4426 2078 4507 ordinatur,
2145 4447 2271 4497 nec
2339 4445 2655 4515 unquam
