3308 5004
697 332 827 397 698
1165 347 1245 395 iiii
1293 348 1349 395 s.
1402 347 1763 396 Ausus‘rino
1809 345 2010 396 nrisc.
2061 347 2138 395 m·
2183 345 2356 394 nect.
2408 344 2588 393 noer.
2832 327 3029 412 Anu,
3077 328 3162 393 28

697 436 734 522 ξ
780 436 1168 503 cit-sane
1218 429 1332 501 ille
1379 444 1664 502 sanctus
1711 433 1782 502 in
1831 433 1964 501 vita
2030 454 2156 502 sua
2207 430 2492 522 prolixa,
2551 450 2674 520 pro
2719 429 3028 500 utilitate
3089 453 3168 501 ac

615 522 941 591 felicitate
989 534 1264 590 sanctae
1306 521 1646 591 Ecclesiae
1705 521 2089 591 Catholicae
2127 520 2462 590 divinitus
2496 519 2884 594 condonata
2916 519 2970 600 ,’
3007 520 3171 589 vixit

548 671 554 678 ,
612 612 817 681 annis
887 610 1485 700 septuagintasex:
1541 611 1608 678 in
1673 609 1999 680 clericatu
2061 623 2286 679 autem
2338 608 2438 678 vel
2492 613 2906 697 Episcopatu
2959 610 3170 678 annis

612 700 825 770 ferme
869 699 1354 788 quadraginta.
1412 699 1643 769 Dicere
1677 714 1903 769 autem
1939 699 2138 770 nobis
2179 700 2353 768 inter
2401 695 2771 766 familiaria
2809 696 3172 784 colloquia

612 800 1081 868 consueverat,
1138 802 1288 876 post
1324 802 1718 879 perceptum
1755 788 2178 879 baptismum
2214 788 2416 857 etiam
2470 786 2782 856 laudatos
2831 785 3174 857 Christia-

609 899 736 948 nos
783 890 850 946 et
879 874 1289 958 sacerdoteS,
1343 877 1603 964 absque
1649 877 1864 968 digna
1919 892 1983 945 et
2031 876 2440 965 competenti
2513 877 2934 966 poenitentia
2989 877 3173 945 exire

609 966 696 1035 de
754 988 1039 1055 corpore
1092 987 1224 1035 non
1273 965 1546 1036 debere.
1599 967 1790 1049 Quod
1841 966 2044 1035 etiarn
2099 966 2244 1053 ipse
2291 963 2449 1033 fecit
2506 964 2774 1044 ultima,
2830 986 2983 1051 qua
3060 965 3170 1034 de-

611 1054 894 1126 functus
941 1067 1066 1134 est,
1120 1055 1577 1156 aegritudine.
1639 1061 1803 1124 Nam
1857 1055 1990 1124 sibi
2037 1054 2342 1144 jusserat
2397 1052 2701 1123 Psalmos
2751 1053 3167 1133 Davidicos,

456 1175 463 1182 ·
542 1166 547 1172 ¹
610 1144 733 1232 qui
783 1157 946 1214 sunt
981 1144 1407 1231 paucissimi,
1440 1144 1525 1213 de
1565 1145 1981 1235 poenitentia
2026 1144 2260 1221 scribi,
2315 1142 2335 1211 i
2391 1163 2640 1229 sosque
2668 1143 3170 1228 quaterniones

601 1234 846 1324 jacens
896 1234 963 1301 in
1038 1232 1208 1302 lecto
1256 1247 1492 1302 contra
1541 1233 1868 1324 parietem
1924 1233 2178 1322 positos
2226 1231 2336 1300 die
2391 1253 2473 1299 us
2521 1252 2686 1300 suae
2737 1230 3171 1300 infirmitatis

612 1323 1034 1399 intuebatur,
1088 1335 1151 1390 et
1200 1321 1466 1422 legebat
1518 1323 1777 1411 jugiter
1823 1339 1918 1391 ac'
1958 1321 2254 1390 ubertim
2328 1320 2556 1389 flebat.
2611 1324 2687 1389 Et
2733 1341 2818 1388 ne
2877 1320 3170 1391 intentio

609 1413 762 1480 e‘us
810 1433 847 1479 a
896 1432 1242 1497 quoquam
1280 1411 1755 1502 impediretur,
1794 1424 1950 1480 ante
1975 1409 2122 1479 dies
2148 1409 2359 1478 ferme
2401 1408 2664 1488 decem,
2702 1430 2924 1496 quam
2957 1421 3168 1478 exiret

662 1522 698 1568 e
747 1521 1054 1590 corpore,
1108 1522 1147 1568 a
1199 1501 1397 1569 nobis
1447 1499 1816 1590 postulavit
1854 1499 2348 1587 praesentibuS,
2389 1518 2471 1566 ne
2518 1499 2677 1584 quis
2707 1497 2790 1566 ad
2844 1520 3021 1566 eum
3074 1500 3169 1567 in·

617 1588 1038 1680 grederetur‚
1077 1589 1210 1657 nisi
1264 1589 1347 1657 iis
1382 1601 1644 1658 tantum
1694 1589 1901 1669 horiS,
1938 1589 2194 1675 quibus
2246 1586 2492 1656 medici
2524 1586 2606 1655 ad
2646 1587 3163 1676 inspiciendum

613 1680 992 1758 intrarent,
1066 1676 1162 1745 vel
1216 1700 1373 1745 cum
1426 1678 1487 1746 ei
1537 1677 1904 1746 inferretur
1966 1676 2257 1746 resectio.
2331 1681 2407 1744 Et
2457 1676 2549 1745 ita
2597 1677 3050 1745 observatum
3099 1698 3164 1744 ac

608 1766 865 1835 factum
916 1778 1038 1844 est,
1109 1780 1173 1834 et
1225 1767 1414 1835 omni
1465 1763 1582 1836 illo
1642 1781 1945 1855 tempore
2004 1765 2291 1835 orationi
2337 1766 2644 1834 vacabat.
2698 1765 3009 1834 Verbum
3063 1764 3163 1833 Dei

612 1877 836 1941 usque
883 1854 965 1922 ad
1009 1856 1227 1943 ipsam
1282 1877 1478 1923 suam
1528 1869 1895 1924 extremam
1949 1854 2489 1945 aegritudinem,
2544 1854 3157 1943 impraetermisse,

612 1943 930 2013 alacriter
969 1956 1033 2011 et
1081 1943 1362 2022 fortiter,
1399 1966 1568 2012 sana
1620 1960 1844 2013 mente
1873 1964 2175 2030 sanoque
2204 1942 2494 2012 consilio
2537 1944 2601 2010 in
2637 1942 2940 2012 ecclesia
2977 1963 3158 2032 prae-

616 2032 892 2116 dicavit.
949 2031 1269 2101 Membris
1300 2053 1407 2100 om
1424 2033 1627 2102 nibus
1670 2035 1773 2102 sui
1815 2033 2123 2122 corporis
2153 2030 2547 2113 incolumis,
2586 2030 2928 2120 adspectu
2966 2044 3159 2117 atque

613 2121 881 2198 auditu,
940 2120 1137 2189 nobis
1183 2121 1616 2190 adstantibus
1664 2135 1729 2191 et
1777 2122 2190 2201 videntibuS,
2222 2143 2300 2189 ac
2326 2140 2485 2189 cum
2537 2141 2615 2189 eo
2668 2121 2929 2219 pariter
2966 2142 3155 2188 oran·

615 2210 826 2288 tibus,
883 2209 1298 2279 obdormivit
1346 2210 1414 2277 in
1459 2233 1623 2300 pace
1656 2233 1811 2279 cum
1867 2210 2179 2311 patribus
2226 2212 2411 2289 suiS,
2464 2221 2813 2278 enutritus
2865 2210 2930 2277 in
2983 2210 3156 2278 bona

625 2310 1011 2368 senectute:
1064 2311 1129 2368 et
1179 2299 1375 2368 nobis
1403 2321 1632 2368 coram
1691 2300 1972 2389 positis,
2030 2321 2149 2388 pro
2197 2300 2346 2388 ejus
2406 2298 2960 2366 commendanda
3007 2319 3152 2365 cor·

623 2388 813 2477 poris
859 2386 1309 2477 depositione,
1364 2388 1780 2457 sacrificium
1839 2394 1966 2457 Deo
1998 2387 2302 2457 oblatum
2353 2398 2476 2465 est,
2519 2398 2584 2453 et
2631 2385 2943 2476 sepultus
2989 2399 3109 2453 est.

705 2484 740 2557 ἓ
788 2480 947 2550 43.
1001 2483 1507 2547 Testamentum
1560 2492 1786 2547 autem
1842 2476 2111 2546 nullum
2176 2475 2366 2557 fecit,
2420 2475 2584 2563 quia
2633 2475 2820 2545 unde
2870 2475 3126 2551 faceret,

616 2588 883 2655 pauper
932 2567 1173 2635 Christi
1229 2589 1359 2636 non
1401 2567 1665 2636 habuit.
1722 2568 2060 2636 Ecclesiae
2111 2565 2600 2636 Bibliothecam
2648 2577 2715 2633 et
2762 2584 2977 2633 omnes
3016 2581 3126 2627 co-

613 2655 801 2723 dices
849 2655 1213 2745 diligenter
1267 2656 1554 2744 posteris
1627 2656 2114 2726 custodiendos
2169 2675 2439 2741 semper
2495 2654 2794 2743 jubebat.
2860 2650 2923 2719 si
2959 2646 3124 2735 quid

612 2765 771 2812 vero
809 2744 1093 2813 ecclesia
1138 2744 1235 2813 vel
1289 2745 1356 2812 in
1401 2746 1840 2833 sumptibus,
1906 2744 2004 2813 vel
2065 2745 2129 2812 in
2180 2744 2608 2813 ornamentis
2652 2741 2896 2818 habuit,
2948 2736 3134 2806 fideli

611 2832 1034 2922 presbyterO,
1089 2833 1210 2919 qui
1252 2833 1382 2902 sub
1430 2833 1668 2901 eodem
1728 2834 1978 2902 domus
2032 2831 2359 2901 ecclesiae
2405 2853 2645 2900 curam
2699 2830 2990 2921 gerebat,
3039 2825 3142 2895 di-

612 2921 822 2990 misit.
864 2927 993 2990 Nec
1043 2944 1204 2990 suos
1251 2923 1806 3010 consanguineos
1857 2921 1955 2991 vel
2011 2922 2076 2989 in
2133 2921 2502 3010 proposito,
2541 2918 2641 2988 vel
2681 2934 2870 2989 extra
2898 2917 3140 2987 consti-

614 3022 817 3087 tutos,
877 3011 942 3078 in
996 3032 1122 3079 sua
1181 3011 1313 3080 vita
1386 3024 1451 3077 et
1508 3024 1724 3079 morte
1788 3009 1971 3099 vulgi
2042 3032 2228 3079 more
2288 3009 2620 3078 tractavit.
2675 3009 2947 3091 Quibus
2988 3006 3136 3075 dum

610 3098 839 3166 adhuc
888 3114 1298 3188 superesset,
1337 3098 1431 3179 id,
1487 3100 1542 3167 si
1592 3120 1769 3187 opus
1801 3099 1952 3175 fuit,
1993 3098 2171 3184 quod
2225 3112 2289 3166 et
2334 3098 2619 3167 caeteris
2650 3099 2985 3186 erogavit,
3022 3115 3137 3162 non

610 3199 687 3255 ut
719 3186 994 3255 divitias
1034 3189 1386 3268 haberent,
1441 3189 1555 3257 sed
1607 3205 1682 3257 ut
1716 3204 1834 3256 aut
1871 3209 2028 3268 non,
2084 3202 2202 3256 aut
2255 3188 2486 3257 minus
2529 3201 2838 3275 egerent.
2896 3187 3144 3256 Clerutn

613 3274 1280 3346 sufficientissimum
1329 3289 1393 3345 et
1467 3276 1877 3345 monasteria
1944 3277 2244 3343 virorum
2297 3297 2376 3344 ac
2433 3274 2907 3344 foeminarum
2960 3273 3152 3343 conti-

612 3362 921 3432 nentium
974 3387 1130 3432 cum
1170 3366 1316 3433 suis
1352 3366 1759 3455 praepositis
1815 3365 2013 3453 plena
2057 3365 2392 3433 ecclesiae
2439 3364 2742 3443 dimisit,
2818 3387 2970 3434 una
3013 3383 3162 3431 cuni

611 3451 1068 3533 bibliothecis,
1111 3454 1322 3523 libros
1368 3468 1433 3522 et
1474 3467 1803 3523 tractatus
1845 3453 1941 3523 vel
2008 3475 2195 3534 su05‚
2258 3452 2355 3521 vel
2413 3452 2707 3521 alioruin
2760 3470 3168 3524 sanctorum

611 3540 1051 3621 habentibuS,
1107 3544 1173 3610 in
1224 3542 1482 3629 quibus
1538 3544 1721 3612 dono
1776 3543 1885 3611 Dei
1935 3542 2162 3628 qualis
2227 3553 2666 3628 quantusque
2717 3541 2788 3609 in
2869 3543 3174 3612 Ecclesia

606 3629 837 3709 fuerit,
900 3631 1224 3710 noscitur,
1278 3645 1345 3699 et
1411 3631 1477 3698 in
1548 3632 1657 3701 his
1707 3652 1978 3718 semper
2029 3632 2251 3699 vivere
2290 3653 2328 3699 a
2377 3628 2703 3698 fidelibus
2753 3632 3168 3702 invenitur:

536 3784 545 3793 ,
612 3719 814 3787 Juxta
848 3720 1028 3805 quod
1062 3721 1264 3788 etiam
1304 3720 1723 3789 secularium
1761 3720 2042 3806 quidam
2087 3722 2465 3808 poetarum,
2505 3719 2653 3787 suis
2701 3719 3008 3808 jubens,
3051 3740 3179 3808 quo

596 3807 742 3875 sibi
788 3809 1439 3966 tssmuQHHmffl'mo
1467 3810 1534 3877 in
1571 3831 1820 3899 aggere
1858 3808 2135 3898 publico
2163 3808 2603 3888 collocarent,
2652 3828 2774 3897 pro
2817 3811 3184 3900 epigram—

612 3909 791 3965 mate
855 3912 1048 3977 inxit,
1136 3920 1367 3969 icens:

1033 4042 1257 4104 Vivere
1291 4048 1418 4120 post
1460 4042 1696 4104 obitum
1733 4046 1929 4103 vatem
1967 4043 2060 4102 vis
2092 4058 2261 4103 nosse
2293 4043 2530 4103 viator?

1033 4122 1203 4195 Quod
1239 4123 1385 4200 legis
1413 4140 1549 4183 ecee
1573 4122 1827 4201 loquor:
1866 4138 1978 4183 vox
2015 4132 2133 4192 tua,
2166 4139 2389 4200 nempe
2423 4138 2553 4183 inea
2585 4129 2695 4183 est.

660 4258 738 4342 ’ἓ
786 4259 932 4326 44.
988 4258 1065 4323 Et
1115 4255 1181 4323 in
1234 4255 1380 4325 suis
1409 4253 1688 4342 quidem
1748 4254 2024 4345 scriptis
2049 4254 2196 4349 ‚ille
2245 4259 2377 4324 Deo
2423 4268 2747 4344 acceptus
2795 4268 2869 4325 et
2923 4258 3196 4329 charus

611 4415 657 4454 Β.
686 4394 814 4454 Βοοῖ.
849 4417 993 4453 Docet
1022 4416 1070 4454 in
1092 4417 1174 4454 illa
1194 4418 1384 4466 August.
1405 4413 1589 4457 licitum
1609 4414 1798 4465 quidem
1821 4426 1924 4456 esse
1946 4417 2122 4466 fugere,
2142 4418 2181 4457 si
2204 4417 2406 4467 populiis
2429 4417 2598 4457 habeat
2619 4427 2646 4456 ο
2662 4416 2843 4468 quibua
2863 4427 3134 4470 pust-tur,
3152 4424 3197 4462 nt

613 4477 809 4516 prorsus
830 4468 1065 4513 ulicttum,
1085 4479 1274 4517 gregem
1296 4472 1395 4509 sine
1419 4474 1606 4518 pastore
1627 4473 1972 4519 deretinquere.
