3308 5004
687 345 816 411 ⁴06
1290 322 1293 325 ⁴
2719 399 2724 411 ,
2856 339 3044 408 Ans.
3091 341 3126 408 t

1743 492 1994 573 VITA

935 712 1641 816 BEATlSSlMl
1721 713 2159 815 PATRIS
2245 710 2810 813 DOMtNtct-

1164 923 1580 1005 ORDINIS
1660 922 2572 1007 PRAEDIGATORUM

1575 1088 2155 1156 ms‘rrru'roms

941 1319 1225 1369 AUCTORE
1271 1321 1373 1369 PR.
1427 1322 1642 1369 EJUSD.
1695 1320 1843 1370 ORD.
1894 1319 2288 1369 Tflzouomco
2335 1317 2418 1367 1)ss
2464 1319 2775 1367 APPoLutA

1209 1428 1323 1476 sm)
1370 1429 1611 1477 sTYLUtt
1660 1429 1885 1477 PAssut
1932 1428 2237 1478 confluxu·
2285 1427 2516 1476 SURIUS

1282 1607 1484 1678 mgr.
1528 1621 1711 1666 anno
1753 1610 1905 1664 1221
1946 1638 2022 1650 —
2063 1608 2220 1664 Nat..
2263 1606 2459 1676 Hiep.

679 1794 1041 1860 Pnomeus.
1095 1788 1461 1860 multifarie
1509 1789 1886 1877 multisque
1934 1789 2159 1861 modis
2203 1788 2372 1858 olim
2444 1793 2620 1859 Deus
2671 1786 2922 1858 electos
2971 1808 3139 1858 suos

588 1879 676 1948 ad
735 1893 1088 1950 aeternum
1131 1880 1431 1951 invitans
1477 1879 1897 1960 convivium,
1951 1879 2325 1949 novissime
2370 1877 2619 1947 diebus
2665 1876 2841 1958 istis,
2903 1875 2972 1945 id
3005 1888 3137 1958 est,

591 1968 679 2039 ad
730 1968 969 2038 horam
1034 1968 1519 2049 undecimam,
1587 1967 1776 2039 misit
1841 1990 2116 2037 servum
2166 1989 2373 2038 suum
2424 1966 2656 2036 dicere
2711 1965 3017 2035 invitatis
3067 1978 3145 2035 ut

591 2058 926 2138 venirent,
979 2057 1143 2144 quia
1191 2070 1425 2147 parata
1463 2058 1610 2147 jam
1665 2069 1827 2128 sunt
1859 2057 2116 2126 omnia.
2171 2060 2456 2126 Servum
2514 2055 2727 2136 hunc,
2781 2053 3146 2124 Praedica-

591 2159 773 2217 tores
819 2160 1102 2216 sanctus
1166 2145 1470 2216 Pontifex
1516 2146 1885 2236 Gregorius
1928 2147 2459 2235 interpretatur,
2527 2142 2921 2214 novissimis
2986 2143 3147 2213 mit-

592 2234 833 2306 tendos
880 2235 1331 2326 temporibus,
1406 2247 1484 2305 ut
1530 2235 1893 2305 hominurn
1950 2235 2221 2304 animos
2287 2233 2373 2303 de
2436 2233 2828 2322 propinquo
2872 2230 3146 2303 ludicis

589 2323 892 2395 adventu
937 2324 1379 2394 admoneant.
1432 2329 1692 2394 Novum
1728 2324 1912 2393 enim
1961 2323 2380 2410 quandoque
2424 2321 2982 2392 Praedicatorum
3018 2324 3148 2391 Or-

592 2412 823 2482 dinem
859 2412 1368 2500 quodammodo
1415 2412 1730 2482 futurum
1766 2412 2119 2504 Scriptura
2149 2411 2405 2492 innuit,
2438 2410 2722 2499 quando
2753 2411 2886 2480 sub
2926 2408 3140 2480 finem

592 2502 840 2573 mundi
876 2525 1034 2573 eum
1087 2501 1501 2573 mittendum
1535 2501 1630 2572 ita
1673 2500 2060 2573 luculenter
2112 2500 2476 2592 exprimit:
2533 2500 2736 2583 Misit,
2783 2498 3140 2586 inquienS,

584 2613 863 2662 servum
913 2614 1118 2662 suum
1171 2593 1337 2662 hora
1390 2613 1665 2662 coenae.
1721 2595 1903 2661 Hora
1947 2613 2245 2672 coenae,
2307 2589 2472 2661 sinis
2527 2603 2632 2659 est
2679 2587 2950 2658 mundi.
3009 2593 3149 2660 Nos

588 2692 818 2751 autem
867 2702 1137 2763 sumus,
1190 2682 1263 2750 in
1322 2702 1497 2768 quos
1548 2681 1726 2750 fines
1788 2681 2178 2750 seculorum
2233 2678 2678 2753 devenerunt.
2733 2677 2987 2748 Missus
3034 2689 3144 2748 est

588 2769 805 2859 igitur
835 2769 1005 2839 hora
1040 2790 1315 2851 coenae,
1369 2769 1435 2838 id
1485 2782 1609 2850 est,
1669 2768 1918 2839 diebus
1964 2768 2288 2839 extremis
2336 2767 2517 2839 Ordo
2567 2786 2835 2837 novus:
2894 2786 3143 2847 novus,

589 2858 903 2944 inquam,
948 2858 1199 2948 pariter
1226 2872 1291 2929 et
1335 2857 1688 2946 antiquus.
1735 2862 1961 2928 Novus
2009 2856 2464 2937 institutione,
2516 2857 2852 2942 antiquus
2906 2867 3152 2926 aucto-

590 2946 811 3015 ritate.
866 2951 1114 3026 Novus,
1144 2947 1359 3017 immo
1395 2947 1815 3017 novissimus
1861 2946 2109 3036 spatio,
2149 2944 2375 3016 officio
2409 2944 2705 3035 primus.
2751 2947 2922 3014 Cum
2954 2943 3148 3013 enim

593 3034 821 3125 primo
868 3055 1095 3114 mane,
1150 3047 1295 3104 turn
1347 3037 1552 3106 etiam
1606 3035 1774 3104 hora
1832 3035 2066 3117 tertia,
2121 3046 2308 3104 sexta
2353 3046 2420 3103 et
2470 3054 2692 3112 nona,
2745 3054 2827 3102 ex
2875 3031 3151 3104 denarii

590 3122 1042 3193 conventione
1088 3122 1412 3193 conducti
1456 3123 1716 3193 fuerint
1755 3123 1992 3209 vineae
2032 3122 2357 3204 cultores,
2422 3122 2594 3192 hora
2650 3132 2879 3203 restat,
2924 3121 3148 3192 immo

582 3212 730 3301 jam
780 3209 973 3280 adest
1020 3211 1410 3293 undecima,
1478 3234 1618 3299 qua
1670 3213 1996 3302 postremi
2053 3211 2353 3281 cultores
2414 3210 2995 3313 multiplicentur.
3061 3211 3151 3281 Hi

593 3311 757 3370 sunt
784 3298 1310 3381 PraedicatoreS,
1363 3322 1662 3389 quorum
1714 3300 2037 3372 Ordinem
2073 3300 2320 3370 horum
2379 3300 2916 3370 noviss1morum
2973 3312 3153 3370 tem-

592 3409 838 3492 porum
892 3388 1219 3478 periculis
1256 3389 1492 3459 divina
1529 3389 1958 3479 dispensatio
2002 3388 2342 3479 providit:
2405 3402 2482 3458 ut
2538 3387 3153 3480 appropinquante

587 3476 857 3565 Judicio
905 3476 1116 3559 illius,
1152 3479 1354 3569 cujus
1384 3479 1452 3547 in
1489 3478 1879 3548 humilitate
1917 3478 2262 3568 judicium
2300 3477 2651 3548 sublatum
2700 3491 2826 3558 est,
2864 3480 3154 3547 testium

594 3587 930 3635 numerus
975 3581 1364 3655 augeretur.
1418 3572 1658 3654 Itaque
1689 3566 2244 3656 multiplicantur
2277 3588 2463 3636 nunc
2506 3567 2577 3636 in
2610 3576 2883 3636 senecta
2913 3565 3152 3645 uberi,

592 3667 670 3723 ut
719 3655 1226 3745 benepatientes
1262 3657 1713 3739 annuncient,
1765 3657 2096 3744 quoniam
2150 3669 2376 3726 rectus
2415 3655 2745 3725 Dominus
2787 3659 2964 3724 Deus
3017 3675 3152 3724 no-

594 3755 751 3813 ster.
791 3747 972 3813 Haec
1037 3759 1198 3815 sunt
1258 3745 1767 3826 tintinnabula,
1819 3745 2077 3832 quibus
2127 3744 2545 3835 pontificalis
2592 3743 2871 3844 poderis
2919 3757 3157 3813 extre-

594 3831 796 3902 mitas
845 3845 1152 3903 ornatur.
1206 3834 1291 3902 Hi
1323 3847 1486 3903 sunt
1516 3835 1677 3921 equi
1709 3834 1917 3904 fortes
1941 3846 2006 3903 et
2054 3834 2225 3904 varii
2259 3834 2328 3902 in
2360 3832 2698 3923 quadriga
2730 3832 3148 3914 novissima,

592 3943 631 3990 e
686 3920 915 3990 medio
961 3921 1258 3991 duorum
1333 3923 1672 3992 montium
1749 3944 2107 3993 aereorum
2179 3921 2479 4013 egressi,
2532 3935 2609 3991 ut
2670 3920 3166 4012 perambulent

595 4031 870 4079 omnem
920 4023 1196 4080 terram.
1243 4012 1466 4102 Hujus
1492 4010 1770 4082 Ordinis
1819 4011 2093 4101 primus
2131 4011 2484 4081 institutor
2510 4022 2575 4079 et
2613 4014 2807 4080 Pater
2843 4008 3164 4098 inclytus

595 4096 725 4167 fuit
772 4098 1015 4168 beatus
1068 4101 1490 4182 DominicuS,
1554 4101 1759 4191 cujus
1820 4101 2026 4169 vitam
2076 4100 2449 4170 virtutibus
2497 4097 2802 4189 plenam,
2876 4102 3165 4185 Deoque

596 4186 1094 4276 gratissimam,
1147 4189 1410 4259 obitum
1447 4211 1724 4276 quoque
1761 4200 1827 4258 et
1873 4188 2215 4259 nonnulla
2263 4187 2621 4270 miracula,
2674 4200 2879 4275 atque
2924 4186 3167 4276 ipsius

596 4274 874 4346 Ordinis
908 4277 975 4345 in
1027 4277 1340 4347 occiduis
1393 4277 1640 4349 mundi
1689 4279 2007 4370 partibus
2068 4292 2133 4347 et
2181 4297 2432 4347 occasu
2471 4277 2801 4367 temporis
2862 4275 3167 4346 orientis

595 4363 979 4445 exordium,
1019 4365 1179 4435 rudi
1211 4365 1518 4454 quidem,
1548 4367 1667 4437 sed
1701 4368 1925 4438 veraci
1957 4365 2136 4458 stylo
2167 4365 2736 4459 perstringemuS,
2768 4363 3171 4454 opitulante

603 4450 806 4522 nobis
852 4454 1073 4543 gratia
1117 4454 1282 4525 lesu
1315 4454 1590 4526 Christi.
