3308 5004
636 330 767 394 780
1327 343 1411 392 mt
1457 345 1515 392 s.
1569 342 1807 392 Albano
1853 341 2051 390 trtsc.
2104 341 2287 390 conr.
2765 324 2953 392 AUG.
3009 325 3088 390 30

532 430 750 520 aliqui
797 428 990 510 laesi,
1042 450 1286 501 omnes
1354 428 1595 511 territi,
1650 428 2071 520 impugnare
2142 427 2327 500 ultra
2396 427 2643 499 urbem
2707 440 3083 509 cessarent,

531 542 741 608 quam
800 517 1138 589 divinitus
1178 517 1409 608 juvari
1455 529 1942 608 cognoverant.

620 610 659 697 ἓ
705 612 801 680 9.
853 612 1054 678 Hunc
1108 629 1270 678 cum
1320 607 1470 678 dies
1516 607 1759 677 mortis
1822 604 2060 698 egredi
2106 627 2145 675 e
2208 626 2495 697 corpore
2541 618 2839 697 cogeret.
2895 626 3088 677 com-

580 697 735 767 letis
780 695 987 767 annis
1024 696 1477 787 Episcopatus
1509 696 1620 769 sui
1650 716 1726 767 se
1780 694 2169 775 temdecim,
2206 707 2350 766 erat
2383 695 2456 765 in
2489 694 2653 765 villa
2700 694 2895 786 regia
2944 717 3085 766 non

531 719 645 857 Em
798 786 887 856 ab
936 786 1129 865 urbe,
1201 786 1290 857 de
1355 807 1489 875 qua
1555 807 1718 876 prae
1749 786 1842 856 ati
1892 806 2181 855 sumus:
2261 783 2332 853 in
2384 783 2511 854 bac
2570 784 2756 854 enim
2811 784 3081 855 habens

531 896 609 945 ec
677 874 893 946 esiam
940 886 1005 944 et
1034 873 1467 956 cubiculum,
1505 874 1789 965 saepius
1834 872 2094 943 ibidem
2141 872 2387 943 diverti
2417 895 2497 943 ac
2531 893 2832 955 manere,
2871 885 3087 961 atque

535 962 698 1034 inde
760 962 849 1033 ad
909 961 1455 1052 praedicandum
1528 963 2077 1051 circumquaque
2132 974 2584 1032 consueverat
2630 961 2840 1042 exire,
2894 961 3087 1050 quod

534 1053 767 1145 ipsum
813 1063 881 1122 et
924 1052 999 1121 in
1044 1050 1204 1122 aliis
1249 1050 1431 1123 villis
1489 1052 1699 1143 regiis
1747 1051 1968 1121 facere
2038 1050 2323 1132 solebat,
2384 1062 2620 1141 utpote
2676 1050 2851 1120 nihil
2988 1072 3097 1121 ro·

586 1142 728 1212 riae
758 1140 1238 1233 possessionis,
1294 1151 1577 1231 excepta
1635 1139 1929 1211 ecclesia
1981 1161 2108 1211 sua
2163 1151 2230 1210 et
2280 1137 2760 1229 adjacentibus
2810 1160 2945 1230 age
2978 1138 3088 1219 lis,

534 1164 823 1302 liabens.
903 1227 1364 1299 'retenderunt
1408 1249 1571 1320 ergo
1617 1229 1681 1299 ei
1729 1228 2111 1320 aegrotanti
2182 1228 2557 1299 tentorium
2625 1227 2713 1297 ad
2765 1227 3091 1298 occiden-

536 1319 739 1390 talem
792 1317 1120 1390 ecclesiae
1173 1329 1460 1407 partem,
1513 1319 1608 1388 ita
1654 1328 1732 1390 ut
1781 1318 2013 1408 ipsum
2055 1317 2428 1388 tentorium
2481 1317 2727 1408 parieti
2777 1316 3094 1388 haereret

532 1408 885 1479 ecclesiae.
941 1406 1135 1478 Unde
1170 1406 1430 1478 factum
1462 1417 1587 1488 est,
1626 1418 1707 1478 ut
1751 1405 2034 1478 acclivis
2080 1406 2414 1489 destinae,
2444 1427 2623 1496 quae
2654 1406 3093 1476 extrinsecus

533 1496 864 1568 ecclesiae
930 1518 1055 1588 pro
1104 1494 1494 1567 munimine
1538 1506 1686 1565 erat
1723 1495 2064 1586 apposita,
2117 1494 2440 1585 spiritum
2501 1495 2675 1564 vitae
2738 1494 3095 1565 exhalaret

534 1586 891 1666 ultimum,
946 1584 1167 1677 pridie
1218 1583 1366 1655 Kal.
1418 1588 1596 1676 Sept.
1653 1584 1865 1675 cujus
1934 1604 2190 1673 corpus
2240 1605 2397 1654 mox
2463 1582 2622 1653 inde
2672 1581 3092 1653 translatum

535 1675 621 1746 ad
675 1674 977 1744 insulam
1027 1672 1722 1755 Lindisfarnensium‚
1788 1682 1996 1760 atque
2045 1674 2116 1742 in
2167 1673 2575 1743 coemeterio
2624 1671 2929 1742 fratrum
2999 1694 3095 1742 se-

536 1764 810 1866 pultum
850 1774 976 1833 est.
1028 1766 1106 1833 At
1151 1762 1503 1853 interjecto
1533 1774 1839 1853 tempore
1885 1760 2264 1850 aliquanto,
2322 1783 2485 1831 cum
2533 1761 2874 1832 fabricata
2921 1773 3097 1831 esset

537 1853 633 1923 1bi
684 1851 969 1922 basilica
1016 1850 1265 1939 major,
1341 1862 1544 1938 atque
1600 1851 1673 1923 in
1744 1851 2077 1922 honorem
2152 1849 2538 1921 beatissimi
2612 1853 2661 1920 A
2711 1850 3097 1920 ostolorum

537 1941 769 2011 Princi
822 1940 884 2011 is
950 1938 1290 2022 dedicata,
1342 1939 1463 2010 illo
1508 1961 1668 2011 ossa
1714 1940 1869 2031 ejus
1937 1937 2294 2020 translata,
2349 1950 2556 2029 atque
2606 1962 2648 2009 a
2742 1938 3097 2010 dexteram

535 2030 691 2118 ejus
738 1963 977 2099 altaris
1014 2029 1216 2119 juxta
1261 2028 1770 2100 venerationem
1818 2039 2009 2100 tanto
2086 2027 2415 2121 pontifice
2474 2027 2769 2120 dignam
2818 2027 3097 2099 condita

538 2129 729 2188 sunt.
915 2170 918 2173 ,

625 2208 664 2295 ἓ
709 2209 869 2280 lo.
922 2205 1221 2308 Contigit
1249 2216 1481 2277 autem
1517 2217 1672 2297 post
1716 2204 1980 2294 aliquot
2009 2229 2255 2288 annos,
2290 2218 2366 2277 ut
2397 2205 2628 2277 Penda
2667 2205 3085 2277 Herciorum

538 2300 678 2365 Rex
723 2317 885 2366 cum
926 2293 1161 2365 hostili
1206 2294 1513 2366 exercitu
1560 2295 1848 2389 haec-in
1899 2296 2049 2367 loca
2118 2294 2547 2387 pervenienS‚
2612 2316 2778 2366 cum
2828 2307 3099 2365 cuneta·

536 2405 714 2471 quae
765 2396 1046 2474 poterat,
1098 2382 1278 2455 ferro
1323 2383 1749 2472 flammaque
1825 2385 2160 2475 perderet,
2216 2384 2549 2472 vicusque
2610 2383 2754 2465 ille,
2821 2383 2897 2452 in
2953 2403 3091 2470 quo

538 2472 830 2544 Antistes
876 2473 1069 2555 obiit,
1114 2494 1256 2544 una
1313 2494 1474 2544 cum
1537 2471 1831 2544 ecclesia
1859 2468 2255 2545 ‘memorata
2332 2473 2619 2545 flamma
2688 2475 3085 2545 absumere·

538 2573 674 2632 tur.
760 2562 884 2632 Sed
958 2562 1213 2632 mirum
1263 2562 1333 2631 in
1403 2562 1691 2632 modum
1738 2561 1883 2633 sola
1943 2562 2064 2633 illa
2123 2561 2418 2643 destina,
2489 2562 2606 2634 cui
2680 2562 3079 2633 incumbens

535 2650 729 2733 obiit,
795 2650 883 2720 ab
932 2650 1217 2742 ignibus
1260 2650 1757 2742 circumcincta
1828 2652 2257 2735 vorantibus,
2323 2651 2598 2722 absumi
2652 2671 2792 2721 non
2834 2649 3077 2740 potuit.

536 2744 687 2823 Quo
732 2738 1150 2811 clarescente
1218 2738 1577 2821 miraculo,
1645 2761 1803 2811 mox
1872 2740 2132 2812 ibidem
2195 2739 2489 2811 ecclesia
2568 2750 2971 2821 restaurata,
3022 2751 3088 2809 et

537 2829 707 2899 haec
753 2829 994 2899 eadem
1044 2827 1313 2899 destina
1348 2829 1418 2898 in
1465 2829 1979 2901 munimentum
2026 2841 2130 2902 est
2176 2829 2482 2921 parietis,
2524 2841 2602 2899 ut
2634 2841 2795 2900 ante
2841 2827 3087 2907 fuerat,

534 2916 922 2988 forinsecus
967 2918 1303 3008 apposita.
1342 2923 1786 3006 Rursumque
1828 2931 2100 3009 peracto
2133 2930 2441 3021 tempore
2487 2917 2877 3006 aliquant0,
2936 2939 3093 2988 eve-

537 3006 641 3075 nit
687 3028 809 3096 per
851 3005 1132 3096 culpam
1184 3006 1494 3077 incuriae
1540 3007 1774 3077 vicum
1819 3006 2124 3078 eundem
2172 3019 2238 3077 et
2286 3029 2512 3098 ipsam
2566 3007 2830 3096 pariter
2875 3007 3097 3077 eccle·

538 3095 715 3165 siam
765 3096 1048 3186 ignibus
1091 3095 1453 3166 consumi:
1532 3095 1651 3166 sed
1701 3118 1828 3166 nec
1888 3108 2051 3167 tunc
2098 3094 2387 3185 quidem
2435 3094 2753 3166 eamdem
2809 3109 2931 3166 tan
2986 3118 3099 3166 ere

539 3184 825 3253 flamma
861 3182 1202 3257 destinam
1251 3183 1539 3255 valebat.
1596 3183 1791 3254 Unde
1829 3185 2025 3255 tertia
2083 3183 2447 3255 aedificata
2493 3184 2591 3254 ibi
2641 3195 2873 3274 postm
2979 3207 3095 3255 um

538 3270 853 3352 ecclesie,
907 3271 1246 3344 destinam
1297 3272 1487 3343 illam
1548 3295 1686 3343 non
1735 3285 1813 3344 ut
1880 3286 2084 3344 antea
2139 3273 2225 3345 de
2298 3272 2470 3344 foris
2516 3272 3097 3345 infulcimentum

539 3360 791 3431 domus
835 3373 1333 3453 apposuerunt,
1365 3360 1485 3432 sed
1516 3361 1699 3432 intro
1724 3362 1947 3453 ipsam
1985 3362 2353 3434 ecclesiam
2405 3363 2476 3434 in
2512 3362 2933 3433 memoriam
2970 3362 3099 3433 mi-

539 3448 759 3520 raculi
815 3462 1235 3541 posuerunt:
1287 3451 1410 3521 ubi
1475 3450 1811 3523 intrantes
1879 3453 2340 3543 genuflectere
2368 3506 2385 3532 ‚
2448 3473 2530 3523 ac
2576 3450 3100 3523 misericordiae

538 3537 816 3610 coelesti
885 3538 1278 3630 supplicare
1344 3539 1695 3612 deberent.
1749 3545 2162 3630 Constatque
2208 3540 2465 3612 multos
2511 3562 2594 3612 ex
2653 3561 2745 3626 en
2789 3552 3099 3631 tempore

539 3627 832 3717 gratiam
864 3628 1179 3699 sanitatis
1235 3629 1308 3698 in
1353 3628 1594 3699 eodem
1629 3628 1779 3700 loco
1827 3642 2328 3720 consequutus:
2430 3629 2554 3701 uin
2588 3629 2803 3701 etiam
2854 3628 3096 3702 astulis

538 3738 619 3787 ex
665 3716 817 3807 ipsa
863 3716 1133 3788 destina
1175 3717 1447 3799 excisis,
1499 3730 1567 3789 et
1613 3717 1687 3788 in
1733 3740 1989 3807 aquam
2041 3720 2301 3803 missis,
2355 3651 2595 3811 p‘lures
2627 3718 2767 3791 sibi
2818 3719 3096 3805 suisque

542 3804 958 3896 languorum
1009 3805 1314 3878 remedia
1360 3806 1821 3896 conquisiere.
1871 3807 1909 3843 '⁵

601 3966 626 3990 ⁹
655 3963 770 4008 viae
798 3968 847 4009 et
873 3966 969 4010 alia
995 3969 1055 4010 de
1084 3969 1129 4010 8.
1157 3970 1390 4021 Episcopo
1413 3971 1471 4011 in
1495 3970 1607 4011 hut.
1635 3970 1681 4011 8.
1712 3969 1975 4018 cuthberti.
2003 3970 2106 4012 Sur.
2137 3970 2239 4012 Vol.
2267 3978 2335 4018 m,
2358 3978 2406 4020 p.
2437 3971 2532 4018 ³81.
2559 3968 2582 4021 ⁸
2608 3972 2648 4011 4.
2677 3971 2801 4013 Ram
2834 3967 2899 4013 ibi
2915 3972 3108 4012 amnt

538 4020 825 4063 venerabili·
844 4018 971 4063 Beda
987 4022 1032 4063 8.
1051 4022 1362 4065 cuthbertum
1379 4024 1559 4066 victo-e
1581 4024 1625 4065 Β.
1643 4023 1811 4066 udam
1830 4024 2032 4066 ammam
2051 4024 2111 4066 ab
2130 4023 2309 4074 amau·
2329 4021 2379 4065 in
2397 4024 2584 4066 eoelum
2602 4023 2796 4067 deterri.
