<?xml version="1.0" encoding="UTF-8"?>
<!DOCTYPE html PUBLIC "-//W3C//DTD XHTML 1.0 Transitional//EN"
    "http://www.w3.org/TR/xhtml1/DTD/xhtml1-transitional.dtd">
<html xmlns="http://www.w3.org/1999/xhtml" xml:lang="en" lang="en">
 <head>
  <title>
</title>
<meta http-equiv="Content-Type" content="text/html;charset=utf-8" />
  <meta name='ocr-system' content='tesseract 3.04.00' />
  <meta name='ocr-capabilities' content='ocr_page ocr_carea ocr_par ocr_line ocrx_word'/>
</head>
<body>
  <div class='ocr_page' id='page_1' title='image "./historiaeseuvit01lippgoog_0232.png"; bbox 0 0 3308 5004; ppageno 0'>
   <div class='ocr_carea' id='block_1_1' title="bbox 1710 139 1731 167">
    <p class='ocr_par' dir='ltr' id='par_1_1' title="bbox 1710 139 1731 167">
     <span class='ocr_line' id='line_1_1' title="bbox 1710 139 1731 167; baseline 0 0"><span class='ocrx_word' id='word_1_1' title='bbox 1710 139 1731 167; x_wconf 80' lang='grc' dir='ltr'><em>Ι</em></span> 
     </span>
    </p>
   </div>
   <div class='ocr_carea' id='block_1_2' title="bbox 652 292 3127 370">
    <p class='ocr_par' dir='ltr' id='par_1_2' title="bbox 652 292 3127 370">
     <span class='ocr_line' id='line_1_2' title="bbox 652 292 3127 370; baseline -0.002 0"><span class='ocrx_word' id='word_1_2' title='bbox 652 304 783 370; x_wconf 77' lang='grc'>218</span> <span class='ocrx_word' id='word_1_3' title='bbox 956 292 963 300; x_wconf 84' lang='grc'><strong>’</strong></span> <span class='ocrx_word' id='word_1_4' title='bbox 1402 319 1458 367; x_wconf 82' lang='lat' dir='ltr'>S.</span> <span class='ocrx_word' id='word_1_5' title='bbox 1513 317 1871 367; x_wconf 64' lang='lat' dir='ltr'>curuans</span> <span class='ocrx_word' id='word_1_6' title='bbox 1917 317 2275 368; x_wconf 66' lang='lat' dir='ltr'>ramuuus</span> <span class='ocrx_word' id='word_1_7' title='bbox 2839 299 3025 367; x_wconf 66' lang='grc' dir='ltr'>ΑΗΕ.</span> <span class='ocrx_word' id='word_1_8' title='bbox 3076 300 3127 366; x_wconf 89' lang='lat'>7</span> 
     </span>
    </p>
   </div>
   <div class='ocr_carea' id='block_1_3' title="bbox 552 402 3133 4409">
    <p class='ocr_par' dir='ltr' id='par_1_3' title="bbox 552 402 3133 1652">
     <span class='ocr_line' id='line_1_3' title="bbox 560 402 3129 497; baseline -0.001 -21"><span class='ocrx_word' id='word_1_9' title='bbox 560 406 757 476; x_wconf 89' lang='lat' dir='ltr'>illam</span> <span class='ocrx_word' id='word_1_10' title='bbox 805 404 1252 497; x_wconf 89' lang='lat' dir='ltr'>apostolicam</span> <span class='ocrx_word' id='word_1_11' title='bbox 1303 402 1580 474; x_wconf 86' lang='lat' dir='ltr'>vivendi</span> <span class='ocrx_word' id='word_1_12' title='bbox 1626 402 1932 473; x_wconf 85' lang='lat' dir='ltr'>formam·</span> <span class='ocrx_word' id='word_1_13' title='bbox 1972 426 2060 474; x_wconf 69' lang='lat' dir='ltr'>ex</span> <span class='ocrx_word' id='word_1_14' title='bbox 2101 403 2367 495; x_wconf 88' lang='lat' dir='ltr'>integro</span> <span class='ocrx_word' id='word_1_15' title='bbox 2417 402 2756 474; x_wconf 82' lang='lat' dir='ltr'>redditam</span> <span class='ocrx_word' id='word_1_16' title='bbox 2793 458 2809 486; x_wconf 94' lang='lat'>,</span> <span class='ocrx_word' id='word_1_17' title='bbox 2864 424 3129 494; x_wconf 86' lang='lat' dir='ltr'>magno</span> 
     </span>
     <span class='ocr_line' id='line_1_4' title="bbox 562 491 3133 580; baseline -0.001 -14"><span class='ocrx_word' id='word_1_18' title='bbox 562 518 722 567; x_wconf 90' lang='lat' dir='ltr'>cum</span> <span class='ocrx_word' id='word_1_19' title='bbox 772 493 1218 565; x_wconf 88' lang='lat' dir='ltr'>ecclesiastici</span> <span class='ocrx_word' id='word_1_20' title='bbox 1267 492 1573 564; x_wconf 90' lang='lat' dir='ltr'>nominis</span> <span class='ocrx_word' id='word_1_21' title='bbox 1607 492 1904 574; x_wconf 80' lang='lat' dir='ltr'>foenore,</span> <span class='ocrx_word' id='word_1_22' title='bbox 1959 493 2602 580; x_wconf 82' lang='lat' dir='ltr'>haereticorumque</span> <span class='ocrx_word' id='word_1_23' title='bbox 2648 491 2821 562; x_wconf 90' lang='lat' dir='ltr'>illud</span> <span class='ocrx_word' id='word_1_24' title='bbox 2861 504 3133 563; x_wconf 83' lang='lat' dir='ltr'>temere</span> 
     </span>
     <span class='ocr_line' id='line_1_5' title="bbox 563 580 3131 674; baseline -0.001 -20"><span class='ocrx_word' id='word_1_25' title='bbox 563 583 1100 674; x_wconf 78' lang='lat' dir='ltr'>deprimentium</span> <span class='ocrx_word' id='word_1_26' title='bbox 1153 582 1428 661; x_wconf 82' lang='lat' dir='ltr'>rubore,</span> <span class='ocrx_word' id='word_1_27' title='bbox 1466 581 1581 652; x_wconf 89' lang='lat' dir='ltr'>hic</span> <span class='ocrx_word' id='word_1_28' title='bbox 1628 581 1747 652; x_wconf 88' lang='lat' dir='ltr'>Dei</span> <span class='ocrx_word' id='word_1_29' title='bbox 1780 603 2021 652; x_wconf 87' lang='lat' dir='ltr'>servus</span> <span class='ocrx_word' id='word_1_30' title='bbox 2055 582 2123 650; x_wconf 91' lang='lat' dir='ltr'>in</span> <span class='ocrx_word' id='word_1_31' title='bbox 2159 582 2395 652; x_wconf 88' lang='lat' dir='ltr'>orbem</span> <span class='ocrx_word' id='word_1_32' title='bbox 2448 580 2878 672; x_wconf 86' lang='lat' dir='ltr'>postliminio</span> <span class='ocrx_word' id='word_1_33' title='bbox 2927 602 3131 652; x_wconf 83' lang='lat' dir='ltr'>revo—</span> 
     </span>
     <span class='ocr_line' id='line_1_6' title="bbox 561 669 3128 762; baseline -0.001 -19"><span class='ocrx_word' id='word_1_34' title='bbox 561 674 790 759; x_wconf 81' lang='lat' dir='ltr'>cavit,</span> <span class='ocrx_word' id='word_1_35' title='bbox 850 671 1279 759; x_wconf 81' lang='lat' dir='ltr'>armavitque</span> <span class='ocrx_word' id='word_1_36' title='bbox 1336 669 1717 762; x_wconf 80' lang='lat' dir='ltr'>apostolica</span> <span class='ocrx_word' id='word_1_37' title='bbox 1788 670 2192 741; x_wconf 90' lang='lat' dir='ltr'>auctoritate</span> <span class='ocrx_word' id='word_1_38' title='bbox 2252 670 2475 742; x_wconf 86' lang='lat' dir='ltr'>tribus</span> <span class='ocrx_word' id='word_1_39' title='bbox 2541 669 3128 741; x_wconf 82' lang='lat' dir='ltr'>substantialibus</span> 
     </span>
     <span class='ocr_line' id='line_1_7' title="bbox 563 758 3127 853; baseline 0 -24"><span class='ocrx_word' id='word_1_40' title='bbox 563 762 736 834; x_wconf 85' lang='lat' dir='ltr'>votis</span> <span class='ocrx_word' id='word_1_41' title='bbox 767 817 783 844; x_wconf 94' lang='lat'>,</span> <span class='ocrx_word' id='word_1_42' title='bbox 839 761 1109 853; x_wconf 88' lang='lat' dir='ltr'>legibus</span> <span class='ocrx_word' id='word_1_43' title='bbox 1155 772 1223 830; x_wconf 90' lang='lat' dir='ltr'>et</span> <span class='ocrx_word' id='word_1_44' title='bbox 1282 759 1619 831; x_wconf 88' lang='lat' dir='ltr'>institutis</span> <span class='ocrx_word' id='word_1_45' title='bbox 1682 760 1922 831; x_wconf 87' lang='lat' dir='ltr'>statuit</span> <span class='ocrx_word' id='word_1_46' title='bbox 1966 759 2333 847; x_wconf 81' lang='lat' dir='ltr'>decorique</span> <span class='ocrx_word' id='word_1_47' title='bbox 2384 759 2797 830; x_wconf 88' lang='lat' dir='ltr'>clericorum</span> <span class='ocrx_word' id='word_1_48' title='bbox 2861 758 3127 851; x_wconf 93' lang='lat' dir='ltr'>oppido</span> 
     </span>
     <span class='ocr_line' id='line_1_8' title="bbox 559 848 3126 940; baseline -0.001 -19"><span class='ocrx_word' id='word_1_49' title='bbox 559 851 1064 932; x_wconf 76' lang='lat' dir='ltr'>consentaneiS,</span> <span class='ocrx_word' id='word_1_50' title='bbox 1103 849 1445 920; x_wconf 89' lang='lat' dir='ltr'>Clemente</span> <span class='ocrx_word' id='word_1_51' title='bbox 1483 853 1670 940; x_wconf 89' lang='lat' dir='ltr'>Papa</span> <span class='ocrx_word' id='word_1_52' title='bbox 1715 853 1834 918; x_wconf 89' lang='lat' dir='ltr'>VII</span> <span class='ocrx_word' id='word_1_53' title='bbox 1880 848 2308 940; x_wconf 80' lang='lat' dir='ltr'>approbante</span> <span class='ocrx_word' id='word_1_54' title='bbox 2336 904 2351 931; x_wconf 94' lang='lat'>‚</span> <span class='ocrx_word' id='word_1_55' title='bbox 2420 849 2710 940; x_wconf 88' lang='lat' dir='ltr'>ipsoque</span> <span class='ocrx_word' id='word_1_56' title='bbox 2759 849 2877 918; x_wconf 89' lang='lat' dir='ltr'>Dei</span> <span class='ocrx_word' id='word_1_57' title='bbox 2925 869 3126 920; x_wconf 88' lang='lat' dir='ltr'>servo</span> 
     </span>
     <span class='ocr_line' id='line_1_9' title="bbox 560 936 3126 1030; baseline -0.001 -21"><span class='ocrx_word' id='word_1_58' title='bbox 560 942 703 1009; x_wconf 77' lang='lat' dir='ltr'>una</span> <span class='ocrx_word' id='word_1_59' title='bbox 750 962 906 1010; x_wconf 90' lang='lat' dir='ltr'>cum</span> <span class='ocrx_word' id='word_1_60' title='bbox 960 938 1166 1011; x_wconf 90' lang='lat' dir='ltr'>sociis</span> <span class='ocrx_word' id='word_1_61' title='bbox 1214 939 1284 1007; x_wconf 89' lang='lat' dir='ltr'>in</span> <span class='ocrx_word' id='word_1_62' title='bbox 1334 937 1659 1008; x_wconf 88' lang='lat' dir='ltr'>Vaticano</span> <span class='ocrx_word' id='word_1_63' title='bbox 1705 938 1963 1029; x_wconf 91' lang='lat' dir='ltr'>templo</span> <span class='ocrx_word' id='word_1_64' title='bbox 2022 937 2202 1008; x_wconf 89' lang='lat' dir='ltr'>hanc</span> <span class='ocrx_word' id='word_1_65' title='bbox 2253 936 2563 1030; x_wconf 88' lang='lat' dir='ltr'>regulam</span> <span class='ocrx_word' id='word_1_66' title='bbox 2615 937 2894 1028; x_wconf 88' lang='lat' dir='ltr'>publice</span> <span class='ocrx_word' id='word_1_67' title='bbox 2954 958 3126 1029; x_wconf 90' lang='lat' dir='ltr'>pro-</span> 
     </span>
     <span class='ocr_line' id='line_1_10' title="bbox 552 1025 3123 1116; baseline -0.002 -17"><span class='ocrx_word' id='word_1_68' title='bbox 552 1028 817 1116; x_wconf 79' lang='lat' dir='ltr'>fitente.</span> <span class='ocrx_word' id='word_1_69' title='bbox 871 1033 1093 1112; x_wconf 86' lang='lat' dir='ltr'>Quam</span> <span class='ocrx_word' id='word_1_70' title='bbox 1143 1026 1423 1115; x_wconf 89' lang='lat' dir='ltr'>quidem</span> <span class='ocrx_word' id='word_1_71' title='bbox 1474 1025 1748 1095; x_wconf 88' lang='lat' dir='ltr'>vivendi</span> <span class='ocrx_word' id='word_1_72' title='bbox 1795 1025 2086 1097; x_wconf 87' lang='lat' dir='ltr'>formam</span> <span class='ocrx_word' id='word_1_73' title='bbox 2124 1027 2270 1097; x_wconf 88' lang='lat' dir='ltr'>visa</span> <span class='ocrx_word' id='word_1_74' title='bbox 2300 1039 2574 1099; x_wconf 88' lang='lat' dir='ltr'>estnon</span> <span class='ocrx_word' id='word_1_75' title='bbox 2624 1026 2837 1097; x_wconf 88' lang='lat' dir='ltr'>semel</span> <span class='ocrx_word' id='word_1_76' title='bbox 2876 1025 3123 1095; x_wconf 88' lang='lat' dir='ltr'>divina</span> 
     </span>
     <span class='ocr_line' id='line_1_11' title="bbox 561 1115 3124 1208; baseline -0.001 -22"><span class='ocrx_word' id='word_1_77' title='bbox 561 1117 1020 1208; x_wconf 90' lang='lat' dir='ltr'>providentia,</span> <span class='ocrx_word' id='word_1_78' title='bbox 1074 1116 1284 1186; x_wconf 90' lang='lat' dir='ltr'>rebus</span> <span class='ocrx_word' id='word_1_79' title='bbox 1331 1116 1400 1185; x_wconf 92' lang='lat' dir='ltr'>in</span> <span class='ocrx_word' id='word_1_80' title='bbox 1453 1129 1641 1186; x_wconf 87' lang='lat' dir='ltr'>arcto</span> <span class='ocrx_word' id='word_1_81' title='bbox 1691 1116 1965 1206; x_wconf 79' lang='lat' dir='ltr'>positi3‚</span> <span class='ocrx_word' id='word_1_82' title='bbox 2016 1116 2374 1187; x_wconf 83' lang='lat' dir='ltr'>miraculis</span> <span class='ocrx_word' id='word_1_83' title='bbox 2420 1115 2944 1207; x_wconf 88' lang='lat' dir='ltr'>comprobasse,</span> <span class='ocrx_word' id='word_1_84' title='bbox 2997 1137 3124 1185; x_wconf 89' lang='lat' dir='ltr'>ca-</span> 
     </span>
     <span class='ocr_line' id='line_1_12' title="bbox 559 1204 3113 1295; baseline 0 -21"><span class='ocrx_word' id='word_1_85' title='bbox 559 1207 792 1294; x_wconf 89' lang='lat' dir='ltr'>vitque</span> <span class='ocrx_word' id='word_1_86' title='bbox 838 1206 1081 1278; x_wconf 89' lang='lat' dir='ltr'>sedulo</span> <span class='ocrx_word' id='word_1_87' title='bbox 1130 1205 1491 1295; x_wconf 74' lang='lat' dir='ltr'>cajetanus</span> <span class='ocrx_word' id='word_1_88' title='bbox 1540 1225 1624 1274; x_wconf 92' lang='lat' dir='ltr'>ne</span> <span class='ocrx_word' id='word_1_89' title='bbox 1670 1204 1840 1292; x_wconf 91' lang='lat' dir='ltr'>quid</span> <span class='ocrx_word' id='word_1_90' title='bbox 1888 1226 2199 1292; x_wconf 88' lang='lat' dir='ltr'>unquam</span> <span class='ocrx_word' id='word_1_91' title='bbox 2249 1226 2327 1274; x_wconf 93' lang='lat' dir='ltr'>ea</span> <span class='ocrx_word' id='word_1_92' title='bbox 2376 1204 2768 1275; x_wconf 86' lang='lat' dir='ltr'>detrimenti</span> <span class='ocrx_word' id='word_1_93' title='bbox 2812 1216 3113 1294; x_wconf 87' lang='lat' dir='ltr'>caperet,</span> 
     </span>
     <span class='ocr_line' id='line_1_13' title="bbox 560 1292 3125 1385; baseline -0.001 -20"><span class='ocrx_word' id='word_1_94' title='bbox 560 1296 966 1385; x_wconf 90' lang='lat' dir='ltr'>praesertim</span> <span class='ocrx_word' id='word_1_95' title='bbox 1015 1315 1175 1364; x_wconf 90' lang='lat' dir='ltr'>cum</span> <span class='ocrx_word' id='word_1_96' title='bbox 1227 1292 1492 1366; x_wconf 90' lang='lat' dir='ltr'>oblatos</span> <span class='ocrx_word' id='word_1_97' title='bbox 1537 1292 1721 1365; x_wconf 90' lang='lat' dir='ltr'>ultro</span> <span class='ocrx_word' id='word_1_98' title='bbox 1767 1293 2046 1385; x_wconf 87' lang='lat' dir='ltr'>Neapoli</span> <span class='ocrx_word' id='word_1_99' title='bbox 2080 1294 2336 1365; x_wconf 88' lang='lat' dir='ltr'>fundos</span> <span class='ocrx_word' id='word_1_100' title='bbox 2384 1315 2464 1365; x_wconf 90' lang='lat' dir='ltr'>ac</span> <span class='ocrx_word' id='word_1_101' title='bbox 2509 1315 2761 1364; x_wconf 89' lang='lat' dir='ltr'>census</span> <span class='ocrx_word' id='word_1_102' title='bbox 2797 1306 3125 1363; x_wconf 89' lang='lat' dir='ltr'>constan-</span> 
     </span>
     <span class='ocr_line' id='line_1_14' title="bbox 558 1383 3122 1476; baseline -0.001 -23"><span class='ocrx_word' id='word_1_103' title='bbox 558 1384 826 1455; x_wconf 89' lang='lat' dir='ltr'>tissime</span> <span class='ocrx_word' id='word_1_104' title='bbox 856 1383 1217 1464; x_wconf 85' lang='lat' dir='ltr'>recusavit,</span> <span class='ocrx_word' id='word_1_105' title='bbox 1248 1383 1601 1474; x_wconf 77' lang='lat' dir='ltr'>objectans</span> <span class='ocrx_word' id='word_1_106' title='bbox 1630 1383 1905 1452; x_wconf 91' lang='lat' dir='ltr'>Domini</span> <span class='ocrx_word' id='word_1_107' title='bbox 1935 1384 2140 1454; x_wconf 90' lang='lat' dir='ltr'>verba</span> <span class='ocrx_word' id='word_1_108' title='bbox 2172 1406 2187 1451; x_wconf 93' lang='lat'>:</span> <span class='ocrx_word' id='word_1_109' title='bbox 2242 1386 2515 1476; x_wconf 79' lang='lat' dir='ltr'>Respice</span> <span class='ocrx_word' id='word_1_110' title='bbox 2550 1384 2868 1453; x_wconf 79' lang='lat' dir='ltr'>volatilia</span> <span class='ocrx_word' id='word_1_111' title='bbox 2918 1384 3122 1463; x_wconf 61' lang='lat' dir='ltr'>coele}</span> 
     </span>
     <span class='ocr_line' id='line_1_15' title="bbox 554 1472 3124 1564; baseline 0 -24"><span class='ocrx_word' id='word_1_112' title='bbox 554 1493 690 1543; x_wconf 80' lang='lat' dir='ltr'>non</span> <span class='ocrx_word' id='word_1_113' title='bbox 733 1482 965 1542; x_wconf 74' lang='lat' dir='ltr'>serunt</span> <span class='ocrx_word' id='word_1_114' title='bbox 998 1525 1015 1551; x_wconf 91' lang='lat'>,</span> <span class='ocrx_word' id='word_1_115' title='bbox 1075 1495 1286 1564; x_wconf 82' lang='lat' dir='ltr'>neque</span> <span class='ocrx_word' id='word_1_116' title='bbox 1336 1483 1617 1552; x_wconf 80' lang='lat' dir='ltr'>metunt,</span> <span class='ocrx_word' id='word_1_117' title='bbox 1669 1494 1883 1563; x_wconf 79' lang='lat' dir='ltr'>neque</span> <span class='ocrx_word' id='word_1_118' title='bbox 1936 1483 2344 1564; x_wconf 71' lang='lat' dir='ltr'>conqreqant</span> <span class='ocrx_word' id='word_1_119' title='bbox 2384 1474 2455 1543; x_wconf 80' lang='lat' dir='ltr'>in</span> <span class='ocrx_word' id='word_1_120' title='bbox 2502 1472 2768 1554; x_wconf 76' lang='lat' dir='ltr'>horrea,</span> <span class='ocrx_word' id='word_1_121' title='bbox 2804 1482 2869 1542; x_wconf 85' lang='lat' dir='ltr'>et</span> <span class='ocrx_word' id='word_1_122' title='bbox 2911 1475 3124 1541; x_wconf 77' lang='lat' dir='ltr'>Pater</span> 
     </span>
     <span class='ocr_line' id='line_1_16' title="bbox 558 1561 2134 1652; baseline 0.001 -22"><span class='ocrx_word' id='word_1_123' title='bbox 558 1573 777 1631; x_wconf 80' lang='lat' dir='ltr'>vester</span> <span class='ocrx_word' id='word_1_124' title='bbox 807 1563 1106 1632; x_wconf 77' lang='lat' dir='ltr'>eoelestis</span> <span class='ocrx_word' id='word_1_125' title='bbox 1133 1563 1354 1652; x_wconf 81' lang='lat' dir='ltr'>pascit</span> <span class='ocrx_word' id='word_1_126' title='bbox 1398 1564 1528 1631; x_wconf 83' lang='lat' dir='ltr'>illa</span> <span class='ocrx_word' id='word_1_127' title='bbox 1565 1561 1833 1651; x_wconf 73' lang='lat' dir='ltr'>(Macth.</span> <span class='ocrx_word' id='word_1_128' title='bbox 1870 1584 1957 1643; x_wconf 90' lang='lat' dir='ltr'>v1,</span> <span class='ocrx_word' id='word_1_129' title='bbox 1994 1562 2134 1651; x_wconf 74' lang='lat'>26).</span> 
     </span>
    </p>

    <p class='ocr_par' dir='ltr' id='par_1_4' title="bbox 554 1648 3120 3963">
     <span class='ocr_line' id='line_1_17' title="bbox 647 1648 3118 1742; baseline -0 -21"><span class='ocrx_word' id='word_1_130' title='bbox 647 1653 684 1738; x_wconf 70' lang='grc' dir='ltr'>ξ</span> <span class='ocrx_word' id='word_1_131' title='bbox 733 1656 825 1722; x_wconf 70' lang='lat'>0.</span> <span class='ocrx_word' id='word_1_132' title='bbox 882 1655 965 1720; x_wconf 91' lang='lat' dir='ltr'>Ut</span> <span class='ocrx_word' id='word_1_133' title='bbox 1009 1662 1237 1720; x_wconf 88' lang='lat' dir='ltr'>autem</span> <span class='ocrx_word' id='word_1_134' title='bbox 1311 1649 1667 1741; x_wconf 88' lang='lat' dir='ltr'>praeclara</span> <span class='ocrx_word' id='word_1_135' title='bbox 1728 1650 1905 1720; x_wconf 90' lang='lat' dir='ltr'>servi</span> <span class='ocrx_word' id='word_1_136' title='bbox 1973 1651 2088 1720; x_wconf 88' lang='lat' dir='ltr'>Dei</span> <span class='ocrx_word' id='word_1_137' title='bbox 2138 1649 2354 1721; x_wconf 85' lang='lat' dir='ltr'>virtus</span> <span class='ocrx_word' id='word_1_138' title='bbox 2415 1670 2554 1720; x_wconf 90' lang='lat' dir='ltr'>non</span> <span class='ocrx_word' id='word_1_139' title='bbox 2624 1649 2694 1719; x_wconf 89' lang='lat' dir='ltr'>in</span> <span class='ocrx_word' id='word_1_140' title='bbox 2759 1648 3118 1742; x_wconf 86' lang='lat' dir='ltr'>prosperis</span> 
     </span>
     <span class='ocr_line' id='line_1_18' title="bbox 558 1738 3117 1830; baseline -0.001 -21"><span class='ocrx_word' id='word_1_141' title='bbox 558 1740 785 1809; x_wconf 87' lang='lat' dir='ltr'>solum</span> <span class='ocrx_word' id='word_1_142' title='bbox 836 1751 1284 1819; x_wconf 85' lang='lat' dir='ltr'>exerceretur,</span> <span class='ocrx_word' id='word_1_143' title='bbox 1339 1738 1455 1808; x_wconf 91' lang='lat' dir='ltr'>sed</span> <span class='ocrx_word' id='word_1_144' title='bbox 1508 1739 1577 1807; x_wconf 88' lang='lat' dir='ltr'>in</span> <span class='ocrx_word' id='word_1_145' title='bbox 1629 1738 1935 1809; x_wconf 88' lang='lat' dir='ltr'>adversis</span> <span class='ocrx_word' id='word_1_146' title='bbox 1982 1739 2185 1809; x_wconf 87' lang='lat' dir='ltr'>etiam</span> <span class='ocrx_word' id='word_1_147' title='bbox 2246 1739 2674 1830; x_wconf 89' lang='lat' dir='ltr'>probaretur,</span> <span class='ocrx_word' id='word_1_148' title='bbox 2730 1750 2895 1808; x_wconf 91' lang='lat' dir='ltr'>tunc</span> <span class='ocrx_word' id='word_1_149' title='bbox 2946 1759 3117 1828; x_wconf 89' lang='lat' dir='ltr'>prae</span> 
     </span>
     <span class='ocr_line' id='line_1_19' title="bbox 558 1825 3118 1917; baseline -0.002 -19"><span class='ocrx_word' id='word_1_150' title='bbox 558 1828 804 1898; x_wconf 88' lang='lat' dir='ltr'>ceteris</span> <span class='ocrx_word' id='word_1_151' title='bbox 862 1828 1114 1898; x_wconf 84' lang='lat' dir='ltr'>eximia</span> <span class='ocrx_word' id='word_1_152' title='bbox 1178 1828 1330 1917; x_wconf 85' lang='lat' dir='ltr'>ejus</span> <span class='ocrx_word' id='word_1_153' title='bbox 1395 1828 1902 1915; x_wconf 86' lang='lat' dir='ltr'>aequanimitas</span> <span class='ocrx_word' id='word_1_154' title='bbox 1966 1828 2257 1911; x_wconf 87' lang='lat' dir='ltr'>enituit,</span> <span class='ocrx_word' id='word_1_155' title='bbox 2310 1849 2469 1898; x_wconf 89' lang='lat' dir='ltr'>cum</span> <span class='ocrx_word' id='word_1_156' title='bbox 2521 1828 2593 1896; x_wconf 90' lang='lat' dir='ltr'>in</span> <span class='ocrx_word' id='word_1_157' title='bbox 2648 1826 2940 1897; x_wconf 92' lang='lat' dir='ltr'>immani</span> <span class='ocrx_word' id='word_1_158' title='bbox 2991 1825 3118 1895; x_wconf 88' lang='lat' dir='ltr'>illa</span> 
     </span>
     <span class='ocr_line' id='line_1_20' title="bbox 561 1914 3112 2009; baseline -0.001 -22"><span class='ocrx_word' id='word_1_159' title='bbox 561 1917 764 1987; x_wconf 88' lang='lat' dir='ltr'>Urbis</span> <span class='ocrx_word' id='word_1_160' title='bbox 828 1917 1212 2007; x_wconf 86' lang='lat' dir='ltr'>direptione</span> <span class='ocrx_word' id='word_1_161' title='bbox 1258 1939 1299 1986; x_wconf 99' lang='lat' dir='ltr'>a</span> <span class='ocrx_word' id='word_1_162' title='bbox 1363 1916 1704 1986; x_wconf 79' lang='lat' dir='ltr'>militibus</span> <span class='ocrx_word' id='word_1_163' title='bbox 1757 1917 2275 2009; x_wconf 88' lang='lat' dir='ltr'>deprehensus,</span> <span class='ocrx_word' id='word_1_164' title='bbox 2329 1916 2770 2004; x_wconf 88' lang='lat' dir='ltr'>creditusque</span> <span class='ocrx_word' id='word_1_165' title='bbox 2816 1927 2895 1985; x_wconf 90' lang='lat' dir='ltr'>ut</span> <span class='ocrx_word' id='word_1_166' title='bbox 2942 1914 3112 1985; x_wconf 92' lang='lat' dir='ltr'>olim</span> 
     </span>
     <span class='ocr_line' id='line_1_21' title="bbox 560 2005 3118 2096; baseline -0.001 -21"><span class='ocrx_word' id='word_1_167' title='bbox 560 2005 823 2077; x_wconf 90' lang='lat' dir='ltr'>divitiis</span> <span class='ocrx_word' id='word_1_168' title='bbox 852 2005 1232 2088; x_wconf 90' lang='lat' dir='ltr'>abundare,</span> <span class='ocrx_word' id='word_1_169' title='bbox 1267 2016 1345 2075; x_wconf 91' lang='lat' dir='ltr'>ut</span> <span class='ocrx_word' id='word_1_170' title='bbox 1376 2026 1493 2075; x_wconf 89' lang='lat' dir='ltr'>eas</span> <span class='ocrx_word' id='word_1_171' title='bbox 1543 2005 1857 2096; x_wconf 78' lang='lat' dir='ltr'>proderet</span> <span class='ocrx_word' id='word_1_172' title='bbox 1906 2006 2303 2078; x_wconf 88' lang='lat' dir='ltr'>saevissime</span> <span class='ocrx_word' id='word_1_173' title='bbox 2336 2017 2579 2085; x_wconf 91' lang='lat' dir='ltr'>tortus,</span> <span class='ocrx_word' id='word_1_174' title='bbox 2617 2026 2770 2075; x_wconf 89' lang='lat' dir='ltr'>eam</span> <span class='ocrx_word' id='word_1_175' title='bbox 2806 2017 3118 2074; x_wconf 90' lang='lat' dir='ltr'>tormen-</span> 
     </span>
     <span class='ocr_line' id='line_1_22' title="bbox 560 2093 3117 2185; baseline -0.001 -21"><span class='ocrx_word' id='word_1_176' title='bbox 560 2107 787 2164; x_wconf 88' lang='lat' dir='ltr'>torum</span> <span class='ocrx_word' id='word_1_177' title='bbox 838 2094 976 2164; x_wconf 89' lang='lat' dir='ltr'>vim</span> <span class='ocrx_word' id='word_1_178' title='bbox 1028 2095 1206 2163; x_wconf 72' lang='lat' dir='ltr'>mira</span> <span class='ocrx_word' id='word_1_179' title='bbox 1251 2094 1471 2163; x_wconf 89' lang='lat' dir='ltr'>animi</span> <span class='ocrx_word' id='word_1_180' title='bbox 1520 2093 2014 2182; x_wconf 88' lang='lat' dir='ltr'>tranquillitate</span> <span class='ocrx_word' id='word_1_181' title='bbox 2044 2116 2123 2164; x_wconf 89' lang='lat' dir='ltr'>ac</span> <span class='ocrx_word' id='word_1_182' title='bbox 2158 2094 2692 2166; x_wconf 88' lang='lat' dir='ltr'>mansuetudine</span> <span class='ocrx_word' id='word_1_183' title='bbox 2741 2113 3117 2185; x_wconf 89' lang='lat' dir='ltr'>perpessus</span> 
     </span>
     <span class='ocr_line' id='line_1_23' title="bbox 559 2181 3113 2271; baseline -0.001 -18"><span class='ocrx_word' id='word_1_184' title='bbox 559 2196 698 2264; x_wconf 91' lang='lat' dir='ltr'>est;</span> <span class='ocrx_word' id='word_1_185' title='bbox 751 2205 967 2271; x_wconf 90' lang='lat' dir='ltr'>eoque</span> <span class='ocrx_word' id='word_1_186' title='bbox 1016 2183 1291 2253; x_wconf 87' lang='lat' dir='ltr'>tandem</span> <span class='ocrx_word' id='word_1_187' title='bbox 1344 2184 1413 2252; x_wconf 90' lang='lat' dir='ltr'>in</span> <span class='ocrx_word' id='word_1_188' title='bbox 1464 2184 1891 2253; x_wconf 89' lang='lat' dir='ltr'>teterrimum</span> <span class='ocrx_word' id='word_1_189' title='bbox 1944 2205 2285 2254; x_wconf 86' lang='lat' dir='ltr'>carcerem</span> <span class='ocrx_word' id='word_1_190' title='bbox 2336 2205 2499 2253; x_wconf 88' lang='lat' dir='ltr'>cum</span> <span class='ocrx_word' id='word_1_191' title='bbox 2550 2182 2756 2254; x_wconf 90' lang='lat' dir='ltr'>sociis</span> <span class='ocrx_word' id='word_1_192' title='bbox 2804 2181 3113 2263; x_wconf 90' lang='lat' dir='ltr'>detruso,</span> 
     </span>
     <span class='ocr_line' id='line_1_24' title="bbox 561 2269 3119 2362; baseline -0.001 -20"><span class='ocrx_word' id='word_1_193' title='bbox 561 2271 858 2354; x_wconf 88' lang='lat' dir='ltr'>accidit,</span> <span class='ocrx_word' id='word_1_194' title='bbox 911 2286 989 2342; x_wconf 91' lang='lat' dir='ltr'>ut</span> <span class='ocrx_word' id='word_1_195' title='bbox 1034 2271 1333 2360; x_wconf 89' lang='lat' dir='ltr'>quadam</span> <span class='ocrx_word' id='word_1_196' title='bbox 1383 2270 1495 2341; x_wconf 92' lang='lat' dir='ltr'>die</span> <span class='ocrx_word' id='word_1_197' title='bbox 1542 2286 1899 2342; x_wconf 89' lang='lat' dir='ltr'>canentem</span> <span class='ocrx_word' id='word_1_198' title='bbox 1969 2294 2126 2343; x_wconf 90' lang='lat' dir='ltr'>cum</span> <span class='ocrx_word' id='word_1_199' title='bbox 2198 2272 2369 2362; x_wconf 91' lang='lat' dir='ltr'>ipsis</span> <span class='ocrx_word' id='word_1_200' title='bbox 2420 2272 2661 2343; x_wconf 90' lang='lat' dir='ltr'>laudes</span> <span class='ocrx_word' id='word_1_201' title='bbox 2720 2269 3119 2342; x_wconf 87' lang='lat' dir='ltr'>alternatim</span> 
     </span>
     <span class='ocr_line' id='line_1_25' title="bbox 562 2359 3112 2450; baseline -0.001 -20"><span class='ocrx_word' id='word_1_202' title='bbox 562 2359 828 2432; x_wconf 91' lang='lat' dir='ltr'>laetiori</span> <span class='ocrx_word' id='word_1_203' title='bbox 876 2383 1062 2443; x_wconf 89' lang='lat' dir='ltr'>voce,</span> <span class='ocrx_word' id='word_1_204' title='bbox 1118 2383 1198 2431; x_wconf 91' lang='lat' dir='ltr'>ac</span> <span class='ocrx_word' id='word_1_205' title='bbox 1236 2360 1296 2431; x_wconf 90' lang='lat' dir='ltr'>si</span> <span class='ocrx_word' id='word_1_206' title='bbox 1335 2361 1403 2430; x_wconf 91' lang='lat' dir='ltr'>in</span> <span class='ocrx_word' id='word_1_207' title='bbox 1447 2360 1617 2431; x_wconf 76' lang='lat' dir='ltr'>odeo</span> <span class='ocrx_word' id='word_1_208' title='bbox 1648 2361 1684 2396; x_wconf 69' lang='lat'>⁴*</span> <span class='ocrx_word' id='word_1_209' title='bbox 1721 2374 1971 2444; x_wconf 89' lang='lat' dir='ltr'>essent,</span> <span class='ocrx_word' id='word_1_210' title='bbox 2011 2361 2282 2432; x_wconf 87' lang='lat' dir='ltr'>audiret</span> <span class='ocrx_word' id='word_1_211' title='bbox 2312 2362 2777 2450; x_wconf 89' lang='lat' dir='ltr'>Hispanorum</span> <span class='ocrx_word' id='word_1_212' title='bbox 2816 2359 3112 2447; x_wconf 91' lang='lat' dir='ltr'>quidam</span> 
     </span>
     <span class='ocr_line' id='line_1_26' title="bbox 561 2449 3119 2542; baseline -0 -22"><span class='ocrx_word' id='word_1_213' title='bbox 561 2451 912 2534; x_wconf 80' lang='lat' dir='ltr'>tribunuS,</span> <span class='ocrx_word' id='word_1_214' title='bbox 964 2450 1083 2540; x_wconf 93' lang='lat' dir='ltr'>qui</span> <span class='ocrx_word' id='word_1_215' title='bbox 1137 2450 1435 2542; x_wconf 88' lang='lat' dir='ltr'>profecto</span> <span class='ocrx_word' id='word_1_216' title='bbox 1484 2463 1742 2521; x_wconf 89' lang='lat' dir='ltr'>tantam</span> <span class='ocrx_word' id='word_1_217' title='bbox 1794 2449 2174 2524; x_wconf 89' lang='lat' dir='ltr'>demiratus</span> <span class='ocrx_word' id='word_1_218' title='bbox 2213 2449 2664 2534; x_wconf 89' lang='lat' dir='ltr'>alacritatem,</span> <span class='ocrx_word' id='word_1_219' title='bbox 2709 2462 3119 2538; x_wconf 89' lang='lat' dir='ltr'>tantamque</span> 
     </span>
     <span class='ocr_line' id='line_1_27' title="bbox 561 2538 3114 2633; baseline -0.001 -24"><span class='ocrx_word' id='word_1_220' title='bbox 561 2542 634 2609; x_wconf 90' lang='lat' dir='ltr'>in</span> <span class='ocrx_word' id='word_1_221' title='bbox 669 2540 1093 2633; x_wconf 84' lang='lat' dir='ltr'>perferendis</span> <span class='ocrx_word' id='word_1_222' title='bbox 1142 2539 1342 2610; x_wconf 90' lang='lat' dir='ltr'>malis</span> <span class='ocrx_word' id='word_1_223' title='bbox 1372 2541 1855 2621; x_wconf 88' lang='lat' dir='ltr'>constantiam,</span> <span class='ocrx_word' id='word_1_224' title='bbox 1899 2540 2107 2622; x_wconf 90' lang='lat' dir='ltr'>illico,</span> <span class='ocrx_word' id='word_1_225' title='bbox 2153 2553 2231 2610; x_wconf 91' lang='lat' dir='ltr'>ut</span> <span class='ocrx_word' id='word_1_226' title='bbox 2264 2539 2755 2621; x_wconf 84' lang='lat' dir='ltr'>relaxarentur,</span> <span class='ocrx_word' id='word_1_227' title='bbox 2799 2550 3004 2625; x_wconf 87' lang='lat' dir='ltr'>atque</span> <span class='ocrx_word' id='word_1_228' title='bbox 3037 2538 3114 2606; x_wconf 91' lang='lat' dir='ltr'>in</span> 
     </span>
     <span class='ocr_line' id='line_1_28' title="bbox 564 2626 3116 2720; baseline -0.001 -21"><span class='ocrx_word' id='word_1_229' title='bbox 564 2630 673 2699; x_wconf 90' lang='lat' dir='ltr'>sui</span> <span class='ocrx_word' id='word_1_230' title='bbox 725 2630 1018 2720; x_wconf 86' lang='lat' dir='ltr'>gratiam</span> <span class='ocrx_word' id='word_1_231' title='bbox 1070 2628 1268 2699; x_wconf 89' lang='lat' dir='ltr'>liberi</span> <span class='ocrx_word' id='word_1_232' title='bbox 1333 2628 1890 2708; x_wconf 88' lang='lat' dir='ltr'>dimitterentur,</span> <span class='ocrx_word' id='word_1_233' title='bbox 1959 2651 1998 2698; x_wconf 92' lang='lat' dir='ltr'>a</span> <span class='ocrx_word' id='word_1_234' title='bbox 2057 2629 2653 2699; x_wconf 87' lang='lat' dir='ltr'>commilitonibus</span> <span class='ocrx_word' id='word_1_235' title='bbox 2718 2628 2864 2699; x_wconf 87' lang='lat' dir='ltr'>suis</span> <span class='ocrx_word' id='word_1_236' title='bbox 2910 2626 3116 2696; x_wconf 84' lang='lat' dir='ltr'>enixe</span> 
     </span>
     <span class='ocr_line' id='line_1_29' title="bbox 559 2713 3120 2820; baseline -0.002 -32"><span class='ocrx_word' id='word_1_237' title='bbox 559 2718 775 2820; x_wconf 89' lang='lat' dir='ltr'>petiit,</span> <span class='ocrx_word' id='word_1_238' title='bbox 829 2718 1288 2805; x_wconf 90' lang='lat' dir='ltr'>obtinuitque.</span> <span class='ocrx_word' id='word_1_239' title='bbox 1341 2718 1651 2787; x_wconf 89' lang='lat' dir='ltr'>Vinculis</span> <span class='ocrx_word' id='word_1_240' title='bbox 1700 2717 2039 2798; x_wconf 84' lang='lat' dir='ltr'>exsoluti,</span> <span class='ocrx_word' id='word_1_241' title='bbox 2100 2717 2185 2787; x_wconf 93' lang='lat' dir='ltr'>ad</span> <span class='ocrx_word' id='word_1_242' title='bbox 2237 2718 2499 2788; x_wconf 88' lang='lat' dir='ltr'>Tiberis</span> <span class='ocrx_word' id='word_1_243' title='bbox 2546 2719 2768 2809; x_wconf 89' lang='lat' dir='ltr'>ripam</span> <span class='ocrx_word' id='word_1_244' title='bbox 2821 2713 3120 2785; x_wconf 88' lang='lat' dir='ltr'>tendunt</span> 
     </span>
     <span class='ocr_line' id='line_1_30' title="bbox 559 2806 3117 2897; baseline -0.001 -20"><span class='ocrx_word' id='word_1_245' title='bbox 559 2806 805 2877; x_wconf 82' lang='lat' dir='ltr'>lncerti</span> <span class='ocrx_word' id='word_1_246' title='bbox 833 2808 1050 2876; x_wconf 89' lang='lat' dir='ltr'>animi</span> <span class='ocrx_word' id='word_1_247' title='bbox 1079 2828 1217 2893; x_wconf 90' lang='lat' dir='ltr'>quo</span> <span class='ocrx_word' id='word_1_248' title='bbox 1245 2806 1687 2897; x_wconf 87' lang='lat' dir='ltr'>potissimum</span> <span class='ocrx_word' id='word_1_249' title='bbox 1720 2807 2281 2888; x_wconf 82' lang='lat' dir='ltr'>transmitterent3</span> <span class='ocrx_word' id='word_1_250' title='bbox 2317 2829 2475 2877; x_wconf 87' lang='lat' dir='ltr'>cum</span> <span class='ocrx_word' id='word_1_251' title='bbox 2531 2828 2618 2877; x_wconf 91' lang='lat' dir='ltr'>ue</span> <span class='ocrx_word' id='word_1_252' title='bbox 2642 2815 3117 2876; x_wconf 88' lang='lat' dir='ltr'>commeatum</span> 
     </span>
     <span class='ocr_line' id='line_1_31' title="bbox 558 2893 3117 2986; baseline 0 -22"><span class='ocrx_word' id='word_1_253' title='bbox 558 2909 627 2965; x_wconf 91' lang='lat' dir='ltr'>et</span> <span class='ocrx_word' id='word_1_254' title='bbox 678 2896 1043 2986; x_wconf 88' lang='lat' dir='ltr'>pecuniam</span> <span class='ocrx_word' id='word_1_255' title='bbox 1111 2917 1245 2965; x_wconf 89' lang='lat' dir='ltr'>non</span> <span class='ocrx_word' id='word_1_256' title='bbox 1305 2894 1639 2965; x_wconf 86' lang='lat' dir='ltr'>haberent</span> <span class='ocrx_word' id='word_1_257' title='bbox 1672 2948 1687 2975; x_wconf 93' lang='lat'>‚</span> <span class='ocrx_word' id='word_1_258' title='bbox 1742 2893 1963 2964; x_wconf 90' lang='lat' dir='ltr'>adfuit</span> <span class='ocrx_word' id='word_1_259' title='bbox 2008 2895 2242 2964; x_wconf 85' lang='lat' dir='ltr'>divina</span> <span class='ocrx_word' id='word_1_260' title='bbox 2290 2895 2480 2983; x_wconf 90' lang='lat' dir='ltr'>provi</span> <span class='ocrx_word' id='word_1_261' title='bbox 2537 2895 2719 2965; x_wconf 89' lang='lat' dir='ltr'>entia</span> <span class='ocrx_word' id='word_1_262' title='bbox 2767 2893 2871 2963; x_wconf 87' lang='lat' dir='ltr'>vel</span> <span class='ocrx_word' id='word_1_263' title='bbox 2923 2894 3117 2984; x_wconf 86' lang='lat' dir='ltr'>ipsos</span> 
     </span>
     <span class='ocr_line' id='line_1_32' title="bbox 559 2982 3115 3074; baseline -0.001 -21"><span class='ocrx_word' id='word_1_264' title='bbox 559 3005 999 3074; x_wconf 86' lang='lat' dir='ltr'>aggressores</span> <span class='ocrx_word' id='word_1_265' title='bbox 1045 2983 1313 3053; x_wconf 90' lang='lat' dir='ltr'>interne</span> <span class='ocrx_word' id='word_1_266' title='bbox 1361 3005 1641 3073; x_wconf 90' lang='lat' dir='ltr'>movens</span> <span class='ocrx_word' id='word_1_267' title='bbox 1692 2982 1777 3052; x_wconf 90' lang='lat' dir='ltr'>ad</span> <span class='ocrx_word' id='word_1_268' title='bbox 1830 2984 2073 3073; x_wconf 88' lang='lat' dir='ltr'>stipem</span> <span class='ocrx_word' id='word_1_269' title='bbox 2125 2982 2309 3054; x_wconf 91' lang='lat' dir='ltr'>ultro</span> <span class='ocrx_word' id='word_1_270' title='bbox 2348 2984 2750 3072; x_wconf 90' lang='lat' dir='ltr'>itinerisque</span> <span class='ocrx_word' id='word_1_271' title='bbox 2779 2983 3115 3053; x_wconf 88' lang='lat' dir='ltr'>viaticum</span> 
     </span>
     <span class='ocr_line' id='line_1_33' title="bbox 559 3071 3118 3161; baseline -0.001 -20"><span class='ocrx_word' id='word_1_272' title='bbox 559 3072 1012 3161; x_wconf 90' lang='lat' dir='ltr'>erogandum.</span> <span class='ocrx_word' id='word_1_273' title='bbox 1068 3071 1236 3141; x_wconf 90' lang='lat' dir='ltr'>Inde</span> <span class='ocrx_word' id='word_1_274' title='bbox 1285 3072 1629 3142; x_wconf 89' lang='lat' dir='ltr'>venientes</span> <span class='ocrx_word' id='word_1_275' title='bbox 1660 3071 1745 3142; x_wconf 91' lang='lat' dir='ltr'>ad</span> <span class='ocrx_word' id='word_1_276' title='bbox 1783 3073 1964 3143; x_wconf 89' lang='lat' dir='ltr'>Ostia</span> <span class='ocrx_word' id='word_1_277' title='bbox 2000 3072 2319 3142; x_wconf 90' lang='lat' dir='ltr'>Tiberina</span> <span class='ocrx_word' id='word_1_278' title='bbox 2344 3128 2359 3156; x_wconf 91' lang='lat'>,</span> <span class='ocrx_word' id='word_1_279' title='bbox 2405 3078 2732 3144; x_wconf 77' lang='lat' dir='ltr'>venetum</span> <span class='ocrx_word' id='word_1_280' title='bbox 2766 3083 3118 3141; x_wconf 87' lang='lat' dir='ltr'>oratorem</span> 
     </span>
     <span class='ocr_line' id='line_1_34' title="bbox 559 3159 3117 3252; baseline -0 -22"><span class='ocrx_word' id='word_1_281' title='bbox 559 3161 918 3250; x_wconf 89' lang='lat' dir='ltr'>auspicato</span> <span class='ocrx_word' id='word_1_282' title='bbox 965 3159 1398 3232; x_wconf 84' lang='lat' dir='ltr'>offenderunt</span> <span class='ocrx_word' id='word_1_283' title='bbox 1448 3161 1516 3230; x_wconf 91' lang='lat' dir='ltr'>in</span> <span class='ocrx_word' id='word_1_284' title='bbox 1573 3161 1864 3252; x_wconf 91' lang='lat' dir='ltr'>patriam</span> <span class='ocrx_word' id='word_1_285' title='bbox 1914 3161 2325 3244; x_wconf 84' lang='lat' dir='ltr'>solventem,</span> <span class='ocrx_word' id='word_1_286' title='bbox 2379 3185 2418 3232; x_wconf 89' lang='lat' dir='ltr'>a</span> <span class='ocrx_word' id='word_1_287' title='bbox 2465 3183 2603 3249; x_wconf 91' lang='lat' dir='ltr'>quo</span> <span class='ocrx_word' id='word_1_288' title='bbox 2651 3161 2951 3252; x_wconf 86' lang='lat' dir='ltr'>benigne</span> <span class='ocrx_word' id='word_1_289' title='bbox 2999 3182 3117 3230; x_wconf 81' lang='lat' dir='ltr'>ex·</span> 
     </span>
     <span class='ocr_line' id='line_1_35' title="bbox 558 3248 3119 3339; baseline 0.001 -23"><span class='ocrx_word' id='word_1_290' title='bbox 558 3250 740 3339; x_wconf 87' lang='lat' dir='ltr'>cepti</span> <span class='ocrx_word' id='word_1_291' title='bbox 788 3262 854 3319; x_wconf 88' lang='lat' dir='ltr'>et</span> <span class='ocrx_word' id='word_1_292' title='bbox 902 3248 1273 3319; x_wconf 86' lang='lat' dir='ltr'>liberaliter</span> <span class='ocrx_word' id='word_1_293' title='bbox 1310 3249 1552 3330; x_wconf 88' lang='lat' dir='ltr'>habiti,</span> <span class='ocrx_word' id='word_1_294' title='bbox 1605 3250 1919 3320; x_wconf 81' lang='lat' dir='ltr'>venetias</span> <span class='ocrx_word' id='word_1_295' title='bbox 1967 3250 2243 3320; x_wconf 90' lang='lat' dir='ltr'>tandem</span> <span class='ocrx_word' id='word_1_296' title='bbox 2304 3251 2780 3321; x_wconf 88' lang='lat' dir='ltr'>obtinuerunt.</span> <span class='ocrx_word' id='word_1_297' title='bbox 2835 3250 2940 3319; x_wconf 92' lang='lat' dir='ltr'>Ibi</span> <span class='ocrx_word' id='word_1_298' title='bbox 2991 3270 3119 3339; x_wconf 91' lang='lat' dir='ltr'>per</span> 
     </span>
     <span class='ocr_line' id='line_1_36' title="bbox 561 3337 3119 3430; baseline 0 -23"><span class='ocrx_word' id='word_1_299' title='bbox 561 3359 786 3407; x_wconf 89' lang='lat' dir='ltr'>annos</span> <span class='ocrx_word' id='word_1_300' title='bbox 833 3337 1096 3425; x_wconf 88' lang='lat' dir='ltr'>aliquot</span> <span class='ocrx_word' id='word_1_301' title='bbox 1142 3338 1258 3407; x_wconf 92' lang='lat' dir='ltr'>Dei</span> <span class='ocrx_word' id='word_1_302' title='bbox 1306 3337 1613 3408; x_wconf 84' lang='lat' dir='ltr'>famulus</span> <span class='ocrx_word' id='word_1_303' title='bbox 1659 3352 2149 3421; x_wconf 83' lang='lat' dir='ltr'>commoratuS‚</span> <span class='ocrx_word' id='word_1_304' title='bbox 2201 3338 2654 3410; x_wconf 88' lang='lat' dir='ltr'>admirandae</span> <span class='ocrx_word' id='word_1_305' title='bbox 2689 3337 3119 3430; x_wconf 89' lang='lat' dir='ltr'>paupertatis</span> 
     </span>
     <span class='ocr_line' id='line_1_37' title="bbox 557 3425 3119 3516; baseline 0 -20"><span class='ocrx_word' id='word_1_306' title='bbox 557 3439 626 3496; x_wconf 90' lang='lat' dir='ltr'>et</span> <span class='ocrx_word' id='word_1_307' title='bbox 673 3427 985 3497; x_wconf 85' lang='lat' dir='ltr'>eoelestis</span> <span class='ocrx_word' id='word_1_308' title='bbox 1035 3426 1237 3515; x_wconf 88' lang='lat' dir='ltr'>plane</span> <span class='ocrx_word' id='word_1_309' title='bbox 1286 3428 1460 3496; x_wconf 85' lang='lat' dir='ltr'>vitae</span> <span class='ocrx_word' id='word_1_310' title='bbox 1507 3425 1761 3497; x_wconf 87' lang='lat' dir='ltr'>samam</span> <span class='ocrx_word' id='word_1_311' title='bbox 1814 3427 2135 3510; x_wconf 72' lang='lat' dir='ltr'>diffudit3</span> <span class='ocrx_word' id='word_1_312' title='bbox 2188 3451 2490 3516; x_wconf 87' lang='lat' dir='ltr'>cumque</span> <span class='ocrx_word' id='word_1_313' title='bbox 2543 3429 2820 3497; x_wconf 89' lang='lat' dir='ltr'>interim</span> <span class='ocrx_word' id='word_1_314' title='bbox 2879 3447 3119 3497; x_wconf 89' lang='lat' dir='ltr'>exem-</span> 
     </span>
     <span class='ocr_line' id='line_1_38' title="bbox 560 3515 3110 3617; baseline -0 -33"><span class='ocrx_word' id='word_1_315' title='bbox 560 3515 789 3617; x_wconf 89' lang='lat' dir='ltr'>plares</span> <span class='ocrx_word' id='word_1_316' title='bbox 821 3515 946 3585; x_wconf 89' lang='lat' dir='ltr'>hos</span> <span class='ocrx_word' id='word_1_317' title='bbox 979 3515 1270 3586; x_wconf 87' lang='lat' dir='ltr'>Clericos</span> <span class='ocrx_word' id='word_1_318' title='bbox 1302 3515 1605 3586; x_wconf 92' lang='lat' dir='ltr'>habendi</span> <span class='ocrx_word' id='word_1_319' title='bbox 1645 3516 1989 3588; x_wconf 91' lang='lat' dir='ltr'>desiderio</span> <span class='ocrx_word' id='word_1_320' title='bbox 2023 3518 2326 3609; x_wconf 88' lang='lat' dir='ltr'>flagrans</span> <span class='ocrx_word' id='word_1_321' title='bbox 2359 3516 2804 3607; x_wconf 84' lang='lat' dir='ltr'>Neapolitana</span> <span class='ocrx_word' id='word_1_322' title='bbox 2839 3516 3110 3597; x_wconf 91' lang='lat' dir='ltr'>civitas,</span> 
     </span>
     <span class='ocr_line' id='line_1_39' title="bbox 560 3603 3117 3696; baseline 0 -23"><span class='ocrx_word' id='word_1_323' title='bbox 560 3606 967 3695; x_wconf 72' lang='lat' dir='ltr'>interposita</span> <span class='ocrx_word' id='word_1_324' title='bbox 1014 3603 1323 3692; x_wconf 85' lang='lat' dir='ltr'>ejusdem</span> <span class='ocrx_word' id='word_1_325' title='bbox 1377 3605 1742 3676; x_wconf 88' lang='lat' dir='ltr'>Clementis</span> <span class='ocrx_word' id='word_1_326' title='bbox 1772 3610 1888 3675; x_wconf 87' lang='lat' dir='ltr'>VII</span> <span class='ocrx_word' id='word_1_327' title='bbox 1934 3606 2359 3689; x_wconf 88' lang='lat' dir='ltr'>auctoritate,</span> <span class='ocrx_word' id='word_1_328' title='bbox 2395 3606 2464 3675; x_wconf 88' lang='lat' dir='ltr'>id</span> <span class='ocrx_word' id='word_1_329' title='bbox 2502 3606 2775 3696; x_wconf 87' lang='lat' dir='ltr'>egisset,</span> <span class='ocrx_word' id='word_1_330' title='bbox 2830 3616 2906 3675; x_wconf 89' lang='lat' dir='ltr'>ut</span> <span class='ocrx_word' id='word_1_331' title='bbox 2942 3603 3117 3674; x_wconf 90' lang='lat' dir='ltr'>illuc</span> 
     </span>
     <span class='ocr_line' id='line_1_40' title="bbox 561 3693 3117 3786; baseline 0.001 -25"><span class='ocrx_word' id='word_1_332' title='bbox 561 3693 864 3783; x_wconf 87' lang='lat' dir='ltr'>migrare</span> <span class='ocrx_word' id='word_1_333' title='bbox 912 3714 990 3762; x_wconf 88' lang='lat' dir='ltr'>ac</span> <span class='ocrx_word' id='word_1_334' title='bbox 1039 3693 1471 3763; x_wconf 88' lang='lat' dir='ltr'>domicilium</span> <span class='ocrx_word' id='word_1_335' title='bbox 1521 3695 1731 3786; x_wconf 88' lang='lat' dir='ltr'>figere</span> <span class='ocrx_word' id='word_1_336' title='bbox 1781 3716 1902 3784; x_wconf 90' lang='lat' dir='ltr'>per</span> <span class='ocrx_word' id='word_1_337' title='bbox 1948 3695 2406 3766; x_wconf 89' lang='lat' dir='ltr'>obedientiam</span> <span class='ocrx_word' id='word_1_338' title='bbox 2448 3707 2903 3776; x_wconf 88' lang='lat' dir='ltr'>arctarentur,</span> <span class='ocrx_word' id='word_1_339' title='bbox 2951 3714 3117 3783; x_wconf 88' lang='lat' dir='ltr'>pro-</span> 
     </span>
     <span class='ocr_line' id='line_1_41' title="bbox 557 3781 3119 3884; baseline -0 -32"><span class='ocrx_word' id='word_1_340' title='bbox 557 3781 839 3884; x_wconf 79' lang='lat' dir='ltr'>fectioni</span> <span class='ocrx_word' id='word_1_341' title='bbox 886 3795 952 3851; x_wconf 91' lang='lat' dir='ltr'>et</span> <span class='ocrx_word' id='word_1_342' title='bbox 980 3783 1253 3852; x_wconf 88' lang='lat' dir='ltr'>muneri</span> <span class='ocrx_word' id='word_1_343' title='bbox 1286 3783 1647 3884; x_wconf 70' lang='lat' dir='ltr'>cajetanus</span> <span class='ocrx_word' id='word_1_344' title='bbox 1672 3783 1976 3873; x_wconf 89' lang='lat' dir='ltr'>eligitur,</span> <span class='ocrx_word' id='word_1_345' title='bbox 2033 3806 2113 3854; x_wconf 88' lang='lat' dir='ltr'>ac</span> <span class='ocrx_word' id='word_1_346' title='bbox 2161 3806 2374 3854; x_wconf 85' lang='lat' dir='ltr'>novae</span> <span class='ocrx_word' id='word_1_347' title='bbox 2404 3783 2596 3854; x_wconf 90' lang='lat' dir='ltr'>illius</span> <span class='ocrx_word' id='word_1_348' title='bbox 2628 3783 2879 3854; x_wconf 90' lang='lat' dir='ltr'>domus</span> <span class='ocrx_word' id='word_1_349' title='bbox 2918 3803 3119 3874; x_wconf 88' lang='lat' dir='ltr'>prae-</span> 
     </span>
     <span class='ocr_line' id='line_1_42' title="bbox 554 3884 2496 3963; baseline -0.001 -22"><span class='ocrx_word' id='word_1_350' title='bbox 554 3885 826 3963; x_wconf 82' lang='lat' dir='ltr'>posttus</span> <span class='ocrx_word' id='word_1_351' title='bbox 861 3884 1091 3962; x_wconf 88' lang='lat' dir='ltr'>postea</span> <span class='ocrx_word' id='word_1_352' title='bbox 1135 3885 1663 3962; x_wconf 79' lang='lat' dir='ltr'>pronunciatur.</span> <span class='ocrx_word' id='word_1_353' title='bbox 2495 3948 2496 3951; x_wconf 8' lang='grc' dir='ltr'><strong>Ἴ</strong></span> 
     </span>
    </p>

    <p class='ocr_par' dir='ltr' id='par_1_5' title="bbox 553 3960 3115 4409">
     <span class='ocr_line' id='line_1_43' title="bbox 643 3960 3111 4053; baseline -0.001 -21"><span class='ocrx_word' id='word_1_354' title='bbox 643 3963 680 4049; x_wconf 66' lang='grc' dir='ltr'>ξ</span> <span class='ocrx_word' id='word_1_355' title='bbox 727 3965 803 4032; x_wconf 62' lang='lat'>2.</span> <span class='ocrx_word' id='word_1_356' title='bbox 860 3966 1088 4042; x_wconf 87' lang='lat' dir='ltr'>Porro,</span> <span class='ocrx_word' id='word_1_357' title='bbox 1133 3974 1211 4031; x_wconf 91' lang='lat' dir='ltr'>ut</span> <span class='ocrx_word' id='word_1_358' title='bbox 1242 3961 1411 4031; x_wconf 90' lang='lat' dir='ltr'>tanti</span> <span class='ocrx_word' id='word_1_359' title='bbox 1447 3961 1574 4031; x_wconf 91' lang='lat' dir='ltr'>viri</span> <span class='ocrx_word' id='word_1_360' title='bbox 1626 3961 1910 4031; x_wconf 89' lang='lat' dir='ltr'>virtutes</span> <span class='ocrx_word' id='word_1_361' title='bbox 1940 3960 2257 4053; x_wconf 87' lang='lat' dir='ltr'>egregiae</span> <span class='ocrx_word' id='word_1_362' title='bbox 2305 3961 2760 4044; x_wconf 88' lang='lat' dir='ltr'>innotescant,</span> <span class='ocrx_word' id='word_1_363' title='bbox 2804 3970 3111 4052; x_wconf 89' lang='lat' dir='ltr'>praestat</span> 
     </span>
     <span class='ocr_line' id='line_1_44' title="bbox 553 4049 3114 4141; baseline 0 -23"><span class='ocrx_word' id='word_1_364' title='bbox 553 4070 670 4119; x_wconf 89' lang='lat' dir='ltr'>eas</span> <span class='ocrx_word' id='word_1_365' title='bbox 708 4049 890 4120; x_wconf 90' lang='lat' dir='ltr'>ultra</span> <span class='ocrx_word' id='word_1_366' title='bbox 924 4072 1007 4119; x_wconf 91' lang='lat' dir='ltr'>su</span> <span class='ocrx_word' id='word_1_367' title='bbox 1059 4050 1246 4121; x_wconf 88' lang='lat' dir='ltr'>erius</span> <span class='ocrx_word' id='word_1_368' title='bbox 1293 4049 1629 4121; x_wconf 83' lang='lat' dir='ltr'>delibatas</span> <span class='ocrx_word' id='word_1_369' title='bbox 1665 4051 2064 4120; x_wconf 88' lang='lat' dir='ltr'>summatim</span> <span class='ocrx_word' id='word_1_370' title='bbox 2115 4070 2541 4139; x_wconf 91' lang='lat' dir='ltr'>percurrere,</span> <span class='ocrx_word' id='word_1_371' title='bbox 2594 4072 2732 4138; x_wconf 90' lang='lat' dir='ltr'>quo</span> <span class='ocrx_word' id='word_1_372' title='bbox 2774 4072 2897 4141; x_wconf 90' lang='lat' dir='ltr'>per</span> <span class='ocrx_word' id='word_1_373' title='bbox 2929 4049 3114 4119; x_wconf 89' lang='lat' dir='ltr'>viam</span> 
     </span>
     <span class='ocr_line' id='line_1_45' title="bbox 554 4071 3115 4230; baseline 0 -23"><span class='ocrx_word' id='word_1_374' title='bbox 554 4138 799 4208; x_wconf 87' lang='lat' dir='ltr'>salutis</span> <span class='ocrx_word' id='word_1_375' title='bbox 845 4071 1327 4209; x_wconf 56' lang='lat' dir='ltr'>ineegentibus</span> <span class='ocrx_word' id='word_1_376' title='bbox 1373 4161 1523 4211; x_wconf 89' lang='lat' dir='ltr'>esse</span> <span class='ocrx_word' id='word_1_377' title='bbox 1571 4139 1841 4209; x_wconf 85' lang='lat' dir='ltr'>valeant</span> <span class='ocrx_word' id='word_1_378' title='bbox 1885 4138 2223 4229; x_wconf 83' lang='lat' dir='ltr'>exemplo.</span> <span class='ocrx_word' id='word_1_379' title='bbox 2277 4144 2369 4209; x_wconf 87' lang='lat' dir='ltr'>Ea</span> <span class='ocrx_word' id='word_1_380' title='bbox 2418 4139 2488 4209; x_wconf 91' lang='lat' dir='ltr'>in</span> <span class='ocrx_word' id='word_1_381' title='bbox 2540 4140 2790 4230; x_wconf 89' lang='lat' dir='ltr'>primis</span> <span class='ocrx_word' id='word_1_382' title='bbox 2833 4139 3115 4210; x_wconf 87' lang='lat' dir='ltr'>divinae</span> 
     </span>
     <span class='ocr_line' id='line_1_46' title="bbox 553 4227 3113 4319; baseline 0 -23"><span class='ocrx_word' id='word_1_383' title='bbox 553 4227 910 4296; x_wconf 90' lang='lat' dir='ltr'>charitatis</span> <span class='ocrx_word' id='word_1_384' title='bbox 957 4229 1240 4298; x_wconf 71' lang='lat' dir='ltr'>flamma</span> <span class='ocrx_word' id='word_1_385' title='bbox 1271 4283 1286 4309; x_wconf 94' lang='lat'>,</span> <span class='ocrx_word' id='word_1_386' title='bbox 1338 4234 1548 4317; x_wconf 87' lang='lat' dir='ltr'>quam</span> <span class='ocrx_word' id='word_1_387' title='bbox 1590 4227 2014 4319; x_wconf 74' lang='lat' dir='ltr'>jamdudum</span> <span class='ocrx_word' id='word_1_388' title='bbox 2073 4228 2143 4298; x_wconf 90' lang='lat' dir='ltr'>in</span> <span class='ocrx_word' id='word_1_389' title='bbox 2206 4227 2511 4318; x_wconf 85' lang='lat' dir='ltr'>praefato</span> <span class='ocrx_word' id='word_1_390' title='bbox 2561 4227 2783 4298; x_wconf 91' lang='lat' dir='ltr'>Divini</span> <span class='ocrx_word' id='word_1_391' title='bbox 2845 4228 3113 4298; x_wconf 79' lang='lat' dir='ltr'>Amoris</span> 
     </span>
     <span class='ocr_line' id='line_1_47' title="bbox 557 4314 3114 4409; baseline 0.001 -24"><span class='ocrx_word' id='word_1_392' title='bbox 557 4314 874 4385; x_wconf 89' lang='lat' dir='ltr'>sodalitio</span> <span class='ocrx_word' id='word_1_393' title='bbox 920 4328 1347 4406; x_wconf 88' lang='lat' dir='ltr'>conceperat,</span> <span class='ocrx_word' id='word_1_394' title='bbox 1393 4318 1771 4398; x_wconf 88' lang='lat' dir='ltr'>aestuabat,</span> <span class='ocrx_word' id='word_1_395' title='bbox 1809 4330 1888 4388; x_wconf 90' lang='lat' dir='ltr'>ut</span> <span class='ocrx_word' id='word_1_396' title='bbox 1916 4318 2096 4387; x_wconf 89' lang='lat' dir='ltr'>intra</span> <span class='ocrx_word' id='word_1_397' title='bbox 2132 4317 2428 4409; x_wconf 88' lang='lat' dir='ltr'>pectoris</span> <span class='ocrx_word' id='word_1_398' title='bbox 2476 4317 2707 4387; x_wconf 90' lang='lat' dir='ltr'>sinum</span> <span class='ocrx_word' id='word_1_399' title='bbox 2772 4316 3114 4387; x_wconf 89' lang='lat' dir='ltr'>contineri</span> 
     </span>
    </p>
   </div>
   <div class='ocr_carea' id='block_1_4' title="bbox 610 4439 2577 4489">
    <p class='ocr_par' dir='ltr' id='par_1_6' title="bbox 610 4439 2577 4489">
     <span class='ocr_line' id='line_1_48' title="bbox 610 4439 2577 4489; baseline 0.001 -6"><span class='ocrx_word' id='word_1_400' title='bbox 610 4442 634 4464; x_wconf 77' lang='lat'>¹·</span> <span class='ocrx_word' id='word_1_401' title='bbox 669 4440 825 4483; x_wconf 64' lang='lat' dir='ltr'>odeum</span> <span class='ocrx_word' id='word_1_402' title='bbox 846 4442 1091 4483; x_wconf 74' lang='lat' dir='ltr'>Vitruvius</span> <span class='ocrx_word' id='word_1_403' title='bbox 1107 4439 1229 4484; x_wconf 75' lang='lat' dir='ltr'>dixit</span> <span class='ocrx_word' id='word_1_404' title='bbox 1245 4443 1484 4484; x_wconf 73' lang='lat' dir='ltr'>theatrum</span> <span class='ocrx_word' id='word_1_405' title='bbox 1513 4444 1706 4489; x_wconf 79' lang='lat' dir='ltr'>tectum,</span> <span class='ocrx_word' id='word_1_406' title='bbox 1722 4444 2029 4486; x_wconf 72' lang='lat' dir='ltr'>concentibus</span> <span class='ocrx_word' id='word_1_407' title='bbox 2057 4442 2252 4485; x_wconf 74' lang='lat' dir='ltr'>musicis</span> <span class='ocrx_word' id='word_1_408' title='bbox 2272 4444 2577 4485; x_wconf 70' lang='lat' dir='ltr'>destinatum.</span> 
     </span>
    </p>
   </div>
  </div>
 </body>
</html>
