3308 5004
741 279 869 346 654
1374 297 1454 344 nt
1501 296 1558 344 s.
1611 294 1921 348 umato
1967 296 2170 348 nme.
2221 293 2488 347 Anum.
2871 278 3070 346 fflG.
3111 281 3198 346 27

649 392 1154 474 prosterneret,
1209 392 1448 472 petens
1484 395 1572 452 tut
1616 380 1868 453 ablatis
1905 382 2041 454 sihi
2067 380 2399 473 capillis,
2451 393 2866 469 mutatoque
2901 381 3200 461 habim.

649 469 1151 560 divinoipsum
1193 469 1480 541 antistes
1526 470 1803 542 servitio
1842 471 2270 561 manciparet
2296 526 2314 551 ,
2375 492 2465 541 ne
2501 483 2848 562 pateretur
2890 468 3206 546 ultrum

650 580 698 631 a
725 558 1252 652 parantibus-ad
1302 558 1695 650 praedium,
1733 560 2167 660 affectusque
2193 559 2529 651 pristinos
2578 560 2903 630 revocari.
2947 564 3204 651 Agame

646 669 813 740 ergo
836 647 1169 720 'Pontifice
1199 649 1458 740 gratias
1490 648 1782 730 Christo,
1825 648 2018 721 nulla
2043 648 2295 740 injecta
2324 660 2428 719 est
2460 648 2634 718 votis
2662 647 3199 738 optimis-mora:

644 758 944 824 cumque
970 736 1074 808 ihi
1108 737 1390 809 biennio
1428 749 1548 809 aut
1567 759 1659 810 eo
1686 736 1996 830 amplius
2037 739 2176 809 sub
2207 737 2340 810 hac
2371 737 2808 809 inchoatione
2837 737 3198 819 seruisset,

643 826 1213 918 divinaegratiae
1251 827 2003 918 instincmmemnotus,
2039 826 2374 898 deliberat
2415 825 2681 899 arctius
2723 847 2877 898 sese
2915 827 3203 917 expedi-

643 915 946 1003 tiusque,
994 915 1486 986 convenienter
1528 928 1770 987 sancto
1806 914 2196 1008 Evangelio,
2252 915 2489 988 divino
2527 914 2794 986 tradem
2831 914 3102 997 cultui,
3146 929 3204 987 et

645 1005 839 1096 regni
879 1003 1193 1077 coelestis
1225 1025 1483 1086 amore,
1526 1027 1668 1077 non
1718 1004 1946 1078 solnm
1996 1005 2402 1095 parentibus
2435 1060 2451 1087 ‚
2501 1003 2626 1075 sod
2672 1004 2881 1078 etiam
2939 1005 3201 1095 patriae

639 1115 716 1164 se
751 1105 1148 1165 extraneum
1197 1092 1540 1164 exhibere.

734 1184 772 1271 ξ
811 1187 911 1253 Q.
964 1187 1246 1284 arrepta
1293 1183 1525 1271 itaque
1563 1181 1942 1254 salubriter
1980 1181 2294 1274 fugiendi
2336 1181 2424 1252 de
2465 1180 2687 1252 seculi
2732 1182 3196 1281 compedibus

641 1270 974 1352 libertate,
1010 1271 1361 1343 Lis-mense
1388 1271 1886 1344 monasterium
1925 1271 1960 1306 ⁸
2009 1284 2156 1361 tyzro
2202 1283 2485 1343 sanetus
2511 1271 2835 1359 expetiit.
2889 1277 3196 1360 Gmnqne

637 1359 769 1431 iter
811 1382 972 1430 cum
1021 1381 1162 1431 uno
1208 1367 1479 1431 tantum
1520 1359 1782 1432 famulo
1830 1359 2018 1431 socio
2049 1372 2319 1450 ageret,
2370 1371 2437 1430 et
2471 1381 2705 1430 coram
2761 1359 3192 1447 inquisitori·

636 1449 795 1530 bus,
847 1450 937 1518 ab
981 1449 1133 1536 ejus
1178 1462 1403 1519 matre
1450 1448 1685 1520 missis
1715 1503 1731 1531 ,
1785 1449 2044 1521 flumen
2098 1449 2466 1528 transiret,
2524 1449 2717 1520 visus
2754 1447 2846 1518 ab
2903 1449 3026 1520 eis
3069 1471 3185 1519 nan

636 1549 761 1609 est.
814 1537 1143 1608 Diabolus
1190 1558 1350 1608 vero
1395 1537 1468 1608 in
1518 1537 1894 1625 quemdam
1954 1538 2288 1609 miserum
2337 1538 2721 1628 ingressus,
2761 1549 2835 1607 et
2870 1538 3050 1628 ejus
3081 1539 3187 1610 iter

636 1625 1036 1714 insequens,
1093 1625 1242 1697 sine
1289 1627 1674 1708 cessatione
1705 1648 1746 1697 a
1781 1638 1983 1726 tergo
2029 1626 2223 1700 illius
2261 1625 2651 1697 clamabat:
2703 1628 3023 1706 caesari,
3069 1649 3181 1697 nou

635 1714 871 1787 vadas.
925 1719 1141 1798 Quem
1193 1713 1333 1795 ille,
1387 1728 1699 1805 porrecto
1753 1715 1817 1785 ei
1867 1714 2132 1786 bibenti
2191 1713 2439 1803 poculo
2485 1713 2898 1797 benedictO,
2972 1718 3180 1786 statim

637 1803 929 1874 curavit.
962 1802 1155 1886 Quod
1191 1825 1228 1872 a
1265 1816 1643 1874 memorato
1675 1804 1829 1894 ejus
1856 1804 2107 1874 comite
2138 1802 2469 1875 referente
2497 1818 2979 1894 compertum,
3017 1827 3179 1874 eam·

636 1913 798 1981 que,
851 1892 1178 1973 constitit,
1234 1890 1435 1961 illum
1493 1893 1791 1983 primam
1847 1891 2091 1963 fecisse
2138 1892 2486 1974 virtutem,
2551 1891 2693 1963 sive
2735 1893 3173 1966 miraculum.

637 1985 1013 2071 Susceptus
1058 1979 1275 2071 igitur
1316 2003 1359 2050 a
1407 1984 1473 2051 S.
1524 1981 1896 2052 Porchario
1937 1981 2063 2082 (1.)
2097 1981 2354 2053 Abbate
2383 1994 2452 2050 et
2489 2003 2529 2051 a
2576 1981 2861 2051 cunctis
2902 1982 3172 2052 seniori·

633 2070 791 2151 bus,
842 2069 1066 2158 coepit
1092 2091 1242 2141 esse
1282 2081 1645 2160 promptus
1673 2071 1744 2139 in
1777 2069 2056 2160 viginis,
2103 2071 2177 2139 in
2207 2069 2683 2141 observatione
2729 2069 3078 2151 solicitus,
3111 2070 3164 2138 in

629 2158 1022 2229 obedientia
1058 2156 1375 2238 festinus,
1416 2158 1485 2228 in
1523 2158 1757 2229 labore
1785 2158 2094 2239 devotus,
2148 2158 2220 2229 in
2269 2158 2662 2229 humilitate
2710 2160 3161 2250 praecipium.

633 2247 703 2317 in
738 2247 1272 2318 mansuetudine
1302 2246 1720 2338 singularis:
1773 2247 1868 2317 ita
1915 2260 1992 2316 ut
2036 2268 2245 2336 quem
2295 2246 2806 2319 instituendum
2870 2268 3162 2337 suscepe-
3253 2273 3254 2276 ¹

630 2347 785 2407 rant
836 2336 904 2406 in
954 2335 1366 2426 disciplinae
1414 2335 1755 2427 regularis
1789 2335 2031 2418 initiis,
2087 2334 2463 2437 perfectum
2502 2357 2575 2406 se
2614 2336 2964 2407 invenisse
2999 2356 3155 2424 gau·

628 2423 867 2494 derent
906 2425 974 2494 in
1009 2424 1218 2495 totius
1264 2424 1718 2495 institutionis
1747 2436 2168 2516 augmentis.
2203 2430 2442 2514 Itaque
2480 2437 2632 2515 post
2670 2425 2877 2495 breve
2901 2438 3145 2512 tempus

631 2514 703 2583 in
739 2536 864 2584 con
924 2514 1294 2605 regationis
1339 2513 1706 2584 cellarium
1740 2514 2043 2606 eligitur.
2097 2516 2330 2606 Coepit
2376 2514 2591 2604 igitur
2628 2527 2876 2585 attente
2911 2524 2978 2580 et
3008 2522 3142 2581 stu·

629 2602 823 2674 diose
872 2537 1011 2672 illis
1051 2602 1219 2673 velle
1267 2603 1370 2672 lar
1420 2603 1531 2683 iri,
1584 2603 1846 2691 quibus
1893 2616 2073 2674 esset
2119 2604 2613 2684 necessarium,
2648 2600 2922 2673 etiamsi
2955 2597 3148 2669 absti-

627 2693 902 2763 nentiae
947 2714 1181 2763 amore
1228 2691 1375 2761 nihi
1492 2703 1790 2772 eterent;
1859 2692 2120 2779 quibus
2181 2713 2339 2762 vero
2400 2705 2822 2783 cognoverat
2875 2709 3160 2761 necessa-

628 2781 811 2851 rium
840 2803 977 2851 non
1012 2802 1184 2861 esse,
1219 2780 1392 2850 nihil
1468 2780 1650 2860 abat,
1688 2780 2008 2868 quamvis
2042 2781 2295 2851 vellent
2314 2782 2650 2870 accipere.
2686 2780 2892 2851 Unde
2923 2779 3162 2850 factum

625 2882 754 2950 est,
809 2882 886 2940 ut
944 2869 1202 2957 quibus
1256 2869 1479 2940 invisa
1523 2880 1672 2939 erat
1719 2879 1962 2939 sancta
2006 2869 2330 2941 discretio
2357 2882 2428 2940 et
2481 2868 2900 2951 moderati0,
2951 2866 3171 2941 Abbati

626 2958 1122 3049 supplicarent,
1175 2971 1253 3028 ut
1297 2979 1457 3028 eum
1508 2981 1544 3028 a
1581 2957 1853 3029 Cellarii
1901 2956 2255 3030 functione
2302 2968 2702 3039 removeren
2747 2958 2951 3047 quod
2987 2958 3172 3029 etiam

626 3045 888 3117 factum
948 3058 1071 3117 est.
1118 3052 1274 3117 Mox
1321 3068 1401 3117 ea
1466 3050 1638 3117 cura
1685 3046 2019 3118 liberatus
2053 3101 2069 3128 ‚
2138 3046 2533 3135 usqueadeo
2593 3068 2748 3117 sese
2807 3061 3058 3139 optata
3093 3045 3180 3116 le·

624 3133 860 3293 fandi,
904 3136 1171 3217 orandi,
1225 3135 1562 3227 vigilandi
1608 3135 2016 3208 assiduitate
2067 3137 2458 3218 maceravit,
2510 3149 2588 3207 ut
2626 3135 3002 3209 imbecille
3035 3134 3181 3206 ado-

652 3223 993 3293 escentiae
1016 3245 1314 3315 corpus,
1351 3224 1537 3312 quod
1570 3223 1797 3295 fovere
1823 3225 2076 3316 potius»,
2101 3247 2313 3313 quam
2347 3224 2691 3297 conficere
2719 3240 2789 3296 et
2825 3225 3186 3299 debilitare

622 3313 1003 3402 oportebat,
1035 3312 1407 3384 immodica
1448 3312 1818 3384 afflictione
1845 3325 2164 3384 curvaret
2194 3327 2260 3385 et
2288 3313 2655 3405 frangeret,
2690 3314 2972 3407 exigua
2995 3314 3188 3387 oleris

622 3422 748 3471 seu
796 3400 1174 3491 pulticulae
1224 3402 1537 3473 coctione
1571 3455 1586 3482 ,
1648 3423 1862 3490 quam
1912 3402 2271 3474 Dominioa
2314 3402 2430 3474 die
2479 3404 2799 3494 parabat,
2829 3429 3096 3496 ‹usque
3125 3404 3191 3475 in

619 3489 830 3561 aliam
861 3491 1291 3562 Dominicam
1326 3502 1717 3562 contentus.

706 3581 745 3668 ἓ
785 3584 883 3652 8.
930 3584 1149 3667 Atque
1178 3579 1349 3650 haec
1397 3580 1469 3650 in
1510 3578 1684 3670 ipsis
1723 3579 2144 3650 monasticae
2191 3580 2366 3651 vitae
2409 3579 2714 3651 exordiis
2758 3584 3192 3656 meritorum

617 3669 769 3759 ejus
817 3669 997 3739 bona
1045 3668 1322 3750 fulsere,
1365 3689 1544 3756 quae
1579 3667 1909 3759 deinceps
1937 3690 2062 3759 per
2087 3674 2367 3740 omnem
2417 3669 2625 3740 vitam
2661 3670 3198 3764 multiplieilm

621 3769 1015 3830 suntaucta
1062 3758 1457 3829 virtutibus.
1509 3762 1635 3828 eor
1685 3758 1826 3829 oris
1861 3758 2050 3828 onim
2107 3757 2382 3829 detrivit
2429 3760 2663 3840 robur,
2719 3772 2808 3831 ut
2871 3764 2992 3835 vir

618 3846 932 3939 spiritus,
986 3848 1133 3938 spei
1158 3859 1232 3918 et
1283 3846 1447 3918 fidei
1490 3846 1624 3918 soli
1675 3848 1839 3918 itate
1875 3846 2207 3930 firmaret,
2257 3860 2348 3931 et,
2391 3860 2470 3919 ut
2513 3848 2611 3919 ait
2646 3774 3198 3938 Apostnlm

618 3936 845 4027 seipso
878 3937 1012 4008 sibi
1046 3936 1508 4027 triumphans,
1552 3957 1881 4008 coronam
1929 3935 2226 4028 adipisci
2256 3948 2674 4008 mereretur:
2727 3938 2848 4011 int
2946 3941 2964 3953 “
3061 3942 3080 3954 “

617 4023 886 4095 homini
928 4025 1333 4097 exteriorem
1373 4024 1722 4108 subdenS,
1785 4025 2199 4116 praestantis
2251 4025 2472 4097 animi
2519 4025 2860 4116 imperiis

615 4113 925 4205 corporis
971 4115 1416 4186 incitamenta
1448 4114 1796 4186 domaret.
1841 4114 1980 4185 {Sed
2031 4114 2308 4186 interim
2343 4126 2572 4187 tamen
2609 4117 3196 4197 stomachffiffli·

616 4214 868 4285 scente,
907 4203 976 4274 in
1018 4215 1427 4292 quartanam
1462 4202 1740 4276 febrem
1786 4202 2032 4276 incidit
2051 4226 2072 4269 :f
2103 4226 2411 4293 cumque
2429 4217 2733 4279 :sanctus
2751 4206 3198 4301 Abhusq‘ns

674 4421 700 4448 ’
728 4421 792 4462 De
814 4430 906 4471 quo
925 4422 1067 4464 verba
1085 4421 1283 4464 fecimus
1306 4422 1354 4465 in
1374 4423 1475 4465 Vol.
1498 4432 1529 4470 ι.
1546 4434 1592 4475 p.
1613 4424 1703 4466 us.
