3308 5004
686 311 818 377 666
1289 327 1369 374 nx
1416 327 1473 374 s.
1524 324 1834 375 cusum
1881 326 2081 376 nrtsc.
2131 326 2399 376 ΑιιιΑτ.
2823 305 3015 374 Ano.
3077 308 3162 372 τι·

596 419 663 483 S.
716 411 1097 483 Eucherius
1137 410 1622 513 Lugdunensis
1667 411 2050 502 Episcopus
2095 433 2258 483 cum
2307 411 2427 482 illo
2455 421 2626 482 erat.
2675 410 2942 482 Accidit
2970 422 3160 488 tum,

593 513 675 573 ut
726 502 795 571 in
829 501 1055 571 media
1094 500 1199 570 via
1236 499 1475 570 infelix
1504 512 1572 571 et
1626 500 1940 571 morbida
2000 500 2249 571 mulier
2301 501 2402 571 eis
2451 511 2865 581 occurreret,
2921 500 3168 569 mani·

595 591 733 661 hus
776 603 843 660 et
891 589 1184 681 pedibus
1219 589 1631 671 contractiS‚
1688 611 1812 679 per
1858 602 2107 660 terram
2149 601 2453 681 reptans.
2505 595 2722 672 Quam
2771 609 2936 659 cum
2980 600 3174 659 esset

595 680 895 751 intuitus
928 680 1173 750 beatus
1219 677 1602 760 Caesarius,
1654 678 2099 769 interrogavit
2138 691 2458 751 sanctum
2493 676 2939 757 Eucherium,
2987 676 3170 765 quid

595 768 728 840 hoc
773 781 975 848 esset,
1013 766 1199 855 quod
1241 767 1358 837 illa
1409 788 1532 858 per
1578 779 1827 837 terram
1880 767 1975 838 ita
2022 790 2096 838 se
2143 768 2463 837 traheret.
2517 766 2897 838 Eucherius
2937 765 3172 836 inter·

597 870 795 959 rogat
832 857 1231 939 foeminam,
1273 855 1391 926 illa
1430 855 1800 946 respondet
1832 877 1905 926 se
1943 855 2187 926 multis
2219 856 2422 927 annis
2459 855 2789 927 membris
2823 855 3174 924 omnibus

597 946 813 1017 fuisse
859 957 1307 1017 contractam.
1361 948 1608 1015 Beatus
1663 945 2022 1016 Caesarius
2071 945 2239 1016 dicit
2291 958 2528 1015 sancto
2594 943 2981 1015 Eucherio:
3044 947 3170 1014 De·

597 1035 874 1114 scende,
926 1046 992 1104 et
1038 1033 1373 1125 consigna
1418 1055 1597 1103 eam.
1650 1033 1779 1103 Illo
1810 1034 2012 1121 quasi
2054 1033 2438 1125 trepidante
2469 1046 2537 1103 et
2567 1045 2947 1103 excusante
2983 1055 3166 1108 sese.

597 1124 956 1195 Caesarius
1004 1124 1211 1193 instat
1256 1135 1324 1191 et
1370 1134 1589 1214 urget.
1645 1122 1946 1192 Tandem
2001 1123 2386 1194 Eucherius
2432 1122 2826 1202 descendit,
2875 1134 2954 1192 et
3006 1143 3171 1193 con·

600 1214 831 1304 signat
875 1234 1054 1292 eam,
1107 1211 1384 1299 aitque:
1440 1216 1609 1281 Ecce
1653 1209 1808 1294 feci,
1846 1211 2030 1299 quod
2073 1212 2359 1285 ‘ussisti.
2414 1212 2587 1282 Dicit
2628 1211 2694 1280 ei
2742 1211 3161 1282 Caesarius:

600 1307 892 1373 Extensa
943 1323 1156 1371 manu
1203 1322 1291 1391 ap
1349 1299 1647 1370 rehende
1694 1323 1982 1370 manum
2035 1235 2252 1382 illius,
2298 1312 2366 1371 et
2400 1300 2591 1392 erige
2634 1321 2814 1370 eam.
2869 1299 3013 1370 Ille
3067 1321 3165 1369 re·

595 1389 929 1481 spondet:
984 1390 1277 1478 Quicqui
1378 1388 1565 1459 aliud
1594 1389 1913 1480 jusseris,
1969 1410 2103 1459 non
2152 1389 2496 1460 recusabit
2529 1388 2914 1459 Eucherius
2953 1400 3156 1459 tuus:

598 1478 782 1551 istud
811 1490 890 1548 ut
913 1478 1188 1559 faciam,
1225 1477 1479 1548 adduci
1518 1500 1653 1548 non
1688 1492 1942 1569 potero.
1976 1483 2197 1549 Tuum
2230 1480 2362 1549 hoc
2392 1492 2495 1549 est
2526 1476 2772 1558 facere,
2803 1477 2922 1547 cui
2965 1498 3160 1568 prae·

599 1568 773 1639 stitit
806 1573 982 1638 Deus
1008 1569 1298 1659 gratiam
1331 1579 1397 1637 et
1429 1567 1701 1637 animas
1725 1581 1792 1638 et
1823 1590 2110 1659 corpora
2140 1564 2983 1659 languentium.curandi.
3012 1571 3160 1637 Cae·

599 1658 832 1729 sarius
879 1657 1019 1727 ait:
1073 1662 1173 1727 Tu
1225 1656 1500 1726 interim
1551 1655 1754 1727 facito
1786 1710 1805 1738 ,
1861 1656 2044 1745 quod
2093 1657 2273 1727 dico.
2327 1656 2457 1727 Illo
2507 1655 2709 1746 plane
2765 1656 3151 1725 renitente.

596 1758 851 1816 etcum
905 1745 1125 1815 multa
1160 1744 1491 1815 modestia
1530 1759 1598 1814 et
1645 1745 1976 1836 lacrymis
2013 1767 2162 1816 sese
2194 1758 2588 1825 excusante,
2630 1744 2898 1831 diuque
2937 1743 3152 1814 tacere

596 1834 1039 1914 detrectante,
1079 1834 1438 1904 Caesarius
1484 1832 1652 1903 dicit
1689 1861 1704 1901 ε
1758 1858 1794 1901 «
1833 1841 2022 1905 Tunc
2053 1835 2486 1905 obedientiae
2529 1836 2744 1904 causa
2792 1834 2867 1902 in
2923 1833 2944 1901 i
3007 1852 3145 1901 nem

599 1924 1049 2013 ingressurus
1094 1945 1209 2000 es,
1274 1923 1392 2010 qui
1449 1945 1571 1992 nec
1639 1923 2112 1993 misericordia
2176 1922 2426 1993 adduci
2493 1934 2738 2013 poteS,
2803 1933 2888 1992 ut
2978 1921 3146 1991 acius

600 2011 786 2100 quod
836 2010 1138 2081 charitas
1180 2012 1433 2097 jubet?
1481 2012 1665 2082 Mitte
1714 2013 1781 2080 in
1837 2014 2115 2082 nomine
2166 2013 2433 2082 Domini
2488 2032 2770 2081 manum
2825 2022 3055 2090 tuam,
3093 2023 3147 2077 et

598 2101 787 2190 erige
833 2120 1011 2169 eam.
1052 2123 1087 2168 »
1138 2104 1308 2170 Tum
1360 2099 1476 2168 ille
1522 2100 1852 2170 obediens
1885 2155 1902 2182 ,
1957 2101 2246 2191 porrigit
2300 2099 2642 2171 foeminae
2694 2121 2989 2168 manum
3023 2152 3040 2176 ,
3092 2110 3142 2166 et

596 2188 915 2346 lsublevat
958 2210 1137 2258 eam.
1191 2188 1317 2258 Illa
1365 2210 1523 2259 vero
1572 2210 1728 2260 mox
1778 2189 2040 2281 integre
2087 2201 2328 2259 sanata
2361 2244 2377 2271 ,
2430 2188 2602 2259 abiit
2665 2186 2756 2257 ad
2820 2187 3137 2279 hospitio·

625 2299 740 2346 um
793 2299 1030 2347 suum.
1685 2315 1700 2326 -

685 2368 723 2453 ξ
774 2371 930 2438 ²15.
984 2371 1062 2435 In
1113 2388 1280 2457 agro
1311 2366 1715 2436 suburbano
1748 2367 2144 2436 monasterii
2175 2366 2352 2436 beati
2388 2365 2709 2447 Caesarii,
2754 2363 3122 2460 frequentes

594 2468 793 2526 erant
824 2454 999 2546 apri.
1046 2459 1284 2543 Itaque
1330 2454 1623 2526 Comites
1670 2468 1734 2525 et
1781 2453 1899 2524 alii
1950 2455 2076 2524 viri
2128 2455 2460 2526 militares
2506 2477 2589 2526 ex
2635 2453 2816 2525 urbe
2859 2469 3102 2545 egressi,

594 2566 730 2614 non
783 2545 1103 2615 sinebant
1150 2543 1468 2614 homines
1500 2545 1567 2613 in
1621 2545 1770 2614 suis
1801 2544 2127 2614 domibus
2169 2545 2479 2615 habitare
2524 2557 2588 2614 et
2638 2543 2958 2619 laborare.
2995 2534 3098 2607 sed

593 2633 845 2703 misere
890 2655 1007 2704 eos
1042 2634 1457 2715 mactabant,
1510 2633 1693 2721 quod
1746 2654 1952 2723 apros
1981 2646 2361 2704 averterent
2391 2646 2457 2703 et
2503 2635 2974 2703 absterrerent.
3007 2622 3098 2696 nh

592 2743 750 2792 vero
800 2722 1074 2791 tandem
1118 2744 1253 2792 non
1290 2722 1581 2792 ferentes
1617 2722 1912 2809 injurias
1951 2726 2026 2791 ‘et
2063 2723 2449 2792 vexationes
2489 2722 2667 2804 inas,
2725 2722 3003 2792 veniunt
3031 2711 3100 2785 ad

590 2810 868 2882 beatum
904 2811 1321 2891 Caesarium,
1357 2810 1774 2900 dicuntque:
1813 2816 1941 2881 Fac
1984 2811 2183 2881 nobis
2261 2809 2547 2899 uicquid
2592 2812 2818 2880 visum
2861 2810 2982 2880 tibi
3009 2816 3111 2875 est.

591 2905 724 2970 Nos
754 2900 940 2969 enim
979 2922 1198 2987 neque
1230 2901 1481 2971 servire
1512 2900 1659 2979 tibi,
1703 2922 1923 2987 neque
1952 2834 2347 2971 durareffnic
2381 2921 2779 2990 possumus,
2822 2905 2992 2969 Tum
3023 2894 3116 2964 ille

594 2988 858 3058 solicite
898 2989 1278 3078 perquirit,
1330 3010 1507 3076 quas
1555 2989 1854 3058 habeant
1898 2990 2240 3076 querelas.
2293 2986 2736 3078 Respondent
2785 2988 2936 3058 illi:
2987 2991 3121 3055 Pro-

595 3091 745 3176 pter
783 3099 988 3167 apros
1041 3078 1321 3147 veniunt
1361 3077 1652 3147 Comites
1701 3090 1764 3147 et
1812 3078 2039 3147 Gotthi
2071 3092 2136 3148 et
2170 3077 2423 3147 diversi
2464 3089 2849 3154 venatores,
2891 3091 3123 3160 nosque

593 3166 1041 3234 interficiunt.
1099 3172 1243 3236 Mox
1295 3167 1396 3235 vir
1446 3168 1584 3247 Dei,
1640 3166 1935 3236 sublatis
1985 3168 2053 3236 in
2103 3166 2370 3236 coelum
2427 3166 2751 3236 manibus
2784 3178 2857 3236 et
2896 3162 3119 3238 oculis,

593 3252 726 3323 alta
779 3276 938 3324 voce
970 3254 1176 3325 dicit:
1231 3279 1267 3322 «
1306 3256 1590 3324 Domine
1619 3255 1782 3324 Jesu
1817 3255 2100 3336 Christe,
2145 3276 2502 3342 nunquam
2538 3254 2879 3345 deinceps
2930 3262 3126 3346 pateat

592 3341 736 3411 illis
772 3343 1025 3413 belluis
1058 3365 1379 3415 accessus
1417 3344 1500 3412 ad
1540 3343 1728 3414 hunc
1762 3343 2017 3414 locum.
2051 3368 2090 3411 »
2137 3344 2233 3415 Ab
2265 3366 2339 3415 ea
2377 3344 2547 3413 hora
2583 3365 2806 3430 usque
2844 3343 2920 3412 in
2957 3360 3130 3434 prae-

594 3444 856 3500 sentem
898 3432 1079 3502 diem
1117 3454 1469 3521 nunquam
1525 3432 1669 3502 illic
1701 3433 1878 3521 apri,
1931 3446 2009 3503 ut
2055 3447 2212 3504 ante
2258 3444 2782 3511 consueverant,
2842 3450 3130 3522 pascun-

595 3531 730 3598 tur,
789 3541 909 3588 nec
955 3522 1327 3609 quicquam
1378 3521 1827 3612 conspicitur,
1881 3521 2066 3610 quod
2121 3535 2472 3592 venatores
2520 3521 2980 3592 insectentur.
3017 3524 3136 3588 Me-

591 3608 722 3679 rito
773 3632 937 3679 sane
987 3609 1085 3679 illi
1128 3611 1400 3682 belluae
1449 3624 1876 3711 paruerunt,
1928 3610 2050 3697 qui
2115 3611 2276 3682 vitia
2321 3610 2555 3679 omnia
2610 3609 3132 3700 profligaverat;

590 3720 718 3768 nec
766 3698 1046 3768 difficile
1104 3699 1218 3769 ille
1266 3698 1397 3768 suit
1445 3712 1813 3789 impetrare
1860 3723 1901 3769 a
1951 3704 2121 3780 De0,
2174 3701 2298 3788 qui
2345 3700 2497 3789 ejus
2546 3712 2922 3788 praecepta
2972 3716 3142 3766 nun·

590 3808 798 3875 quam
838 3788 1228 3857 violaverat.
1502 3802 1509 3807 '
2471 3871 2476 3877 ‚

680 3879 716 3963 ξ
767 3881 929 3947 ²16.
979 3876 1374 3946 Partherius
1410 3874 1750 3966 patritiuS,
1786 3875 1905 3963 qui
1942 3876 2233 3946 caeteris.
2259 3877 2471 3945 servis
2506 3875 2924 3965 praefectus,
2965 3869 3132 3968 apud

592 3963 954 4034 dominum
1009 3988 1214 4036 suum
1252 3964 1704 4054 praecipuum
1742 3965 2000 4054 gratiae
2034 3965 2261 4035 locum
2314 3964 2690 4043 obtinebat,
2733 3963 3132 4051 nequissimn

593 4053 881 4143 spiritus
930 4054 1280 4124 vexatione
1310 4109 1325 4134 ,
1381 4075 1495 4123 sae
1550 4054 1661 4123 ius
1711 4053 1777 4120 in
1833 4065 2109 4133 terram,
2165 4053 2485 4124 sensibus
2535 4053 2914 4124 destitutus
2947 4107 2966 4131 ,
3007 4070 3138 4148 cot·-

595 4142 862 4211 ruebat.
908 4147 1213 4229 Cumque
1249 4142 1309 4212 is
1344 4163 1493 4212 mor
1547 4164 1650 4222 us,
1704 4142 1921 4210 animi
1972 4142 2200 4231 potius
2248 4164 2457 4229 quam
2507 4142 2822 4232 corporis
2855 4162 3014 4211 esse
3054 4159 3140 4206 vt·

592 4228 893 4311 deretur,
946 4252 1027 4300 ex
1078 4230 1364 4321 maligni
1413 4230 1773 4300 daemonis
1821 4230 2255 4301 infestatione
2291 4230 2656 4321 profectus,
2695 4229 2851 4300 oleo
2901 4228 3138 4299 beatis-

595 4317 753 4387 simi
803 4318 930 4387 viri
981 4319 1454 4389 benedictione
1503 4333 1770 4389 sacrato
1822 4334 2197 4410 perunctus
2246 4333 2368 4389 est.
2425 4325 2572 4388 Mox
2621 4319 2713 4388 ita
2748 4318 2988 4389 omnis
3030 4315 3134 4386 illa

594 4417 873 4474 satanae
903 4408 1181 4477 tentatio
1229 4429 1626 4497 compressa
1657 4420 1780 4488 est,
1835 4422 1911 4479 ut
1949 4430 2181 4495 quem,
2219 4421 2528 4479 cessante
2579 4407 2833 4479 medici
2879 4410 3136 4497 opera,
