3308 5004
89 338 287 405 AUG.
342 338 431 404 28
964 358 1044 404 n:
1090 359 1147 405 s.
1197 357 1465 407 supteno
1513 359 1812 406 narras
2119 331 2126 336 ’
2433 344 2563 409 699

91 439 447 519 sacerdos,
482 451 819 527 quantum
874 440 1142 512 lucente
1190 443 1467 511 veritate
1524 442 1753 512 videre
1806 443 2232 525 conceditur,
2301 459 2524 516 rectae
2571 468 2653 516 ac

91 550 307 600 sanae
355 529 539 608 fidei,
580 531 725 619 spei
757 543 821 599 et
869 529 1225 600 charitatis
1274 530 1653 602 catholicae
1682 531 2023 602 Ecclesiae
2073 534 2318 604 vixisse
2356 535 2655 605 manife-

93 631 347 690 statur.
399 617 588 701 Quod
643 633 1050 709 agnoscunt,
1102 619 1223 706 qui
1271 620 1597 691 eumdem
1636 620 1721 689 de
1767 620 2022 692 divinis
2074 623 2486 693 scribentem
2557 624 2655 695 le-

91 720 336 798 gentes
373 706 764 796 proficiunt.
821 706 949 777 Sed
996 730 1125 809 ego
1172 709 1468 778 arbitror
1511 708 1666 799 plus
1699 731 1776 778 ex
1823 731 1903 779 eo
1942 710 2268 797 proficere
2312 713 2644 801 potuisse.

92 797 219 883 qui
270 818 430 866 eum
482 809 547 865 et
598 796 983 884 loquentem
1038 821 1105 866 ιη
1157 797 1444 867 ecclesia
1507 813 1930 887 praesentem
1982 799 2225 868 audire
2271 814 2339 869 et
2417 801 2653 872 videre

96 898 495 985 potuerunt,
536 898 600 954 et
631 886 781 976 ejus
834 887 1227 975 praesertim
1270 888 1445 956 inter
1496 887 1812 956 homines
1864 889 2452 958 conversationem
2508 911 2646 961 non

94 989 614 1064 ignoraverunt.
673 980 825 1044 Erat
863 975 1046 1043 enim
1089 998 1218 1044 non
1253 975 1501 1045 solum·
1526 976 1844 1046 eruditus
1878 977 2104 1046 scriba
2140 977 2208 1046 in
2257 1000 2467 1068 regno
2496 1001 2653 1048 coe-

97 1062 351 1143 lorum,
397 1063 483 1132 de
532 1064 853 1133 thesauro
888 1087 1013 1134 suo
1057 1064 1408 1153 proferens
1461 1087 1632 1134 nova
1681 1080 1745 1134 et
1787 1078 2032 1146 vetera,
2087 1080 2151 1135 et
2201 1089 2386 1136 unus
2435 1089 2650 1158 nego-

96 1153 420 1222 tiatorum
451 1205 467 1230 ,
512 1153 631 1239 qui
694 1154 1040 1221 inventam
1096 1154 1460 1243 pretiosam
1538 1155 2021 1245 margaritam,
2067 1177 2245 1242 quae
2295 1156 2590 1225 habebat
2621 1210 2639 1239 ,

92 1241 417 1320 venditiS,
462 1242 886 1330 comparavit
917 1265 932 1306 z
974 1244 1420 1312 verumetiam
1457 1266 1535 1311 ex
1572 1243 1658 1312 iis
1686 1244 1927 1322 extitit,
1964 1244 2046 1313 ad
2093 1265 2270 1330 quus
2311 1246 2647 1335 scriptum

90 1343 242 1399 est:
297 1333 406 1401 Sic
448 1334 510 1400 lo
557 1332 804 1399 uz'mz'ni
857 1340 920 1400 et
962 1333 1070 1399 sic
1114 1333 1320 1421 facite
1356 1333 1559 1418 (Jac.
1612 1355 1686 1401 111
1710 1332 1759 1420 ):
1796 1345 1861 1401 et
1906 1332 1992 1401 de
2030 1334 2294 1420 quibus
2345 1333 2653 1403 Salvator

94 1419 267 1488 dicit
297 1442 312 1483 ι
353 1422 486 1501 Qui
506 1354 762 1508 Jecerit,
801 1430 864 1488 et
897 1420 1187 1489 docuerit
1216 1423 1312 1489 sic
1348 1422 1666 1503 homines,
1720 1421 1829 1489 liic
1873 1444 2164 1511 magnus
2192 1424 2542 1492 vocabitur
2576 1425 2652 1491 in

88 1532 302 1598 reqno
330 1512 683 1577 coelorum.
740 1513 896 1577 Peto
944 1523 1171 1578 autem
1242 1509 1594 1599 impendio
1664 1524 1952 1578 vestram
2026 1507 2429 1580 charitatem
2461 1567 2475 1590 ,
2530 1511 2654 1598 qui

94 1597 268 1666 haec
301 1601 555 1684 scripta
626 1596 873 1687 legitis,
918 1612 994 1666 ut
1046 1620 1311 1665 mecum
1380 1599 1834 1688 omnipotenti
1893 1604 2019 1669 Deo
2069 1601 2327 1689 gratias
2376 1601 2638 1690 agatis,

102 1689 609 1772 Dominumque
644 1685 1097 1772 benedicatis,
1141 1687 1260 1773 qui
1314 1688 1552 1756 tribuit
1606 1688 1778 1756 mihi
1838 1687 2284 1769 intellectum,
2339 1703 2413 1757 ut
2480 1689 2646 1758 baec

99 1775 169 1842 in
213 1775 524 1843 notitiam
575 1788 640 1843 et
701 1776 1159 1862 praesentium
1204 1789 1268 1844 et
1324 1777 1713 1846 absentium
1771 1779 2150 1866 praesentis
2213 1777 2542 1866 temporis
2588 1790 2654 1846 et

89 1863 308 1933 futuri
343 1863 732 1938 hominum,
790 1878 853 1933 et
904 1864 1143 1932 vellem
1196 1863 1482 1942 deferre,
1536 1879 1600 1934 et
1653 1864 2021 1934 valuissem
2061 1888 2088 1933 .-
2136 1878 2201 1935 et
2250 1888 2520 1935 mecum
2567 1889 2648 1934 ac

98 1975 224 2042 pro
270 1974 378 2019 me
408 1953 636 2030 oretis,
680 1966 753 2021 ut
788 1952 980 2022 illius
1027 1953 1326 2040 quodam
1383 1954 1530 2032 viri,
1585 1977 1746 2023 cum
1797 1976 1933 2040 quo
1964 1955 2168 2023 annis
2202 1954 2415 2023 ferme
2482 1975 2654 2041 qua-

97 2041 423 2128 draginta
475 2042 584 2110 Dei
635 2041 815 2110 dono
845 2043 1107 2128 absque
1153 2064 1393 2112 amara
1433 2043 1572 2111 ulla
1603 2044 2034 2113 dissensione
2089 2044 2524 2114 familiariter
2572 2063 2652 2113 ac

99 2128 402 2198 dulciter
435 2130 589 2206 vixi,
630 2146 691 2198 et
723 2131 791 2198 in
837 2130 962 2199 hoc
1012 2131 1244 2199 seculo
1274 2133 1658 2202 aemulator
1681 2146 1745 2201 et
1780 2133 2082 2201 imitator
2110 2134 2422 2212 existam,
2479 2147 2544 2201 et
2581 2132 2649 2200 i‘n

103 2217 337 2288 futuro
363 2220 853 2309 omnipotentis
898 2220 1005 2288 Dei
1041 2221 1402 2309 promissis
1435 2243 1591 2290 cuin
1628 2221 1867 2290 eodem
1911 2220 2244 2310 perfruar,
2284 2225 2490 2289 Amen
2515 2222 2646 2310 (a).

655 2514 818 2636 'DE
894 2535 976 2634 S.
1046 2534 1485 2637 JULlANO
1569 2522 2063 2635 MARTYRE

869 2750 929 2797 B.
983 2749 1335 2809 numenius
1382 2749 1614 2797 TURON.
1666 2749 1863 2798 RPISC.

777 2928 970 2984 Circa
1013 2944 1167 2984 ann·
1215 2930 1352 2983 304
1380 2956 1456 2969 —
1484 2927 1644 2984 Nat.
1692 2928 1962 2986 Gallus.

187 3112 224 3196 ἓ
273 3116 345 3182 Ι.
402 3114 721 3199 Magnum
793 3112 862 3179 in
917 3110 1115 3180 nobis
1171 3109 1687 3196 quodammodo
1751 3110 2136 3200 igniculum
2190 3110 2272 3178 ad
2336 3109 2651 3197 justitiae

93 3221 267 3270 suae
300 3197 824 3286 adipiscendum
877 3199 1214 3277 semitam,
1279 3199 1492 3286 pietas
1532 3198 1767 3267 divina
1800 3199 2382 3279 succendit‚'cu1n
2435 3199 2645 3268 dicit:

90 3289 296 3359 Oculi
323 3290 809 3378 Dome'nz'sttper
851 3291 1085 3379 justos,
1127 3297 1188 3355 et
1220 3310 1419 3356 aures
1467 3289 1619 3378 ejus*
1650 3290 1742 3356 ad
1779 3310 2007 3377 preces
2063 3310 2293 3357 eorum
2320 3290 2461 3378 (Ps.
2501 3290 2643 3378 33).

95 3376 505 3453 Ostendens,
558 3377 738 3462 quod
783 3377 899 3462 qui
936 3376 1279 3465 justitiam
1329 3399 1409 3444 ex
1460 3388 1594 3445 toto
1640 3377 1846 3446 corde
1894 3377 2228 3456 dilexerit,
2282 3399 2441 3446 cum
2500 3399 2647 3466 pre-

93 3481 297 3535 catus
330 3465 552 3545 fuerit,
608 3465 932 3534 audiatur
969 3488 1009 3534 a
1073 3466 1377 3534 Domino.
1452 3468 1719 3534 Utinam
1779 3466 2073 3552 quisque
2127 3479 2444 3535 nostrum·
2487 3488 2647 3535 cum

94 3556 267 3624 haec
320 3567 575 3622 tentare
624 3557 943 3641 coeperit,
999 3555 1225 3623 statim
1272 3556 1519 3645 spretis
1586 3555 1831 3622 mundi
1881 3555 2252 3636 scandaliS,
2321 3555 2651 3646 neglectis

93 3643 681 3732 concupiscentiis
732 3644 947 3724 vaniS,
986 3643 1469 3730 derelictisque
1524 3644 1788 3712 semitis
1838 3644 2088 3733 praviS‚
2127 3644 2435 3733 justitiae
2469 3642 2648 3711 viam

152 3785 214 3837 (α)
243 3788 283 3827 S.
312 3784 563 3835 Anmistiui
593 3794 766 3834 corpus
796 3784 1009 3836 Hippone
1040 3787 1131 3826 {uit
1161 3789 1424 3837 sepultum:
1454 3788 1536 3827 sed
1557 3798 1663 3826 cum
1685 3787 1909 3831 Wandali,
1928 3787 2088 3835 paullo
2109 3790 2213 3835 post
2236 3789 2336 3835 ejus
2360 3784 2554 3825 obitum.
2576 3796 2653 3824 ur·

97 3841 203 3879 bcm
230 3842 360 3881 ulam
390 3846 715 3889 occupassent.
747 3844 794 3879 ct
824 3842 1177 3881 'trasamundus
1207 3851 1371 3881 eorum
1407 3851 1489 3880 rex
1523 3842 1791 3882 catholicos
1825 3842 2058 3880 Ecclesiae
2093 3841 2333 3880 ministros
2363 3846 2575 3879 extorres
2604 3840 2654 3878 in

102 3892 360 3934 Sardiniam
392 3896 590 3943 pelleret
619 3893 743 3944 (vicie
776 3896 876 3933 Sur.
898 3896 945 3932 in
977 3896 1067 3932 Vita
1092 3896 1133 3933 S.
1158 3896 1408 3943 Fulgentii,
1429 3895 1528 3933 Vol.
1553 3905 1564 3933 1
1587 3906 1611 3934 a
1639 3906 1739 3941 pag.
1761 3898 1843 3941 24).
1865 3893 2123 3943 Episcopus
2144 3893 2344 3942 Hippon.
2364 3902 2409 3932 et
2432 3890 2511 3931 alii
2532 3902 2654 3933 com·

99 3946 259 3996 plures
289 3949 557 3988 Numidicae
589 3945 855 3995 provinciae
886 3949 1170 3989 sacerdotes,
1200 3946 1324 3987 inter
1355 3949 1471 3986 alias
1503 3947 1577 3987 SS.
1598 3949 1857 3996 Reliquias,
1880 3949 2031 3986 multa
2051 3957 2171 3996 quae
2192 3949 2248 3985 ad
2269 3948 2311 3985 Β.
2338 3948 2529 3995 August.
2547 3955 2648 3992 per·

103 4002 351 4047 tinum-ant,
383 4008 429 4042 et
456 4004 607 4049 ipsius
630 4002 973 4050 pretiosissima
993 4012 1101 4040 ossa.
1125 4012 1285 4040 aecum
1306 4003 1352 4040 in
1373 4000 1497 4040 exilii
1524 4003 1746 4041 solatium
1770 4003 1953 4041 occulte
1971 4003 2261 4041 detulerunt.
2291 3998 2518 4048 Quievere
2537 4000 2653 4039 hoec

100 4055 151 4091 ln
182 4056 387 4095 Sardinia
418 4066 563 4095 annos
594 4057 784 4095 circiter
806 4056 1068 4097 bist-entes:
1097 4055 1243 4093 donec
1267 4053 1510 4095 Saracenis
1534 4054 1738 4095 insulam
1760 4052 2110 4102 diripientibus.
2129 4053 2448 4101 Liutprandus
2474 4054 2652 4101 Longo-

100 4107 349 4150 bardorum
377 4121 459 4149 rex
486 4119 675 4149 sacrum
703 4119 872 4157 corpus
901 4119 1068 4157 magno
1098 4112 1199 4147 auri
1232 4110 1433 4156 pondere
1457 4120 1481 4149 e
1505 4110 1811 4149 barbarorum
1837 4109 2053 4149 manibus
2075 4105 2351 4151 vlndicavit.
2371 4111 2419 4146 et
2435 4105 2653 4146 ‘ricinum

105 4161 278 4212 (Paria)
305 4163 774 4203 honorificentissime
803 4163 1100 4206 translatum,
1130 4164 1176 4201 in
1208 4163 1433 4207 ecclesia,
1476 4165 1517 4201 in
1554 4165 1666 4201 coelo
1703 4175 1837 4201 aureo
1880 4160 2034 4206 (licta.
2072 4161 2400 4201 collocandum
2439 4159 2651 4206 curm-it,

100 4224 223 4253 anno
254 4225 447 4256 cccxxv.
481 4218 651 4256 Hostes
679 4220 733 4254 ut
754 4218 937 4259 lat-fret,
958 4213 1304 4254 studiosissime
1328 4217 1434 4254 dein
1455 4217 1728 4254 obstructus
1750 4216 1955 4255 lateritio
1978 4225 2120 4264 opere
2148 4215 2358 4254 thesauri
2380 4215 2514 4254 locus
2535 4211 2652 4261 ipsis

100 4265 281 4307 civibus
310 4269 385 4309 din
418 4273 589 4310 mansit
618 4272 875 4318 ignoratus.
905 4270 1063 4313 donec.
1093 4270 1292 4317 disjecto
1314 4271 1371 4307 ad
1394 4274 1609 4308 vetustae
1632 4276 1821 4317 cryptae
1848 4270 2242 4308 restaurationem
2263 4278 2414 4311 muro.
2433 4269 2652 4307 detectus

99 4324 173 4360 est
206 4323 251 4359 tn
280 4328 494 4369 argentea
523 4334 673 4371 capua..
705 4334 825 4361 anno
854 4332 1052 4367 numer,
1081 4323 1181 4361 Kal.
1217 4322 1445 4361 Octobris.
1481 4322 1772 4361 concedente
1805 4324 2031 4369 Gregorio
2062 4324 2141 4369 Pp.
2166 4322 2281 4365 XVI,
2301 4323 2478 4360 ossium
2502 4322 2543 4359 S.
2565 4324 2651 4360 Au-

99 4376 275 4424 gustini
305 4380 529 4417 nonnulla
558 4380 606 4416 iu
627 4378 859 4425 Algerinm
880 4380 994 4415 sunt
1012 4377 1180 4420 delata,
1202 4382 1254 4414 ut
1275 4381 1550 4414 renovatum
1573 4373 1689 4419 illic,
1711 4376 1994 4415 Francorum
2018 4373 2188 4415 bellica
2209 4376 2397 4416 virtute.
2418 4375 2652 4414 Ecclesiae

97 4438 260 4477 agrum
291 4429 481 4471 exuviae
510 4432 795 4470 foecundent
815 4427 981 4478 inclyti
1001 4427 1215 4469 Doctoris
1238 4427 1320 4478 qni
1342 4439 1420 4469 ens
1440 4426 1703 4477 antiquitus
1726 4429 1905 4469 Africae
1929 4431 2091 4479 plagas
2111 4431 2244 4468 tanta
2261 4425 2497 4477 sapienti&
2517 4438 2650 4469 exco-

100 4483 206 4528 luit,
226 4484 295 4523 tot
320 4482 489 4534 rigavit
508 4485 776 4536 sudoribus.
