3308 5004
230 337 417 405 AUG.
468 340 557 405 20
893 355 972 403 nn
1019 355 1076 404 s.
1130 355 1501 406 rinmnnro
1548 356 1792 407 unu
1838 356 2111 406 esuum.
2567 342 2698 408 429

150 447 159 460 '
228 439 483 511 domus
527 440 714 512 alma
743 439 982 532 fulget,
1030 440 1533 511 habitatoribus
1578 441 1814 533 digna.
1856 443 1950 514 Ab
1995 448 2172 513 Euro
2208 443 2431 535 surgit
2484 444 2781 515 ecclesia

230 529 464 601 crucis
496 530 743 621 effigie,
796 531 1001 630 cujus
1031 530 1350 600 verticem
1407 529 1669 600 obtinet
1708 530 2105 600 beatissima
2154 532 2346 622 virgo
2387 535 2621 603 Maria.
2673 534 2785 604 ΑΙ-

229 632 376 688 tare
406 631 507 688 est
568 631 724 690 ante
768 617 1013 688 factem
1065 618 1298 689 lectuli
1344 641 1505 689 cum
1555 618 1759 700 dente
1822 620 2243 691 sanctissimi
2296 623 2510 710 patris
2563 622 2780 692 Phili-

228 707 432 788 berti,
474 707 731 799 pictum
778 729 1213 797 gemmarum
1263 707 1675 788 luminibus,
1715 729 1886 777 auro
1936 721 2356 800 argentoque
2395 724 2778 802 comptum.

228 797 330 866 Ab
360 810 651 885 utroque
690 796 898 866 latere
926 796 1212 867 loannis
1258 810 1323 866 et
1370 795 1778 866 Columbani
1834 818 1991 866 arae
2039 797 2205 867 dant
2262 798 2554 888 gloriam
2617 805 2771 870 Deo.

230 886 618 956 Adhaerent
649 906 804 954 vero
838 906 877 953 a
925 890 1136 955 Borea
1170 884 1476 969 Dionysii
1519 885 1841 975 martyris
1888 899 1954 954 et
2000 887 2321 955 Germani
2369 886 2784 959 confessoris

234 973 611 1044 aediculae.
659 979 734 1043 In
773 973 1008 1043 dextra
1041 974 1293 1043 domus
1332 985 1524 1064 parte
1572 973 1904 1044 sacellum
1946 974 2177 1044 nobile
2221 986 2401 1045 extat
2457 980 2523 1046 S.
2579 978 2783 1058 Petri,

235 1085 276 1133 a
307 1062 517 1133 latere
548 1063 812 1133 habens
846 1067 912 1133 S.
967 1063 1240 1132 Martini
1287 1061 1691 1132 oratorium.
1746 1062 1842 1132 Ad
1901 1064 2221 1133 Austrum
2250 1078 2353 1134 est
2401 1066 2621 1135 sancti
2663 1067 2788 1135 viri

234 1151 509 1234 cellula,
553 1175 590 1220 e
640 1152 852 1241 petris
902 1150 1165 1221 habens
1218 1151 1588 1242 margines,
1652 1151 1847 1221 Saxis
1895 1152 2275 1244 cinguntur
2319 1151 2622 1223 claustra
2678 1176 2789 1224 ca-

236 1254 524 1311 merata.
561 1245 627 1310 Is
661 1240 868 1311 decor
914 1252 1325 1312 cunctorum
1355 1241 1627 1311 animos
1667 1240 2045 1322 oblectanS‚
2086 1263 2242 1311 eum
2279 1241 2786 1315 inundantibus

236 1329 439 1416 aquis
478 1330 801 1419 geminus
835 1329 1049 1419 vergit
1095 1328 1181 1398 ad
1243 1332 1591 1399 Austrum.
1646 1329 1866 1399 Habet
1917 1342 2145 1399 autem
2198 1330 2347 1421 ipsa
2408 1330 2656 1400 domus
2715 1333 2786 1400 in

236 1418 528 1519 longum
566 1417 773 1508 pedes
820 1416 1155 1487 ducentos
1189 1418 1605 1508 nonaginta:
1661 1418 1729 1486 in
1782 1417 2023 1500 latum,
2077 1418 2605 1509 quinquaginta.
2640 1421 2782 1490 Sin-

338 1507 424 1576 lis
457 1507 681 1598 legere
698 1506 1087 1577 volentibus
1121 1505 1344 1575 lucem
1377 1507 1855 1576 transmittunt
1878 1507 2210 1577 lenestrae
2231 1509 2499 1578 vitreae.
2536 1508 2788 1579 Subtus

234 1530 444 1667 {albet
475 1595 789 1687 geminas
821 1594 1060 1665 aedes:
1102 1594 1351 1666 alteras
1387 1594 1770 1665 condendis
1801 1595 2002 1678 viniS,
2048 1596 2294 1669 alteras
2354 1596 2530 1667 cibis
2577 1619 2788 1689 appa-

235 1683 478 1754 randis
525 1683 1103 1754 accommoda-tas.

326 1775 499 1860 §a
554 1778 628 1843 In
684 1773 870 1843 hunc
922 1772 1150 1842 locum
1199 1772 1642 1854 conveniunt,
1697 1777 1830 1841 Deo
1870 1771 2081 1863 digne
2122 1773 2373 1845 servire
2402 1774 2784 1876 cupiente5‚

236 1861 417 1931 nihil
450 1861 584 1932 sibi
617 1884 745 1931 ceu
781 1862 1141 1952 proprium
1174 1860 1641 1943 vendicantes,
1698 1860 1892 1932 nullo
1928 1862 2339 1953 compendio
2370 1863 2781 1954 indigentes.

240 1953 285 2019 S
380 1962 608 2022 rantes
633 1949 816 2019 enim
853 1951 922 2019 in
958 1949 1247 2019 Domino
1287 1970 1422 2019 non
1458 1950 1780 2020 deficient
1816 1951 2008 2021 omni
2043 1952 2245 2032 bono,
2281 1974 2571 2039 vereque
2600 1974 2788 2021 com-

237 2051 472 2196 petur
528 2040 598 2108 in
652 2039 751 2108 eis
810 2038 984 2108 illud
1034 2039 1419 2129 scripturae
1478 2038 1799 2109 divinae:
1871 2044 2004 2109 Pax
2059 2040 2277 2111 multa
2335 2040 2789 2141 diligentibus

268 2149 461 2218 egem
499 2141 686 2197 tuam
740 2128 1050 2206 Domine,
1093 2139 1158 2198 et
1192 2148 1324 2195 non
1357 2139 1458 2197 est
1505 2127 1646 2197 illis
1688 2127 2124 2199 scandalum.
2181 2130 2347 2199 Mira
2382 2129 2523 2199 ilhc
2572 2128 2790 2220 fulget

240 2216 570 2297 charitaS,
612 2215 831 2285 multa
869 2216 1307 2297 abstinentia,
1354 2236 1629 2285 summa
1664 2216 2047 2299 humilitaS,
2081 2221 2450 2309 praecipua
2479 2217 2783 2288 castitas.

242 2306 512 2375 Habent
547 2304 688 2373 illic
714 2317 779 2374 et
810 2327 1015 2375 suum
1044 2326 1081 2374 e
1112 2304 1404 2373 marinis
1450 2303 1703 2375 belluis
1735 2306 2057 2376 solatium
2101 2306 2201 2375 vel
2234 2306 2726 2395 compendium
2762 2335 2776 2374 ε

244 2393 429 2481 quod
464 2394 717 2463 mirum
758 2415 924 2463 sane
968 2405 1094 2474 est,
1132 2404 1197 2463 et
1234 2416 1272 2462 a
1323 2393 1556 2463 seculo
1605 2394 2024 2464 inauditum.
2083 2395 2288 2465 Uncis
2335 2395 2518 2464 enim
2557 2450 2572 2475 ,
2628 2396 2786 2465 reti-

238 2482 515 2571 busque
561 2495 627 2553 et
675 2482 940 2554 ratibus
987 2482 1274 2573 capiunt
1321 2482 1545 2573 pisces
1594 2484 1831 2565 maris,
1887 2483 2129 2575 longos
2187 2482 2396 2575 pedes
2439 2484 2786 2572 quinqua-

237 2573 430 2663 ginta
464 2596 478 2639 :
533 2595 613 2641 ex
651 2573 909 2658 quibus
959 2593 1092 2641 non
1146 2571 1369 2641 solum
1420 2593 1614 2643 escas
1643 2573 1774 2643 sibi
1821 2586 2065 2662 parant
2103 2578 2392 2654 Fratres,
2432 2573 2547 2643 sed
2581 2573 2783 2643 etiarn

237 2662 359 2751 pin
417 2660 667 2730 uedine
717 2661 992 2731 illorum
1043 2659 1271 2730 fovent
1336 2659 1682 2730 lucernas,
1736 2663 2020 2731 Faciunt
2078 2661 2208 2733 hoc
2257 2662 2500 2731 merita
2563 2663 2783 2733 sancti

238 2749 368 2820 Phi
402 2750 598 2819 iberti
633 2805 648 2831 ,
701 2763 768 2819 et
829 2750 1203 2819 multorum
1269 2748 1561 2819 aliorum
1624 2749 1766 2819 illic
1825 2751 2330 2839 quiescentium
2390 2763 2785 2822 sanctorum

235 2837 580 2908 fratrum:
634 2839 752 2926 qui
802 2837 1097 2909 fideliter
1144 2838 1432 2908 Domino
1466 2839 1876 2923 servierunt,
1928 2854 1996 2909 et
2042 2852 2348 2930 tempore
2383 2840 2574 2930 pacis
2620 2862 2786 2910 cum

237 2927 506 2998 Christo
532 2927 731 2997 Cruci
752 2927 938 2996 affixi
964 2950 1090 2997 sua
1112 2926 1483 3008 voluntate,
1520 2928 1923 3017 martyrium
1954 2929 2208 3011 obiere,
2242 2941 2308 2998 et
2331 2950 2489 2998 cum
2522 2928 2788 3000 Christo

234 3037 523 3106 corpore
571 3017 848 3096 mortui,
897 3028 1256 3106 expectant
1292 3016 1543 3106 judicii
1592 3016 1801 3099 diem,
1865 3039 2275 3108 magnorum
2327 3018 2783 3089 certaminum

235 3126 529 3175 coronas
564 3105 928 3193 recepturi.
983 3110 1060 3175 Et
1095 3105 1262 3174 haec
1295 3104 1576 3192 quidem
1619 3106 1707 3175 de
1753 3107 1892 3177 situ
1942 3106 2073 3177 loci
2113 3106 2405 3177 breviter
2436 3106 2781 3177 diximus:

237 3214 431 3264 nunc
464 3193 548 3263 ad
599 3205 947 3283 gestorum
983 3194 1299 3263 ordinem
1344 3208 1788 3265 revertamur.

331 3285 368 3370 ἕ
414 3286 573 3356 io.
630 3287 795 3352 Cum
827 3303 991 3373 ergo
1050 3284 1152 3352 vir
1204 3282 1476 3352 Domini
1535 3306 1614 3354 eo
1665 3285 1733 3353 in
1787 3283 1935 3354 loco
1992 3282 2363 3374 praeclaris
2412 3282 2675 3354 meritis
2722 3297 2787 3353 et

237 3371 611 3442 virtutibus
660 3386 1030 3460 augeretur
1059 3426 1074 3452 ,
1127 3383 1193 3441 et
1237 3371 1570 3458 quicquid
1631 3373 1762 3443 sibi
1823 3373 2277 3443 abstinentiae
2326 3372 2557 3444 studio
2618 3372 2785 3443 sub-

238 3459 558 3542 traheret,
612 3460 682 3528 in
736 3481 1072 3550 pauperes
1102 3471 1169 3529 et
1207 3459 1515 3550 hospites
1551 3461 1935 3531 conferret:
1987 3462 2284 3549 quodam
2326 3461 2439 3531 die
2468 3460 2785 3531 laboran-

238 3548 427 3618 tibus
490 3547 821 3618 fratribus
888 3548 1088 3637 panis
1135 3548 1373 3618 defuit.
1437 3554 1605 3620 Tum
1671 3573 1829 3621 vero
1880 3550 1996 3620 ille
2057 3550 2479 3621 confirmans
2545 3573 2779 3622 eorum

238 3638 538 3719 animos,
591 3637 816 3727 ajebat
863 3636 1197 3727 scriptum
1247 3659 1397 3708 esse
1428 3652 1495 3707 et
1527 3641 1977 3729 promissum,
2017 3660 2150 3709 non
2203 3639 2619 3709 afflicturum
2662 3644 2784 3709 Do-

236 3726 511 3795 minum
562 3726 741 3795 fame
776 3725 1081 3794 animam
1131 3725 1303 3814 justi
1349 3726 1575 3816 (Prov.
1627 3728 1718 3818 x).
1770 3733 1939 3798 Ecce
1987 3734 2214 3799 autem
2266 3741 2543 3819 repente
2592 3727 2786 3797 adest

237 3818 544 3884 Francus
573 3814 883 3903 quidam.
924 3825 1183 3904 septem
1263 3837 1430 3885 anes
1453 3828 1519 3885 et
1551 3838 1666 3887 sex
1705 3816 1968 3887 farinae
1999 3830 2144 3886 sata
2188 3817 2530 3896 adferens,
2577 3815 2785 3903 idque

235 3925 318 3973 ea
364 3902 558 3983 hora,
605 3925 743 3990 qua
791 3924 910 3973 cor
1005 3924 1078 3972 ra
1129 3837 1406 3973 reticere
1438 3906 1725 4006 cogebat
1758 3907 2152 3978 necessitas.
2205 3911 2299 3976 Ea
2348 3927 2418 3974 re
2455 3904 2782 3974 corrobo-

235 3991 368 4061 rati
416 3990 683 4072 fratres,
737 4003 804 4060 et
849 3993 906 4062 si
963 3991 1160 4082 iipsis
1207 3991 1369 4061 inde
1417 4006 1582 4065 satis
1630 4016 1953 4086 accepere
2001 3994 2393 4075 alimoniae,
2437 4004 2503 4063 et
2534 3993 2784 4062 adven-

236 4080 549 4150 tantibus
595 4080 907 4151 hilariter
937 4079 1356 4152 obtulerunt.
1390 4086 1620 4153 'Porro
1665 4083 1993 4175 deinceps
2043 4103 2400 4169 nunquam
2446 4081 2598 4171 ejus
2650 4079 2785 4151 loci

238 4168 747 4242 habitatoribus
781 4168 1128 4240 frumenta
1177 4172 1564 4240 necessaria
1600 4171 1900 4241 defuere.
1943 4170 2220 4241 Volebat
2258 4170 2360 4239 vir
2393 4171 2510 4239 Dei
2550 4170 2782 4260 cujus·

238 4257 399 4328 dam
461 4259 713 4350 negotii
762 4258 1172 4348 expediendi
1218 4262 1433 4329 causa
1478 4259 1658 4349 (erat
1719 4273 1946 4330 autem
1997 4257 2173 4329 illud
2222 4259 2623 4329 monasterii
2672 4259 2785 4332 sui

236 4346 646 4438 negotium)
715 4349 982 4419 mittere
1044 4348 1130 4418 ad
1196 4347 1572 4418 Ebroinum
1646 4354 2063 4419 Francorum
2138 4348 2585 4440 principem:
2663 4348 2781 4420 sed

238 4456 400 4506 cum
449 4458 609 4507 eum
659 4439 1107 4529 comperisset
1145 4436 1287 4507 acri
1334 4434 1523 4507 febre
1571 4449 1992 4528 prostratum
2024 4491 2040 4519 ‚
2113 4437 2181 4507 in
2234 4437 2482 4509 virtute
2529 4437 2782 4511 Christi
