3308 5004
740 336 870 400 756
1521 349 1598 396 nn
1645 350 1702 397 s.
1756 349 1918 397 aosA
1966 348 2135 397 vinc.
2190 349 2320 396 ιιι.
2875 328 3091 395 AUG.
3136 329 3203 394 3⁰

661 437 1144 509 defunctorum
1193 434 1566 506 animabus
1595 488 1617 517 ,
1683 432 1786 504 vel
1834 433 1923 504 ad
1971 432 2408 524 impetranda
2472 431 2708 503 divina
2761 430 3113 503 subsidia
3150 432 3204 501 in

655 540 959 598 extremo
1005 546 1227 616 agone
1289 523 1684 599 constitutis
1715 577 1731 604 ,
1783 533 2140 593 cruentam
2205 544 2278 596 se
2312 527 2459 592 -Deo
2506 521 2860 593 victimam
2917 521 3022 591 ad
3074 521 3207 609 ejus

649 616 910 709 justam
963 614 1137 685 iram
1172 612 1613 684 avertendam
1645 612 1994 693 offerebat,
2039 609 2598 682 horrescentibus
2625 608 3079 700 quandoque
3106 611 3208 679 do-

656 704 962 775 mesticis
1008 702 1095 773 ad
1146 713 1281 773 tam
1351 701 1540 772 diros
1593 712 1995 771 catenarum
2061 701 2286 782 ictus;
2337 720 2635 787 quarum
2682 721 2822 770 usu
2874 700 2946 769 ei
3012 699 3209 770 inter·

657 793 864 875 diem,
915 813 1154 862 earum
1204 792 1348 861 una
1396 790 1496 861 sic
1545 789 1889 880 triplicato
1926 790 2147 860 ductu
2175 788 2461 877 lumbos
2500 787 2790 867 latenter
2835 787 2983 858 diu
3089 810 3209 859 rae—

656 882 918 964 cinxit,
982 891 1060 950 ut
1123 900 1485 980 nunquam
1544 879 1681 949 nisi
1738 878 2197 949 maximorum
2255 877 2692 948 cruciatuum
2748 877 2996 947 ischia
3053 879 3113 949 is
3158 878 3207 943 vi

658 991 991 1062 apparere
1045 981 1342 1060 potuern
1379 1023 1395 1051 ‚
1446 989 1627 1057 quae
1676 980 1911 1060 postea
1976 966 2257 1038 nonnisi
2323 965 2816 1037 interveniente
2870 965 3207 1038 miraculo

660 1061 887 1132 soluta
933 1056 1370 1145 fuit,'cujus
1430 1056 1730 1129 annulos
1779 1070 1935 1147 post
1989 1055 2282 1147 virginis
2339 1055 2605 1126 obitum
2656 1055 2920 1125 miram
2976 1070 3052 1128 et
3109 1076 3207 1145 pe·
3280 1126 3281 1137 ,

660 1149 1008 1241 regrinam
1073 1145 1611 1219 suaveolentiam
1680 1145 1945 1238 spirare
2005 1157 2437 1236 compertum
2503 1155 2627 1214 est.
2688 1149 2785 1215 Ne
2844 1166 3013 1232 qua
3074 1166 3205 1215 vero

660 1260 823 1330 pars
871 1234 1259 1307 innocentis
1304 1234 1706 1323 corpusculi
1756 1247 2024 1306 vacaret
2070 1257 2109 1305 a
2157 1232 2529 1335 supplicio,
2574 1232 3025 1323 ‘poenalibus
3082 1234 3203 1303 vin·

661 1325 841 1397 culis
887 1324 1169 1396 brachia
1215 1338 1281 1396 et
1327 1324 1619 1394 lacertos
1668 1322 2027 1410 torquebat
2055 1378 2070 1401 .
2123 1335 2643 1410 unicarumque
2692 1323 3101 1413 manipulis
3138 1343 3200 1391 ac

663 1414 1030 1486 minutulis
1076 1413 1391 1484 sentibus
1442 1427 1703 1503 pectus,
1747 1411 1991 1482 axillas
2038 1434 2118 1481 ac
2153 1410 2365 1482 latera
2395 1411 2725 1493 arctabat,
2761 1425 2847 1481 ut
2886 1434 3033 1483 suo
3065 1411 3201 1481 Lilia

662 1505 842 1574 inter
879 1502 1118 1594 spinas
1154 1503 1528 1574 constituto
1573 1501 1862 1572 omnino
1907 1501 2462 1592 configuraretur
2504 1500 2675 1569 haec
2722 1504 2948 1572 Rosa.
3012 1498 3198 1571 Cilicii

663 1606 898 1683 postea
944 1615 984 1662 a
1029 1591 1207 1661 collo
1255 1589 1435 1660 infra
1482 1612 1712 1681 genua
1760 1589 2231 1681 protendentis
2278 1589 2715 1679 asperitatem
2755 1590 3049 1661 acubus
3078 1610 3197 1680 per·

664 1681 896 1753 mixtis
929 1680 1140 1761 auxit,
1192 1701 1331 1768 quo
1377 1678 1861 1770 compluribus
1900 1679 2105 1748 annis
2135 1700 2266 1749 usa
2310 1691 2435 1760 est,
2473 1677 2715 1759 donec,
2772 1679 2869 1749 ob
2903 1677 3191 1767 frequen·

668 1784 801 1842 tem
845 1769 1209 1860 sanguinis
1256 1768 1588 1838 vomitum
1607 1822 1640 1849 .,
1695 1789 1944 1839 exuere
1980 1768 2184 1857 jussa
2238 1766 2392 1838 fuit.
2462 1767 2674 1857 Cujus
2721 1767 3071 1859 supplicii
3105 1767 3188 1862 l⁸T

661 1872 930 1929 cturam
991 1857 1129 1928 alia
1186 1869 1411 1938 veste,
1466 1857 1723 1928 minori
1780 1856 2205 1929 valetudinis·
2245 1855 2547 1936 damn0‚
2601 1854 2717 1925 sed
2777 1878 2926 1927 non
2993 1855 3181 1927 leviori

665 1946 1006 2029 molestia,
1068 1945 1588 2035 compensavit;
1650 1945 1781 2016 sub
1838 1947 1912 2016 ea
1973 1946 2160 2015 enim
2202 1967 2424 2038 poena
2475 1956 2621 2014 erat
2668 1944 2734 2014 ei
2792 1947 3182 2033 quicumque

667 2050 919 2106 motus.
973 2039 1052 2105 Et
1098 2034 1283 2121 quod
1334 2033 1471 2104 fere
1518 2033 1875 2125 singulare
1920 2046 2046 2116 est,
2099 2033 2170 2103 in
2209 2033 2605 2104 divinarum
2656 2034 3177 2104 consolationum

667 2123 1019 2194 affluentia
1055 2178 1070 2204 ‚
1123 2122 1383 2211 quibus
1437 2122 1609 2195 solet
1657 2123 1988 2194 sanctitas
2033 2122 2238 2193 etiarn
2294 2124 2363 2194 in
2432 2122 2630 2193 terris
2693 2122 3091 2203 abundare,
3132 2132 3180 2186 et

669 2214 942 2304 piorum
993 2235 1154 2283 caro
1201 2214 1273 2282 in
1322 2216 1533 2281 Deum
1573 2212 1803 2282 vivum
1831 2211 2269 2302 jucundatur
2298 2224 2363 2283 et
2389 2211 2673 2291 exultat,
2711 2211 2806 2282 ah
2835 2212 2935 2283 eis
2962 2229 3177 2299 corpus

669 2324 874 2372 suum
917 2301 1227 2372 alienum
1267 2314 1334 2371 et
1371 2300 1696 2391 jejunum
1731 2323 1881 2371 esse
1912 2301 2218 2391 cogebat.

758 2393 796 2479 ἐ
842 2395 992 2464 18.
1047 2395 1305 2460 Memor
1359 2390 1656 2461 ulterius
1712 2408 1847 2460 non
1900 2390 2138 2460 decere
2197 2388 2329 2461 sub
2375 2387 2598 2478 capite
2657 2389 2934 2479 spinoso
2984 2407 3171 2456 mern·

666 2481 870 2550 hrum
920 2478 1294 2551 delicatum
1344 2478 1667 2560 inveniri,
1723 2490 2142 2571 compuncta
2188 2478 2434 2549 obtutu
2467 2477 2622 2568 piae
2662 2477 2968 2570 imaginis
2992 2484 3158 2543 muto

667 2569 1035 2659 praeconio
1091 2569 1434 2639 dicentis:
1485 2573 1650 2639 Ecce
1700 2569 1916 2650 homo,
1974 2568 2269 2658 primam
2319 2588 2645 2638 coronam
2708 2567 2894 2657 capiti
2928 2580 3148 2659 suo-ex

667 2670 937 2729 stamno
978 2657 1324 2749 peracutis
1369 2656 1729 2729 claviculis
1777 2657 2023 2737 infixit,
2064 2671 2130 2728 et
2163 2679 2281 2747 per
2325 2656 2590 2743 aliquot
2637 2677 2837 2727 annos
2865 2672 2987 2721 non
3014 2668 3157 2721 siue

665 2746 1071 2817 vulneribus
1119 2746 1331 2818 cinxit
1362 2770 1379 2827 ;
1430 2746 1545 2816 cui
1579 2747 1649 2815 in
1697 2746 2076 2836 majoribus
2108 2745 2313 2816 annis
2350 2745 2690 2816 successit
2728 2739 3026 2820 secunda,
3057 2759 3166 2807 no—
3280 2799 3281 2834 ÷

669 2836 953 2926 naginta
1007 2849 1074 2905 et
1131 2856 1375 2906 novem
1446 2834 1709 2905 aculeis
1773 2847 2039 2905 armata
2072 2892 2087 2917 ,
2140 2857 2347 2923 quam
2401 2835 2470 2903 in
2532 2832 2688 2906 dies
2752 2825 3169 2903 diversimode

668 2945 941 3015 semper
988 2924 1212 3015 magis
1260 2923 1618 3025 poenalem
1650 2978 1666 3002 ,
1733 2937 1877 2994 arte
1937 2919 2400 2994 familiaribus
2446 2921 2765 3002 occulta,
2832 2919 3169 3020 reddebat.

665 3034 956 3100 eamque
1006 3013 1283 3083 nonnisi
1329 3035 1490 3083 cum
1541 3016 1678 3082 vita
1725 3011 2015 3083 dimisit.
2075 3017 2305 3099 Neque
2349 3012 2534 3081 enim
2587 3011 2960 3082 videbatur
3002 3031 3060 3079 ei
3094 3026 3178 3075 se-

669 3101 993 3191 raphicae
1041 3101 1410 3193 magistrae
1458 3100 1659 3192 plene
1689 3100 2003 3172 induisse
2036 3101 2377 3181 habitum,
2414 3099 2547 3170 nisi
2581 3112 2648 3170 et
2680 3102 3004 3192 spineam
3032 3096 3193 3168 illius

667 3190 1157 3281 assumpsisset
1201 3212 1552 3260 coronam.
1607 3190 1839 3279 Hujus
1898 3189 2311 3261 diadematis
2375 3189 2630 3280 triplici
2688 3189 2898 3277 jactu
2932 3246 2949 3272 ,
2999 3188 3065 3258 in
3104 3189 3196 3255 Ss-

666 3278 932 3349 'I'riadis
982 3279 1428 3350 reverentiam
1458 3334 1474 3362 ‚
1529 3279 1948 3349 daemonum
2018 3277 2498 3371 suggestiones
2556 3277 2717 3349 ilico
2768 3279 3025 3373 fugare
3061 3297 3207 3348 con-

579 3455 590 3464 .
666 3380 1002 3451 sueverat,
1056 3368 1223 3439 satis
1268 3367 1604 3438 instructa
1654 3367 1822 3438 tales
1870 3367 2109 3459 spinas
2151 3390 2285 3439 non
2324 3367 2601 3449 violare,
2635 3366 2762 3440 sed
2812 3368 3073 3440 vallare
3098 3365 3212 3465 has

664 3478 883 3526 rosas.
937 3457 1144 3528 Strati
1189 3458 1303 3528 sui
1348 3456 1674 3527 duritiem
1723 3478 1876 3528 eam
1926 3479 2078 3528 esse
2123 3456 2364 3540 voluit,
2419 3478 2597 3545 quae
2627 3478 2983 3529 somnum
3015 3479 3129 3528 ma

665 3544 993 3637 abigeret,
1038 3568 1249 3635 quam
1282 3545 1731 3628 conciliaret;
1786 3546 1879 3615 ita
1926 3558 2004 3617 ut
2039 3546 2466 3624 dormiturae
2496 3545 2678 3616 idem
2710 3561 2915 3619 esset
2949 3547 3082 3620 lect
3156 3565 3225 3615 us

665 3647 733 3706 et
776 3635 1141 3724 equuleus„
1193 3633 1485 3705 cervlcal
1534 3647 1657 3706 aut
1703 3636 1797 3705 im
1855 3633 2065 3706 olitus
2116 3648 2429 3716 truncus,
2467 3647 2588 3705 aut
2615 3633 2911 3726 lapides
2942 3637 3017 3708 in
3062 3636 3227 3708 bunc

664 3746 875 3795 usum
926 3723 1350 3806 absconditu
1401 3723 1592 3811 quod⁴
1636 3723 1798 3796 cubi
1830 3744 1868 3792 e
1917 3724 2306 3815 praeacutis
2356 3735 2591 3815 postea
2646 3726 3073 3813 tegularum
3116 3724 3231 3795 sra-

651 3813 968 3903 fgmentis
1001 3869 1017 3895 ‚
1070 3813 1168 3885 sic
1216 3812 1567 3903 implevit,
1621 3824 1702 3884 ut
1749 3812 2190 3903 singularum
2245 3834 2405 3903 pars
2465 3828 2894 3887 mucronata
2942 3817 3235 3889 obverte-

669 3913 859 3972 retur
889 3902 1209 3993 corpori;
1259 3923 1386 3972 nec
1432 3913 1589 3973 ante
1637 3923 1710 3974 se
1756 3901 1843 3972 ad
1893 3924 2219 3973 somnum
2268 3902 2751 3994 componebat,
2796 3926 3030 3994 quam
3072 3903 3231 3977 fellis

667 3990 925 4061 haustu
973 3990 1207 4062 fauces
1253 3991 1748 4063 amaricasset.
1803 3990 1913 4063 Sic
1961 3989 2254 4062 floridus
2299 4005 2449 4063 erat
2506 3992 2725 4083 hujus
2790 4015 3121 4087 sponsae
3164 3993 3233 4065 le-

669 4078 900 4150 ctulus
928 4134 944 4162 ,
996 4092 1064 4151 et
1111 4085 1376 4172 Sponso
1422 4080 1658 4151 divino
1705 4079 1876 4152 adeo
1925 4093 2165 4182 gratus
2194 4136 2211 4163 ‚
2264 4091 2344 4152 ut
2388 4103 2539 4152 eam
2590 4082 3053 4175 quandoque
3100 4105 3230 4178 pro-

671 4180 820 4259 pter
868 4168 1286 4260 haecplene
1330 4170 1715 4240 exanimem
1767 4169 2133 4242 visibiliter
2169 4192 2516 4263 apparens
2544 4170 2983 4246 consolatus
3018 4172 3226 4248 fuerit.

672 4257 1120 4348 proponendo
1159 4259 1222 4329 ei
1249 4258 1600 4329 duriorem
1632 4271 1700 4330 et
1730 4258 2203 4350 angustiorem
2238 4281 2446 4332 suum
2478 4257 2829 4331 lectulum
2861 4263 3225 4336 calvariae-

672 4345 794 4447 His
860 4346 1127 4449 artibus
1203 4369 1528 4428 somnum
1599 4371 1809 4420 suum
1871 4349 2056 4420 intra
2115 4347 2419 4421 duarum
2470 4348 2815 4420 horarum
2879 4351 3227 4447 angustis

670 4447 998 4518 coercuit,
1053 4446 1118 4508 et
1162 4436 1582 4528 quandoque
1627 4438 1835 4536 etiarn
1899 4438 2138 4512 minus
2209 4437 2418 4531 spatii
2477 4437 2902 4531 importuno
2961 4437 3225 4530 exactati

3244 107 3282 295 l
