3308 5004
742 335 872 400 7⁴0
1268 349 1337 399 n«
1383 349 1576 398 usto
1624 348 1962 398 nncozur.
2016 349 2072 397 s.
2125 347 2352 397 somn.
2404 347 2588 395 narr.
2887 329 3072 396 AUG.
3115 330 3180 395 29

651 461 695 508 a
741 436 1056 527 patribus
1100 436 1188 505 de
1233 456 1313 504 eo
1362 433 1608 505 tradita
1664 447 1843 505 tenet
1892 434 2237 515 narratio,
2290 455 2456 504 cum
2507 433 2713 503 vitam
2773 433 3180 524 produxisset

651 548 875 614 usque
921 525 1004 595 ad
1047 524 1278 616 ipsum
1310 523 1425 594 Dei
1457 536 1524 592 et
1571 523 1941 595 Salvatoris
1976 522 2191 594 nostri
2221 535 2450 593 ortum
2481 521 3178 602 secundumfcarnem.

654 628 721 684 et
768 636 927 685 cum
985 614 1312 684 maternis
1359 612 1549 683 ulnis
1601 635 1761 684 eum
1821 613 2102 683 vidisset
2147 611 2435 704 gestari,
2489 623 2555 681 et
2602 612 2701 682 sic
2749 612 2839 682 ab
2883 633 2969 682 ea
3015 633 3183 701 saepe

651 704 723 774 in
773 701 1117 792 templum'
1183 701 1551 784 introduci,
1604 715 1672 773 et
1732 723 1891 773 eum
1936 723 2089 772 esse
2153 708 2362 771 Deum
2421 700 2708 770 minime
2775 702 3178 791 ignorasset.

657 806 1014 950 propgerea
1061 791 1123 860 ei
1171 790 1530 883 concedit„
1569 804 1649 862 ut
1699 791 2131 883 ingrediatur
2180 791 2249 859 in
2300 803 2540 859 sancta
2577 802 3010 872 sanctorum,
3051 812 3182 860 cum

653 901 828 970 cogn
882 881 1086 950 visset
1131 902 1286 950 eam
1334 902 1483 950 esse
1534 881 1923 970 Deiparam‚
1975 893 2042 950 et
2089 891 2170 958 ut
2221 878 2366 948 illic
2413 891 2566 960 stet,
2620 879 2685 948 ei
2725 878 3030 970 largitur
3066 900 3180 968 pm-

656 984 805 1061 pter
849 968 1348 1045 excellentiam.
1405 968 1531 1039 Sed
1586 969 1756 1052 haee
1807 967 2091 1056 quidem
2136 969 2229 1038 ita
2277 989 2352 1038 se
2398 966 2769 1038 habebant.
2835 973 2936 1038 Ea
2989 982 3178 1042 autem

651 1081 765 1130 res
808 1058 1137 1128 clariores
1183 1079 1261 1126 ex
1308 1056 1594 1128 ludaeis
1636 1059 1766 1149 (ita
1811 1058 1998 1127 enirn
2053 1058 2223 1139 vult,
2271 1076 2451 1144 quae
2501 1056 2817 1137 traditur,
2887 1057 3181 1140 narratio)

652 1148 739 1218 ad
793 1148 963 1217 iram
1018 1144 1356 1229 accendit,
1409 1158 1476 1216 et
1521 1146 1754 1229 efficit,
1807 1158 1885 1217 ut
1933 1147 2002 1216 in
2050 1168 2284 1217 senem
2343 1145 2641 1236 graviter
2696 1145 3080 1215 insaniant.
3127 1149 3178 1214 Et

651 1237 840 1306 enim
891 1236 1289 1317 audiebant,
1342 1236 1590 1323 inquit,
1644 1236 1734 1306 ab
1790 1257 1870 1305 eo
1915 1241 2167 1326 Regem
2221 1248 2490 1305 creatae
2528 1247 2820 1304 naturae
2853 1235 2950 1306 ad
2985 1236 3177 1305 huma·

656 1347 816 1395 nam
870 1325 1137 1394 venisse
1185 1325 1722 1416 generationem.
1778 1330 1955 1395 Metu
2001 1346 2189 1426 ergo,
2244 1345 2330 1394 ne
2375 1324 2544 1412 Regi
2590 1326 2945 1414 parerent,
2990 1322 3176 1394 conci·
3257 1397 3258 1410 χ

653 1415 857 1504 piunt
906 1412 1236 1502 laborem,
1291 1426 1368 1485 ut
1415 1414 1510 1483 ait
1555 1415 1796 1496 Isaias‚
1839 1428 1906 1483 et
1945 1427 2228 1503 pariunt
2269 1412 2747 1501 iniquitatem:
2796 1426 2873 1484 et
2911 1435 3071 1484 cum
3095 1435 3175 1481 ω·
3257 1457 3258 1460 =

654 1516 804 1573 sent
856 1503 1189 1593 proclives
1236 1502 1321 1571 ad
1392 1502 1777 1583 malitiam,
1843 1501 2463 1580 eteffundendum
2530 1502 3009 1591 sanguinem,
3073 1521 3171 1570 non
3257 1541 3258 1552 κ

654 1592 891 1662 minus
938 1613 1149 1678 quam
1199 1612 1448 1678 aquam
1499 1613 1536 1660 e
1586 1613 1826 1670 manu,
1877 1613 2014 1660 una
2060 1603 2258 1661 nocte
2305 1590 2375 1659 in
2429 1591 2770 1679 templum
2823 1591 3171 1680 irrumpen·
3257 1631 3258 1638 κ

654 1693 777 1761 tes,
835 1681 903 1750 in
936 1694 1314 1770 conspectu
1344 1679 1583 1750 altaris
1610 1680 1940 1749 occidunt
1972 1680 2396 1750 Zachariam.
2432 1679 2690 1749 Deinde
2719 1701 2893 1750 cum
2931 1678 3170 1768 sanguis

654 1769 881 1839 locum
934 1768 1311 1838 admodum
1362 1781 1829 1851 cruentasset,
1880 1782 1947 1838 et
1991 1769 2272 1839 caedem
2315 1767 2560 1838 factam
2599 1768 2805 1859 plane
2845 1791 2935 1838 ar
2984 1783 3164 1844 neret.

656 1861 837 1928 terra
884 1858 1129 1927 effossa
1177 1856 1615 1927 abscondunt
1657 1870 2004 1927 mortuum
2045 1857 2458 1948 parricidae,
2505 1857 2732 1944 utqui
2772 1880 2856 1926 ca
2959 1881 3013 1926 is
3038 1876 3167 1945 quo·

652 1969 787 2033 que
836 1946 1063 2018 scelus
1114 1946 1362 2015 vellent
1408 1945 1856 2016 abscondere.
1911 1951 2053 2017 Hoc
2102 1960 2329 2016 autem
2369 1959 2435 2015 et
2474 1968 2705 2016 revera
2739 1946 3047 2017 difficile.
3082 1950 3164 2014 fist

652 2035 836 2104 enim
892 2033 1118 2104 scelus
1167 2033 1351 2104 factu
1398 2035 1679 2122 quidem
1733 2035 1974 2105 facile:
2031 2047 2391 2126 postquam
2458 2048 2684 2105 autern
2745 2035 3009 2106 factum
3060 2034 3158 2112 sit.

651 2123 878 2193 celatu
906 2122 1212 2193 difficile.
1248 2128 1326 2193 Et
1356 2124 1456 2195 sic
1486 2124 1765 2211 quidem
1805 2138 2124 2195 narratur
2155 2124 2368 2195 fuisse
2399 2124 2671 2194 occisus
2699 2124 3078 2194 Zacharias.

738 2214 776 2300 ξ
810 2219 941 2284 11.
983 2211 1178 2282 Aliud
1211 2234 1487 2300 quoque
1521 2213 1819 2285 traditur
1852 2235 1987 2283 non
2028 2214 2263 2283 minus
2295 2226 2670 2301 receptum,
2707 2214 2901 2301 quod
2932 2224 3159 2302 propter

656 2322 1028 2391 puerorum
1086 2301 1366 2371 caedem
1425 2304 1513 2373 ab
1566 2302 1831 2371 Herode
1871 2302 2148 2384 factam,
2194 2303 2254 2372 is
2291 2323 2566 2390 quoque
2603 2301 2842 2381 fuerit,
2886 2304 3158 2371 interem-

650 2405 833 2480 ptus.
888 2396 1256 2477 Postquam
1291 2391 1478 2461 enim
1516 2390 1585 2459 in
1621 2412 1898 2461 omnem
1954 2404 2215 2481 partem
2251 2392 2592 2481 persuasit
2638 2389 2961 2469 edictum,
2998 2385 3150 2474 qnod

645 2479 937 2567 jubebat
987 2479 1279 2550 interfici
1333 2500 1583 2569 pueros
1629 2480 1700 2550 in
1753 2479 2096 2551 Bethleem
2130 2535 2145 2561 ‚
2200 2479 2411 2551 simul
2463 2492 2529 2551 et
2578 2480 2648 2549 in
2707 2479 3037 2557 montanis,
3086 2486 3148 2543 ut

650 2568 1009 2638 communi
1056 2568 1265 2638 caede
1312 2570 1558 2649 horum
1610 2591 2014 2660 puerorum,-
2068 2591 2224 2639 eum
2275 2571 2480 2640 etiam
2536 2574 2681 2640 una
2736 2568 3129 2663 interimeret.

647 2657 766 2745 qui
818 2670 962 2727 erat
1017 2659 1477 2728 suscitaturus
1513 2672 1872 2730 mortuos:
1922 2671 1989 2729 et
2046 2658 2145 2729 sic
2197 2657 2346 2749 ipse
2395 2670 2654 2729 metum
2705 2667 3140 2743 exueretprm·
3257 2722 3258 2725 ,

651 2747 976 2836 cipatus:
1026 2768 1106 2815 ea
1155 2747 1339 2816 enirn
1390 2746 1476 2816 de
1522 2768 1735 2817 causa
1783 2769 2025 2818 omnes
2113 2768 2314 2818 ueros
2365 2746 2585 2817 fuerat
2652 2765 2996 2840 aggressus
3046 2761 3148 2809 oc-

651 2835 882 2905 cidere
930 2834 1064 2920 (ad
1116 2834 1513 2926 cujusmodi
1561 2849 1802 2927 coepta
1854 2837 2059 2927 impel
2096 2850 2311 2906 untur
2357 2836 2673 2908 homines
2731 2849 2987 2927 propter
3029 2828 3152 2921 glo-
3257 2892 3258 2927 3

647 2925 792 2993 riae
837 2923 1367 3013 cupiditatem):
1423 2936 1588 2994 tunc
1635 2925 2099 3012 quaerebatur
2151 2925 2432 3012 quidem
2499 2924 2692 2995 filius
2756 2945 3019 3014 quoque
3061 2924 3151 2988 za·
3257 2950 3258 3009 3

645 3014 924 3082 chariae
972 3012 1056 3081 ad
1108 3013 1415 3094 caedem,
1471 3024 1547 3081 ut
1592 3015 1716 3100 qui
1768 3036 1991 3104 nuper
2034 3027 2212 3084 esset
2246 3028 2493 3084 natus:
2549 3036 2684 3084 non
2727 3012 3151 3084 inveniebatur

652 3115 909 3171 autern.
963 3103 1229 3172 Etenim
1280 3100 1630 3189 quomodo
1682 3102 1946 3192 Joseph
1987 3103 2367 3192 jubebatur
2410 3101 2651 3193 fugere
2696 3104 2772 3172 in
2828 3110 3154 3197 Aegyptum
3257 3110 3258 3169 l

646 3212 806 3259 cum
859 3190 1070 3259 Maria
1103 3203 1168 3261 et
1206 3211 1441 3280 puer0,
1478 3190 1572 3260 ita
1611 3191 1816 3261 etiam
1851 3191 2198 3262 Elisabeth
2228 3191 2602 3279 quamdam
2653 3191 3052 3281 speluncam
3071 3205 3158 3255 m·

648 3299 885 3368 gressa
931 3300 1090 3348 cum
1146 3280 1430 3361 intanto„
1469 3279 1538 3347 in
1590 3301 1671 3350 ea
1721 3280 2097 3350 habitabat.
2133 3281 2474 3363 Quoniam
2523 3301 2688 3371 ergo
2721 3281 2968 3352 infans
2995 3276 3172 3350 abeis
3257 3340 3258 3343 ,

644 3389 687 3436 a
747 3366 1078 3455 prehendi
1129 3390 1262 3438 non
1364 3379 1600 3450 meret,
1659 3380 1864 3439 totam
1919 3370 2092 3438 iram
2127 3370 2198 3449 ii,
2250 3369 2372 3457 qui
2423 3390 2714 3458 puerum
2750 3370 3175 3457 quaerebant,

646 3388 1017 3525 effundunt
1066 3456 1135 3525 in
1187 3390 1630 3526 Zacflariam:
1683 3470 1749 3528 et
1797 3480 1956 3528 cum
2009 3459 2079 3527 in
2132 3456 2387 3560 templo
2437 3457 2880 3530 invenissent
2930 3456 3179 3550 (etenim

647 3565 896 3615 rursus
946 3544 1088 3614 vice
1119 3545 1706 3617 ·sua.attendebat
1753 3545 1953 3617 altari
2020 3547 2340 3638 incensl)
2385 3546 2824 3619 interficiunt
2875 3548 3184 3619 celantem

645 3632 898 3715 filium,
953 3646 1027 3702 ut
1075 3635 1401 3736 quiteum
1456 3635 1668 3705 nollet
1712 3636 1813 3705 eis
1862 3636 1947 3705 ad
1999 3636 2279 3706 caedem
2344 3635 2630 3707 tradere.
2689 3642 2769 3707 Et
2820 3640 2938 3710 sic
2991 3633 3189 3725 dupli·

650 3744 798 3793 cern
864 3737 1261 3810 assequitur
1323 3744 1697 3804 coronam,
1769 3725 1952 3812 quod
2004 3739 2070 3795 et
2134 3730 2264 3794 Deo
2333 3725 2791 3806 ministrans,
2877 3739 3190 3798 mactatur

644 3811 831 3968 apud
887 3813 1116 3902 ipsum
1169 3812 1426 3894 altare,
1478 3826 1546 3883 et
1590 3811 1778 3901 quod
1828 3836 1991 3884 cum
2042 3812 2425 3884 infantibus
2479 3815 2752 3905 primus
2785 3816 3069 3888 Christo
3113 3835 3196 3885 sa·

646 3922 743 3969 cri
779 3915 1025 3969 icatur.
1478 3932 1483 3937 ·

732 3990 770 4075 §
818 3995 968 4060 12.
1018 3993 1189 4058 Cum
1254 3989 1425 4060 haec
1483 3991 1582 4061 sic
1632 3990 2180 4082 processissent,
2256 4003 2322 4062 et
2389 4003 2540 4081 post
2599 3991 2873 4065 multos
2935 3990 3198 4082 quidem

643 4098 865 4148 annos
910 4098 948 4145 e
1006 4078 1176 4149 vivis
1227 4078 1605 4149 monarcha
1668 4081 2071 4150 excessisset
2128 4084 2525 4171 Augustus,
2576 4081 2914 4154 Tiberius
2964 4096 3196 4155 autem.

644 4166 765 4251 qui
819 4166 1260 4236 monarchiae
1309 4168 1397 4236 ab
1445 4167 1566 4237 illo
1634 4182 2032 4258 susceperat
2090 4169 2555 4250 dominatum,
2609 4170 3048 4256 quindecim
3083 4171 3202 4264 jam

642 4275 867 4323 annos
916 4255 985 4323 in
1041 4255 1334 4345 imperio
1400 4258 1889 4347 transegisset:
1942 4258 2111 4345 quin
2163 4256 2368 4327 etiarn
2420 4258 2711 4328 Herodis
2773 4259 3201 4363 alienigenae

645 4363 857 4430 regno
905 4343 974 4411 in
1024 4358 1323 4430 quatuor
1374 4346 1806 4437 principatus
1837 4346 2081 4426 diviso,
2128 4347 2508 4417 et-totidem
2564 4360 2869 4419 numero
2905 4350 3094 4423 filiis
3126 4348 3204 4418 di·

644 4431 962 4512 stributo,
1016 4433 1139 4519 qui
1186 4432 1466 4521 quidem
1518 4447 1717 4506 erant
1760 4435 2157 4520 Archelaus,
2201 4448 2269 4507 et
2315 4435 2642 4520 Herodes,
2694 4449 2762 4508 et
2797 4438 3201 4533 Philippus.
