3308 5004
175 340 327 407 Aue.
368 342 402 407 5
855 358 935 405 nr.
983 357 1039 405 S.
1093 356 1400 406 oswamo
1446 355 1718 406 moron.
1771 356 1931 405 anca
2451 339 2577 406 ⁴73

165 442 526 534 jamdudum
570 442 931 513 monachis
980 447 1332 514 Scotorum
1387 441 1657 523 tradita,
1710 462 1789 510 eo
1837 441 2023 529 quod
2073 442 2222 522 iltis,
2257 441 2665 534 praedican-

176 531 321 601 tibus
359 530 557 601 iidem
602 532 849 601 Christi
884 543 1357 622 perceperunt.

240 622 384 707 δῦ.
450 621 805 708 Siquidem
855 642 1038 690 anno
1099 618 1596 690 incarnationis
1652 617 2049 690 Dominicae
2112 618 2668 710 quingentesimo

166 709 814 800 sexagesimoquinto,
866 731 1003 796 quo
1065 721 1368 798 tempore
1414 707 1972 799 gubernaculum
2044 710 2335 779 Romani
2385 708 2666 798 Imperii

166 810 286 887 post
323 797 784 868 lastinianum
833 798 1154 868 Justinus
1187 797 1415 866 minor
1447 797 1735 888 accepit.
1767 796 1950 867 venit
1991 797 2075 867 de
2109 796 2460 886 Hybernia
2564 818 2670 865 re·

171 886 357 956 sbvter
384 900 448 957 et
474 888 722 969 Abbas,
749 886 990 956 habitu
1022 898 1087 956 et
1122 885 1251 956 vita
1286 886 1609 956 monachi
1634 885 1953 976 insignis,
1979 887 2259 955 nomine
2276 885 2507 956 Colum
2564 885 2664 966 θ’,

172 956 575 1057 Britanniam,
632 973 1155 1067 praedicaturus
1202 974 1484 1050 verbum
1561 974 1670 1044 Dei
1738 974 2109 1063 provinciis
2169 974 2671 1065 septentriona-

169 1061 301 1133 lium
348 1065 716 1145 Pictorum,
771 1064 901 1134 hoc
947 1077 1072 1142 est,
1124 1063 1245 1143 eis,
1284 1064 1405 1151 qui
1454 1063 1695 1134 arduis
1725 1075 1929 1150 atque
1980 1062 2420 1134 horrentibus
2472 1083 2672 1132 mon-

164 1151 298 1220 tium
350 1153 570 1245 jugis,
630 1153 717 1223 ab
779 1152 1211 1240 Australibus
1276 1174 1513 1222 eorum
1567 1165 1728 1223 sunt
1786 1151 2186 1242 regionibus
2233 1151 2667 1239 sequestrati.

161 1243 421 1330 Namque
487 1242 507 1311 i
559 1241 618 1313 'si
686 1241 1032 1312 Australes
1096 1241 1286 1322 Picti,
1340 1241 1458 1329 qui
1522 1240 1704 1310 intra
1751 1241 2026 1311 eosdem
2084 1254 2352 1311 montes
2420 1240 2674 1310 habent

160 1329 340 1412 sedeS,
380 1354 502 1400 mu
536 1343 600 1401 to
624 1344 780 1400 ante
809 1343 938 1400 tem
954 1352 1137 1421 pore,
1170 1342 1245 1399 ut
1274 1329 1660 1420 perhibent,
1695 1329 1927 1399 relicto
1956 1351 2185 1400 errore
2218 1328 2667 1407 idololatriae,

161 1416 328 1487 fidem
359 1421 661 1489 veritatis
692 1434 1127 1510 acceperunt,
1170 1418 1605 1509 praedicante
1629 1420 1730 1488 eis
1771 1418 2052 1489 verbum
2087 1423 2299 1507 Nyma
2337 1418 2671 1508 Episcopo

163 1508 733 1589 reverendissimo,
789 1521 855 1578 et
926 1509 1363 1578 sanctissimo
1424 1507 1565 1578 viro
1612 1507 1698 1576 de
1771 1507 2043 1577 natione
2092 1508 2446 1577 Britonum
2481 1561 2496 1586 ,
2549 1506 2674 1593 qui

156 1607 269 1664 erat
296 1601 549 1667 Romae
585 1596 991 1687 regulariter
1040 1597 1244 1666 fidem
1296 1609 1361 1666 et
1396 1596 1719 1698 mysteria
1761 1596 2060 1665 veritatis
2099 1596 2425 1666 edoctus:
2464 1596 2673 1683 cujus

155 1683 349 1753 sedem
401 1686 881 1776 Episcopatus,
947 1685 1164 1756 sancti
1216 1685 1486 1754 Martini
1535 1685 1857 1775 Episcopi
1925 1685 2202 1754 nomine
2260 1697 2324 1754 et
2382 1682 2676 1754 ecclesia

156 1771 496 1863 insignem,
535 1774 653 1844 ubi
706 1776 851 1865 ipse
901 1775 1107 1844 etiam
1157 1796 1441 1864 corpore
1492 1796 1628 1844 una
1683 1796 1839 1843 cum
1893 1773 2216 1864 pluribus
2263 1773 2520 1843 sanctis
2568 1794 2674 1842 re-

156 1861 438 1958 quiescit,
484 1862 629 1953 jam
684 1885 870 1933 nunc
919 1861 1293 1964 Anglorum
1345 1885 1514 1954 gens
1543 1863 1828 1933 obtinet:
1881 1862 2000 1950 qui
2038 1862 2230 1933 locus
2263 1862 2344 1932 ad
2392 1861 2672 1951 provin-

150 1969 300 2019 ctam
348 1952 819 2023 Berniciorum
878 1966 1250 2042 pertinens,
1307 1951 1511 2042 vulgo
1554 1964 1833 2022 vocatur
1879 1953 1982 2021 Ad
2012 1952 2372 2022 candidam
2418 1974 2668 2032 casam,

151 2056 215 2105 eo
255 2041 429 2126 quod
489 2040 584 2110 ibi
617 2040 976 2111 ecclesiam
1010 2041 1095 2111 de
1129 2041 1695 2130 lapide,‘insolito
1735 2041 2130 2112 Britonibus
2159 2063 2366 2119 more,
2414 2039 2669 2109 fecerit.

146 2128 313 2196 Venit
357 2141 592 2199 autem
650 2130 1070 2199 Britanniam
1141 2129 1516 2210 Columba,
1586 2142 1911 2220 regnante
1979 2129 2182 2199 Pictis
2230 2128 2458 2198 Bridio
2532 2128 2675 2197 filio

148 2215 529 2310 meilochon,
587 2220 763 2309 Rege
798 2219 1295 2308 potentissimo,
1346 2241 1526 2288 nono
1560 2240 1744 2287 anno
1795 2218 1985 2309 regni
2035 2220 2210 2306 ejuS,
2310 2231 2676 2304 entemque

144 2300 306 2371 illam
341 2307 552 2377 verbo
599 2320 664 2377 et
694 2306 1008 2408 exemplo
1042 2308 1126 2377 ad
1180 2309 1384 2378 fidem
1438 2307 1687 2377 Christi
1736 2307 2091 2377 convertit.
2139 2311 2235 2375 Un
2293 2329 2330 2377 e
2376 2318 2442 2375 et
2480 2327 2673 2396 prae·

146 2387 325 2490 satam
367 2394 670 2466 insulam
723 2396 810 2465 ab
857 2418 958 2466 ets
1007 2397 1077 2465 in
1128 2396 1631 2487 possessionem
1694 2395 2089 2465 monasterii
2138 2394 2435 2464 faciendi
2485 2416 2677 2463 acce-

142 2493 246 2568 ptt.
297 2488 528 2573 Neque
556 2485 741 2555 enim
795 2507 1044 2576 magna
1078 2499 1202 2569 est,
1241 2484 1360 2556 sed
1410 2485 1621 2574 quasi·
1662 2484 2065 2555 milliarium
2121 2485 2433 2573 quinque
2492 2483 2678 2572 juxta

142 2572 668 2644 aestimationem
719 2574 1136 2665 Anglorum:
1213 2598 1423 2663 quam
1463 2596 1930 2645 ,successores
1990 2575 2141 2664 ejus
2204 2596 2426 2662 usque
2473 2557 2679 2641 bodie

141 2670 393 2731 tenent:
453 2663 576 2734 ubi
624 2677 688 2733 et
738 2664 882 2753 ipse
931 2663 1247 2754 sepultus
1279 2677 1403 2742 est,
1458 2686 1616 2734 cum
1670 2676 1847 2733 esset
1885 2684 2226 2732 annorum
2275 2661 2679 2753 septuagin-

140 2757 326 2820 tasex.
367 2765 525 2842 post
571 2774 791 2822 annos
823 2753 1101 2822 circiter
1132 2752 1413 2843 triginta
1445 2765 1512 2823 et
1541 2753 1740 2831 duos,
1763 2774 1841 2821 ex
1871 2774 2009 2838 quo
2042 2752 2187 2841 ipse
2218 2750 2673 2829 Britanniam,

140 2838 700 2924 praedicaturuS,
763 2840 957 2911 adiit.
1005 2845 1285 2911 Fecerat
1330 2854 1557 2911 autem
1631 2841 2037 2932 priusquam
2111 2841 2180 2907 in
2250 2837 2675 2909 Britanniam

138 2928 398 3010 veniret,
444 2932 938 3001 monasterium
985 2931 1214 3000 nobile
1264 2932 1332 3000 in
1383 2931 1754 3020 Hybernia,
1799 2927 1980 3016 quod
2029 2951 2068 2997 a
2115 2929 2314 3018 copia
2350 2929 2675 2998 roborum

137 3011 205 3083 de
225 3019 522 3088 Armach
574 3017 814 3109 lingua
871 3024 1277 3110 Scotorum„
1309 3020 1435 3089 hoc
1482 3031 1606 3101 est,
1677 3040 1972 3109 campus
2025 3019 2352 3088 roborum
2424 3037 2680 3108 cogno-

141 3103 448 3176 minatur.
496 3112 589 3177 ΕΚ
635 3129 773 3195 quo
812 3121 1104 3195 utroque
1140 3109 1553 3178 monasterio
1595 3107 1895 3209 plurima
1958 3107 2204 3176 exinde
2263 3106 2679 3177 monasteria

141 3209 237 3275 per
262 3194 654 3287 discipulos
684 3196 858 3281 ejuS,
895 3211 960 3268 et
994 3199 1059 3266 in
1091 3197 1464 3276 Britannia,
1502 3210 1565 3267 et
1593 3219 1661 3266 tn
1698 3196 2048 3286 Hybernia
2081 3209 2454 3287 propagata
2483 3206 2671 3264 sunt.

141 3281 199 3348 lu
240 3285 509 3370 quibus
555 3286 883 3355 omnibus
925 3285 1105 3356 idem
1160 3287 1656 3357 monasterium
1711 3285 2116 3355 Insulanum
2153 3340 2169 3366 ‚
2224 3286 2291 3354 in
2344 3307 2482 3374 quo
2532 3283 2680 3374 ipse

139 3374 490 3456 requiescit
537 3396 844 3464 corpore,
896 3375 1362 3465 principatum
1417 3388 1621 3445 tenet.

206 3460 238 3545 ξ
283 3467 380 3533 θ.
440 3464 539 3532 Ab
572 3463 699 3532 hac
745 3486 908 3553 ergo
944 3462 1197 3545 insula,
1246 3464 1630 3534 ab‘horum
1681 3461 1974 3552 collegio
2025 3461 2553 3540 monachorum,
2591 3459 2678 3531 ad

146 3550 557 3630 provinciam
615 3552 988 3643 Anglorum
1032 3553 1520 3622 instituendam
1569 3553 1635 3621 in
1689 3551 1979 3632 Christo,
2042 3552 2298 3623 missus
2330 3563 2430 3621 est
2478 3550 2680 3621 Aida-

148 3651 246 3703 nus
270 3638 363 3718 ⁴¹¹⁵,
402 3654 689 3729 accepto
716 3639 937 3731 gradu
969 3646 1015 3709 E
1073 3642 1455 3732 iscopatus:
1497 3663 1635 3728 quo
1665 3653 1969 3730 tempore
2002 3638 2225 3709 eidem
2264 3640 2679 3709 monasterio

152 3721 457 3813 segonius
493 3728 717 3799 Abbas
754 3742 819 3799 et
860 3752 1013 3821 pres
1064 3745 1215 3821 yter
1250 3728 1569 3821 praefuit.
1626 3728 1817 3800 Unde
1854 3729 2030 3798 inter
2076 3728 2211 3798 alia
2247 3728 2515 3798 vivendi
2552 3727 2677 3797 do-

154 3829 475 3906 cumenta,
522 3817 1058 3887 saluberrimum
1110 3819 1565 3889 abstinentiae
1614 3818 1717 3887 vel
1766 3818 2231 3888 continentiae
2269 3816 2540 3887 clericis
2576 3838 2677 3885 re-

158 3892 313 3986 ltquit
382 3906 813 3995 exemplum.
893 3908 1100 4065 equs
1170 3907 1552 3977 doctrinam
1633 3908 1698 3976 id
1778 3907 2076 3976 maxime
2146 3904 2678 3976 commendabat

158 3994 473 4084 omnibuS,
527 3996 708 4082 quod
764 4018 895 4065 non
947 4020 985 4065 a
1022 3997 1167 4077 iter,
1205 4019 1414 4083 quam
1456 3997 1723 4066 vivebat
1760 4018 1918 4065 cum
1961 3994 2132 4075 suis,
2177 3994 2321 4084 ipse
2361 3993 2671 4064 docebat.

162 4073 290 4150 Nihil
339 4084 540 4153 enim
603 4084 813 4175 hujus
877 4085 1119 4154 mundi
1167 4106 1545 4172 quaerere,
1603 4085 1696 4154 nil
1756 4106 1990 4153 amare
2049 4083 2360 4153 curabat.
2419 4088 2677 4153 Cuncta

163 4181 289 4246 quae
337 4172 489 4242 sibi
536 4195 577 4242 a
624 4173 926 4264 Regibus
979 4173 1079 4244 vel
1132 4173 1462 4243 divitibus
1510 4173 1729 4244 seculi
1778 4172 2242 4254 donabantur,
2300 4194 2455 4243 mox
2505 4194 2680 4262 pau-

165 4257 397 4333 peribus
425 4261 554 4349 qui
585 4276 1049 4345 occurrerent,
1089 4285 1369 4353 erogare
1408 4262 1779 4353 gaudebat.
1828 4262 2222 4332 Discurrere
2266 4282 2386 4352 per
2424 4273 2676 4332 cuncta

199 4414 584 4463 ’Ῥ-Μκιιτγιτοι.
616 4433 659 4464 n.
691 4434 851 4465 mense
881 4427 987 4474 Apr.
1018 4436 1063 4475 p.
1095 4425 1212 4470 352⁰,
1233 4425 1289 4464 de
1314 4424 1359 4465 S.
1381 4423 1599 4475 Egberto.

197 4469 236 4495 ⁸⁸
258 4474 552 4518 nemci-azur
568 4474 617 4518 in
635 4479 764 4519 Rom.
784 4479 1027 4529 Max-tyrol.
1052 4489 1163 4520 xxxt
1198 4479 1298 4528 huj.
