3308 5004
658 305 669 317 '
710 318 839 385 672
1292 331 1488 382 ‘nt-s.
1539 331 1818 384 sosarao
1863 331 2249 386 causum.
2300 332 2486 384 comt.
2686 338 2690 341 ’
2848 312 3059 384 Aue.
3105 312 3180 378 25,-

623 429 995 511 praeeunte
1042 417 1195 509 ipso
1224 472 1242 500 ,
1294 439 1376 488 ac
1474 420 1911 510 nuperrimos
1957 418 2094 489 sibi
2141 418 2600 509 deposcente,
2656 416 2910 507 primis
2956 414 3194 514 litera·

624 531 781 579 rum
828 528 910 579 ac
957 506 1377 578 christianae
1461 509 1768 579 octrinae
1796 507 2158 579 elementis
2205 507 2618 588 imbuerent.
2664 504 2793 578 Sed
2833 527 3081 594 quum
3126 502 3192 574 id

515 650 518 654 .
623 597 709 667 ad
760 610 1035 688 tempus
1073 595 1455 678 dumtaxat,
1506 610 1575 668 et
1624 598 1866 698 paucis
1927 595 2366 687 profuturum
2421 595 2858 697 intelligeret,
2928 616 3192 664 novum

621 685 969 775 quoddam
1021 685 1439 757 institutum·
1467 686 1841 770 meditatus
1886 699 2011 767 est,
2049 684 2255 776 cujus
2286 688 2494 775 opera
2533 684 2816 758 assidua
2858 682 3001 754 illa
3042 682 3196 753 cha-

624 775 847 846 ritatis
894 774 963 844 in
1013 773 1386 846 edocendis
1433 775 1992 846 adolescentibus
2036 773 2431 845 exercitatio
2480 786 2809 865 perpetua
2841 785 3192 844 maneret:

622 863 809 952 quod
857 863 1141 952 quidem
1185 863 1607 946 institutum,
1650 885 1814 935 cum
1853 863 2272 954 peculiarem
2304 862 2745 955 potissimum
2777 861 3194 953 profiteatur

623 974 865 1024 curam
913 953 1096 1024 circa
1142 974 1522 1055 puerorum
1571 952 2059 1035 eruditionem,
2110 952 2282 1022 adeo
2328 953 2419 1023 ab
2463 950 2794 1024 omnibus
2825 970 3194 1022 commen-

623 1041 777 1112 dari
825 1054 892 1111 et
935 1053 1161 1132 expett
1206 1063 1328 1112 coe
1381 1041 1457 1124 it,
1503 1053 1581 1113 ut
1618 1042 1638 1110 i
1694 1064 1769 1113 se
1797 1040 2050 1131 loseph
2084 1040 2318 1112 adhuc
2350 1041 2587 1113 vivens
2621 1041 2688 1110 in
2724 1052 3018 1131 septem
3057 1060 3194 1130 pro-

623 1130 890 1202 vincias
928 1130 1063 1232 late
1103 1152 1226 1222 per
1254 1151 1333 1202 or
1425 1152 1491 1201 m
1527 1131 1597 1200 di
1659 1153 1846 1213 usaS,
1886 1130 2338 1202 benedicente
2369 1130 2680 1213 Domino,
2718 1142 3192 1222 propagatum

625 1242 793 1291 cons
845 1233 1080 1291 exerit.
3069 1267 3078 1278 -

714 1310 752 1395 ἓ
799 1243 896 1380 ἓ).
949 1308 1077 1380 Sed
1108 1330 1321 1397 quam
1354 1307 1633 1389 multas,
1670 1330 1881 1396 quam
1920 1307 2208 1380 acerbas
2237 1307 2325 1379 ob
2356 1329 2508 1379 eam
2539 1328 2680 1377 rem
2703 1329 2745 1378 a
2784 1306 3191 1378 domesticis

630 1397 651 1464 i
744 1398 827 1480 is,
865 1399 1120 1469 nedum
1156 1397 1245 1468 ab
1274 1396 1432 1467 aliis
1462 1398 1759 1488 injurias
1787 1397 2180 1468 calumnias
2232 1420 2319 1468 ue
2351 1395 2729 1488 pertulerit,
2771 1396 2985 1467 haud
3016 1396 3190 1494 facile

678 1486 823 1565 ictu
846 1500 972 1557 est.
998 1485 1180 1558 Illud
1216 1487 1307 1556 sit
1336 1486 1556 1557 instar
1574 1487 1889 1557 omnium
1921 1486 2105 1575 quod
2136 1486 2198 1570 se
2231 1486 2358 1557 icis
2381 1485 2898 1558 recordationis
2924 1484 3190 1556 Benedi-

628 1586 781 1648 ctus
820 1581 990 1658 XIV,
1042 1588 1120 1646 ut
1146 1575 1533 1668 perhibent,
1574 1597 1821 1665 aspera
1857 1597 2174 1664 quaeque
2201 1587 2407 1663 atque
2436 1574 2751 1665 indigna,
2783 1596 3188 1663 quae-servo

629 1664 748 1733 Dei
773 1665 859 1735 ad
883 1679 1251 1735 extremam
1281 1687 1501 1752 usque
1526 1677 1814 1735 aetatem
1853 1664 2217 1738 subeunda
2239 1664 2541 1745 suerunt,
2567 1663 2808 1733 animo
2832 1678 3181 1756 reputans;

627 1754 1003 1856 Josephum
1031 1754 1276 1824 Jobum
1309 1753 1602 1824 alterum
1630 1753 1980 1845 appellare
2003 1775 2143 1823 non
2175 1752 2540 1824 dubitavit.
2588 1752 3044 1840 Hujusmodi
3087 1775 3185 1822 au·

629 1854 765 1912 tem
790 1842 1223 1913 lncredibilis
1250 1843 1575 1932 patientia
1602 1856 1807 1930 atque
1832 1841 2047 1912 animi
2074 1843 2568 1943 aequitastunc
2589 1841 2911 1913 maxime
2929 1842 3174 1914 enituit,

630 1953 794 2001 cum
814 1953 897 2001 ex
928 1931 1211 2001 infanda
1234 1931 1758 2002 calumniatoris
1789 1931 2198 2018 nequissimi
2233 1930 2576 2001 delatione
2605 1932 3175 2021 comprehensus,

632 2041 712 2089 ac
762 2033 900 2090 tota
945 2032 1297 2111 spectante
1338 2020 1517 2091 Urbe
1555 2019 1929 2090 satellitum
1965 2042 2178 2090 manu
2212 2019 2531 2110 stipatus,
2565 2020 2651 2089 ad
2685 2041 3025 2092 carceres
3131 2040 3176 2086 r·

632 2107 887 2180 ductus
935 2107 1086 2192 fuit,
1140 2121 1218 2179 ut
1265 2108 1672 2180 hominibus
1718 2108 1999 2197 quidem
2051 2108 2378 2190 ludibrio,
2431 2107 2702 2198 angelis
2753 2130 2933 2181 vero
2986 2133 3025 2179 a
3076 2106 3175 2175 mi·

635 2197 888 2268 rationi
934 2209 1112 2269 esset
1157 2209 1225 2268 et
1269 2197 1552 2288 gaudio.
1605 2198 1872 2268 Etenim
1925 2196 2293 2270 mitissimo
2332 2205 2537 2286 atque
2574 2197 2997 2269 humillimo
3031 2197 3168 2272 viro.

633 2286 755 2374 qui
804 2287 1033 2357 statim
1084 2299 1481 2378 compertus
1528 2287 1885 2369 innocenS,
1938 2299 2016 2356 ut
2049 2287 2387 2388 impactae
2417 2285 2824 2356 calumniae
2856 2287 3048 2356 labes
3070 2284 3169 2354 ab·

635 2388 1077 2467 stergeretur,
1131 2397 1407 2448 summo
1453 2397 1611 2446 cum
1645 2375 1908 2446 honore
1935 2386 2209 2446 cunctis
2240 2374 2740 2466 plaudentibus
2775 2375 3052 2446 domum
3080 2385 3168 2441 re-

635 2464 890 2536 ductus
933 2475 1060 2546 est,
1112 2463 1693 2556 expetendumid
1745 2463 1967 2557 magis
2017 2464 2237 2535 visum
2312 2463 2442 2535 fuit
2498 2485 2718 2553 quam
2787 2461 3157 2557 dolendum.

635 2553 817 2625 Illud
868 2556 1109 2643 utique
1155 2553 1534 2625 dolendum
1579 2554 1900 2634 maxime,
1943 2566 2149 2641 atque
2185 2554 2514 2624 acerbum
2557 2554 2837 2635 accidit,
2859 2548 3149 2648 quodju-

637 2664 838 2713 neam
884 2645 974 2713 ab
1021 2665 1094 2714 se
1147 2654 1329 2714 tanto
1381 2643 1612 2713 labore
1659 2665 1739 2713 ac
1786 2642 2018 2714 studio
2069 2642 2473 2733 plantatam,
2509 2663 2838 2731 quaeque
2868 2637 3146 2735 palmites

634 2754 799 2803 suos
849 2731 1051 2824 longe
1096 2731 1368 2819 lateque
1412 2731 1830 2814 extenderat,
1883 2731 2289 2822 dissipatam
2315 2732 2490 2822 jam,
2524 2742 2738 2819 atque
2776 2754 2820 2802 a
2857 2725 3156 2820 singulm

634 2818 778 2891 fero
826 2843 1000 2912 pene
1047 2822 1567 2892 exterminatam
1616 2821 1994 2909 conspexit.
2047 2823 2354 2891 Attamen
2413 2820 2485 2889 in
2548 2820 2660 2891 his
2705 2821 2924 2892 etiam
2961 2833 3160 2889 rerum

636 2910 1126 3001 asperitatibus
1162 2931 1246 2979 ne
1279 2910 1642 3000 vestigium
1675 2909 1958 2997 quidem
1991 2908 2078 2978 de
2108 2907 2331 2999 gradu
2378 2909 2814 2980 constantiae
2859 2908 3156 3005 dejectus,

639 2998 939 3071 ostendit
983 3020 1193 3087 quam
1244 3020 1398 3069 vere
1447 2998 1582 3069 scri
1639 3010 1784 3069 tum
1838 2997 1964 3067 sit:
2015 2998 2064 3067 J
2071 3010 2304 3069 ustum
2355 3019 2496 3068 non
2542 2990 3162 3086 contristareqmd-

638 3086 808 3174 quid
854 3087 1206 3158 acciderit.
1261 3092 1590 3158 Contume
1625 3087 1710 3157 iis
1738 3086 1921 3156 enim
1963 3098 2028 3157 et
2060 3086 2388 3158 conviciis
2428 3086 2798 3159 lacessitus
2829 3084 3170 3180 impuden-

641 3176 955 3256 tissimis,
1012 3176 1103 3246 ita
1152 3198 1225 3246 se
1264 3176 1563 3267 gerebat,
1609 3189 1688 3247 ut
1725 3175 1811 3245 iis
1838 3175 2166 3247 delectari
2198 3175 2565 3246 videretur.
2603 3173 3174 3251 obtrectator&

641 3265 812 3345 suiS,
866 3286 1041 3352 quos
1087 3267 1399 3336 coercere
1449 3264 1649 3335 facile
1699 3265 2074 3356 potuisset,
2131 3286 2272 3336 non
2319 3264 2528 3335 aliam
2577 3266 2914 3356 rependit
2959 3264 3175 3339 vicem,

638 3374 848 3441 quam
898 3375 1077 3440 quae
1123 3376 1163 3422 a
1212 3353 1477 3424 Christo
1525 3355 1950 3445 praescripta
1995 3365 2128 3437 est,
2177 3366 2253 3424 ut
2287 3353 2464 3423 bene
2503 3354 2772 3426 scilicet
2803 3364 3184 3446 precaretur

640 3441 731 3511 iis
761 3465 802 3511 a
829 3443 1088 3529 quibus
1128 3443 1459 3532 injuriam
1493 3456 1872 3543 acceperat.

730 3532 767 3618 ξ
815 3536 973 3603 10.
1029 3530 1156 3600 Sed
1206 3544 1271 3601 et
1321 3537 1498 3602 Deus
1547 3532 1681 3622 ipsi
1731 3543 1868 3601 tam
1927 3529 2327 3601 admirabili
2390 3531 2768 3621 patientiae
2830 3530 3192 3604 coelestem

587 3677 602 3693 .
641 3618 951 3707 aliquam
1001 3618 1105 3688 vel
1156 3618 1226 3688 in
1279 3620 1476 3690 terris
1526 3620 1908 3690 mercedem
1967 3620 2303 3710 rependit.
2367 3620 2732 3711 Deiparam
2787 3622 2988 3693 enim
3043 3639 3194 3693 cam

691 3731 857 3779 uero
888 3714 1056 3779 Jesu
1104 3707 1333 3779 videre
1372 3709 1645 3790 meruit,
1685 3709 1819 3780 sibi
1852 3719 1920 3779 et
1947 3708 2342 3779 commissis
2376 3731 2542 3780 suae
2581 3708 3012 3801 disciplina
3037 3708 3196 3783 ade-

667 3797 1065 3878 escentulis,
1103 3797 1646 3868 benedicentem.
1684 3797 1884 3867 Illius
1915 3797 2120 3868 modo
2147 3797 2378 3868 vultus
2405 3798 2588 3869 inter
2611 3798 2976 3871 orandum
2999 3794 3200 3873 w

641 3908 897 3978 corpus
925 3898 1169 3968 totum,
1208 3885 1380 3957 dum
1420 3886 1637 3957 sacris
1667 3899 2013 3977 operatur,
2051 3885 2330 3957 coelesti
2357 3885 2623 3976 lumine
2649 3886 3192 3969 circumluant.

640 3987 844 4063 atque
890 3997 929 4045 e
977 3988 1154 4047 terra
1202 3974 1504 4046 sublime
1550 3986 1997 4066 conspectum
2047 3987 2174 4046 est.
2227 3974 2433 4046 Illum
2477 3975 2548 4046 in
2589 3975 2933 4049 cubiculo
2969 3994 3200 4069 pm&

640 4061 1041 4136 fundentem
1092 4065 1494 4136 beatissima
1540 4065 1745 4155 Virgo
1791 4063 2127 4154 adspectu
2171 4063 2612 4152 alloquioque
2659 4085 2795 4137 suo
2835 4065 3196 4153 rect-en}

641 4156 829 4223 Dono
879 4166 1227 4243 praeterea
1278 4153 1676 4244 prophetiae
1710 4173 1846 4223 non
1881 4153 2128 4235 caruit,
2167 4175 2305 4240 qua
2338 4152 2440 4223 vel
2470 4152 2708 4225 futura
2741 4152 3200 4246 praedm.

641 4240 743 4311 vel
777 4263 1034 4314 arcana
1062 4242 1378 4315 cordium
1417 4251 1826 4334 penetraret.
1870 4242 2283 4315 Absentibus
2317 4241 2682 4317 invocatus
2709 4258 3012 4333 praesto
3037 4250 3200 4325 ffl-

640 4329 832 4401 Filiis
879 4331 1027 4402 suis
1077 4332 1332 4423 pariter
1380 4330 1586 4422 longo
1635 4330 1793 4402 licet
1839 4329 2200 4403 intervallo
2248 4330 2644 4432 disjunctis,
2677 4331 2958 4418 adorat,
2997 4330 3206 4413 mad

640 4430 970 4500 moneret,
1004 4419 1234 4508 siquid
1268 4420 1438 4491 torte
1465 4419 1945 4509 deliquissent,
1976 4418 2081 4491 vel
2114 4421 2522 4512 parantibus
2555 4419 2645 4493 ad
2675 4423 3204 4501 eunacrihne.
3267 4498 3268 4509 ἶ
