3308 5004
604 258 739 327 520
1166 276 1247 326 nn
1291 275 1351 326 a.
1401 274 1734 330 numano
1779 275 1923 326 An.
1970 273 2368 328 amru-1..
2752 254 2939 324 Am.
2984 255 3085 321 20

413 455 416 460 .
518 360 991 450 sequentibuS,
1040 358 1296 434 frustra
1342 359 1785 462 sese-conari,
1818 381 1944 431 nec
1991 358 2447 432 ullatenusse
2494 369 2856 450 praesente
2885 356 3081 447 ejus-

522 450 710 524 modi
757 470 1070 521 exercere
1117 469 1319 540 posse
1368 471 1445 520 ra
1493 470 1712 521 lnam.
2050 479 2053 482 ·
2422 471 2425 474 ’
2512 491 2518 502 ·

606 542 645 627 ξ
689 543 850 613 88.
905 542 1086 610 Haec
1130 559 1259 610 nos
1303 538 1424 627 qui
1476 559 1586 608 em
1624 537 1710 608 de
1756 536 1976 619 sacris
2023 536 2337 628 moribus
2393 535 2610 627 patris
2653 536 2896 616 nostri,
2951 557 3083 626 pro

521 627 805 708 modulo
870 639 1148 708 nostro,
1213 626 1347 699 sub
1399 627 1730 698 brevitate
1800 626 2354 717 perstrinximus.
2433 630 2789 696 Caeterum
2870 623 3083 715 longe

518 715 936 788 eminentius
965 715 1037 786 in
1085 715 1234 788 suis
1281 714 1397 787 ille
1443 716 1641 788 libris
1688 726 1996 806 apparet,
2048 726 2224 786 etex
2269 714 2472 786 bonis
2522 712 2821 805 propriis
2869 713 3082 783 inno-

519 805 736 877 tescit.
789 810 869 876 In
917 803 1172 894 quibus
1203 805 1299 876 ita
1345 827 1546 880 suam
1591 803 2013 896 expressisse
2044 802 2316 874 videtur
2364 803 2739 894 imaginem
2767 856 2784 884 ,
2843 812 2910 873 et
2956 824 3081 873 ex-

519 893 832 966 hibuisse
875 892 1227 982 quoddam
1279 893 1641 984 speculum
1678 894 1813 975 sui,
1866 903 1943 963 ut
1989 892 2165 965 illud
2213 914 2492 981 quoque
2535 891 3076 964 Ambrosianum

521 981 764 1055 merito
799 981 906 1053 illi
954 1005 1152 1073 posse
1182 981 1495 1053 videatur
1520 982 1777 1074 aptari:
1831 980 2061 1052 Laude
2094 981 2242 1072 ipse
2270 1004 2345 1053 se
2371 993 2588 1063 sonet,
2624 993 2691 1050 et
2722 980 3078 1052 laureatus

560 1073 773 1163 piritu
803 1126 819 1154 ,
872 1070 1149 1162 scriptis
1203 1082 1570 1157 coronetur
1616 1072 1787 1150 soie.
1842 1071 1909 1140 Si
1957 1070 2116 1158 quis
2161 1071 2345 1141 enim
2397 1092 2601 1141 nosse
2672 1068 3067 1151 desiderat‘,

421 1084 728 1249 quam
758 1160 1069 1236 solicitus
1099 1160 1188 1230 ab
1218 1160 1416 1232 initio
1448 1160 1788 1250 suiipsius
1819 1159 2240 1250 dijudicator
2274 1171 2341 1231 et
2370 1170 2711 1231 scrutator
2747 1157 3065 1238 extiterit,

520 1250 825 1341 primum
888 1272 1085 1340 opus
1124 1248 1348 1319 illius.
1381 1249 1466 1319 de
1513 1250 1845 1321 aradibus
1905 1248 2314 1322 humilitatis
2383 1249 2493 1318 ins
2545 1248 2731 1318 iciat.
2794 1247 2962 1318 Inde
3009 1247 3071 1317 si

521 1338 880 1427 quaeritur
924 1338 1080 1429 piae
1119 1339 1371 1410 mentis
1420 1337 1742 1428 religiosa
1789 1337 2088 1419 devotio,
2142 1348 2470 1412 transeun
2529 1360 2647 1408 um
2691 1335 2782 1405 *ad
2834 1337 3075 1407 Homi-

522 1426 653 1498 lias
685 1427 756 1497 in
783 1425 1140 1508 ,laudibus
1187 1425 1488 1516 Virginis
1537 1426 1794 1508 MatriS,
1833 1437 1899 1496 et
1938 1425 2165 1508 illum,
2202 1447 2408 1513 quem
2451 1425 2538 1498 de
2565 1425 2915 1527 diligendo
2938 1430 3073 1495 Deo

522 1515 762 1599 edidit,
816 1515 1099 1587 librum.
1141 1516 1209 1586 Si
1258 1515 1526 1588 fervens
1555 1528 1794 1587 contra
1843 1536 2132 1587 suorum
2183 1514 2285 1584 vel
2314 1515 2611 1586 aliorum
2663 1514 2824 1586 vitia
2855 1512 3071 1594 zelus,

523 1604 793 1695 legatur
829 1606 931 1687 is,
985 1626 1191 1693 quem
1254 1605 1761 1697 Apoloyeticum
1809 1617 2023 1677 vocat.
2072 1604 2141 1674 Si
2188 1603 2354 1694 vigil
2404 1604 2474 1674 in
2520 1602 2668 1674 zelo
2735 1602 2965 1674 cordis
3008 1616 3080 1674 et

520 1694 1026 1785 circumspecta
1073 1693 1428 1775 discretio,
1473 1693 1558 1763 de
1608 1700 1970 1783 Praecepto
2040 1702 2105 1763 et
2167 1693 2659 1784 dispensatione
2721 1691 3081 1764 disserens

522 1782 872 1862 audiatur.
911 1787 1129 1866 Quam
1187 1805 1344 1853 vero
1391 1782 1617 1853 fidelis
1672 1782 2045 1873 cujuslibet
2098 1782 2252 1871 piae
2299 1780 2837 1854 conversationis
2882 1803 3083 1851 com-

523 1870 886 1952 mendator
930 1869 1225 1942 extiterit
1279 1883 1346 1943 et
1393 1869 1673 1960 adjutor
1703 1925 1721 1954 ,
1782 1872 2308 1943 Eoeltortaterz'us
2352 1869 2464 1952 ‚ad
2532 1868 2787 1940 milites
2835 1868 3083 1960 templi

525 1980 751 2030 sermo
790 1958 1114 2030 declarat.
1169 1964 1386 2044 Quam
1431 1983 1567 2032 non
1618 1961 1933 2051 ingratus
1992 1961 2254 2052 gratiae
2310 1958 2447 2029 Dei.
2510 1981 2592 2029 ex
2630 1958 2740 2033 bis
2802 1957 3023 2045 liquet
3055 2013 3073 2039 ,

522 2067 702 2136 quae
753 2048 838 2118 de
884 2051 1126 2120 Gratia
1162 2059 1226 2119 et
1279 2051 1480 2124 libero
1531 2050 1814 2120 arbitrio
1871 2061 2006 2119 tam
2058 2048 2352 2119 fideliter
2396 2069 2604 2136 quam
2655 2047 2917 2118 utiliter
2965 2045 3081 2116 di-

525 2134 852 2239 sputavit.
906 2142 1124 2221 Quam
1175 2137 1350 2208 liber
1397 2139 1466 2208 in
1501 2160 1688 2220 voce,
1739 2159 1948 2227 quam
1997 2137 2320 2219 disertus,
2372 2137 2544 2210 etin
2597 2158 2824 2207 rerum
2865 2156 3080 2226 supe-

524 2248 789 2296 riorum
839 2227 1096 2318 pariter
1141 2227 1687 2316 inferiorumque
1734 2226 2020 2299 scientia
2061 2226 2392 2318 locuples,
2448 2225 2518 2295 in
2569 2224 2703 2306 his,
2758 2245 2939 2312 quae
2986 2225 3079 2295 ad

523 2319 779 2406 Papam
843 2314 1227 2408 Eugenium
1294 2317 1374 2389 de
1422 2317 1975 2390 consideratione.
2025 2316 2159 2388 scri
2212 2316 2343 2396 sit,
2405 2312 2707 2415 diligens
2752 2312 3082 2384 conside-

525 2418 713 2482 rator
757 2416 1103 2498 agnoscet.
1155 2410 1374 2489 Quam
1423 2406 1911 2477 devotissimus
1986 2426 2148 2495 prae
2200 2405 2415 2478 icator
2481 2404 2746 2474 alienae
2818 2403 3078 2472 sancti-

525 2494 706 2577 tatis,
752 2507 888 2565 tam
939 2494 1306 2588 diligenter
1342 2494 1664 2587 Episcopi
1713 2493 1929 2568 sancti
1980 2492 2353 2575 Malachiae
2392 2492 2596 2563 vitam
2657 2502 3074 2584 prosecutus

524 2583 846 2655 ostendit.
897 2589 1063 2654 Nam
1113 2596 1178 2654 et
1211 2584 1279 2653 in
1330 2584 1769 2655 sermonibus
1820 2605 2030 2675 super
2079 2585 2398 2664 Cantica,
2448 2594 2516 2652 et
2583 2580 3074 2673 mysteriorum

525 2673 993 2764 investigator,
1038 2684 1104 2743 et
1151 2694 1423 2744 morum
1473 2673 1870 2744 aedificator
1908 2672 2326 2763 magnificus
2372 2671 2758 2742 innotescit.

612 2764 649 2850 ξ
693 2766 852 2835 84.
906 2766 983 2832 In
1034 2761 1376 2852 Epistolis,
1477 2785 1603 2833 uas
1641 2762 1727 2832 ad
1777 2760 2084 2831 diversas
2130 2782 2461 2852 personas
2490 2760 2579 2831 ob
2637 2759 2911 2850 negotia
2958 2758 3072 2828 di-

526 2872 719 2921 versa
750 2851 1052 2934 dictavit,
1141 2851 1399 2922 rudens
1427 2784 1666 2922 (iector
1696 2849 2021 2932 advertet,
2073 2870 2211 2936 quo
2243 2848 2505 2919 fervore
2537 2848 2825 2939 spiritus
2863 2846 3073 2946 justi·

524 2939 693 3009 tiam
724 2959 999 3011 omnem
1110 2938 1394 3020 ilexerit,
1460 2961 1737 3013 omnem
1795 2937 2278 3026 aequeoderit
2335 2938 2772 3029 injustitiam.
2819 2934 3067 3005 Fidelis

524 3027 776 3106 etenim
807 3098 812 3103 ,
844 3049 1090 3098 servus
1148 3027 1397 3099 Christi
1469 3050 1604 3100 non
1677 3028 2048 3116 quaerebat
2106 3026 2368 3114 aliquid
2437 3049 2685 3097 suum:
2736 3021 3067 3113 quicquid

525 3128 751 3185 tamen
800 3128 946 3186 erat
974 3116 1246 3199 Christi,
1300 3118 1399 3187 sic
1438 3116 1726 3188 curabat
1773 3129 1851 3186 ut
1896 3137 2130 3187 suum.
2168 3121 2354 3199 Quae
2382 3115 2568 3192 ,enim
2620 3114 2873 3186 scelera
2923 3132 3068 3181 non

523 3205 808 3293 arguit?
853 3226 1031 3292 quae
1060 3204 1220 3275 odia
1253 3226 1389 3275 non
1436 3204 1771 3277 extinxit?
1815 3227 1993 3293 quae
2039 3204 2368 3277 scandala
2402 3226 2539 3275 non
2588 3201 3070 3295 compescuit?

523 3314 701 3381 quae
756 3292 1131 3364 schismata
1185 3315 1320 3364 non
1372 3293 1767 3365 resarcivit?
1811 3316 1987 3383 quas
2058 3293 2374 3365 haereses
2416 3315 2570 3365 ¹non
2638 3291 3074 3364 confutavit?

524 3379 699 3463 Quid
743 3403 900 3453 vero
932 3395 1275 3464 sanctum,
1312 3382 1478 3470 quid
1495 3383 1896 3466 honestum,
1934 3382 2111 3472 quid·
2138 3382 2497 3472 pudicum,
2533 3382 2702 3469 quid
2741 3378 3069 3456 amabile.

523 3467 690 3558 quid
739 3470 960 3541 bonae
1013 3469 1261 3554 famae,
1313 3470 1480 3558 quid
1531 3471 1801 3544 virtutis
1847 3485 1967 3544 aut
2013 3470 2386 3542 laudabilis
2428 3469 2872 3561 disciplinae,
2924 3468 3077 3539 suis

523 3570 752 3630 ortum
793 3559 866 3628 in
903 3558 1210 3647 qualibet
1242 3560 1362 3631 reli
1421 3561 1572 3631 ione
1609 3560 1881 3642 diebus,
1926 3580 2062 3631 non
2092 3559 2435 3633 roboravit
2470 3560 2622 3631 e‘us
2665 3558 3071 3640 auctoritas,

523 3668 663 3727 non
710 3646 876 3749 fovit
921 3647 1224 3749 charitas
1253 3703 1268 3730 ,
1304 3582 1685 3750 ‘dffiigentia
1732 3671 1866 3720 non
1924 3650 2313 3740 promovit?
2359 3649 2489 3732 Qui
2583 3660 2743 3718 ante
2794 3669 3078 3739 promo·-

525 3748 716 3820 tum,
767 3735 1042 3807 dilatari
1104 3737 1410 3828 amphus
1457 3760 1593 3811 non
1668 3737 1980 3828 optavit?
2023 3737 2190 3825 quid
2242 3737 2413 3809 forte
2457 3736 2633 3808 colla
2689 3759 2873 3819 sum,
2933 3757 3075 3807 non

523 3825 683 3895 totis
728 3847 853 3917 pro
901 3825 1050 3899 loco
1097 3839 1162 3897 et
1195 3838 1501 3918 tempore
1549 3828 1813 3901 viribus
1858 3827 2021 3918 egit,
2057 3838 2136 3898 ut
2180 3839 2618 3918 repararetur
2701 3826 2871 3909 Quis
2925 3846 3078 3894 ma-

520 3912 740 4015 litiam
790 3936 1306 4004 quamcumque
1350 3916 1751 4007 disponens,
1810 3915 1962 4007 ejus
1997 3914 2343 3987 zelum'et
2402 3915 2877 3987 auctoritatem
2930 3934 3073 3984 non

521 4007 798 4074 timuit?
843 4003 1012 4088 Quis
1040 4025 1433 4095 proponens
1478 4005 1969 4094 quodcumque
1999 4004 2289 4088 honum,
2319 4004 2497 4092 eju&
2541 4004 2600 4076 si
2649 4002 2895 4096 potuit,
2932 4023 3074 4073 non

519 4091 871 4192 consuluit
916 4094 1374 4176 sanctitatem,
1427 4115 1563 4164 non
1613 4092 2443 4175 consideravitfavorem,
2501 4113 2706 4184 opem
2750 4113 2890 4165 non
2943 4090 3078 4163 ssa*

519 4182 808 4282 gitavltJ
852 4181 1020 4264 Quis
1065 4182 1149 4251 ad
1202 4204 1479 4255 sacrum
1528 4183 1599 4253 in
1646 4182 1800 4272 ejus
1830 4193 2101 4272 pectore
2146 4181 2525 4259 habitantis
2571 4181 2933 4274 templum·
2964 4178 3076 4257 di-

522 4280 858 4370 vinitatis,
901 4269 988 4339 de
1035 4291 1477 4359 quacumque
1534 4270 1974 4342 tribulatione
2017 4269 2315 4343 fideliter
2366 4269 2794 4347 clamaturus
2838 4291 3078 4341 acces-

523 4365 612 4424 sit
639 4407 657 4436 ,
708 4367 775 4429 et
839 4357 1281 4430 inefficaciter
1338 4360 1720 4432 laboravit?
1766 4364 2061 4437 Moestus
2097 4361 2188 4433 ab
2230 4381 2315 4435 eo
2350 4360 2714 4444 solatium,
2773 4358 3076 4430 afflictus
