3308 5004
713 337 845 403 468
1316 352 1397 401 nx
1442 352 1500 400 s.
1553 350 1885 420 nmmo
1929 350 2073 399 m.
2113 346 2515 399 cunum.
2843 308 3033 401 mo.
3087 335 3174 403 20

620 460 783 510 vero
826 437 1043 527 quasi*
1075 435 1411 507 divinitus
1455 448 1736 526 accepta
1764 434 1869 506 vel
1916 434 2148 506 oblata
2192 434 2541 516 facultate,
2595 435 2958 527 seu'apud
3008 458 3176 508 eum

624 527 1017 609 moriendi,
1076 548 1200 597 seu
1246 525 1684 614 altimdiu
1739 531 1899 595 cum
1947 545 2030 596 eo
2076 523 2392 594 vivendi:
2443 545 2741 611 quorum
2788 524 2956 612 quid
3006 539 3180 598 tunc

624 616 1015 698 maluerim,
1045 616 1313 707 ignoro:
1367 613 1918 705 profectussum
1953 614 2202 683 statim
2256 613 2448 696 illuc,
2546 613 2817 683 uamvis
2859 636 3022 684 cum
3079 615 3181 686 la-

623 708 789 777 bore
818 706 1052 775 *nimio
1096 716 1164 774 ct
1207 703 1466 774 dolore.
1506 704 1633 774 Ubi
1682 702 1938 773 factum
1969 714 2073 772 est
2105 702 2300 784 mibi,
2335 724 2395 791 ·q
2572 703 2993 793 promissum
3027 702 3184 774 fue-

586 808 767 865 -ratz
820 806 887 865 et
931 792 1194 875 fateor,
1250 793 1433 863 sicut
1499 792 1715 863 volui.
1768 790 2058 862 Reddita
2120 791 2295 861 mihi
2357 792 2619 882 quippe
2659 792 2926 864 sanitas
2986 805 3184 864 esta

624 897 877 977 magna
915 896 981 953 et
1037 881 1429 973 periculosa
1478 880 1934 951 infirmitate:
1993 879 2115 951 sed
2163 881 2424 951 senaim
2489 892 2557 951 et
2611 881 2946 972 paulatim
2999 883 3184 953 vireo

619 973 930 1064 corporis
954 971 1339 1042 redierunt.
1378 976 1573 1041 Deus
1617 970 1804 1040 enim
1855 969 2054 1051 bone,
2106 970 2276 1057 quid
2313 969 2485 1040 mihi
2521 970 2680 1040 boni
2728 969 3023 1041 contulit
3073 972 3184 1041 in-

619 1062 917 1132 firmitas
949 1060 1093 1142 illa,
1145 1059 1356 1130 feriae
1416 1059 1600 1140 illae,
1652 1058 1917 1129 vacatio
1951 1058 2118 1128 illa?
2174 1063 2340 1129 Nam
2392 1060 2894 1149 cooperabatur
2942 1081 3185 1131 neces-

622 1151 806 1222 sitati
840 1171 1032 1219 meae
1052 1161 1189 1219 toto
1222 1148 1342 1218 illo
1374 1153 1682 1239 tempore
1712 1148 2137 1217 infirmitatis
2165 1167 2356 1218 meae
2387 1147 2574 1238 apud
2602 1170 2761 1219 eum
2803 1148 3183 1219 infirmitas

586 1240 797 1330 ejuS,
834 1260 973 1326 qua
1020 1252 1086 1310 et
1130 1239 1279 1340 ipse
1328 1251 1495 1307 tunc
1535 1237 1865 1328 temporis
1910 1235 2371 1307 detinebatur.
2408 1237 2679 1307 Infirmi
2735 1259 2901 1329 ergo
2940 1239 3178 1322 ambo,

622 1341 761 1399 tota
791 1328 905 1398 die
936 1327 1021 1396 de
1078 1327 1422 1418 spirituali
1478 1326 1766 1417 physica
1807 1326 2083 1395 animae
2123 1326 2693 1408 conferebamus,
2747 1325 2831 1395 de
2875 1326 3187 1397 medica-

618 1420 878 1487 mentis
924 1417 1281 1497 virtutum,
1346 1421 1584 1486 contra
1646 1415 2017 1506 languores
2069 1414 2420 1485 vitiorum.
2487 1421 2724 1503 Itaque
2789 1428 2953 1485 tunc
3006 1416 3188 1486 mihi

624 1505 953 1575 disseruit
998 1505 1086 1575 de
1144 1505 1419 1575 Cantico
1489 1507 1966 1586 canticorum,
2029 1517 2367 1591 quantum
2412 1517 2687 1594 tempus
2752 1504 3187 1576 infirmitatis

623 1613 816 1664 meae
856 1594 1192 1685 permisit,
1232 1593 1598 1663 ‘moraliter
1644 1604 1936 1674 tantum,
1975 1593 2394 1662 intermissis
2435 1591 2799 1664 altioribus
2830 1594 3188 1683 mysteriis

623 1685 1009 1774 scripturae
1056 1682 1268 1753 illius:
1332 1682 1498 1770 quia
1545 1683 1647 1752 sic
1694 1681 2046 1763 volebam,
2099 1692 2166 1751 et
2214 1682 2313 1751 sic
2364 1682 2710 1772 petieram·
2741 1682 2828 1752 ab
2862 1705 2969 1751 eo.
3026 1683 3189 1753 Sin—

671 1772 950 1860 ulisque
994 1772 1266 1852 diebus,
1317 1792 1803 1859 quaecumque
1841 1792 2051 1861 super
2098 1770 2228 1841 hoc
2274 1771 2670 1851 audiebam,
2727 1792 2813 1839 ne
2862 1770 3042 1840 mihi
3092 1771 3190 1842 ef-

623 1795 964 1951 {u‘gerenn
1010 1861 1271 1962 scripto
1319 1860 1739 1951 alligabam,
1794 1859 2207 1947 inquantum
2272 1859 2442 1929 mihi
2496 1864 2673 1929 Deus
2729 1860 3064 1942 donabat,
3122 1872 3191 1931 et

624 1950 959 2019 memoria
1009 1970 1117 2018 me
1146 1949 1455 2040 juvabat.
1495 1954 1572 2018 In
1611 1970 1752 2037 quo
1798 1970 1956 2018 cum
1999 1949 2298 2039 benigne
2331 1961 2398 2017 et
2457 1949 2605 2019 sine
2652 1948 2915 2018 invidia
2968 1971 3188 2040 expo·

627 2052 817 2108 neret
862 2037 1034 2108 mihi
1085 2052 1152 2108 et
1209 2039 1755 2109 communicaret
1804 2039 2177 2107 sententias
2239 2037 2764 2128 intelligentiae,
2818 2049 2884 2108 et
2928 2060 3188 2109 sensus

620 2127 1081 2217 experientiae
1116 2148 1285 2196 suae
1315 2181 1331 2209 ‚
1383 2140 1448 2196 et
1505 2126 1723 2197 multa
1771 2125 2017 2196 docere
2065 2127 2397 2196 niteretur
2442 2126 2876 2216 inexpertum
2909 2180 2931 2207 ,
3005 2148 3186 2214 quae

625 2235 761 2284 non
799 2216 936 2285 nisi
982 2216 1398 2307 experiendo
1426 2216 1831 2286 discuntur:
1870 2216 1997 2286 etsi
2028 2213 2410 2305 intelligere
2437 2237 2571 2284 non
2608 2229 2914 2306 poteram
2946 2215 3184 2286 adhuc

620 2325 800 2392 quae
846 2306 1379 2397 apponebantur
1425 2305 1623 2385 mihi,
1665 2304 1827 2407 plus
1874 2317 2102 2374 tamen
2134 2303 2335 2374 solito
2383 2304 2769 2396 intelligere
2820 2326 2929 2374 me
2974 2305 3183 2375 facie-

624 2393 765 2476 bat,
819 2393 1151 2483 quicquid
1202 2394 1285 2464 ad
1338 2415 1416 2463 ea
1466 2393 1915 2485 intelligenda
1963 2392 2231 2463 deesset
2277 2392 2477 2462 mihi.
2532 2394 2658 2464 Sed
2719 2392 2807 2463 de
2845 2393 2960 2464 his
3009 2394 3181 2465 huc-

621 2506 846 2575 usque
883 2482 1138 2554 dixisse
1187 2482 1510 2554 sufficiat.

708 2576 969 2661 §na
1024 2579 1191 2644 Cum
1242 2588 1471 2642 autem
1523 2573 1822 2641 instante
1869 2571 2468 2660 Dominica,·quae
2503 2571 3186 2662 Septuagoeima‘no-

598 2662 954 2744 minatur,
996 2683 1283 2753 voepera
1326 2661 1477 2752 ipsa
1525 2660 1836 2741 sabbati,
1893 2660 2315 2730 Dominicam
2370 2661 2592 2752 ipsam
2654 2661 3180 2751 praecedentis,

614 2750 763 2840 jam
797 2762 1063 2820 tantum
1115 2751 1648 2830 convaluissem,
1684 2762 1761 2819 ut
1809 2748 2178 2818 valuissem
2212 2749 2298 2819 de
2348 2750 2518 2821 lecto
2556 2771 2840 2839 surgere
2885 2771 3011 2840 per
3041 2771 3181 2828 me,

621 2851 688 2909 et
733 2840 993 2909 intrare
1026 2860 1297 2930 possem
1347 2852 1414 2908 et
1459 2840 1666 2919 exire,
1719 2837 1912 2926 coepi
1967 2836 2331 2926 disponere
2381 2839 2464 2908 de
2516 2838 2742 2908 reditu
2802 2851 3035 2908 nostro
3091 2838 3189 2907 ad

619 2928 881 2997 fratres.
941 2927 1134 3011 Quod
1167 2929 1316 3019 ipse
1346 2928 1662 2998 auditum
1714 2926 1999 2997 omnino
2049 2926 2426 3015 prohibuit,
2463 2940 2531 2996 et
2569 2949 2791 3015 usque
2831 2926 2914 2998 ad
2945 2927 3187 2995 Domi·

622 3017 849 3084 nicam
903 3017 1533 3117 Quinquagesimae
1586 3036 1863 3084 omnem
1925 3015 2096 3084 mihi
2161 3037 2362 3105 spem
2427 3016 2691 3087 reditus
2742 3027 2809 3086 et
2854 3027 3187 3085 conatum

598 3104 1000 3174 interdixit.
1054 3106 1374 3193 Acqulevi
1422 3104 1667 3185 facile,
1739 3124 1898 3173 cum
1966 3103 2149 3191 quod
2251 3104 2790 3195 raecipiebatur‚
2864 3104 3187 3174 voluntas

621 3211 758 3262 non
809 3194 1164 3274 abnueret,
1198 3208 1269 3263 'et
1317 3192 1687 3264 infirmitas
1721 3193 2067 3280 requirere
2115 3193 2180 3262 vi
2231 3207 2485 3263 eretur.
2524 3199 2688 3264 Cum
2722 3206 2956 3264 autem
2994 3191 3185 3264 ultra

621 3282 1053 3352 Dominicarn
1077 3282 1268 3351 illam
1290 3281 1868 3373 septuagesimae
1896 3304 1935 3351 a
1961 3282 2318 3363 carnibuS,
2344 3283 2602 3371 quibus
2629 3305 2855 3370 usque
2875 3282 2964 3353 ad
2996 3282 3188 3353 diem

619 3370 813 3439 illam
863 3371 1016 3462 ipso
1065 3371 1551 3461 praecipiente,
1604 3384 1671 3440 et
1718 3371 2121 3441 necessitate
2197 3371 2622 3442 infirmitatis
2674 3385 3008 3462 cogente,
3077 3392 3188 3441 ve·

622 3458 886 3541 scebar,
940 3459 1182 3530 vellem
1233 3459 1600 3540 abstinere,
1654 3470 1720 3529 et
1767 3459 2131 3551 hocipsum
2167 3461 2539 3551 prohibuit.
2581 3464 2804 3552 Super
2847 3482 2987 3547 quo
3020 3482 3189 3531 cum

623 3569 748 3618 nec
784 3547 1175 3639 prohibenti
1223 3547 1760 3635 acquiescerem,
1798 3569 1925 3619 nec
1975 3562 2330 3638 rogantem
2379 3548 2721 3630 audirem,
2767 3570 2888 3619 nec
2931 3547 3189 3618 obedi·

620 3658 767 3706 rem
803 3637 1277 3727 praecipienti,
1317 3637 1418 3706 sic
1460 3658 1735 3726 vespere
1763 3636 1885 3706 illo
1919 3637 2183 3708 sabbati
2234 3638 2322 3708 ab
2348 3638 2641 3708 invicem
2692 3637 3180 3709 discessimus:

620 3725 738 3796 ille
787 3727 1036 3796 tacitus
1082 3725 1168 3795 ad
1219 3724 1779 3816 completorium,
1810 3747 1942 3816 ego
1986 3726 2070 3795 ad
2109 3726 2386 3797 lectum.
2425 3732 2503 3796 Et
2546 3748 2720 3797 ecce·
2751 3727 3189 3797 infirmitatis

622 3836 814 3886 meae
849 3815 1076 3885 rabies
1109 3814 1433 3897 rediviva,
1472 3816 1674 3902 quasi
1696 3815 2068 3906 resumptis
2103 3815 2367 3886 viribus
2398 3815 2749 3898 omnibuS,
2794 3838 2957 3887 cum
2997 3829 3190 3886 tanta

590 3927 733 3974 ·me
782 3905 1209 3975 vehementia
1234 3916 1305 3973 et
1349 3903 1696 3974 ferocitate
1728 3904 2064 3974 invadens
2109 3905 2468 3995 corripuit,
2505 3916 2832 3993 tantaque
2881 3927 2994 3975 me
3046 3928 3190 3975 ma-

624 3993 935 4084 lignitate
984 4006 1119 4064 tota
1159 4006 1356 4064 nocte
1405 3991 1523 4063 illa
1568 3992 1989 4064 devastando
2046 3994 2382 4064 cruciavit
2426 4015 2641 4086 supra
2694 3994 2913 4077 vireS,
2967 4016 3192 4086 supra

619 4083 967 4165 virtutem,
996 4095 1098 4154 *ut
1135 4083 1222 4153 de
1270 4083 1405 4153 vita
1452 4082 1853 4173 desperans,
1903 4082 2011 4153 vix
2033 4082 2277 4153 saltem
2313 4105 2535 4170 usque
2581 4084 2666 4154 ad
2702 4083 2914 4162 diem,
2974 4096 3055 4155 ut
3088 4083 3194 4154 vel

623 4171 834 4240 semel
884 4172 1116 4241 adhuc
1148 4172 1463 4260 loquerer
1510 4171 1656 4241 viro
1703 4172 1840 4254 Dei,
1893 4171 2242 4243 crederem
2293 4193 2402 4242 me
2452 4172 2818 4243 victurum.
2875 4176 3195 4262 Cumque

622 4258 695 4326 in
745 4259 979 4330 dolore
1013 4261 1132 4331 illo
1169 4273 1375 4331 totam
1427 4273 1694 4331 noctem
1756 4260 2104 4332 duxissem
2138 4316 2154 4344 ,
2209 4282 2485 4331 summo
2555 4283 2756 4331 mane
2801 4263 3191 4334 accersitus

624 4345 742 4446 ille
770 4347 1083 4447 advenit:
1125 4370 1258 4419 non
1312 4361 1535 4420 tamen
1593 4350 1910 4432 asserem,
1954 4372 2160 4438 quem
2211 4349 2495 4431 solebat,
2562 4349 2829 4421 vultum
2896 4373 3193 4443 compa-

626 4444 878 4518 tlentls,
915 4436 1033 4507 sed
1079 4438 1279 4526 quasi
1308 4440 1686 4530 arguentis.
1733 4439 2113 4511 Subridens
2145 4451 2396 4511 tamen:
2435 4439 2639 4529 Quid,
2678 4439 2931 4528 inquit,
2975 4441 3190 4514 hodie
