3308 5004
628 342 710 407 ⁴2
1241 357 1321 403 nr.
1366 352 1628 404 cuams
1674 355 1752 402 m
1797 355 2026 404 emmo
2073 357 2131 404 s.
2183 358 2365 405 parm
2808 330 2996 409 ΑΗΘ.
3053 344 3079 408 t

536 437 899 526 Numquid·
938 449 1164 507 tantae
1208 435 1374 505 ‘fidei
1423 447 1858 525 argumenta,
1912 437 2146 506 inania
2198 438 2625 508 extiterunt?
2671 441 2766 508 An
2818 439 2977 510 talis
3025 453 3095 510 et

539 542 676 599 tam
731 527 947 597 multa
995 547 1153 616 spes
1184 525 1256 594 in
1307 538 1541 595 ventos
1575 524 1914 594 dissoluta
1946 530 2095 595 est?
2135 531 2229 596 An
2285 548 2419 596 non
2471 527 2770 605 sensisti,
2826 551 3005 616 quae
3054 553 3096 600 a

539 617 861 708 Magistro
902 630 1017 687 tuo
1069 614 1382 705 prodigia
1423 626 1587 685 sunt
1614 613 1906 683 effecta?
1935 614 2207 685 Oblitus
2239 637 2324 684 ne
2355 638 2428 686 es
2477 617 2866 687 maritimae
2903 618 3096 688 illius

539 705 1036 786 fluctuationis,
1093 703 1684 791 quemadmodum
1736 702 2012 773 dextera
2039 726 2166 773 sua
2214 716 2301 785 te,
2333 705 2454 792 qui
2502 705 3089 798 submergebaris,

540 794 961 865 incolumem
1012 793 1346 864 servavit?
1393 797 1490 861 An
1532 813 1668 861 non
1696 814 1900 861 aures
1949 804 2104 862 tuas
2129 793 2414 863 vocibus
2441 793 2582 863 illis
2622 794 2852 865 adhuc
2882 796 3098 868 habes

542 898 1027 975 personantes:
1083 884 1214 965 Qui
1255 882 1466 951 credit
1499 883 1571 949 in
1600 904 1730 962 me,
1785 904 2013 973 opera,
2065 905 2241 975 quae
2286 883 2407 974 eqo
2452 886 2655 973 facin,
2709 894 2772 954 et
2825 887 2947 954 ille
2991 888 3101 975 fa-

541 975 689 1044 ciet.
745 982 805 1042 et
851 975 1117 1063 majora
1148 971 1541 1060 kis‘saciet?

629 1064 666 1149 ξ
714 1066 855 1134 14.
906 1067 1143 1131 Nonne
1205 1060 1343 1129 scis
1378 1113 1394 1140 ,
1460 1058 2052 1145 quemadmodum
2103 1081 2140 1130 e
2190 1073 2639 1130 monumento
2701 1083 3094 1152 exurgenS,

542 1150 864 1221 custodes
912 1151 1098 1251 ipsos
1148 1148 1331 1219 velut
1403 1161 1709 1218 mortuos
1779 1148 2186 1237 prostravit.
2240 1164 2307 1219 et
2353 1171 2479 1230 ea,
2529 1150 2804 1241 *quibus
2856 1173 3105 1219 monu-

544 1252 853 1309 mentum
906 1251 1256 1330 signatum
1297 1236 1542 1316 suerat,
1585 1236 1840 1306 intacta
1869 1238 2213 1307 servavit?
2245 1243 2482 1308 Nonne
2520 1260 2849 1328 praesens
2878 1238 3098 1320 fuisti,

542 1351 703 1399 cum
760 1342 1066 1397 mortuos
1114 1326 1432 1396 homines
1481 1347 1610 1395 suo
1669 1326 1879 1413 jussu
1943 1326 2181 1395 exilire
2228 1326 2431 1397 fecit?
2477 1350 2638 1397 cum
2704 1328 2927 1398 caecis
2977 1328 3106 1397 ho-

546 1417 857 1486 minibus
891 1416 1170 1485 videndi
1231 1414 1626 1484 facultatem
1681 1415 2049 1505 praebuit?
2112 1438 2273 1485 cum
2325 1416 2450 1485 tibi
2500 1438 2623 1506 per
2671 1417 2899 1487 Sancti
2954 1418 3106 1507 Spi-

544 1506 720 1607 ritps
759 1505 1131 1575 adventum
1184 1503 1682 1574 miraculorum
1721 1505 2094 1589 potentiam
2130 1505 2557 1595 impartivit?
2584 1527 2744 1575 cum
2799 1507 2868 1575 in
2904 1519 3103 1596 porta

546 1594 869 1685 Speciosa
907 1593 1236 1663 claudum
1290 1592 1670 1673 hominem,
1726 1615 1887 1662 cum
1939 1598 2255 1674 Aeneam,
2309 1616 2469 1663 cum
2519 1594 2876 1664 Thabltam
2921 1596 3098 1685 (Act.

543 1707 618 1753 111
664 1694 730 1752 et
760 1682 879 1773 lx),
925 1683 1218 1752 alterum
1262 1682 1401 1750 inte
1458 1704 1609 1751 rum
1664 1681 1983 1772 pedibus,
2019 1696 2085 1751 et
2133 1682 2217 1751 ad
2275 1683 2701 1753 currendum
2755 1683 3052 1753 velocem
3084 1738 3100 1765 ,

546 1772 837 1842 alterum
874 1772 1205 1841 diuturno
1254 1792 1405 1839 mor
1456 1793 1494 1839 o
1544 1770 1840 1840 liberum
1880 1770 2265 1852 reddidisti,
2304 1771 2516 1860 hujus
2556 1768 2891 1852 animam,
2923 1794 3104 1859 quae

546 1860 955 1941 avolaverat,
997 1861 1068 1929 in
1117 1882 1373 1951 corpus
1423 1859 1807 1929 reduxisti?
1856 1864 2024 1928 Cum
2076 1871 2424 1930 tantorum
2474 1875 2541 1930 et
2595 1861 2836 1931 talium
2891 1861 3106 1930 mira-

545 1949 864 2020 culorum
917 1950 1258 2040 particeps
1305 1950 1586 2018 efl'ectus
1636 1948 1874 2024 fueris,
1927 1970 2227 2036 quorum
2261 1949 2399 2018 alia
2438 1950 2715 2031 videris,
2770 1950 2907 2019 alia
2958 1950 3106 2038 ipse

546 2038 812 2119 feceris,
849 2061 1006 2108 cum
1044 2038 1342 2125 denique
1373 2037 1663 2107 multam
1696 2038 1919 2128 ipsius
1956 2038 2065 2106 Dei
2100 2039 2471 2128 potentiam
2505 2053 2827 2129 expertus
2859 2038 3101 2117 fueriS,

547 2149 736 2197 nuuc
771 2140 834 2196 te
880 2128 1058 2197 scire
1090 2126 1289 2207 dicis,
1341 2126 1524 2213 quod
1576 2126 1717 2198 ais:
1772 2127 1952 2196 Misit
2001 2127 2335 2197 Dominus
2376 2128 2712 2218 Angelum
2766 2150 3000 2207 suum,
3038 2140 3106 2196 et

545 2217 803 2307 eripuit
834 2238 941 2285 me
981 2216 1065 2285 de
1117 2238 1329 2285 manu
1377 2215 1714 2285 Herodis?
1764 2217 1832 2284 Si
1881 2229 1978 2285 tot
2027 2216 2410 2304 praeteritis
2467 2215 2829 2286 miraculis
2877 2216 3104 2285 addu-

547 2319 701 2376 ctus
748 2326 886 2375 non
950 2303 1142 2375 fuisti
1191 2319 1269 2374 ut
1306 2304 1661 2384 credereS,
1714 2304 2059 2390 quomodo
2107 2306 2232 2374 uni
2282 2306 2445 2375 huic
2501 2305 2790 2375 credes?
2832 2306 2900 2374 Si
2951 2319 3104 2374 tan-

550 2407 777 2464 torum
854 2393 1347 2463 miraculorum
1427 2393 1802 2464 multitudo
1883 2393 2184 2464 veritatis
2270 2393 2868 2464 confirmationem
2965 2416 3104 2463 non

549 2483 799 2563 attulit,
835 2483 958 2570 qui
1009 2483 1254 2574 poterit
1292 2504 1513 2553 unum
1550 2482 2128 2573 hoc-fluctuantes
2157 2483 2605 2574 cogitationes
2643 2498 2797 2555 tuas
2823 2482 3111 2554 sedare?

524 2573 863 2653 Maxime,
911 2573 1138 2660 inquit
1166 2573 1316 2642 ille:
1371 2594 1506 2641 non
1539 2573 1724 2641 enim
1777 2571 1941 2640 talia
1981 2585 2144 2642 sunt
2173 2572 2447 2640 divinae
2497 2573 2838 2663 potentiae
2870 2593 3104 2663 opera,

550 2676 626 2732 ut
659 2661 860 2731 facile
906 2660 1621 2753 comprehendantur,
1674 2672 1739 2729 ct
1786 2661 1993 2729 fidem
2036 2661 2364 2730 afferant:
2409 2659 2634 2732 facilis
2680 2663 2867 2730 enim
2916 2674 3108 2730 com-

551 2751 916 2842 prehensio
941 2774 1078 2820 non
1108 2751 1333 2820 solum
1365 2773 1498 2820 non
1536 2764 1743 2839 auget
1778 2746 2141 2829 miracula,
2187 2749 2304 2819 sed
2342 2750 2546 2819 etiam
2599 2749 2720 2818 illa
2750 2750 3110 2819 imminuit

550 2852 1145 2927 atquerextenuat,
1198 2854 1263 2909 et
1294 2860 1560 2922 eorum,
1613 2860 1792 2926 quae
1830 2837 2033 2908 facile
2080 2839 2794 2929 comprehenduntur.
2849 2838 3111 2908 formas

550 2951 628 2997 ex
677 2928 911 2997 animo
960 2928 1161 2997 delet.
1216 2928 1408 3010 Quod
1460 2950 1618 2996 vero
1666 2928 2176 2997 examinatione
2207 2928 2529 2998 et'variis
2570 2928 3110 3018 cogitationibus

552 3039 757 3106 saepe
806 3016 1170 3107 probatum
1223 3018 1452 3095 fuerit,
1507 3017 1667 3105 plus
1706 3016 2035 3096 veritatis,
2090 3039 2298 3104 quam
2346 3018 2724 3106 opinioniS,
2780 3016 3106 3107 ingignit,

551 3127 630 3175 eo
663 3105 849 3193 quod
906 3107 1182 3175 animae
1229 3106 1454 3196 ipsius
1500 3105 1843 3176 dubitatio
1891 3118 2096 3192 atque
2145 3106 2562 3187 infirmitas,
2617 3106 2705 3175 ad
2753 3128 2833 3176 ea
2862 3161 2877 3186 ,
2930 3126 3111 3191 quae

553 3217 835 3265 sensum
884 3207 1217 3285 superant
1247 3208 1312 3264 et
1336 3194 1557 3264 ardua
1592 3207 1779 3276 sunt,
1814 3194 2468 3284 comprehendenda
2509 3195 2802 3264 minime
2832 3193 3104 3273 idonea,

555 3298 708 3374 post
756 3284 1274 3353 fluctuationem
1323 3283 1611 3353 multam
1670 3297 1736 3353 et
1782 3284 2280 3373 cogitationum
2330 3284 2766 3364 varietatem,
2821 3282 3110 3352 demum

553 3385 808 3442 certam
847 3372 1054 3441 fidem
1096 3395 1177 3441 ac
1223 3373 1573 3442 veritatem
1625 3372 1697 3440 in
1747 3373 2022 3441 animos
2070 3373 2261 3463 ipsos
2309 3372 2702 3454 immittere,
2753 3385 2960 3459 atque
3007 3370 3113 3441 al-

555 3461 694 3530 tius
742 3461 1278 3551 infigere‘solita
1310 3474 1435 3531 est.
2205 3505 2208 3506 ν
2746 3481 2756 3492 ·

641 3551 678 3636 ξ
725 3553 869 3622 15.
924 3555 1091 3620 Cum
1142 3550 1390 3619 deinde
1443 3549 1807 3638 Apostolus
1854 3548 1942 3618 ad
1990 3570 2142 3618 eam
2192 3549 2481 3619 domum
2530 3549 2978 3632 accessisset,
3035 3549 3108 3616 in

554 3660 692 3725 qua
742 3638 981 3708 fideles
1028 3639 1344 3710 homines
1417 3640 1816 3728 congregati
1865 3650 2084 3718 erant,
2147 3652 2214 3708 et
2249 3640 2542 3729 januam
2596 3637 2964 3728 pulsasset,
3021 3637 3114 3706 ab

557 3718 815 3797 ancilla
859 3726 1140 3815 quidem
1193 3728 1382 3818 ipsa,
1438 3750 1596 3797 cum
1661 3740 2190 3817 agnosceretur,
2259 3728 2631 3797 nunciatus
2694 3727 2781 3797 iis
2843 3740 2945 3797 est
2992 3726 3114 3812 qui

556 3817 749 3887 intus
792 3829 1013 3886 erant.
1051 3817 1197 3886 Sed
1246 3816 1431 3904 quod
1490 3815 1745 3886 ancilla
1801 3816 2221 3896 nunciabat,
2275 3831 2413 3886 tam
2467 3815 2876 3885 incredibile
2932 3813 3120 3883 vide—

556 3905 783 3985 batur,
829 3919 905 3976 ut
936 3906 1186 3976 insana
1230 3928 1381 3976 esse
1413 3906 1830 3985 crederetur,
1869 3919 1936 3974 et
1968 3927 2105 3974 non
2154 3904 2580 3996 Apostolum,
2635 3904 2754 3975 sed
2803 3906 2956 3996 ejus
2988 3909 3123 3972 An-

559 3994 792 4085 gelum
851 4007 1279 4085 praesentem
1332 3995 1584 4065 vidisse
1635 4006 2020 4084 putaretur.
2074 3999 2238 4064 Cum
2298 4015 2458 4063 vero
2510 3993 2842 4083 patefacta
2894 3993 3120 4082 janua

555 4084 920 4173 Apostolus
954 4086 1100 4176 ipse
1148 4083 1233 4153 ad
1284 4104 1401 4153 eos
1431 4084 1792 4173 ingressus
1823 4097 2024 4164 esset,
2070 4104 2312 4152 omnes
2361 4096 2825 4173 stupuerunt,
2881 4082 3120 4170 inspe-

558 4183 777 4241 ratam
819 4174 972 4262 ejus
1002 4172 1476 4242 liberationem
1509 4171 1839 4241 videntes.
1885 4177 2052 4241 Tum
2099 4172 2214 4242 ille
2243 4172 2472 4243 statim
2507 4171 2835 4252 narravit,
2870 4189 3119 4257 quem-

559 4259 938 4330 admodum
992 4262 1080 4331 ab
1128 4261 1395 4331 Herode
1440 4261 2027 4350 comprehensus,
2086 4275 2151 4330 et
2199 4261 2267 4329 in
2319 4282 2596 4331 carcere
2641 4261 2997 4341 detentus,
3051 4270 3123 4326 et

558 4348 799 4419 ferreis
836 4350 1097 4420 catenis
1143 4350 1417 4420 vinctus
1464 4350 1713 4430 fuerit,
1764 4349 2089 4438 quodque
2141 4372 2264 4439 per
2312 4349 2550 4440 Angeli
2615 4349 2948 4419 visionem
3004 4367 3122 4415 ca-

559 4451 756 4508 tenae
795 4439 988 4530 ipsae
1033 4461 1071 4509 e
1120 4440 1447 4510 manibus
1494 4438 1933 4521 cecidissent,
1986 4441 2133 4529 ipse
2183 4461 2340 4509 vero
2386 4438 2727 4528 Angelum
2785 4457 3111 4523 sequenS,
