3308 5004
159 299 347 367 AUG.
403 298 487 363 30
1005 314 1085 360 DE
1135 314 1189 360 s.
1246 311 1406 363 nosti
1454 312 1624 362 viiie.
1679 314 1809 361 Lm.
2495 297 2625 362 759

158 401 561 473 exercitium
612 397 962 490 proximos
1007 395 1285 468 allicere
1334 397 1677 469 studebat.
1746 397 2210 469 confessarios
2258 398 2589 469 exorabat
2634 412 2714 469 ut

159 492 247 564 ad
298 512 450 560 eam
500 488 694 558 omni
741 499 884 556 arte
936 487 1358 577 poenitentes
1399 487 1832 568 inducerent,
1887 488 2214 577 ipsosque
2252 487 2472 557 divini
2521 488 2713 559 verbi

161 600 540 673 praecones
586 576 1145 664 frequentissime
1190 575 1595 647 hortabatur
1653 588 1731 646 ut
1786 575 1872 646 ad
1913 577 2063 666 ejus
2113 575 2451 657 studium,
2504 577 2716 647 veluti

162 671 248 742 ad
305 688 628 758 magnam
671 665 1003 735 adversus
1049 666 1284 735 omnia
1315 677 1593 755 peccata
1625 664 2271 755 pharmacopoeam,
2311 688 2476 737 suos
2508 665 2712 736 audi-

163 762 345 830 tores
392 756 931 835 inflammarent,
984 754 1070 823 ad
1122 755 1394 843 piarum
1442 754 1966 824 meditationum
2017 776 2225 825 usum
2288 752 2717 845 populariter

165 846 588 919 inveherent.
674 842 956 914 Beatiss.
1009 843 1312 933 Virginis
1385 843 1652 913 Rosarii
1702 842 2168 913 recitationem
2230 865 2392 913 cum
2443 845 2714 914 annexa

164 934 553 1007 decadatim
603 932 1091 1034 mysteriorum
1124 930 1699 1011 consideratione,
1742 943 1945 1022 prout
1975 944 2258 1002 sanctus
2308 932 2712 1003 Dominicus

164 1025 578 1103 instituerat,
633 1020 1081 1111 singulariter
1117 1019 1472 1111 diligebat,
1523 1042 1603 1090 eo
1637 1021 1821 1109 quod
1865 1021 1934 1089 in
1987 1025 2068 1091 ea
2096 1020 2488 1092 coalescant
2522 1042 2734 1091 men-·

167 1114 323 1186 talis
360 1124 427 1183 et
474 1110 727 1180 vocalis
775 1109 985 1180 simul
1032 1110 1364 1180 orationis
1402 1110 1713 1190 affectuS,
1768 1110 2152 1200 petitioneS,
2231 1109 2497 1191 laudes,
2552 1133 2711 1212 gra·

165 1205 417 1274 tiarum
470 1200 812 1279 actiones;
864 1210 931 1268 et
992 1197 1317 1288 plurimis
1364 1198 1533 1269 haec
1580 1203 1799 1269 Rosae
1869 1198 2316 1269 incitamenta
2367 1199 2711 1289 profuisse

161 1315 238 1363 re
285 1292 439 1382 ipsa
477 1299 905 1379 compertum
961 1286 1112 1358 suit.

251 1384 288 1468 ξ
337 1382 472 1451 18.
528 1383 742 1467 Prope
804 1376 1071 1447 obitum
1138 1396 1261 1466 per
1306 1374 1912 1467 quadragesimam
1985 1398 2145 1445 cum
2219 1375 2488 1444 avicula
2536 1374 2711 1445 mire

160 1469 442 1547 canora,
498 1489 672 1554 quae
721 1465 862 1534 sole
909 1464 1201 1535 occiduo
1247 1475 1404 1533 ante
1443 1487 1650 1535 suum
1702 1464 2109 1535 cubiculum
2159 1463 2545 1545 advolabat,
2598 1463 2701 1534 al-

159 1558 455 1630 ternavit
500 1562 679 1625 Rosa
725 1555 994 1623 cantica
1040 1567 1106 1623 et
1137 1552 1377 1623 laudes
1415 1554 1524 1623 Dei
1560 1554 1870 1641 quotidie
1905 1576 2025 1645 per
2059 1555 2296 1624 horam
2341 1554 2705 1643 integram,

162 1661 352 1719 tanto
399 1645 665 1724 ordine,
718 1655 818 1722 ut,
871 1654 1162 1712 canente
1208 1641 1498 1712 avicula·
1527 1643 1718 1734 virgo
1752 1643 2004 1727 sileret,
2058 1656 2123 1713 et
2154 1642 2417 1743 virgine
2466 1641 2714 1712 modu·-

161 1733 666 1807 lante·avicula
714 1732 1175 1802 attentissima
1215 1753 1340 1802 nec
1376 1731 1443 1822 pi
1501 1732 1648 1802 iret.
1704 1733 1881 1816 Quin
1932 1744 1997 1801 et
2029 1731 2216 1823 ipsas
2264 1730 2707 1801 insensibiles

167 1826 446 1918 plantas
495 1820 806 1912 exemplo
880 1842 1165 1912 prorsus
1240 1820 1448 1910 singu
1478 1821 1581 1890 ari
1639 1821 1725 1891 ad
1776 1820 2018 1891 laudes
2065 1834 2130 1891 et
2177 1819 2262 1889 ad
2332 1819 2719 1889 orationem

165 1916 307 1993 Dei,
359 1934 440 2001 eo
516 1910 852 1981 versiculo
923 1909 1212 1999 prolato,
1289 1910 1666 1980 Benedicite
1746 1913 2062 1980 universa
2112 1910 2574 2000 yar-minantia
2635 1911 2704 1978 in

64 2024 78 2035 ·
167 2006 345 2073 terrti
408 2003 710 2081 Domino,
767 1998 1100 2080 invitavit,
1153 2011 1220 2068 et
1265 1998 1629 2069 visibiliter
1677 1999 1776 2069 sic
1825 1999 2207 2079 inclinavit,
2259 2009 2336 2066 ut
2382 1996 2711 2067 arborum

172 2091 606 2162 summitates
655 2102 903 2158 terram
956 2088 1392 2178 attingerent,
1462 2110 1540 2156 ac
1615 2087 1822 2158 veluti
1895 2087 2186 2159 solemni
2255 2086 2713 2157 venerationis

165 2181 311 2250 ritu
359 2185 738 2249 Creatorem
791 2199 998 2249 suum
1049 2176 1437 2247 adorarent.
1496 2180 1722 2264 Usque
1768 2176 1938 2246 adeo
1987 2198 2218 2248 verum
2270 2187 2371 2245 est
2417 2174 2600 2262 quod
2653 2175 2713 2246 is

165 2270 285 2357 qui
329 2268 653 2369 adhaeret
691 2267 1003 2347 DominO,
1044 2287 1231 2353 unus
1280 2264 1565 2355 spiritus
1629 2278 1753 2347 est,
1806 2279 1870 2337 et
1917 2266 1979 2335 ei
2038 2287 2312 2355 quoque
2378 2263 2713 2334 obediunt

167 2380 425 2429 omnia.

258 2450 493 2537 §1¹2
553 2451 633 2517 Ut
698 2444 1104 2536 probaretur
1162 2465 1250 2513 an
1322 2443 1608 2533 spiritus
1674 2442 1824 2534 ejus
1871 2466 1949 2515 ex
1998 2447 2130 2513 Deo
2200 2455 2400 2525 esset,
2474 2440 2713 2512 subtili

165 2540 471 2608 virorum
525 2549 670 2607 tum
720 2534 1036 2604 doctrina
1086 2545 1228 2602 tum
1302 2534 1550 2623 pietate
1596 2545 1662 2602 et
1710 2533 2082 2622 spirituum
2136 2533 2550 2603 discretione
2597 2552 2712 2601 ex-

163 2627 562 2698 cellentium
640 2622 942 2693 examini
1011 2621 1273 2712 pluries
1320 2622 1632 2710 subjecta
1681 2620 1854 2703 suit,
1932 2643 2010 2690 ex
2058 2644 2197 2708 quo
2264 2621 2515 2692 claruit
2560 2619 2716 2722 ejus

167 2715 433 2784 lumina
483 2726 547 2784 et
594 2713 776 2783 dona
823 2711 1057 2780 divina
1107 2711 1342 2792 fuisse,
1396 2724 1462 2781 et
1507 2713 1594 2781 ab
1645 2712 1797 2800 ipso
1846 2712 2131 2780 rationis
2180 2709 2489 2780 diluculo
2540 2707 2715 2779 nihil

169 2804 231 2871 ei
282 2804 559 2872 dulcius
634 2800 1019 2871 occurrisse
1064 2822 1272 2887 quam
1339 2799 1422 2869 de
1471 2804 1604 2870 Deo
1678 2800 1979 2891 cogitare
2049 2812 2115 2871 et
2169 2800 2492 2891 supernis
2563 2799 2716 2887 ejus

168 2890 622 2981 beneplacitis
669 2889 976 2970 inhiare;
1029 2911 1070 2958 a
1102 2888 1516 2959 duodecimo
1555 2910 1739 2959 anno
1786 2889 2296 2981 expeditissime
2332 2891 2710 2958 introrsum

167 2980 324 3067 ejus
372 2980 677 3049 animam
727 3001 767 3047 a
835 2979 1122 3048 Domino
1170 3001 1328 3048 cum
1380 2978 1527 3047 suis
1595 2978 2081 3069 spiritualibus
2130 2978 2453 3068 potentiis
2501 2988 2711 3046 attra-

168 3082 350 3138 ctam
400 3068 672 3137 divinae
723 3066 1229 3157 pulchritudini
1280 3066 1687 3148 inhaesisse,
1722 3080 1800 3138 ut
1850 3068 2042 3137 nulla
2083 3089 2155 3136 re
2201 3070 2430 3137 creata
2477 3088 2514 3134 a
2550 3063 2713 3135 cha-

169 3158 370 3227 ritate
416 3157 662 3227 Christi
712 3177 1021 3242 unquam
1094 3157 1401 3245 separari
1450 3157 1783 3246 potuerit;
1836 3158 1923 3226 ab
1971 3155 2264 3225 infantia
2331 3178 2409 3225 ex
2460 3174 2714 3243 magno

167 3246 288 3316 Dei
359 3267 647 3316 munere
720 3244 957 3314 faciles
1018 3243 1102 3312 ad
1171 3245 1457 3314 virtutes
1528 3246 2022 3335 propensiones
2094 3246 2243 3315 sine
2310 3244 2712 3335 passionum

167 3334 480 3405 tumultu
548 3334 889 3412 sensisse;
941 3356 978 3400 a
1030 3333 1256 3422 prima
1303 3334 1419 3404 Dei
1491 3334 1734 3403 notitia
1785 3334 2109 3423 repletam
2186 3333 2401 3403 fuisse
2467 3333 2714 3402 timore

167 3424 291 3494 Dei
339 3436 403 3493 et
451 3424 729 3493 horrore
778 3422 1083 3512 peccati;
1138 3421 1451 3491 nulla-re
1497 3426 1725 3492 creata
1761 3423 2065 3513 potuisse
2107 3423 2439 3502 recreari;
2496 3433 2711 3490 totum

169 3535 378 3582 suum
431 3512 739 3582 levamen
791 3511 1006 3580 fuisse
1072 3510 1324 3582 sentire
1374 3515 1582 3580 Deum
1636 3511 1709 3580 in
1767 3512 2001 3580 anima
2048 3514 2175 3581 sua
2236 3521 2710 3603 praesentem;

170 3601 491 3671 acerbius
538 3600 726 3669 omni
758 3601 1034 3689 jactura
1081 3612 1147 3669 et
1193 3600 1509 3688 gehenna
1562 3600 1716 3691 ipsa
1762 3600 1978 3669 videri
2026 3600 2111 3682 ei,
2167 3601 2226 3670 si
2275 3599 2375 3668 vel
2428 3598 2513 3668 ad
2568 3619 2715 3666 mo-

172 3701 486 3760 mentum
537 3711 575 3758 e
608 3700 979 3778 conspectu
1030 3710 1189 3758 eum
1234 3688 1563 3778 perderet.
1646 3694 1835 3758 Tunc
1883 3711 1962 3757 ex
2011 3677 2401 3758 obedientia
2447 3688 2718 3778 aperuit

169 3779 358 3864 quod
407 3789 741 3848 certamen
768 3781 942 3867 sorte
989 3779 1169 3846 dedit
1198 3779 1315 3848 illi
1339 3779 1522 3847 Deus
1573 3788 1648 3846 ut
1680 3779 1972 3846 vinceret
2025 3788 2088 3846 et
2133 3778 2332 3847 sciret
2379 3777 2556 3869 quod
2593 3799 2717 3866 po-

176 3871 421 3937 tentior
448 3869 743 3937 omm‘um
774 3878 869 3936 esc
895 3868 1237 3960 sapientia
1265 3867 1458 3958 (Sap.
1481 3889 1545 3946 X,
1575 3866 1726 3954 42);
1762 3865 2143 3936 horrendas
2173 3867 2357 3935 enim
2386 3865 2711 3944 visiones,

174 3977 461 4045 pavores
525 3968 590 4026 et
664 3957 951 4046 spiritus
1004 3954 1505 4036 derelictiones,
1574 3976 1752 4042 quas
1830 3976 1949 4045 per
2022 3953 2421 4041 quindecim
2496 3976 2717 4024 annos

178 4047 456 4115 summa
503 4045 888 4115 constantia
929 4043 1230 4136 pertulit,
1298 4044 1662 4124 enarravit,
1714 4065 1893 4131 quae
1938 4043 2148 4113 veluti
2199 4044 2521 4134 poenales
2570 4043 2718 4112 ani-

173 4151 450 4202 marum
522 4135 595 4203 in
667 4156 799 4225 pur
848 4134 1065 4204 atorio
1111 4133 1502 4224 lugentium
1578 4132 1944 4204 dilationes
2005 4144 2071 4202 et
2138 4133 2419 4220 quidem
2494 4133 2716 4223 ipsius

171 4221 427 4291 inferni
463 4236 669 4313 typus
711 4223 770 4292 vi
825 4222 1141 4293 ebantur.

264 4312 301 4396 ἓ
352 4315 520 4384 ῡθ.
588 4317 754 4382 Cum
806 4311 997 4382 nulla
1045 4312 1107 4382 ei
1180 4332 1336 4401 spes
1400 4311 1735 4382 evadendi
1809 4312 2208 4403 affulgebat,
2288 4324 2448 4381 tunc
2499 4311 2717 4402 patuit

172 4398 353 4468 inter
401 4400 525 4469 lias
563 4399 1041 4473 derelictiones
1087 4411 1365 4493 repente
1405 4401 1474 4471 in
1513 4401 1661 4492 ipso
1699 4401 2030 4493 pristinae
2072 4401 2353 4472 unionis
2401 4400 2709 4480 meridie,
