3308 5004
686 354 816 420 310
955 412 958 417 .
1415 373 1495 421 nn
1542 342 2032 422 ssmnncmvnr.
2078 371 2313 421 anema
2813 355 2998 423 AUG.
3053 355 3135 421 ⁴3

600 454 1046 547 proceribus,
1105 477 1357 548 rogans
1384 509 1406 537 ,
1461 469 1539 526 ut
1585 457 1956 548 praecelsis
2003 458 2306 549 Regibus
2353 455 2683 527 salutaria
2730 458 3140 548 praeberent

598 544 916 626 consilia,
968 555 1047 614 ut
1082 545 1183 614 eis
1228 546 1705 636 regnantibuS,
1758 545 2022 616 subditi
2066 560 2133 616 et
2177 546 2474 615 ditiones
2512 566 2751 618 eorum
2786 547 3134 617 florerent.
3220 574 3223 577 ⁷

598 638 807 705 Porro
852 634 1368 725 congregationi
1436 657 1603 705 suae
1672 635 1993 707 assiduas
2041 634 2386 706 indicebat
2431 634 2704 725 vigilias
2734 690 2751 716 ,
2816 658 2975 706 cum
3040 636 3141 706 la-

599 721 859 813 crymis
905 723 1463 793 sanctimoniales
1509 724 1886 794 adhortans
1918 779 1935 805 ,
1992 734 2066 793 ut
2113 723 2261 794 sine
2312 723 2819 795 intermissione
2867 747 2992 814 pro
3039 725 3141 795 eis

599 821 896 881 orarent.
951 812 1117 894 Quis
1152 833 1308 883 vero
1337 811 1629 882 dicendo
1711 814 1880 884 ossit
1924 813 2275 900 consequi,
2326 832 2463 899 qno
2513 811 2634 882 illa
2680 834 2754 882 56
2803 826 2946 883 tum
2984 836 3143 884 cru-

599 900 785 969 ciatu
823 901 1168 971 affecerit?
1196 905 1356 991 Ipsa
1388 902 1644 972 interce
1697 915 1873 982 ente,
1915 924 2044 992 pax
2076 902 2255 972 inter
2291 906 2532 992 RegeS,
2572 901 2737 970 belli
2773 902 3134 993 mitigati0,

598 989 860 1146 patriae
918 987 1111 1060 salus
1156 989 1680 1060 conciliabatur.
1733 995 2041 1078 Cumque
2087 990 2172 1060 de
2220 1012 2389 1081 pace
2446 990 2632 1081 apud
2684 995 2932 1081 Regem
2985 1014 3141 1062 coe·

626 1099 824 1148 orum
877 1078 1233 1149 victoriam
1281 1079 1653 1160 obtineret,
1710 1079 1932 1169 magis
1980 1101 2058 1149 ac
2107 1079 2328 1169 magis
2378 1084 2510 1147 Deo
2558 1100 2630 1148 se
2677 1079 2991 1149 devotam
3029 1103 3143 1151 ex-

599 1166 923 1248 hibebat,
997 1180 1064 1236 et
1109 1167 1425 1237 omnium
1492 1164 1787 1238 servitiis
1856 1167 2318 1268 mancipabat.
2370 1172 2503 1237 Nec
2562 1190 2772 1237 curae
2833 1168 2933 1237 illi
2995 1182 3141 1241 erat

595 1255 877 1325 cuinam
929 1255 1309 1339 inserviret,
1346 1276 1524 1343 quae
1563 1257 1891 1327 omnibus
1932 1279 2185 1329 servire
2232 1268 2470 1347 parata
2506 1268 2672 1338 erat,
2732 1257 2939 1347 pedes
2988 1279 3139 1327 om-

598 1343 796 1413 nium
858 1344 1005 1414 suis
1051 1344 1288 1414 lavans
1345 1346 1694 1429 manibus,
1734 1346 1880 1416 suis
1930 1345 2254 1416 manibus
2292 1357 2671 1435 extergenS,
2727 1358 2791 1415 et
2839 1347 3143 1417 suaviter

595 1432 1031 1503 deosculans,
1086 1433 1281 1516 Quod
1330 1434 1384 1503 si
1453 1456 1610 1504 vero
1677 1434 2089 1525 permissum
2147 1434 2251 1504 illi
2304 1448 2521 1514 esset,
2578 1435 2796 1504 instar
2843 1435 3135 1516 Mariae,

596 1520 871 1610 capillis
901 1543 1018 1592 eos
1051 1522 1198 1592 suis
1231 1536 1576 1613 extergere
1609 1545 1746 1593 non
1777 1524 2255 1594 cunctabatur.

685 1612 722 1697 ξ
770 1612 900 1682 u.
956 1616 1190 1698 Itaque
1238 1634 1360 1702 pro
1410 1625 1504 1681 tot
1537 1624 1715 1682 recte
1753 1611 1949 1682 factis
1979 1626 2045 1682 et
2076 1611 2452 1692 beneficiiS,
2497 1635 2673 1702 quae
2710 1612 2949 1703 divino,
2981 1634 3141 1681 mu-

603 1719 763 1766 nere
807 1697 1055 1768 collata
1103 1700 1163 1768 ei
1212 1711 1429 1781 erant,
1485 1702 1819 1770 Dominus
1868 1700 2197 1771 virtutum
2248 1700 2534 1790 largitor
2578 1723 2728 1774 eam
2780 1701 3142 1770 miraculis

595 1784 955 1856 clariorem
1009 1787 1078 1857 in
1129 1790 1415 1859 Francia
1462 1789 1783 1859 reddidit.
1837 1794 2003 1859 Cum
2045 1790 2272 1859 adhuc
2314 1811 2601 1880 regnare
2651 1790 3021 1870 videretur,
3062 1805 3143 1860 ut

597 1897 671 1945 se
708 1874 983 1946 coelesti
1036 1877 1261 1967 potius
1308 1900 1520 1969 regno
1557 1893 2016 1968 praepararet,
2069 1879 2444 1949 oratorium
2485 1881 2620 1952 sibi
2654 1878 3003 1957 condidit,
3062 1893 3143 1949 ut

595 1964 864 2050 quoties
911 1987 951 2034 a
1000 1970 1181 2056 Rege
1229 1988 1301 2036 se
1350 1966 1837 2048 subduxisset,
1882 1989 2156 2057 semper
2204 1967 2346 2037 illic
2393 1970 2569 2039 coeli
2617 1968 2982 2039 Dominum
3034 1966 3143 2036 in-

595 2065 887 2122 vocaret.
934 2059 1010 2124 In
1052 2076 1189 2141 quo
1224 2077 1388 2125 sane
1419 2057 1715 2126 oratorio
1748 2056 1983 2125 divina
2017 2068 2450 2157 praestantur
2494 2056 2831 2128 beneficia
2863 2055 2948 2126 ad
2984 2055 3141 2141 ejus

596 2141 899 2211 nominis
939 2143 1469 2226 invocationem,
1530 2165 1707 2232 quae
1760 2144 1852 2214 ibi
1904 2145 2221 2215 asslduas
2271 2145 2531 2217 solebat
2561 2145 2849 2216 Domino
2895 2144 3140 2214 offerre

600 2251 860 2319 preces.
911 2236 1277 2319 Postquam
1312 2247 1538 2304 autem
1576 2236 1641 2303 in
1689 2233 2102 2304 monasterio
2140 2257 2212 2304 se
2242 2233 2547 2316 inclusit,
2607 2248 2917 2303 matrona
2948 2238 3141 2302 Man-

595 2318 808 2388 nieris
856 2321 1157 2403 nomine,
1209 2321 1488 2392 oculum
1532 2344 1736 2393 suurn
1796 2323 2191 2413 contingere
2249 2322 2504 2404 volenS,
2566 2323 2803 2395 sordes
2851 2322 2919 2390 in
2972 2342 3137 2391 eum

593 2407 851 2478 intulit.
905 2410 1068 2480 E'us
1128 2433 1268 2480 una
1327 2434 1451 2481 vox
1483 2466 1498 2493 ,
1562 2433 1751 2482 unus
1801 2410 2020 2493 dolor,
2076 2434 2259 2481 unus
2306 2411 2569 2482 clamor
2622 2412 2745 2481 diu
2793 2422 3139 2496 noctuque

592 2496 748 2580 fuit,
802 2510 878 2569 ut
957 2498 1232 2571 amulae
1292 2522 1458 2571 suae
1506 2500 1949 2591 Radegundis
2002 2500 2320 2571 meritum
2381 2501 2602 2592 ipsam
2646 2498 2956 2571 sanando
3009 2504 3139 2568 Do·

595 2587 832 2658 minus
878 2587 1276 2658 declararet.
1331 2590 1469 2659 Etsi
1524 2603 1755 2660 autem
1798 2590 1915 2659 illa
1954 2612 2238 2680 corpore
2284 2590 2378 2660 ibi
2416 2612 2550 2660 non
2608 2602 2824 2668 esset,
2885 2587 2972 2657 ad
3023 2589 3137 2658 sui

595 2686 824 2745 tamen
875 2678 1177 2748 nominis
1227 2678 1725 2749 invocationem
1777 2679 2078 2768 benigna
2107 2678 2351 2748 adfuit.
2389 2679 2728 2749 Divinitus
2759 2676 2943 2747 enim
2982 2698 3137 2766 per-

595 2776 779 2834 mota
807 2764 938 2836 fuit
968 2780 1279 2836 matrona
1315 2766 1456 2848 illa,
1512 2780 1590 2838 ut
1635 2766 1718 2837 ad
1753 2767 1902 2858 ejus
1934 2767 2307 2837 oratorium
2340 2789 2412 2837 se
2441 2767 2799 2846 conferret,
2844 2787 3138 2851 eamque

590 2852 945 2933 invocans,
999 2876 1070 2923 se
1103 2856 1395 2925 salutem
1431 2854 1838 2945 adepturam
1873 2854 2202 2925 crederet.
2241 2861 2604 2943 Postquam
2637 2877 2799 2944 ergo
2834 2853 3135 2924 foemina

596 2939 858 3012 doloris
906 2941 1109 3032 plena
1139 2997 1155 3022 ,
1207 2944 1299 3012 ita
1349 2956 1427 3014 ut
1484 2945 1811 3014 manibus
1869 2942 2299 3014 servulorum
2360 2966 2645 3014 suorum
2697 2956 3077 3013 sustentata
3113 2998 3129 3024 ‚

592 3029 703 3098 vix
741 3030 825 3099 ad
884 3032 1256 3101 oratorium
1314 3031 1487 3102 illud
1530 3033 1817 3123 perduci
1878 3046 2123 3122 posset,
2177 3034 2511 3102 acerrimo
2552 3032 2791 3103 affecta
2845 3030 3081 3103 dolore
3114 3088 3130 3112 ,

594 3116 665 3216 in
721 3118 1187 3207 pavimentum
1239 3142 1311 3190 se
1355 3120 1626 3210 abjecit,
1664 3120 2021 3211 coepitque
2050 3121 2387 3192 clamare:
2441 3122 2731 3191 Domina
2770 3120 3137 3211 Radegun-

592 3203 727 3286 d1s,
780 3206 984 3277 credo
1032 3221 1094 3278 te
1129 3207 1459 3279 famulam
1504 3210 1831 3291 Dei-esse,
1875 3210 2079 3282 cu'us
2111 3209 2422 3280 voluntas
2470 3211 2595 3281 tibi
2630 3210 2852 3300 potior
2897 3224 2963 3279 et
3009 3231 3137 3278 an-

595 3293 851 3380 tiquior
880 3294 1032 3378 fuit,
1070 3317 1278 3384 quam
1330 3297 1678 3368 hominis:
1734 3300 1915 3369 bona
1951 3232 2258 3379 domina,
2301 3299 2580 3368 domina
2625 3297 2962 3387 piissima,
3005 3297 3136 3366 mi·

592 3403 818 3453 serere
854 3384 1011 3466 mei,
1048 3385 1336 3456 subveni
1368 3385 1647 3467 infelici,
1684 3409 1804 3457 ora
1844 3410 1966 3478 pro
2003 3410 2132 3468 me,
2172 3399 2249 3457 ut
2283 3389 2455 3458 mihi
2498 3387 2825 3458 reddatur
2856 3385 3130 3456 oculus:

592 3471 787 3561 gravi
835 3473 1020 3542 enim
1070 3474 1386 3545 cruciatu
1431 3488 1495 3544 et
1555 3475 1791 3546 dolore
1855 3476 1988 3545 affli
2048 3477 2183 3548 itur
2227 3477 2463 3546 anima
2514 3497 2687 3545 mea.
2741 3480 2913 3544 Tum
2964 3474 3081 3544 illa
3115 3530 3131 3554 ,

643 3581 771 3629 uae
817 3561 1089 3634 dolores
1136 3563 1447 3632 omnium
1498 3564 1570 3633 in
1621 3586 1693 3635 se
1741 3578 2006 3635 transtu
2042 3566 2112 3647 it,
2166 3565 2335 3634 dum
2378 3567 2447 3635 in
2483 3585 2769 3654 corpore
2802 3577 3132 3638 maneret.

642 3670 810 3720 onec
857 3651 957 3720 eis
1006 3650 1265 3720 mederi
1347 3666 1551 3735 osset,
1605 3653 1903 3744 benigne
1950 3654 2228 3724 exaudit
2276 3674 2348 3723 se
2398 3653 2855 3732 invocantem,
2900 3665 2965 3722 et
3008 3658 3139 3722 Do-

593 3736 785 3807 mino
820 3739 1212 3822 miserante,
1247 3764 1285 3810 a
1382 3742 1532 3832 ejus
1570 3742 2131 3813 intercessionem
2168 3741 2362 3813 dolor
2408 3741 2607 3832 fugit,
2643 3739 2835 3810 salus
2865 3762 3135 3810 reversa

590 3840 713 3900 est.
769 3828 1089 3907 Oculum,
1140 3851 1344 3917 quem
1377 3830 1523 3919 jam
1571 3830 1954 3921 perdidisse
1994 3852 2065 3901 56
2097 3831 2439 3913 credebat,
2488 3851 2620 3899 non
2657 3828 2789 3897 nisi
2823 3828 3133 3898 dolorem

587 3917 915 3998 sentiens,
955 3939 1202 3987 sanum
1238 3933 1546 3988 matrona
1590 3919 1883 4009 recepit:
1936 3941 2251 4007 quaeque
2300 3931 2395 3990 tot
2441 3918 2689 3988 diebus
2723 3938 2847 3986 nec
2894 3918 3132 3987 cibum

591 4018 1021 4107 sumpserat,
1079 4028 1203 4077 nec
1252 4006 1483 4077 lumen
1537 4007 1709 4078 coeli
1769 4007 2051 4088 viderat,
2107 4008 2398 4098 pedibus
2437 4008 2584 4077 suis
2632 4006 2892 4092 absque
2944 4005 3135 4077 illius

590 4093 1019 4166 ad1n1niculo
1054 4095 1426 4166 incolumis
1449 4096 1736 4166 domum
1771 4095 1993 4179 rediit,
2027 4098 2315 4167 Domino
2348 4117 2569 4184 usque
2600 4094 2669 4162 in
2706 4108 3131 4184 praesentem

590 4180 775 4252 diem
826 4185 1085 4271 gratias
1118 4207 1354 4285 agens,

680 4273 716 4357 ἓ
764 4278 912 4350 12.
965 4273 1342 4362 Adjiciatur
1386 4286 1452 4344 et
1499 4272 1688 4343 aliud
1743 4273 1812 4342 in
1862 4273 2139 4344 laudem
2190 4273 2465 4345 Christi.
2517 4274 2887 4365 Vinobisga
2921 4327 2938 4353 ,
2992 4292 3132 4341 una

592 4377 673 4426 ex
712 4358 1109 4433 famulabus
1147 4364 1299 4451 ejus
1328 4416 1344 4443 ,
1398 4384 1578 4432 ausu
1626 4363 1989 4432 temerario
2047 4364 2116 4431 in
2175 4363 2498 4433 cathedra
2547 4363 2783 4432 beatae
2832 4361 3132 4451 Reginae

585 4443 733 4536 jam
773 4447 1137 4520 defunctae
1169 4449 1404 4521 sedere
1452 4473 1588 4522 non
1638 4451 1998 4521 dubitavit.
2054 4457 2199 4521 Mox
2234 4450 2468 4520 divino
2503 4473 2827 4541 percussa
2864 4450 3128 4540 judicio
