3308 5004
121 301 305 367 AUG.
360 302 446 366 25
799 320 880 368 nr
928 320 986 368 s.
1038 318 1346 368 runovico
1392 319 1555 368 anca
1598 318 1978 369 amcoauu
2439 303 2569 372 629

118 395 389 494 petente
434 400 776 474 Ludo'vico
823 403 1407 475 Christianissimo
1453 409 1511 474 R
1597 426 1658 486 e,
1696 425 1949 494 magna
1988 403 2383 475 Dominicae
2422 405 2658 476 Crucis

120 492 340 582 portio
388 491 978 583 Constantinopoli
1023 493 1319 564 Parisios
1361 506 1550 564 trans
1578 506 1690 563 ata
1735 507 1861 564 est.
1912 492 2226 563 Proximo
2274 492 2436 562 inde
2476 516 2659 565 anno

116 587 256 652 Rex
302 579 690 650 Ludovicus
736 593 920 652 sexta
964 580 1135 652 feria
1182 604 1227 651 a
1287 587 1678 653 Pentecoste
1746 582 1874 651 iter
1942 581 2485 652 transmarinum
2540 605 2659 653 su·

116 669 354 760 scepit,
409 668 648 739 multis
691 690 851 740 eum
900 692 940 740 e
987 672 1251 741 Lutetia
1295 692 1457 741 cum
1506 669 2069 742 Processionibus
2113 690 2335 757 usque
2371 670 2458 739 ad
2495 694 2657 742 san-

116 773 304 829 ctum
352 758 722 828 Antonium
769 757 1296 830 deducentibus.
1351 764 1630 830 Iverunt
1675 782 1840 830 cum
1885 780 1965 829 eo
2013 757 2164 829 Odo
2221 758 2660 832 Tusculanus

117 847 520 938 Episcopus,
571 846 994 937 Apostolicae
1039 848 1225 918 sedis
1259 853 1345 918 Le
1394 861 1571 929 atus,
1626 861 1695 919 et
1739 847 1878 918 duo
1924 846 2168 918 fratres
2216 846 2424 938 Regis
2453 902 2469 929 ,
2525 854 2661 919 Ro-

120 938 349 1007 bertus
398 941 634 1006 Comes
681 937 1161 1018 Atrebatensis‚
1216 948 1284 1007 et
1413 936 1604 1008 rolus
1630 935 2140 1038 Andegavensis
2189 939 2454 1015 Comes,
2496 959 2659 1006 cum

116 1023 447 1095 uxoribus
492 1025 682 1106 suiS,
732 1037 801 1095 et
860 1023 1099 1095 multis
1149 1026 1475 1096 Franciae
1532 1026 1893 1126 Episcopis
1937 1038 2001 1096 et
2046 1023 2427 1093 nobilibus
2503 1030 2663 1095 Erat

112 1112 393 1200 quidem
432 1113 641 1184 etiam
690 1112 1078 1203 Alphonsus
1127 1118 1364 1185 Comes
1412 1115 1855 1196 PictavenfflS,
1910 1113 2115 1204 Regis
2163 1111 2393 1194 frater,
2448 1117 2661 1184 Cruce

114 1202 473 1292 signatus:
530 1202 647 1273 sed
695 1224 781 1272 eo
821 1223 1028 1282 anno,
1065 1225 1226 1272 cum
1261 1201 1564 1274 Blancha
1597 1203 1837 1294 regina
1865 1217 2108 1283 matre,
2151 1201 2241 1271 ob
2290 1202 2483 1291 regni
2527 1204 2662 1274 tui-

119 1291 371 1360 tionem
422 1292 678 1362 mansit
714 1289 926 1362 domi.
1001 1293 1116 1361 Die
1162 1291 1406 1379 quinta
1473 1306 1541 1363 et
1600 1293 1930 1362 vicesima
1975 1289 2264 1383 Augusti
2312 1294 2451 1360 Rex
2496 1314 2660 1361 cum

114 1379 263 1449 suis
310 1378 380 1447 in
434 1380 663 1449 navim
712 1380 1093 1470 ingressus,
1146 1380 1363 1450 biduo
1410 1379 1744 1452 sustinuit
1785 1394 2024 1452 ventos
2070 1377 2438 1450 secundos.
2477 1380 2663 1450 Vice-

114 1469 532 1538 simooctavo
578 1468 868 1558 Augusti
915 1466 1029 1537 die
1074 1490 1115 1538 a
1164 1482 1367 1559 portu
1413 1468 1711 1552 solvens,
1764 1469 2030 1541 Christo
2076 1468 2277 1548 duce,
2334 1488 2664 1560 prospere

114 1556 477 1647 naviganS‚
532 1557 739 1648 paulo
785 1568 944 1626 ante
989 1557 1171 1628 beati
1210 1556 1527 1628 Matthaei
1574 1558 1807 1642 ferias,
1848 1570 2045 1629 nocte
2077 1557 2165 1628 ad
2199 1559 2500 1646 Cyprum
2535 1580 2664 1649 ap—

114 1644 315 1736 pulit.
367 1651 504 1715 Rex
535 1667 694 1717 vero
732 1645 1021 1716 consilio
1064 1645 1404 1717 nobilium
1464 1669 1755 1718 suorum
1811 1660 1878 1718 et
1923 1646 2119 1738 regni
2176 1644 2420 1735 Cypri,
2474 1647 2662 1734 quod

112 1754 325 1805 naves
361 1746 427 1803 et
466 1735 778 1804 triremes
831 1756 993 1805 curn
1052 1734 1321 1806 balistis
1382 1734 1678 1807 necdum
1729 1735 2212 1814 advenissent,
2268 1744 2415 1802 tum
2453 1735 2662 1804 etiam

116 1834 398 1913 propter
456 1819 968 1913 impendentem
1031 1823 1350 1915 hyemem
1398 1835 1466 1894 et
1509 1823 1851 1912 quasdam
1915 1824 2089 1895 alias
2152 1843 2261 1892 res
2318 1843 2543 1911 usque
2588 1824 2660 1892 in

100 1910 482 2009 ‚paschales
527 1910 732 1983 ferias
787 1911 1060 1983 distulit
1120 1912 1609 2003 profectionem
1659 1935 1886 1984 suam.
1942 1912 2228 1984 Interim
2291 1931 2408 1978 rex
2456 1912 2663 2013 Cypri

113 2013 182 2071 et
227 2020 470 2071 omnes
515 2000 654 2070 fere
711 2001 907 2091 regni
954 2002 1108 2089 ejus
1170 2001 1437 2073 nobiles
1492 2014 1558 2071 et
1612 2001 2079 2073 Ecclesiarum
2129 1997 2453 2092 praefecti
2513 2022 2705 2091 sive·

116 2087 430 2179 praelati,
486 2090 720 2161 Crucis
780 2090 838 2161 si
892 2112 1062 2161 num
1128 2089 1532 2180 accipiunt,
1584 2103 1650 2161 et
1699 2113 1771 2160 se
1817 2112 1976 2162 cum
2029 2088 2356 2160 Franciae
2427 2092 2608 2180 Rege
2640 2144 2658 2169 ‚

116 2197 557 2277 quocumque
606 2179 791 2271 ipsos
889 2199 1092 2249 ucere
1142 2179 1348 2260 velit,
1403 2178 2190 2258 adversumSaracenos
2238 2173 2666 2267 profecturos

109 2267 566 2355 jurejurando
611 2267 1055 2338 confirmant.

209 2356 248 2442 ξ
293 2360 447 2428 10.
502 2362 629 2427 Per
666 2356 735 2425 id
774 2368 1047 2447 tempus
1080 2355 1461 2426 Sulthanus
1485 2356 1798 2446 Aegypti,
1833 2356 1951 2443 qui
1987 2376 2112 2445 per
2141 2354 2440 2427 ditiones
2473 2353 2668 2424 Chri-

117 2441 498 2516 stianorum
543 2450 954 2516 Damascum
987 2458 1212 2536 petere
1242 2446 1658 2530 decreverat,
1696 2446 1901 2536 Regis
1940 2448 2360 2517 Francorum
2390 2443 2667 2534 cognito

115 2530 440 2616 adventu,
484 2533 854 2604 consilium
906 2534 1079 2604 illud
1115 2534 1428 2606 mutavit.
1483 2539 2018 2617 Intercesserant
2049 2533 2238 2603 enim
2277 2534 2383 2604 illi
2429 2532 2667 2602 inimi·

114 2620 318 2691 citiae
384 2644 543 2693 cum
618 2624 932 2693 Damasci
992 2634 1059 2694 et
1104 2623 1383 2715 Alapiae
1453 2622 1834 2693 Sulthanis.
1908 2622 2163 2693 Iisdem
2234 2620 2668 2712 temporibus

113 2710 288 2781 obiit
335 2710 674 2782 Robertus
737 2711 1235 2783 Bellovacensis
1282 2712 1665 2813 Episcopus
1695 2765 1711 2792 ,
1762 2725 1828 2782 et
1872 2732 2105 2782 comes
2165 2710 2611 2782 Montisfortis
2644 2763 2662 2790 ‚

111 2820 276 2869 cum
339 2798 577 2870 muffis
624 2799 781 2870 aliis
840 2800 992 2888 ejus
1051 2800 1508 2891 expeditionis
1554 2800 1787 2870 sociis.
1858 2804 2066 2870 Porro
2102 2854 2119 2882 ‚
2179 2811 2481 2870 extremo
2527 2796 2669 2867 fere

114 2892 355 2957 Decem
368 2886 471 2955 bri
505 2886 760 2970 mense‘,
792 2901 1126 2960 venerunt
1157 2886 1242 2958 ad
1284 2888 1710 2959 Ludovicum
1738 2893 1992 2979 Regem
2017 2888 2260 2958 nuncii
2288 2911 2329 2958 a
2360 2887 2666 2978 quodam

112 2981 553 3046 ‘tartarorum
608 2978 827 3067 princi
882 3000 943 3060 e,
994 2979 1118 3066 qui
1165 2977 1389 3068 ipsius
1449 2977 1731 3046 nomine
1778 2976 1999 3047 multa
2047 2997 2209 3047 eum
2259 2978 2482 3049 salute
2525 2976 2664 3044 im-

116 3063 471 3153 pertirent.
526 3064 581 3134 Ii
628 3066 780 3167 ipso
879 3068 939 3137 ie
984 3065 1365 3137 Nativitatis
1395 3065 1644 3136 Christi
1677 3066 1867 3136 suere
1905 3088 2068 3136 cum
2105 3071 2288 3157 Rege
2320 3064 2665 3135 Ludovico

113 3154 245 3224 sub
275 3153 618 3224 sacrificio
648 3177 719 3225 1n
749 3155 1061 3236 ecclesia,
1106 3167 1173 3224 et
1200 3153 1286 3224 ad
1328 3154 1706 3245 prandium
1744 3155 1815 3224 in
1847 3154 2011 3224 aula
2040 3153 2243 3243 ejus-2
2289 3153 2666 3240 itidemque

114 3241 184 3310 in
217 3241 393 3313 festo
440 3243 908 3334 Epiphaniae:
943 3265 1090 3335 vnec
1126 3256 1386 3334 poterat
1418 3243 1489 3312 in
1530 3243 1630 3314 eis
1664 3242 2145 3324 animadverti,
2179 3241 2368 3343 quod
2403 3264 2444 3311 a
2478 3240 2669 3310 Chri-

115 3330 505 3401 stianorum
555 3352 743 3402 more
776 3332 1217 3422 discreparet.
1252 3332 1514 3403 Literae
1551 3344 1783 3403 autem
1812 3332 2026 3422 jussu
2059 3337 2266 3421 Regis
2298 3331 2370 3401 in
2403 3351 2668 3400 sermo-

115 3439 269 3489 nem
314 3419 636 3490 Latinum
686 3442 1055 3492 conversae
1087 3433 1275 3494 sunt.
1309 3426 1616 3508 Cumque
1648 3426 1790 3491 Rex
1825 3420 2193 3512 diligenter
2223 3418 2314 3490 de
2350 3420 2664 3511 ipsorum

118 3507 432 3598 principe
476 3520 542 3578 et
589 3509 799 3579 rebus
845 3514 1283 3581 Tartarorum
1332 3531 1415 3580 ex
1459 3510 1549 3581 iis
1596 3519 2042 3611 percontatus
2106 3518 2330 3591 esset,
2384 3504 2666 3579 tandem

114 3594 382 3668 dimisit
425 3617 565 3677 eos,
616 3597 970 3686 adjunctis
1019 3598 1299 3671 nunciis
1354 3619 1518 3669 cum
1566 3597 1785 3670 literis
1845 3610 1913 3668 et
1958 3595 2423 3679 muneribus,
2491 3616 2669 3683 quae

116 3683 197 3752 ad
245 3692 682 3756 'tartarorum
734 3708 963 3779 regem
1012 3700 1079 3758 et
1124 3688 1434 3779 ipsorum
1485 3687 1874 3777 principem
1924 3684 2415 3777 perferrentur.
2481 3684 2667 3753 Misit

115 3770 313 3844 etiam
372 3795 493 3865 per
535 3774 814 3845 eosdem
884 3776 1178 3848 nuncios
1224 3798 1390 3848 suos
1438 3776 1608 3866 Regi
1654 3781 2091 3861 Tartarorum
2125 3829 2142 3857 ‚
2195 3794 2402 3863 quem
2454 3772 2666 3842 Cham

120 3875 381 3945 vocant,
437 3864 804 3934 tentorium
853 3886 891 3933 e
957 3887 1267 3955 purpura
1333 3863 1852 3965 elegantissime
1897 3862 2287 3935 consectum
2322 3916 2340 3945 ‚
2407 3860 2480 3931 in
2530 3881 2669 3947 quo

123 3968 228 4018 res
281 3964 509 4042 gestae
555 3952 925 4023 Salvatoris
975 3952 1190 4023 nostri
1237 3951 1569 4044 graphice
1623 3973 1987 4044 expressae
2033 3952 2459 4023 visebantur.
2528 3947 2662 4018 Ad·-

125 4033 299 4108 didit
340 4042 541 4110 etiam
594 4040 970 4132 particulas
1007 4041 1243 4112 Crucis
1292 4041 1715 4123 Dominicae,
1768 4040 1986 4113 literis
2031 4038 2543 4111 humanissime
2602 4048 2669 4106 et

126 4127 369 4216 Regem
417 4141 484 4199 et
530 4130 914 4230 principem
963 4130 1340 4200 adhortans
1373 4184 1391 4213 ‚
1443 4142 1524 4201 ut
1580 4129 1706 4219 qui
1766 4149 1889 4220 per
1933 4129 2227 4221 gratiam
2294 4147 2494 4199 suam
2545 4147 2668 4196 eos

125 4231 421 4316 yocasset
453 4218 540 4288 ad
568 4219 1029 4310 cognitionem
1081 4218 1386 4288 nominis
1433 4217 1568 4301 sui,
1621 4217 1827 4289 illum
1874 4228 2194 4289 accurate
2227 4215 2554 4297 colerent,
2597 4225 2665 4285 et

130 4322 198 4370 m
245 4323 668 4393 ejus‘amore
715 4329 988 4398 semper
1018 4321 1521 4397 permanerent.

214 4393 253 4479 ξ
297 4398 426 4467 n.
480 4396 659 4466 Misit
704 4401 847 4468 una
896 4395 1125 4468 literas
1172 4418 1335 4468 suas
1383 4394 1527 4466 Odo
1575 4400 1865 4487 Legatus
1899 4394 2247 4466 Pontificis
2286 4393 2373 4464 ad
2411 4396 2665 4485 Regem
