3308 5004
170 337 352 405 AUG.
404 338 489 405 28
712 357 792 404 m:
839 356 892 405 s.
949 355 1317 405 Aususrmo·
1352 356 1552 405 nmsc.
1604 358 1680 405 ιιι·
1727 358 1899 407 accc.
1955 359 2135 407 noer.
2497 343 2626 408 695
2691 419 2694 420 7

170 440 250 511 ad
299 462 503 528 quem
551 462 770 528 quum
822 440 1242 512 visitandum
1295 443 1440 534 jam
1496 443 1697 512 morti
1760 445 2427 534 appropinquantem
2496 445 2716 516 venti-

170 543 374 602 tasset
411 544 477 601 et
511 529 623 599 ille
674 553 1007 600 manuum
1059 544 1257 622 gestu
1306 554 1375 601 se
1424 531 1508 600 de
1555 532 1791 602 seculo
1852 534 2196 602 exiturum
2261 533 2709 624 significaret,

171 633 370 708 atque
398 642 438 688 a
471 641 543 688 se
577 619 677 689 illi
727 633 904 690 esset
934 641 1368 710 responsum,
1414 619 1643 689 adhuc
1677 643 1833 690 eum
1867 621 2206 692 Ecclesiae
2248 623 2714 693 necessarium

170 710 388 780 vivere
423 730 640 798 posse,
696 708 893 778 illum
923 762 939 788 ,
994 731 1079 778 ne
1130 722 1486 798 putaretur
1536 710 1745 799 hujus
1799 709 1974 779 vitae
2023 708 2237 779 teneri
2284 711 2707 802 cupiditate,

172 798 605 888 respondisse
652 797 760 866 ei:
808 798 874 867 Si
943 818 1365 885 numquam,
1423 798 1633 868 bene:
1689 798 1754 869 Si
1805 799 2227 886 aliquando,
2282 821 2495 886 quare
2575 822 2711 871 non

177 887 422 956 modo?
483 892 559 955 Et
609 885 810 956 talem
886 887 1289 955 sententiam
1371 889 1754 956 mirabatur
1829 901 1893 956 et
1960 887 2281 958 laudabat
2360 889 2710 959 bominem

175 976 556 1067 protulisse,
615 980 821 1045 Deum
872 975 1151 1062 quidem
1199 976 1573 1056 timentem,
1628 990 2099 1046 verumtamen
2153 978 2218 1045 in
2272 975 2433 1047 villa
2475 990 2714 1049 natum

170 1076 234 1134 et
279 1065 665 1140 nutritum,
725 1063 843 1134 sed
908 1069 1041 1133 non
1098 1064 1314 1134 multa
1366 1064 1674 1134 lectionis
1746 1064 2091 1134 eruditum
2145 1066 2455 1135 scientia.
2530 1065 2712 1136 Illud

172 1155 369 1223 etiam
421 1151 788 1246 cujusdam
860 1156 1277 1244 aegrotantis
1334 1153 1595 1222 dictum
1673 1153 1995 1223 afferebat
2046 1154 2386 1245 Episcopi,
2441 1154 2525 1224 de
2574 1175 2711 1242 quo

172 1254 448 1313 sanctus
481 1244 546 1311 in
589 1240 877 1332 epistola
924 1264 1075 1324 sua,
1128 1264 1336 1329 quam
1388 1243 1471 1311 de
1508 1243 1914 1320 mortalitate
1965 1243 2264 1332 scripsit,
2301 1257 2559 1333 martyr
2590 1250 2708 1334 Cy-

172 1332 456 1423 prianus
504 1331 596 1399 ita
632 1330 883 1410 retulit,
936 1331 1211 1400 dicens:
1268 1336 1431 1400 Cum
1476 1331 1757 1418 quidam
1795 1332 1880 1401 de
1931 1331 2213 1433 collegis
2252 1344 2317 1401 et
2354 1355 2712 1402 consacer-

171 1421 444 1490 dotibus
493 1421 744 1488 nostris
780 1418 1177 1489 infirmitate
1207 1419 1540 1498 defessu8‚
1592 1434 1657 1489 et
1705 1420 1788 1488 de
1847 1424 2446 1514 appropinquante
2498 1434 2710 1491 morte

170 1510 498 1588 solicitus,
553 1521 1013 1579 commeatum
1064 1508 1197 1577 sibi
1247 1522 1663 1599 precaretur,
1699 1508 1959 1579 adstitit
2005 1509 2422 1599 deprecanti,
2467 1523 2531 1578 et
2560 1511 2708 1599 jam

172 1620 341 1689 pene
385 1596 697 1666 morienti
749 1598 1048 1684 juveniS,
1109 1598 1364 1667 bonore
1419 1610 1485 1666 et
1541 1600 1886 1685 majestate
1937 1598 2372 1678 venerabili5‚
2447 1602 2713 1669 statura

169 1687 394 1756 celsus
429 1742 443 1765 ,
510 1698 574 1755 et
622 1686 852 1756 clarus
899 1686 1276 1775 adspectu,
1331 1697 1394 1755 et
1441 1708 1642 1773 quem
1710 1687 2090 1757 adstantem
2144 1688 2275 1756 sibi
2328 1689 2436 1757 vix
2488 1699 2716 1778 posset

169 1775 521 1845 humanus
569 1775 934 1863 adspectus
1000 1775 1221 1844 oculis
1268 1775 1665 1845 carnalibus
1735 1776 2036 1856 intueri,
2095 1777 2226 1845 nisi
2274 1777 2453 1864 quod
2507 1777 2711 1846 talem

169 1865 399 1935 videre
438 1865 582 1952 jam
639 1878 893 1953 poterat
923 1863 1007 1931 de
1039 1863 1269 1933 seculo
1323 1886 1738 1933 recessurus.
1774 1869 1983 1951 Atque
2033 1864 2148 1934 ille
2182 1887 2314 1933 non
2366 1866 2515 1934 sine
2544 1888 2714 1952 qua-

173 1954 332 2022 dam
386 1952 600 2020 animi
649 1965 713 2020 et
762 1953 946 2022 vocis
996 1953 1469 2043 indignatione
1517 1953 1874 2022 infremuit
1912 1966 1975 2023 et
2008 1953 2202 2024 dixit:
2245 1955 2380 2023 Pati
2433 1955 2709 2034 timetiS,

174 2044 358 2110 exire
399 2064 530 2111 non
586 2040 837 2116 vultis:
889 2042 1053 2128 quid
1107 2042 1352 2110 faciam
1392 2043 1635 2112 vobis?

258 2133 294 2218 ἓ
341 2135 487 2202 82.
542 2135 706 2198 Ante
756 2132 1143 2219 proximum
1197 2153 1352 2198 vero
1400 2130 1580 2223 diem
1627 2130 2046 2200 infirmitatis
2091 2130 2323 2201 obitus
2369 2129 2504 2211 sui,
2560 2153 2600 2199 a
2640 2152 2711 2202 se

176 2219 464 2288 dictatos
523 2231 588 2288 et
634 2218 852 2289 editos
893 2220 1235 2288 recensuit
1276 2220 1509 2300 libros,
1563 2221 1704 2290 sive
1744 2242 1858 2288 eos
1919 2241 2092 2307 quos
2142 2222 2363 2309 primo
2415 2233 2716 2310 tempore

172 2308 639 2378 conversionis
687 2330 852 2377 suae
892 2308 1121 2377 adbuc
1174 2309 1424 2388 laicus,
1498 2309 1636 2378 sive
1697 2327 1870 2396 quos
1920 2310 2297 2409 presbyter,
2353 2310 2492 2378 sive
2539 2330 2714 2395 quos

168 2393 577 2488 Episcopus,
627 2396 1034 2466 dictaverat:
1095 2409 1159 2465 et
1206 2419 1685 2484 quaecumque
1751 2398 1817 2466 in
1868 2397 1977 2466 his
2029 2398 2417 2488 recognovit
2464 2396 2705 2478 aliter,

169 2509 377 2574 quam
433 2509 578 2556 sese
635 2485 917 2556 haberet
985 2486 1454 2556 Ecclesiastica
1527 2486 1785 2576 regula,
1840 2511 1876 2556 a
1944 2510 2016 2555 se
2065 2485 2275 2556 fuisse
2347 2485 2597 2556 dictata
2648 2499 2714 2555 et

169 2577 304 2645 scri
366 2592 451 2656 ta,
508 2597 667 2644 cum
701 2576 930 2645 adbuc
971 2575 1523 2644 Ecclesiasticum
1569 2598 1773 2644 usum
1810 2578 2040 2646 minus
2081 2577 2306 2656 sciret,
2346 2576 2716 2662 minusque

166 2599 625 2765 intelligeret,
679 2688 718 2732 a
766 2665 1132 2754 semetipso
1194 2678 1259 2734 et
1325 2666 1738 2755 reprehensa
1786 2678 1850 2735 et
1914 2679 2214 2735 correcta
2284 2676 2468 2736 sunt.
2526 2664 2716 2734 Unde

165 2755 370 2822 etiam
424 2754 562 2821 duo
624 2754 1035 2842 conscripsit
1086 2753 1457 2835 volumina,
1510 2776 1803 2840 quorum
1856 2768 1955 2823 est
2017 2754 2283 2833 titulus,
2341 2754 2442 2821 De
2490 2764 2712 2822 retra·
2805 2776 2812 2781 ·

167 2845 456 2910 clatione
498 2841 595 2910 vel
650 2844 1044 2911 recensione
1085 2841 1445 2913 librorum.
1502 2848 1899 2931 Praereptos
1948 2842 2151 2912 etiam
2194 2843 2327 2911 sibi
2426 2841 2714 2911 uosdam

167 2930 383 2999 libros
450 2943 605 2998 ante
678 2929 1181 3020 diligentiorem
1254 2930 1803 3000 emendationem
1856 2955 1896 3000 a
1965 2931 2320 3000 nonnullis
2419 2930 2722 2999 ratribus

150 3017 740 3105 conquerebatur,
775 3019 930 3090 licet
967 3043 1082 3090 eos
1116 3020 1550 3109 postmodum
1582 3021 2037 3089 emendasset.
2068 3025 2173 3101 ,Im
2190 3019 2480 3109 perfecta
2506 3019 2711 3088 etiam

161 3108 503 3196 quaedam
559 3108 890 3177 librorum
942 3131 1273 3191 suorum,
1334 3122 1740 3199 praeventus
1793 3124 2027 3189 morte,
2098 3108 2391 3196 reliquit.
2448 3109 2716 3194 Quique

163 3197 493 3287 prodesse
520 3198 847 3268 omnibus
897 3197 1151 3277 volens,
1183 3212 1247 3267 et
1281 3199 1664 3269 volentibus
1712 3198 1925 3268 multa
1969 3199 2300 3267 librorum
2355 3197 2598 3287 legere,
2652 3211 2716 3266 et

168 3308 304 3355 non
360 3286 741 3356 valentibus
773 3341 787 3364 ,
842 3298 923 3355 ex
998 3300 1288 3373 utroque
1336 3288 1569 3356 divino
1618 3294 2045 3358 Testamento
2119 3287 2321 3354 veteri
2376 3301 2440 3355 et
2490 3307 2660 3354 novo
2695 3341 2709 3364 ‚

166 3376 546 3465 praemissa
600 3375 1039 3463 praefatione,
1100 3391 1457 3465 praecepta
1522 3376 1756 3445 divina
1806 3399 1928 3446 seu
1984 3376 2206 3455 vetita,
2245 3375 2330 3443 ad
2389 3375 2561 3444 vitae
2613 3395 2718 3443 re-

161 3464 401 3554 gulam
459 3464 888 3552 pertinentia,
945 3466 1302 3553 excerpsit,
1336 3480 1561 3552 atque
1608 3488 1688 3534 ex
1740 3465 1845 3533 his
1890 3488 2107 3535 unum
2161 3463 2469 3534 codicem
2513 3464 2710 3532 fecit:

161 3566 241 3622 ut
288 3552 409 3638 qui
463 3551 680 3631 vellet,
720 3553 994 3642 legeret:
1041 3568 1245 3640 atque
1296 3555 1361 3622 in
1405 3576 1506 3631 eo,
1564 3555 1662 3623 vel
1721 3577 1927 3640 quam
1980 3553 2307 3624 obediens
2360 3559 2510 3629 Deo,
2567 3553 2717 3622 ino-

160 3641 532 3713 bediensve
566 3655 763 3719 esset,
794 3656 1214 3731 agnosceret:
1247 3658 1310 3714 et
1336 3644 1463 3712 hoc
1511 3665 1687 3733 opus
1718 3643 1932 3711 voluit
1955 3646 2316 3712 SJeculam
2338 3641 2708 3732 appellare.

255 3734 292 3816 ξ
340 3734 492 3801 88.
550 3734 793 3798 Verum
859 3732 1042 3800 brevi
1100 3733 1545 3818 consequenti
1607 3746 1908 3821 tempore
2028 3733 2205 3799 ivina
2260 3730 2604 3799 voluntate
2652 3744 2717 3798 et

164 3826 498 3908 potestate
551 3819 878 3907 provenit,
920 3833 996 3889 ut
1025 3843 1271 3889 manus
1310 3822 1576 3911 ingens,
1622 3820 1913 3890 diversis
1951 3820 2099 3888 telis
2134 3835 2396 3888 armata
2426 3833 2488 3888 et
2520 3817 2718 3886 bellis

162 3908 554 3986 exercitata3
610 3908 1019 3976 immanium
1075 3910 1374 3979 hostium
1442 3909 1904 3979 Vandalorum
1953 3923 2016 3977 et
2067 3911 2475 3989 Alanorum,
2530 3928 2718 3976 com-

168 3997 451 4064 mixtam
505 4019 738 4066 secum
792 3997 1118 4067 babentes
1168 4000 1571 4069 Gotthorum
1638 4012 1947 4087 gentem,
2010 3997 2445 4083 aliarumque
2495 3995 2722 4065 diver-

166 4105 404 4153 sarum
483 4087 789 4175 gentium
840 4108 1205 4175 personas,
1259 4110 1339 4156 ex
1409 4088 1782 4175 Hispaniae
1849 4087 2159 4174 partibus
2222 4086 2719 4156 transmarinis

169 4174 464 4243 navibus
513 4175 770 4245 Africae
820 4174 1204 4245 influxisset
1229 4191 1293 4245 et
1343 4177 1677 4255 irruisset,
1711 4175 2170 4261 universaque
2214 4198 2333 4263 per
2366 4175 2507 4244 loca
2541 4181 2719 4244 Mau·

168 4262 607 4344 ritaniarum,
647 4265 851 4335 etiam
894 4264 978 4333 ad
1013 4264 1184 4333 alias
1235 4279 1500 4334 nostras
1551 4265 1892 4335 transiens
1937 4264 2330 4355 provincias
2386 4279 2451 4332 et
2506 4265 2726 4355 regio·-

168 4373 322 4434 nes,
374 4354 563 4422 omni
626 4355 936 4425 saeviens
983 4353 1386 4423 crudelitate
1433 4368 1497 4422 et
1537 4354 1909 4435 atrocitate,
1964 4366 2215 4423 cuncta
2265 4375 2442 4439 quae
2507 4353 2726 4438 potuit

164 4441 649 4531 expoliatione,
702 4443 1057 4526 caedibus,
1096 4443 1524 4530 diversisque
1565 4444 1961 4525 tormentis,
2009 4442 2375 4524 incendiis,
2431 4440 2768 4529 aliisque.
