3308 5004
200 326 333 394 tna.
369 323 402 392 t
1124 342 1220 415 n}
1250 339 1306 390 s.
1361 341 1670 393 nonxtco
2318 364 2335 396 .
2448 321 2578 390 ⁴37

197 450 309 499 eum
348 425 676 517 precibus,
723 426 870 516 jam
920 425 1386 515 egredientem
1422 428 1745 519 spiritum
1790 437 2099 517 potenter
2136 423 2443 495 retinuit:
2496 423 2678 498 acci-

198 519 357 604 tisque
394 516 721 586 fratribus
752 535 910 584 eum
947 515 1369 588 incolumem
1418 515 1741 597 reddidit,
1794 538 1922 588 suo
1964 513 2191 586 officio
2237 512 2670 584 functurum.

188 605 316 676 Dixit
343 605 454 675 hoc
504 603 736 694 palam
785 603 933 694 ipse
982 603 1190 678 frater
1233 605 1573 686 lacobus,
1632 615 1821 676 tanto
1869 604 2121 684 verius,
2173 614 2433 691 quanto
2481 601 2551 672 id
2601 601 2674 672 in

183 695 357 783 seipso
393 693 649 766 certius
679 705 1002 784 expertus
1028 706 1199 767 erat.
1232 699 1322 764 Eo
1422 692 1883 771 rocurationis
1929 714 2190 766 munus
2229 704 2618 779 ,exequente
2642 743 2667 773 ,

178 782 739 871 multiplicatorum
798 803 1057 871 panum
1103 782 1372 853 miracu
1403 805 1524 856 um
1567 804 1786 873 supra
1848 793 2304 854 memoratum
2354 779 2669 871 contigit.

240 874 371 958 §2
432 870 726 941 Admisit
776 870 843 941 in
895 870 1326 944 sodalitatem
1369 894 1571 942 suam
1622 872 1867 942 beatus
1918 869 2315 940 Dominicus
2341 869 2673 956 juvenem

182 959 697 1050 pulcherrimum,
752 960 1125 1031 Henricum
1179 960 1483 1042 nomine,
1537 981 1789 1050 genere
1834 959 2117 1047 quidem
2169 957 2498 1038 nobilem,
2547 955 2670 1028 sed

183 1050 432 1120 moribus
489 1047 925 1129 nobiliorem,
962 1048 1179 1119 civem
1236 1055 1654 1122 Romanum.
1700 1049 1775 1119 ld
1827 1047 2114 1138 indigne
2172 1046 2466 1118 ferentes
2516 1067 2677 1135 pro-

179 1137 370 1225 pinqui
400 1137 575 1222 ejuS,
626 1159 787 1208 eum
821 1159 859 1207 e
889 1138 1221 1210 coenobio
1251 1138 1608 1209 extrahere
1657 1138 2076 1208 nitebantur.
2112 1140 2204 1205 Ea
2245 1157 2315 1204 re
2353 1133 2675 1204 animad-

178 1246 345 1306 versa,
393 1227 494 1296 vir
536 1226 845 1316 prudens
894 1226 1317 1308 DominicuS,
1369 1227 1719 1316 adJ‘unctis
1763 1226 1918 1316 ejus
1965 1224 2232 1295 itineris
2279 1224 2530 1302 sociis,
2582 1221 2672 1294 ad

177 1312 318 1383 aliud
350 1314 755 1385 coenobium
792 1337 950 1384 eum
989 1316 1199 1386 misit.
1238 1322 1393 1386 Jam
1436 1316 1696 1387 flumen
1723 1315 1923 1406 juxta
1961 1313 2138 1383 viam
2170 1318 2673 1383 Numentanam

177 1404 676 1485 transmiserant,
727 1416 793 1473 et
832 1425 989 1474 ecce
1035 1406 1310 1494 cognati
1356 1405 1508 1496 ejus
1549 1417 1627 1476 ut
1679 1426 1838 1475 eum
1899 1403 2194 1494 rapiant,
2248 1400 2335 1470 ad
2384 1400 2673 1471 alteram

172 1490 435 1562 fluminis
502 1493 729 1582 ripam
790 1493 1069 1563 adsunt.
1123 1494 1434 1564 Novitius
1482 1499 1615 1564 Deo
1663 1504 1730 1565 et
1792 1492 1970 1564 beati
2023 1490 2358 1562 Dominici
2410 1488 2676 1562 meritis

168 1600 220 1648 se
256 1580 703 1661 commendat,
757 1594 833 1652 ut
880 1604 962 1652 ex
1023 1580 1301 1653 illorum
1355 1583 1682 1654 manibus
1738 1581 2100 1683 eripiatur.
2164 1584 2336 1660 Mox,
2387 1577 2678 1677 jubente

171 1670 307 1749 Deo,
360 1670 705 1740 intantum
768 1671 1099 1742 excrescit
1148 1692 1369 1757 aqua,
1424 1682 1501 1742 ut
1559 1692 1709 1742 eam
1763 1669 1865 1744 illt
1937 1680 2409 1760 persecutores
2563 1686 2678 1767 uis

167 1759 413 1828 transire
456 1781 593 1829 non
632 1772 931 1848 possent.
984 1759 1062 1834 ld
1111 1759 1233 1831 ubi
1265 1759 1606 1841 viderunt,
1660 1758 2117 1832 admiratione
2150 1755 2447 1847 perculsi
2495 1778 2537 1826 a
2589 1775 2682 1826 te·

165 1858 313 1926 runt,
367 1846 540 1918 nihil
593 1847 944 1922 molestiae
982 1847 1309 1938 deinceps
1347 1848 1591 1939 Juveni
1639 1847 2035 1920 inserentes.
2089 1851 2357 1917 Fratres
2410 1844 2479 1916 id
2530 1843 2681 1916 ani-

161 1935 664 2032 madvertentes,
718 1935 1008 2009 redeunt
1040 1936 1126 2006 ad
1188 1937 1506 2018 fluvium,
1559 1937 1682 2025 qui
1723 1938 1872 2025 ‚iam
1948 1937 2041 2008 ita
2095 1935 2556 2015 detumuerat,
2612 1941 2680 2008 et

160 2019 416 2094 liberum
471 2024 613 2097 illis
653 2025 1174 2097 transeuntibus
1211 2025 1340 2095 iter
1374 2027 1752 2117 praeberet.

198 2113 254 2210 ,ὅ
296 2117 373 2184 8.
432 2114 549 2183 Die
581 2113 883 2200 quodam
937 2114 1039 2184 vir
1083 2125 1368 2186 sanctus
1415 2116 1684 2188 tardius
1715 2113 1898 2186 venit
1944 2113 2030 2186 ad
2072 2133 2366 2193 sorores,
2417 2123 2484 2186 et
2529 2131 2681 2183 om·

158 2202 333 2297 nibus
388 2202 477 2272 ad
527 2201 895 2273 fenestram
968 2203 1332 2274 convocari
1372 2203 1638 2290 jussis,
1693 2224 1925 2275 coram
1989 2201 2322 2273 fratribus
2379 2201 2472 2274 ita
2533 2200 2677 2272 ait:

154 2287 331 2359 Filiae
390 2313 605 2372 meae,
650 2313 779 2382 ego
823 2314 904 2366 ex
954 2291 1331 2381 piscatione
1380 2291 1581 2363 redeo
1613 2346 1630 2373 ,
1683 2293 1754 2363 in
1802 2314 1942 2379 qua
2005 2290 2293 2361 Domino
2340 2288 2676 2380 largiente

155 2397 459 2468 magnum
507 2380 763 2470 piscem
791 2380 1013 2470 coepi.
1048 2380 1321 2454 Dicebat
1348 2381 1475 2451 hoc
1504 2381 1589 2452 de
1637 2381 1845 2451 fratre
1868 2379 2260 2459 Gaudeone‚
2296 2378 2507 2450 unico
2537 2377 2682 2454 filio

150 2464 483 2543 Alexandri
524 2468 876 2561 magnifici
926 2469 1052 2540 viri
1104 2470 1420 2553 Romani,
1473 2492 1682 2559 quem
1731 2470 1799 2541 in
1850 2489 2048 2543 suam
2101 2465 2534 2568 sodalitatem
2573 2487 2681 2538 re·-

151 2576 211 2623 ce
292 2571 416 2628 rat.
472 2558 645 2630 Inde
675 2581 834 2637 curn
884 2560 984 2629 eis
1030 2559 1427 2641 conserens,
1497 2560 1784 2635 multam
1835 2559 1936 2630 eis
1983 2556 2525 2630 consolationem
2576 2567 2682 2627 at-

152 2644 302 2717 tuit.
353 2652 597 2718 Postea
628 2647 798 2718 dicit
829 2648 912 2721 ad
963 2670 1123 2719 eas:
1174 2648 1458 2739 Expedit
1505 2670 1695 2730 sane,
1727 2659 1804 2719 ut
1838 2668 2084 2738 parum
2126 2644 2392 2733 aliquid
2447 2665 2681 2717 suma·-

152 2752 282 2803 mus
313 2748 552 2825 potus:
574 2736 924 2827 jussitque
956 2741 1025 2811 F.
1064 2742 1411 2827 Rogerum
1439 2737 1808 2810 cellarium
1838 2734 2180 2825 scyphum
2212 2734 2371 2804 vino
2395 2733 2678 2824 plenum

150 2820 412 2917 adferre.
451 2830 624 2899 Eum
666 2825 957 2898 allatum
1006 2824 1354 2901 benedixit
1423 2826 1526 2894 vir
1575 2826 1732 2906 Dei,
1794 2825 2200 2915 primusque
2251 2822 2398 2914 ipse
2457 2821 2633 2923 bibit
2663 2875 2679 2903 ,

150 2911 285 3005 inde
339 2914 554 2984 ceteri
623 2913 911 2994 fratres,
975 2915 1096 3001 qui
1144 2928 1339 2984 erant
1392 2914 1709 3005 triginta:
1782 2935 1909 2985 nec
1955 2912 2331 3001 quicquam
2389 2911 2475 2985 de
2525 2931 2686 2983 vino

150 3000 581 3079 imminutum
630 3015 755 3076 est.
808 3007 977 3078 Tum
1018 3003 1119 3075 vir
1170 3004 1281 3073 Dei
1331 3025 1633 3075 sororem
1685 3002 1976 3079 Nubiam
2030 3022 2320 3081 vocanS,
2383 3000 2532 3082 Abi,
2582 3000 2688 3072 in-

149 3088 292 3185 quit,
322 3091 409 3160 ad
442 3091 794 3172 Rotulam,
840 3091 1087 3182 praebe
1120 3092 1466 3182 scyphum
1498 3092 1689 3165 hunc
1719 3091 2098 3171 sororibus,
2143 3102 2221 3160 ut
2250 3111 2493 3161 omnes
2526 3088 2688 3161 inde

152 3171 381 3248 bibant.
439 3179 647 3251 Tollit
696 3179 817 3250 illa
864 3180 1204 3270 scyphum
1242 3181 1528 3251 omnino
1578 3181 1891 3272 plenum,
1945 3192 2023 3251 ut
2067 3191 2236 3260 erat,
2283 3191 2349 3248 et
2397 3199 2482 3251 ne
2529 3188 2688 3269 gut-

151 3265 265 3333 tula
295 3269 587 3353 quidem
633 3268 795 3337 inde
841 3267 995 3338 fusa
1042 3280 1166 3349 est,
1224 3268 1383 3339 licet
1432 3291 1553 3360 per
1601 3269 1980 3339 multorum
2025 3288 2277 3339 manus
2317 3278 2385 3337 et
2415 3266 2687 3339 diversa

153 3349 269 3423 loca
301 3356 800 3429 transferretur
837 3357 1170 3447 scyphuS.
1209 3359 1389 3431 Bibit
1488 3359 1665 3429 rimo
1690 3358 2050 3437 Priorissa,
2103 3356 2356 3427 bibunt
2420 3376 2690 3426 sorores

150 3462 359 3517 omnes
397 3460 559 3536 post
596 3468 775 3528 eam,
813 3445 1132 3519 hortante
1178 3447 1421 3519 crebro
1540 3448 1856 3520 atissimo
1891 3446 2060 3527 viro,
2095 3455 2173 3515 ut
2214 3448 2384 3516 bene
2417 3444 2682 3515 bibant.

157 3531 329 3603 Erant
375 3557 657 3611 sorores
713 3549 1012 3622 quatuor
1074 3558 1287 3636 supra
1349 3550 1653 3609 centum.
1706 3540 2076 3622 Postquam
2128 3555 2290 3624 ergo
2337 3532 2580 3604 fratres
2625 3547 2692 3605 et

155 3638 392 3697 sorores
424 3645 675 3694 omnes
715 3645 793 3695 ex
836 3623 954 3697 illo
992 3624 1350 3697 charitatis
1382 3624 1630 3715 poculo
1682 3624 2029 3703 biberunt,
2069 3623 2354 3695 omnino
2403 3622 2685 3713 plenum

159 3711 376 3781 mansit
431 3712 621 3782 vino.
674 3713 797 3785 His
846 3713 939 3782 ita
987 3713 1222 3803 gestis,
1278 3715 1381 3782 vir
1442 3726 1724 3784 sanctus
1792 3714 1925 3784 ait:
1981 3711 2315 3783 Dominus
2364 3710 2545 3791 vult,
2612 3723 2692 3782 ut

158 3812 268 3865 eain
316 3801 406 3870 ad
449 3806 523 3873 S.
580 3802 935 3881 Sabinam,
985 3814 1051 3871 et
1096 3801 1415 3874 consoler
1459 3802 1640 3873 filios
1696 3823 1908 3873 meos
1960 3800 2296 3873 Priorissa
2344 3812 2572 3871 autem
2624 3811 2692 3871 et

163 3902 389 3960 sorores
429 3889 835 3963 nitebantur
879 3912 1037 3962 eum
1092 3890 1409 3972 retinere,
1442 3891 1626 3978 quod
1667 3891 1813 3980 jam
1857 3890 1997 3961 fere
2028 3889 2256 3960 media
2306 3909 2439 3958 nox
2484 3899 2686 3963 esset.

165 3990 250 4068 “5²⁰
293 3978 705 4049 consultum
758 3977 1126 4059 videretur,
1180 3992 1256 4053 ut
1310 3979 1471 4049 inde
1511 3980 1754 4052 abiret.
1811 3979 1939 4050 Sed
2007 3977 2126 4048 ille
2167 3999 2301 4051 non
2352 3975 2695 4063 acquievit

167 4077 249 4159 ets,
294 4066 591 4149 dicens,
666 4068 1035 4143 Dominum
1102 4066 1305 4157 plane
1352 4067 1548 4147 velle,
1604 4080 1681 4139 ut
1727 4080 1836 4138 eat
1890 4066 1977 4139 ad
2043 4066 2332 4147 fratrem,
2387 4086 2691 4152 eumque

171 4166 517 4231 missurum
568 4178 725 4227 cum
780 4155 950 4245 ipsis
997 4154 1329 4245 Angelum
1383 4179 1617 4229 suum.
1687 4162 1924 4244 Itaque
1989 4167 2350 4245 assumpto
2398 4159 2467 4227 Β.
2514 4159 2692 4227 Tan-

173 4241 345 4324 eredo,
399 4245 532 4332 qui
580 4256 725 4317 orat
771 4245 964 4317 Prior
1009 4246 1150 4314 sive
1192 4245 1573 4334 praefectus
1614 4251 1952 4327 Fratrum,
2011 4244 2366 4318 abscessit.
2409 4249 2486 4315 Et
2531 4265 2690 4319 ecce

176 4323 529 4420 *dportam
586 4334 849 4405 'uvenis
894 4333 1456 4422 elegantissimus
1503 4335 1740 4417 adest,
1797 4356 2012 4405 manu
2069 4333 2332 4423 virgam
2399 4348 2680 4413 tenens,

178 4420 481 4507 tamquam
521 4444 560 4491 a
642 4422 769 4491 iter
796 4422 1174 4505 accinctus,
1230 4422 1523 4511 illosque
1569 4424 1934 4496 antecedit.
1988 4428 2160 4495 Tum
2213 4423 2315 4493 vir
2375 4434 2684 4503 sanctus,
