3308 5004
668 342 798 408 398
2803 334 2986 402 Aue.
3041 333 3122 401 Π

872 533 1000 684 nr,
1064 583 1149 683 s,
1224 582 1723 683 MAMANTE
1798 580 2264 682 {Ltusrffl
2335 577 2830 681 MARTYRE

1286 822 1747 912 CAESAREAE
1795 823 1880 892 IN
1932 822 2423 889 CAPPADOCIA

1212 1040 1292 1087 Ex
1359 1039 1694 1087 RUmARTn
1765 1037 1945 1087 Acus
2013 1040 2128 1086 Π.
2208 1037 2491 1089 slNcmus

1521 1219 1779 1275 Passus
1821 1217 2005 1276 circa
2048 1207 2196 1276 274.

663 1421 699 1507 ἓ
746 1419 823 1491 1.
877 1423 1045 1488 Cum
1074 1417 1465 1506 antiquiora
1502 1427 1951 1488 monumenta
1988 1417 2073 1487 de
2104 1422 2216 1487 SS.
2257 1417 2674 1507 Martyribus
2706 1435 3127 1503 quaeramus

575 1529 784 1595 quam
834 1528 914 1576 ea
959 1528 1135 1594 quae
1182 1529 1218 1575 a
1282 1507 1599 1576 Simeone
1646 1508 2099 1597 Metaphraste
2144 1508 2179 1541 ⁴*
2225 1506 2519 1593 aliisque
2571 1506 2834 1576 mediae
2884 1506 3129 1575 aetatis

575 1596 975 1667 auctoribus
1007 1617 1087 1665 ex
1124 1596 1402 1685 proprio
1452 1608 1666 1665 marte
1715 1595 2147 1677 referuntur;
2202 1597 2480 1685 saepius
2537 1595 2874 1685 contingit
2919 1605 2994 1664 ut
3041 1594 3132 1664 de

571 1685 1040 1756 celeberrimis
1088 1684 1501 1773 Martyribus
1539 1706 1758 1786 pauca
1789 1685 2144 1776 supersint
2190 1705 2367 1771 quae
2425 1705 2464 1753 a
2525 1684 2724 1754 nobis
2766 1681 3129 1773 proferan-

575 1787 710 1845 tur.
764 1774 839 1844 Id
891 1774 976 1844 de
1036 1778 1374 1843 Mamante
1420 1772 1559 1842 dici
1636 1785 1900 1864 potest,
1951 1774 2154 1864 cujus
2203 1773 2263 1842 si
2310 1772 2615 1842 nominis
2663 1772 3132 1842 celebritatem

574 1875 862 1954 spectes,
919 1861 1156 1933 nullus
1188 1861 1326 1932 sere
1365 1862 1542 1932 inter
1590 1866 1882 1933 Graecos
1911 1867 2239 1953 Martyres
2287 1861 2648 1943 illustrior;
2694 1862 2753 1931 si
2799 1874 2990 1953 gesta
3014 1862 3132 1930 in-

572 1952 909 2043 vestigare
956 1950 1276 2034 volueris,
1331 1952 1440 2020 vix
1478 1950 1734 2039 aliquis
1766 1951 2127 2022 obscurior
2174 1951 2577 2041 reperietur.
2637 1955 3016 2038 Utrumque
3043 1972 3132 2021 ex

491 2129 494 2134 ,
572 2039 684 2110 his
715 2061 893 2128 quae
939 2041 1158 2110 sancti
1192 2046 1315 2111 ΡΡ.
1364 2041 1656 2111 Basilius
1693 2052 1759 2110 et
1791 2041 2159 2132 Gregorius
2206 2040 2675 2110 Nazianzenus
2725 2039 2809 2108 de
2842 2061 2924 2108 eo
2959 2039 3137 2108 scri-

574 2149 794 2220 psere,
841 2129 1121 2219 patebit.
1175 2133 1272 2198 En
1322 2130 1630 2221 Gregorii
1669 2130 1872 2200 verba
1920 2135 2101 2200 Orat.
2153 2134 2264 2211 42,
2318 2149 2496 2216 quae
2543 2130 2623 2198 de
2669 2152 2842 2197 nova
2905 2131 3136 2198 Domi-

570 2221 749 2299 m'ca‚
789 2219 870 2288 de
920 2219 1084 2289 Vere
1122 2230 1185 2288 et
1222 2219 1304 2289 de
1356 2222 1427 2290 S.
1463 2225 1800 2289 Mamante
1847 2218 2273 2289 inscribitur.
2309 2240 2346 2285 «
2376 2224 2570 2287 Nunc
2618 2222 2948 2307 Martyres
2998 2218 3131 2287 sub

570 2306 686 2378 dio
726 2306 1062 2398 populum
1115 2307 1430 2389 retinent,
1462 2320 1548 2378 'ac
1585 2329 1912 2399 pompam
1952 2320 2282 2397 agunt....
2320 2328 2457 2394 quo
2505 2328 2544 2375 e
2594 2327 2887 2376 numero
2936 2327 3130 2377 unus

569 2418 844 2485 quoque
874 2410 975 2467 est
1024 2418 1218 2466 meus
1268 2397 1384 2467 ille
1428 2397 1897 2468 laureatus....
1953 2400 2214 2466 Mamas
2276 2395 2390 2465 ille
2439 2395 2740 2486 insignis
2777 2408 2842 2464 et
2891 2406 3133 2486 pastor

569 2498 632 2556 et
682 2498 966 2577 martyr,
1003 2485 1126 2573 qui
1166 2487 1363 2578 prius
1390 2486 1671 2575 quidem
1705 2508 1940 2557 cervas
1979 2484 2353 2577 mulgebat,
2389 2484 2478 2554 ad
2529 2496 2843 2555 sanctum
2898 2483 3131 2554 virum

571 2598 745 2646 novo
792 2588 857 2646 et
904 2575 1233 2646 inusitato
1283 2576 1456 2646 lacte
1503 2563 1831 2646 alenflum
1882 2575 2192 2645 certatim
2244 2586 2712 2665 properantes;
2768 2595 2955 2643 nunc
3003 2595 3131 2643 au-

570 2676 705 2735 tem
748 2665 1147 2756 metropolis
1180 2665 1446 2756 plebem
1532 2664 1725 2744 ascit‚
1766 2662 2104 2750 hodieque
2130 2664 2372 2734 multis
2413 2663 2777 2732 hominum
2808 2661 3132 2733 millibus

567 2754 1060 2841 undecumque
1096 2754 1484 2825 accurrenti
1538 2776 1621 2823 us
1669 2774 1787 2823 ver
1831 2752 2132 2833 innovat,
2168 2753 2453 2823 tum'ob
2501 2751 2773 2821 virtutis
2815 2750 3137 2841 pulchri-

568 2842 869 2924 tudineS,
907 2843 1175 2912 varium
1209 2855 1274 2913 et
1323 2842 1715 2934 pastoribus
1754 2840 2074 2931 dignum,
2133 2851 2281 2910 tum
2330 2842 2419 2912 ob
2469 2861 2820 2912 sermones
2872 2840 3135 2910 trium-

565 2932 885 3022 phales»
933 2932 1185 3001 Eadem
1238 2931 1375 3001 fere
1421 2931 1626 3002 habet
1676 2934 1741 3001 St
1779 2929 2076 3000 Basilius
2120 2934 2191 2998 T.
2243 2934 2306 3011 l,
2338 2934 2540 3000 Hom.
2594 2934 2680 2998 26
2712 2929 2792 2998 de
2822 2939 3137 3021 martyre

567 3025 928 3101 Mamante,
957 3040 1161 3108 quem
1189 3019 1427 3090 laudat
1456 3020 1565 3091 his
1595 3019 1844 3089 verbis:
1891 3017 2060 3088 «Hic
2093 3022 2346 3109 Martyr
2373 3040 2508 3088 non
2545 3018 2808 3120 accepit
2838 3018 3136 3088 aliunde

567 3129 773 3195 quem
826 3109 1029 3179 habet
1073 3108 1536 3199 splendorem,
1569 3108 1684 3179 sed
1730 3108 1902 3198 ipse,
1959 3120 2080 3199 per
2110 3107 2284 3177 vitae
2323 3122 2939 3188 conversatlonem,
2984 3107 3139 3197 glo*

568 3197 711 3266 riae
756 3196 1057 3268 faculam
1116 3199 1451 3269 accendit.
1497 3202 1545 3268 A
1594 3202 1933 3267 Mamante
1995 3195 2287 3284 reliqui,
2345 3218 2483 3267 non
2533 3197 2622 3266 ab
2656 3195 2813 3266 aliis
2865 3199 3137 3268 Mamas

568 3285 858 3377 gloriam
895 3286 1212 3357 habet....
1267 3286 1704 3357 Celebremus
1752 3285 1978 3354 virum
2050 3307 2184 3354 non
2236 3285 2461 3356 alieno
2510 3285 2629 3356 sed
2692 3285 2974 3377 proprio
3025 3306 3140 3354 or-

570 3387 895 3445 namento
926 3374 1438 3446 decoratum....
1476 3374 1568 3445 Ad
1620 3373 1940 3465 Martyris
1974 3374 2379 3444 memoriam
2414 3386 2481 3445 et
2528 3386 2664 3445 tota
2708 3373 2897 3465 regio
2947 3386 3140 3443 mota

566 3475 692 3544 est,
752 3474 819 3533 et
865 3463 949 3533 ad
1002 3464 1193 3534 illius
1250 3463 1501 3536 festum
1551 3463 1733 3532 diem
1792 3462 1966 3534 urbs
2011 3463 2335 3534 universa
2384 3463 2750 3534 immutata
2797 3462 3125 3555 gestit....

566 3551 771 3622 Vides
803 3551 1135 3623 honorem
1166 3564 1481 3623 constare
1527 3574 1607 3622 ex
1641 3551 1890 3624 virtute
1921 3573 2058 3622 non
2107 3574 2189 3623 ex
2225 3551 2600 3622 divitiis...
2655 3553 2713 3623 si
2745 3552 3130 3639 quisquam

566 3640 783 3732 igitur
819 3644 1113 3733 pastoris
1187 3663 1455 3712 memor
1507 3652 1652 3725 est,
1698 3663 1786 3713 ne
1850 3640 2235 3713 admiretur
2308 3640 2606 3712 divitias.
2663 3640 3130 3711 Convenimus

566 3730 781 3813 enim,
828 3752 962 3801 non
999 3741 1078 3801 ut
1127 3729 1408 3800 divitem
1459 3729 1862 3815 laudemus,
1916 3752 2003 3800 ne
2054 3729 2333 3800 divitem
2400 3729 2787 3799 admiratus
2835 3728 3133 3798 domum

565 3819 799 3907 abeas;
840 3818 958 3891 sed
1009 3831 1087 3890 ut
1129 3830 1601 3911 paupertatem
1647 3841 1812 3890 cum
1872 3819 2119 3910 pietate
2184 3817 2629 3909 conjunctam
2680 3815 3126 3888 extollamus.

563 3915 913 3981 Pastorem
959 3930 1109 3979 esse
1159 3908 1332 3978 nihil
1381 3908 1587 3979 habet
1634 3908 2115 4000 magnificum,
2169 3906 2349 3977 nihil
2395 3906 2582 3995 quod
2629 3905 3015 3999 sapientiae
3066 3916 3131 3976 et

563 3997 949 4071 industriae
981 3997 1227 4068 reserat
1272 3997 1751 4069 exercitium.»
1833 4050 1845 4061 .

653 4089 690 4175 ξ
740 4092 829 4159 ².
882 4092 1062 4158 Haec
1096 4086 1198 4156 illi
1247 4086 1333 4156 de
1380 4091 1453 4157 B.
1492 4085 1858 4157 Mamantis
1894 4085 2056 4168 vita;
2108 4106 2191 4155 ex
2227 4083 2486 4173 quibus
2533 4082 2709 4154 nihil
2749 4081 2964 4153 aliud
3012 4081 3127 4154 di-

566 4177 853 4256 scimus,
909 4198 1117 4264 quam
1147 4176 1381 4267 ipsum
1407 4186 1749 4267 agrestem
1797 4186 2142 4266 pastorem
2177 4172 2414 4255 fuisse,
2451 4183 2517 4243 et
2563 4173 2744 4243 inter
2787 4176 3122 4261 Martyres

565 4263 1118 4337 celeberrimum.
1173 4265 1303 4336 Sed
1349 4264 1629 4354 quantis
1665 4264 2021 4337 miraculis
2053 4263 2206 4355 ejus
2239 4260 2639 4354 sepulcrum
2688 4260 3119 4332 illustratum

566 4422 605 4484 s·
622 4424 649 4451 ¹·
678 4422 908 4473 spurium.
925 4424 973 4464 et
991 4424 1092 4464 toto
1121 4425 1255 4466 coelo
1288 4422 1525 4466 sententis
1551 4424 1804 4468 allatorum
1837 4424 1916 4468 88.
1952 4424 2146 4468 Patrum
2172 4421 2427 4473 diversam.
2455 4418 2713 4465 Historiam
2741 4429 2769 4462 ι
2795 4416 2935 4463 Surio
2961 4426 3128 4472 propo-

566 4477 709 4519 sitam
729 4486 786 4518 ex
804 4477 1138 4527 metaphraste.
1156 4476 1486 4529 expunximus.
