3308 5004
138 336 318 404 AUG.
372 336 454 402 ⁴5
721 352 801 400 m:
836 350 1221 401 noamnonn
1260 352 1543 402 autiss.
1596 351 1769 400 vinc.
1820 353 2063 402 niun
2463 337 2590 404 347

143 438 498 529 sicutipse
544 437 745 519 nosti,
795 448 862 508 et
909 436 1108 507 multi
1167 458 1248 507 ex
1305 437 1524 507 sacris
1561 437 1816 508 nostris
1869 438 2223 521 fratribuS,
2275 438 2361 510 ad
2412 456 2680 531 specta-·

142 527 368 598 culum
408 527 742 616 corporis,
785 524 968 613 quod
1011 525 1186 596 vitae
1225 526 1650 617 principium
1688 526 1898 607 dedit,
1951 539 2016 596 et
2062 533 2272 599 Deum
2323 530 2673 620 suscepit,

142 615 581 686 convenimus
627 615 903 705 (Aderat
970 628 1196 685 autem
1247 628 1313 685 et
1364 614 1632 684 Domini
1679 615 1888 685 frater
1938 618 2279 698 Jacobus,
2331 630 2396 687 et
2448 623 2682 689 Petrus

143 726 452 795 suprema
503 718 568 773 et
615 703 1102 791 antiquissima
1161 703 1659 795 Tlieologorum
1727 705 2147 795 summitas):
2199 720 2265 775 et
2313 719 2676 795 postquam

141 813 279 863 eam
330 792 770 873 vidissemus,
828 792 1049 862 visum
1100 792 1233 862 fuit
1280 808 1356 863 ut
1401 814 1642 863 omnes
1693 793 2090 864 Sacerdotes
2140 794 2435 882 hymnos
2473 818 2678 866 cane-

142 894 301 961 rent,
351 896 417 951 et
465 881 851 962 laudarent,
907 896 1111 968 prout
1161 895 1423 972 poterat
1469 883 1950 968 unusquisque
1984 936 2001 963 ,
2068 882 2411 953 infinitam
2476 885 2676 955 boni-

143 982 329 1040 tatem
366 971 759 1041 divinarum
794 970 1088 1039 virium:
1128 984 1278 1059 post
1310 969 1710 1060 TheologOS,
1759 971 1898 1052 ille,
1937 984 2015 1041 ut
2045 972 2205 1050 scis,
2246 972 2407 1041 vicit
2435 995 2678 1043 omnes

145 1058 304 1129 alios
346 1072 607 1149 mystas
655 1080 1036 1140 sacrorum,
1092 1073 1169 1128 ut
1214 1058 1335 1146 qui
1390 1057 1590 1147 plane
1638 1060 2011 1139 excederet,
2067 1074 2133 1128 et
2179 1081 2216 1127 a
2274 1082 2347 1129 se
2393 1062 2678 1131 omnino
2744 1090 2772 1116 ο

145 1147 612 1227 abduceretur,
652 1161 717 1216 et
757 1148 825 1215 in
861 1169 965 1227 ea,
1009 1169 1217 1234 quam
1270 1147 1552 1237 hymnis
1585 1148 1996 1229 celebrabat,
2036 1147 2425 1218 afficeretur
2464 1150 2677 1219 socie-

145 1249 262 1305 tate
289 1250 354 1305 et
399 1236 912 1317 communione,
958 1249 1024 1305 et
1061 1236 1149 1307 ab
1177 1236 1528 1313 omnibus,
1565 1258 1604 1306 a
1635 1238 1895 1324 quibus
1934 1237 2349 1306 audiebatur
2379 1249 2445 1306 et
2485 1238 2678 1308 vide-

144 1326 351 1406 batur,
394 1340 464 1395 et
497 1327 1062 1414 cognoscebatur,
1101 1340 1166 1395 et
1197 1347 1331 1395 non
1372 1326 1937 1417 cognoscebatur,
1972 1325 2408 1415 judicaretur
2448 1348 2599 1396 esse
2637 1350 2677 1395 a

150 1418 266 1484 Deo
296 1414 593 1495 afflatu5‚
644 1427 711 1483 et
757 1414 1036 1483 divinus
1070 1415 1366 1503 scriptor
1404 1414 1852 1504 hymnorum.
1892 1419 1976 1485 Et
2007 1415 2170 1501 quid
2210 1414 2329 1484 tibi
2373 1415 2681 1506 amplius

144 1500 415 1573 dixerim
478 1503 567 1572 de
633 1504 717 1572 iis
772 1524 949 1590 quae
1006 1502 1148 1573 illic
1212 1502 1443 1573 divine
1497 1503 1678 1573 dicta
1748 1504 1967 1573 sunt?
2012 1504 2275 1573 Etenim
2343 1504 2477 1573 nisi
2543 1505 2679 1574 mei

142 1611 400 1748 guoque
439 1615 595 1664 sum
646 1590 928 1672 oblituS,
982 1592 1125 1662 scio
1175 1614 1281 1661 me
1327 1591 1656 1681 saepius..
1712 1591 2102 1679 multosque
2154 1592 2328 1662 alios
2379 1615 2419 1663 a
2459 1608 2521 1662 te
2553 1614 2680 1663 au-

188 1679 335 1751 iisse
370 1680 712 1768 quasdam
766 1694 993 1770 partes
1042 1680 1320 1751 illorum
1382 1686 1514 1750 Deo
1560 1680 1944 1750 afflantium
2000 1682 2443 1770 hymnorum.
2498 1687 2678 1752 Haec

143 1789 286 1839 cum
335 1770 722 1840 audiissent
769 1774 867 1839 Irn
922 1782 1242 1839 eratores.
1286 1769 1628 1858 petierunt
1666 1769 1754 1838 ab
1804 1770 1954 1858 ipso
1988 1770 2516 1861 Archiepiscopo
2552 1776 2679 1840 Ju-

145 1857 385 1940 venale,
424 1874 505 1929 ut
530 1873 811 1928 sanctus
835 1859 880 1927 il
916 1880 952 1927 e
985 1856 1258 1928 loculus
1287 1880 1445 1927 cum
1483 1859 1788 1929 vestibus
1824 1858 2254 1929 clarissimae
2291 1874 2357 1928 et
2386 1858 2676 1928 sanctis·

146 1945 342 2018 simae
375 1949 704 2037 Deiparae
753 1947 1025 2029 Mariae,
1077 1945 1309 2105 sigillo
1361 1947 1700 2025 munitus,
1738 1946 1825 2016 ad
1873 1969 1990 2018 eos
2041 1948 2447 2017 mitteretur.
2493 1951 2680 2030 Quae

145 2055 285 2105 cum
329 2038 542 2106 missa
600 2035 936 2116 fuissent,
1002 2058 1081 2105 ea
1191 2048 1612 2125 eposuerunt
1659 2036 1728 2103 in
1774 2036 2162 2107 veneranda
2217 2036 2431 2117 aede,
2502 2058 2681 2123 quae

146 2124 486 2196 aedificata
519 2124 743 2194 fuerat
778 2125 844 2193 in
883 2124 1298 2194 Blachernis.
1345 2128 1423 2193 Et
1463 2124 1630 2194 haec
1677 2125 1958 2211 quidem
2012 2126 2135 2194 sic.

221 2214 254 2299 ἕ
301 2219 460 2286 ²2.
518 2214 692 2297 Quid
732 2235 855 2283 nos
886 2225 1114 2283 autem
1150 2212 1531 2283 dixerimus
1563 2211 1932 2304 sepulcro?
1962 2219 2100 2283 Tua
2134 2213 2413 2301 quidem
2453 2214 2675 2304 gratia

147 2314 234 2369 est
278 2305 620 2392 perenniS,
671 2325 793 2372 nec
841 2324 1149 2389 unquam
1201 2301 1456 2371 deficit.
1512 2302 1637 2372 Sed
1691 2323 1827 2371 non
1869 2302 2106 2372 divina
2147 2303 2359 2372 virtus
2411 2301 2496 2372 iis
2547 2303 2679 2370 cir-

148 2392 642 2471 cumscribitur,
684 2413 906 2479 neque
948 2392 1061 2460 Dei
1117 2392 1349 2460 Matris
1387 2390 1720 2461 beneficia
1769 2391 2082 2461 habitant
2128 2392 2199 2460 in
2248 2390 2397 2461 solo
2432 2411 2671 2460 monu-

154 2493 384 2551 mento.
440 2480 510 2552 Si
557 2482 742 2550 enim
794 2480 940 2551 solo
972 2479 1292 2572 sepulcro
1323 2478 2083 2559 circumscriberentur‚
2123 2478 2382 2550 donum
2436 2479 2675 2569 paucis

153 2583 524 2658 suppeteret
569 2570 927 2640 divinitus.
984 2575 1176 2639 Nunc
1221 2581 1451 2639 autem
1501 2568 1570 2638 in
1623 2569 1952 2639 omnibus
2001 2569 2246 2639 mundi
2281 2567 2542 2638 finibus
2574 2581 2674 2636 est

153 2653 408 2730 abunde
438 2658 1279 2742 distributum.,Nostram
1330 2679 1495 2748 ergo
1543 2658 1943 2727 memoriam
1995 2656 2379 2750 efficiamus
2415 2657 2678 2745 reposi-

152 2745 378 2816 torium
418 2747 768 2838 Deiparae.
813 2753 955 2817 Hoc
1004 2768 1160 2817 vero
1206 2746 1555 2834 quomodo
1601 2746 1780 2816 erit?
1826 2751 1917 2815 Ea
1952 2744 2082 2816 fuit
2129 2747 2344 2846 virgo,
2389 2759 2455 2814 et
2492 2766 2680 2814 ama·

156 2832 268 2903 trix
312 2837 704 2928 virginum:
756 2857 833 2905 ea
884 2835 1013 2906 fuit
1060 2849 1272 2916 casta,
1316 2849 1382 2904 et
1419 2836 1713 2905 amatrix
1768 2848 2144 2905 castorum.
2190 2840 2255 2905 Si
2305 2854 2467 2925 ergo
2514 2856 2674 2902 cum

154 2941 415 3012 corpore
447 2939 742 2994 mentem
791 2946 1065 3011 quoque
1102 2937 1361 2995 castam
1415 2923 1867 2995 habuerimus
1899 2977 1915 3003 ,
1976 2923 2476 2994 inhabitantem
2524 2923 2679 3009 ejus

154 3012 418 3096 gratiam
473 3013 1009 3103 possidebimus.
1065 3013 1263 3104 Fugit
1307 3012 1491 3081 enim
1534 3034 1810 3083 omnem
1846 3012 2120 3092 limum,
2159 3024 2226 3082 et
2253 3032 2492 3082 omnes
2522 3033 2678 3081 coe-

157 3117 339 3172 nosos
370 3101 671 3173 declinat
704 3102 921 3172 animi
960 3116 1210 3172 motus.
1263 3100 1594 3170 Abhorret
1642 3100 2018 3192 ingluviem
2056 3100 2495 3191 turpissimae
2542 3099 2680 3168 for-

152 3186 519 3273 nicationis,
575 3190 817 3260 infesta
847 3205 950 3261 est
998 3191 1204 3272 vitiis,
1239 3213 1320 3259 ac
1351 3190 1773 3261 execrandas
1804 3191 1954 3278 ejus
1996 3190 2444 3281 cogitationes
2472 3188 2547 3258 fu
2601 3189 2671 3268 it,

156 3285 484 3378 tamquam
551 3279 770 3350 foetus
819 3279 1234 3369 viperarum.
1305 3279 1560 3368 Turpia
1617 3278 1822 3349 verba
1870 3291 1934 3349 et
1982 3279 2301 3350 scurrilia
2364 3212 2674 3367 repelffit,

154 3379 395 3436 cantica
443 3381 509 3438 et
557 3383 909 3459 unguenta
959 3366 1344 3437 meretricia
1394 3367 1635 3458 rejicit.
1690 3369 1846 3438 Odit
1894 3368 2035 3436 irae
2082 3380 2429 3438 tumores:
2478 3366 2682 3435 inhu-

156 3455 558 3538 manitatem,
603 3471 669 3526 et
718 3456 1046 3540 invidiam
1077 3509 1098 3535 ,
1148 3469 1214 3526 et
1262 3455 1415 3526 lites
1470 3478 1607 3527 non
1650 3457 1973 3527 admittit.
2025 3461 2384 3527 Aversatur
2433 3476 2676 3524 vanam

156 3537 448 3693 sslffliflmv
499 3567 679 3631 quae
727 3545 920 3634 ponit
959 3544 1269 3614 studium
1312 3544 1383 3614 in
1425 3546 1633 3615 rebus
1674 3545 2023 3616 inanibus.
2061 3543 2401 3635 Ampullis
2435 3564 2680 3634 super-

199 3648 290 3700 tae
329 3633 664 3706 hostiliter
693 3634 1119 3704 adversatur.
1163 3633 1413 3704 Odium
1445 3647 1512 3703 et
1556 3634 1857 3722 injuriae
1910 3645 2227 3723 acceptae
2267 3631 2680 3702 recordatio-

161 3734 293 3815 nem
325 3722 490 3802 odit,
526 3737 605 3792 ut
651 3721 896 3792 salutis
940 3721 1428 3792 adversariam.
1466 3726 1685 3793 Omne
1718 3722 1957 3791 vitium
1995 3734 2288 3811 reputat,
2330 3734 2676 3807 tamquam

159 3822 326 3877 virus
373 3809 789 3882 lethiferum.
843 3810 1228 3881 Delectatur
1286 3823 1516 3881 autem
1580 3812 1828 3881 horum
1881 3810 2267 3881 contrariis.
2331 3808 2682 3880 Contraria

160 3894 324 3965 enim
367 3900 732 3970 contrariis
778 3913 1138 3971 curantur.
1188 3899 1594 3971 Iucundum
1644 3912 1746 3970 est
1798 3899 1862 3968 ei
1900 3898 2246 3999 jejunium
2280 3950 2302 3979 ,
2356 3911 2421 3966 et
2467 3896 2679 3996 conti·

159 3985 387 4078 nentia,
427 4003 492 4058 et
530 3987 960 4059 Psalmorum
1011 3988 1304 4058 cantica.
1359 3989 1661 4060 Castitati
1708 4002 1774 4057 et
1820 3988 2222 4078 virginitati,
2273 3985 2682 4055 moderatio-

164 4084 350 4155 nique
372 4090 435 4145 et
458 4079 945 4167 temperantiae
976 4077 1375 4157 assentitur,
1405 4091 1470 4146 et
1495 4098 1653 4146 cum
1682 4077 1782 4146 eis
1812 4097 2047 4167 pacem
2081 4076 2224 4166 agit
2250 4086 2675 4164 perpetuam,

163 4166 222 4223 et
263 4180 369 4231 eas
416 4166 710 4256 benigne
758 4166 1224 4257 amplectitur.
1279 4165 1699 4236 Moderatum
1751 4177 1817 4235 et
1866 4177 2300 4235 mansuetum
2343 4161 2570 4251 diligit
2616 4173 2684 4231 et

168 4238 325 4316 fovet
364 4254 700 4324 animum.
733 4255 1142 4327 charitatem
1178 4267 1244 4328 et
1277 4253 1823 4325 misericordiam
1852 4266 1917 4322 et
1949 4252 2406 4323 humilitatem
2447 4251 2515 4320 in
2558 4251 2677 4321 ho-

170 4348 314 4433 nore
338 4337 555 4424 habet,
597 4357 946 4431 tamquam
982 4366 1144 4415 suas
1169 4344 1499 4413 nutrices
1534 4348 1613 4411 Et
1637 4343 1747 4431 (ut
1777 4341 1983 4413 semel
2015 4340 2276 4430 dicam)
2314 4339 2677 4410 molestum

173 4422 419 4502 quidem
465 4445 566 4502 est
611 4434 674 4502 ei
711 4455 915 4504 omne
965 4433 1256 4503 vitium:
1306 4433 1500 4502 omni
1555 4444 1783 4500 autem
1843 4431 2087 4501 virtute
2132 4429 2509 4500 delectatur
2537 4483 2553 4509 ,
2605 4441 2682 4498 ut
