3308 5004
150 313 340 381 AUG.
394 315 478 379 25
604 319 614 330 ‘
833 330 917 378 nt
960 331 1017 378 s.
1072 328 1382 379 tunovmo
1431 330 1589 377 azaz
1634 328 2014 379 rauconuu
2478 313 2593 380 631

144 416 402 487 Eodem
432 416 544 485 die
591 421 729 486 Rex
775 413 977 486 solvit
1022 437 1064 485 a
1110 419 1350 505 Cypro,
1391 413 1508 485 sed
1545 414 1609 484 vi
1643 415 2065 505 tempestatis
2112 415 2219 485 bis
2266 416 2337 485 in
2389 418 2690 507 Cyprum

149 506 449 596 rejectus
495 517 634 574 est:
689 503 811 575 ubi
842 515 988 573 tum
1024 524 1094 575 se
1123 503 1359 594 junxit
1403 502 1502 572 illi
1540 502 1862 594 princeps
1899 502 2191 594 Achajae
2228 526 2389 575 cum
2420 505 2696 595 magnis

147 593 510 672 subsidiis,
550 592 851 680 itemque
889 591 1331 683 Burgundiae
1375 589 1542 662 dux.
1596 597 1764 661 Tum
1813 613 1967 662 vero
2021 591 2190 663 dant
2249 592 2398 663 vela
2446 593 2691 676 ventis,

147 705 228 753 ex
259 694 446 752 sexto
485 681 596 751 die
646 682 929 751 veniunt
979 681 1048 749 in
1100 681 1384 771 Aegypti
1432 694 1905 769 conspectum,
1954 703 2033 751 ac
2074 680 2441 772 paulopost
2486 681 2696 752 etiam

150 771 522 852 Damiatae,
576 769 645 839 in
696 770 900 860 quus
934 780 1134 859 portu
1170 791 1374 841 naves
1405 768 1682 839 ancoris
1718 770 1946 839 fixere.
2000 769 2130 840 Sed
2177 792 2338 840 cum
2392 770 2699 842 viderent

152 859 224 928 in
262 881 342 930 eo
380 871 584 950 portu
633 880 887 948 magna
931 879 1080 929 esse
1127 863 1504 929 Turcarum
1560 857 1943 947 praesidia,
1998 863 2135 930 Rex
2182 859 2700 930 communicato

151 970 309 1019 cum
363 947 763 1038 proceribus
794 946 1106 1026 consilio,
1136 946 1350 1035 jussit
1386 959 1463 1017 ut
1494 945 1607 1016 die
1639 945 1852 1017 altero
1886 969 2162 1018 summo
2199 969 2400 1017 mane
2430 947 2698 1019 exirent

152 1038 222 1105 in
260 1047 534 1118 terram,
572 1057 861 1123 eamque
906 1056 986 1105 eo
1035 1034 1182 1105 loco
1227 1048 1673 1127 occuparent,
1726 1036 1847 1105 ubi
1899 1035 2077 1105 inter
2122 1036 2310 1127 ipsos
2349 1047 2414 1105 et
2444 1035 2697 1106 urbem

149 1126 405 1196 fluvius
437 1125 816 1195 interesset.
853 1129 945 1194 Eo
976 1143 1137 1215 ergo
1170 1123 1305 1204 die,
1342 1124 1670 1195 omnibus
1719 1124 1789 1193 in
1825 1124 2135 1194 triremes
2183 1136 2249 1194 et
2281 1122 2455 1194 alias
2486 1146 2695 1195 naves

151 1236 299 1285 sese
322 1213 836 1304 recipientibus,
869 1218 1007 1282 Rex
1032 1234 1191 1282 cum
1225 1212 1448 1304 legato
1472 1213 1825 1284 Pontificis
1858 1225 2364 1284 sacrosanctam
2414 1227 2694 1304 gestans

152 1306 433 1374 Crucem
467 1303 722 1373 nudam
749 1314 814 1372 et
840 1313 1170 1392 apertam,
1201 1301 1269 1371 in
1296 1302 1549 1392 cymba
1574 1301 1969 1383 vehebatur,
1997 1301 2195 1389 juxta
2222 1323 2380 1372 eum
2420 1323 2693 1393 praece-

151 1389 353 1461 dente
385 1392 453 1461 in
489 1391 624 1461 alia
662 1391 908 1480 cymba
940 1390 1118 1490 beati
1154 1391 1458 1480 Dionysii
1509 1390 1774 1472 vexillo,
1813 1390 2142 1461 fratribus
2178 1411 2451 1491 quoque
2500 1390 2691 1463 illius

152 1491 218 1551 et
256 1481 412 1551 aliis
461 1479 810 1550 nobilibus
840 1491 906 1549 et
944 1479 1315 1569 sagittariis
1366 1479 1903 1549 comitantibus:
1957 1493 2161 1569 atque
2194 1491 2286 1550 ita
2319 1478 2388 1548 in
2439 1492 2690 1550 terram

150 1569 405 1671 egressi
445 1582 633 1650 sunt:
679 1567 917 1638 multis
948 1568 1016 1637 in
1053 1567 1278 1638 hostes
1310 1568 1638 1640 contortis
1670 1568 1843 1648 tetis,
1875 1569 1994 1655 qui
2023 1590 2141 1639 eos
2173 1589 2406 1639 arcere
2438 1589 2548 1638 ma
2603 1589 2690 1636 na

152 1680 219 1728 νι
259 1658 676 1729 nitebantur.
717 1661 793 1727 In
827 1678 906 1727 ea
938 1658 1440 1727 concertatione
1483 1678 1653 1746 pene
1693 1655 1869 1728 nulli
1902 1679 1981 1727 ex
2016 1656 2420 1728 Christianis
2452 1678 2542 1726 vu
2581 1677 2694 1726 ne-

130 1747 275 1842 ·rati
310 1759 518 1818 sunt:
576 1745 895 1836 permulti
945 1757 1175 1816 autern
1212 1746 1531 1816 Saraceni
1561 1755 1894 1816 eteorum
1926 1745 2085 1833 equi
2112 1744 2473 1826 interiecti,
2513 1756 2579 1816 et
2618 1744 2686 1814 in

154 1835 237 1905 iis
278 1848 411 1906 tres
444 1857 778 1925 proceres.

238 1926 276 2011 ξ
322 1928 467 1996 14.
521 1921 766 1993 Eodem
801 1922 914 1992 die
959 1922 1342 2024 profligatis
1390 1927 1888 1993 Saracenorum
1939 1923 2264 1994 trieribus
2295 1976 2312 2003 ,
2365 1921 2693 1992 Christia-

158 2034 404 2081 norum
447 2013 754 2082 triremes
782 2011 974 2081 fluvii
1004 2012 1178 2081 ostia
1209 2024 1662 2102 occuparunt.
1693 2012 1897 2081 Hisce
1919 2025 2056 2082 tam
2095 2010 2442 2102 prosperis
2472 2010 2697 2080 initiis

150 2099 490 2170 feliciores
534 2102 737 2172 etiam
770 2122 1132 2172 successus
1162 2100 1494 2172 Dominus
1541 2101 1814 2200 adJecit.
1869 2100 2248 2171 Perterritis
2295 2099 2507 2182 enim,
2570 2099 2694 2186 qui

151 2190 329 2259 intra
356 2191 595 2260 urbem
629 2201 846 2268 erant,
872 2189 1252 2271 Saracenis,
1289 2188 1536 2260 virtute
1565 2189 1824 2269 divina,
1848 2211 2090 2259 omnes
2116 2190 2187 2258 in
2221 2188 2455 2278 fugam
2486 2187 2686 2269 versi,

154 2298 235 2346 ex
261 2278 433 2348 urbe
479 2289 956 2358 excesserunt,
1011 2276 1366 2348 instructis
1414 2277 1608 2366 prius
1658 2277 1962 2368 ignibus,
2015 2276 2271 2365 quibus
2304 2276 2474 2346 urbs
2522 2297 2683 2345 con·

153 2366 490 2468 flagraret.
530 2367 724 2437 Multi
764 2366 992 2466 itaque
1021 2388 1059 2434 e
1090 2366 1336 2436 castris
1366 2366 1594 2457 Regis,
1637 2388 1759 2467 per
1791 2377 2065 2455 pontem
2098 2363 2436 2443 navalem,
2468 2385 2681 2451 quem

153 2466 317 2528 satis
362 2456 710 2548 integrum
770 2454 1189 2543 reliquerant
1235 2455 1577 2535 Saraceni,
1644 2476 1714 2524 in
1761 2451 2096 2544 oppidum
2151 2451 2678 2553 ingrediuntur:

149 2549 284 2616 Rex
332 2567 608 2633 quoque
672 2544 918 2615 certior
973 2542 1234 2619 sactus.
1290 2542 1662 2614 nonnullos
1726 2565 1763 2613 e
1822 2544 1971 2613 suis
2037 2541 2477 2623 intromittit,
2531 2540 2690 2613 fixis

148 2635 460 2705 tentoriis
508 2635 657 2723 suis
702 2633 787 2703 ad
840 2645 1110 2724 pontem
1150 2688 1166 2714 .
1218 2644 1296 2705 ut
1347 2632 1408 2703 si
1456 2633 1548 2702 ita
1590 2654 1699 2702 res
1749 2644 2076 2721 posceret,
2130 2630 2278 2706 suis
2328 2652 2462 2720 sup
2515 2630 2688 2701 etias

147 2720 373 2792 ferret.
428 2722 684 2794 Multus
732 2722 827 2791 ibi
873 2734 1298 2792 commeatus
1347 2732 1658 2810 repertus
1706 2733 1829 2799 est,
1884 2719 1977 2790 ita
2025 2730 2101 2790 ut
2147 2718 2349 2790 multi
2380 2740 2422 2788 a
2503 2739 2686 2789 rma-

144 2823 323 2890 rent‚
374 2832 526 2880 eam
574 2811 914 2881 civitatem
956 2811 1019 2881 vi
1066 2810 1222 2900 capi
1258 2810 1543 2879 minime
1593 2807 1922 2899 potuisse.
1976 2808 2680 2898 Prospexerantenim

147 2898 280 2969 sibi
331 2897 402 2967 in
458 2897 769 2989 longum.
800 2912 1074 2990 tempus
1121 2898 1486 2977 Saraceni,
1538 2898 1629 2967 ita
1670 2909 1751 2967 ut
1795 2896 2029 2966 divino
2079 2896 2307 2987 potius
2349 2894 2688 2966 miraculo

148 3008 227 3055 ea
277 2986 557 3057 victoria
608 2987 975 3059 tribuenda
1025 2986 1138 3057 sit.
1210 2985 1464 3056 Deinde
1513 3007 1669 3056 vero
1715 3007 1795 3055 ea
1851 2984 2121 3055 civitate
2170 3006 2209 3055 a
2259 2997 2690 3055 mortuorum

144 3072 600 3147 cadaveribus
646 3088 1037 3168 repurgata,
1092 3075 1386 3165 igneque
1422 3074 1742 3155 extincto,
1788 3078 2080 3165 Legatus
2128 3073 2478 3144 Pontificis
2524 3094 2686 3143 cum

150 3163 539 3253 patriarcha
570 3164 1165 3256 Jerosolymitano,
1200 3185 1359 3233 cum
1396 3163 1754 3253 Episcopis
1787 3215 1807 3245 ,
1841 3174 1906 3233 et
1941 3184 2193 3255 magna
2229 3173 2418 3253 parte
2441 3182 2684 3231 eorum

145 3251 269 3340 qui
316 3267 823 3334 convenerant,
879 3254 1177 3339 itemque
1242 3251 1625 3322 Ludovicus
1665 3257 1803 3323 Rex
1854 3274 2015 3322 cum
2081 3249 2440 3342 permultis
2479 3248 2681 3331 aliis,

149 3339 361 3411 nudis
391 3341 709 3431 pedibus,
768 3355 1120 3433 praesente
1168 3345 1350 3432 Rege
1381 3341 1584 3431 Cypri
1630 3362 1791 3411 cum
1833 3362 1969 3409 non
2022 3339 2263 3431 paucis
2304 3337 2681 3419 nobilibus,

148 3430 224 3498 in
272 3431 513 3500 urbem
569 3430 862 3521 ingressi
909 3440 1123 3500 sunt:
1174 3451 1473 3517 cumque
1521 3429 1788 3530 legatus
1833 3428 2070 3498 aedem
2110 3427 2487 3516 quamdam
2529 3448 2688 3517 pro-

142 3517 449 3588 fanatam
503 3518 1032 3598 reconciliasset,
1090 3529 1156 3588 et
1184 3518 1441 3609 gratias
1494 3529 1796 3608 egissent
1833 3522 1985 3597 Deo,
2023 3517 2094 3586 in
2153 3517 2481 3587 honorem
2531 3537 2688 3587 san-

142 3606 496 3678 ctissimae
546 3607 777 3678 Matris
824 3607 978 3688 Dei,
1033 3607 1121 3677 ab
1166 3606 1402 3677 eodem
1436 3612 1685 3697 Legato
1731 3606 2150 3676 sacrificium
2198 3605 2506 3677 oblatum
2557 3617 2680 3674 est.

145 3700 286 3765 Rex
333 3708 562 3766 autem
611 3696 991 3775 constituit,
1044 3700 1176 3766 Deo
1224 3695 1396 3766 bene
1435 3695 1722 3778 volente,
1778 3694 1919 3764 illic
1965 3693 2458 3764 canonicorum
2491 3692 2689 3762 insti·

147 3795 339 3854 tuere
384 3783 559 3860 colle
613 3786 783 3866 ium,
836 3784 958 3872 qui
1006 3784 1292 3854 Domino
1323 3784 1678 3855 servirent.
1718 3787 1925 3875 Capta
1957 3795 2059 3853 est
2106 3782 2438 3862 Damiata,
2474 3802 2686 3868 quam

147 3869 268 3940 alii
315 3872 553 3965 Elibpo
585 3895 683 3942 tm
730 3886 995 3954 vocant,
1046 3893 1232 3942 anno
1277 3873 1365 3943 ab
1412 3872 1577 3942 orbe
1623 3872 1977 3962 redempto
2019 3870 2387 3941 millesimo
2425 3867 2688 3939 ducen-

148 3959 390 4032 tesimo
437 3961 1194 4063 quadragaeimonono:
1247 3962 1504 4034 mansit
1553 3982 1637 4031 ue
1689 3960 1828 4031 illic
1877 3965 2016 4033 Rex
2063 3970 2195 4060 tota
2228 3970 2481 4059 aestate
2517 3978 2688 4058 'cum

150 4051 452 4121 exercitu
500 4051 907 4130 Christiano,
962 4049 1180 4120 donec
1213 4050 1470 4121 fluvius
1546 4061 2017 4130 etumesceret,
2050 4070 2170 4136 qui
2209 4060 2536 4118 exercitui
2570 4066 2688 4137 pe-

142 4136 445 4209 riculum
485 4139 826 4209 allaturus
859 4138 1241 4209 videbatur.
1338 4172 1349 4181 ·

232 4226 272 4312 ἓ
320 4231 457 4301 16.
511 4227 761 4298 Eodem
800 4250 984 4298 anno
1032 4227 1166 4299 sub
1202 4227 1411 4296 finem
1453 4226 1713 4298 mensis
1755 4225 1974 4308 Junii,
2018 4225 2087 4297 ΑΙ
2148 4225 2413 4296 honsus
2459 4224 2675 4294 Picta·

141 4322 387 4384 vorum
423 4321 659 4388 Comes
692 4330 757 4387 et
789 4318 995 4408 Regis
1027 4314 1353 4386 Ludovici
1386 4314 1616 4397 frater,
1648 4326 1864 4384 matre
1896 4312 2106 4383 Blanc
2160 4337 2200 4384 a
2225 4313 2311 4384 ad
2346 4312 2542 4404 regni
2567 4310 2688 4381 de-

146 4402 528 4476 fensionem
578 4406 837 4490 relicta,
877 4406 1004 4476 iter
1036 4406 1393 4496 ingressus
1452 4414 1554 4473 est
1609 4423 1770 4472 cum
1823 4402 2103 4494 copioso
2159 4402 2398 4485 milite,
2442 4414 2506 4473 et
2555 4401 2684 4473 sub
