3308 5004
735 321 865 392 630
1327 344 1405 391 ns
1452 344 1509 391 s.
1562 341 1870 393 tunovtco
1917 343 2075 392 anon
2123 339 2506 393 rmcoaun
2859 327 3083 393 AUG.
3133 328 3216 392 ἓξ»

650 435 1083 498 Tartarorum
1111 440 1176 497 et
1217 428 1598 519 principem
1626 427 2131 520 supradictum,
2161 449 2544 516 eorumque
2569 426 2957 529 praelatos,
2992 441 3220 500 osten-

650 517 823 588 dens
861 516 982 596 eis,
1038 530 1545 587 sacrosanctam
1596 523 1976 588 Romanam
2013 516 2388 588 Ecclesiam
2423 517 2887 608 cupidissime
2921 539 3064 588 eos
3101 540 3220 588 ceu

653 605 833 676 filios
878 604 1325 676 charissimos
1369 605 1886 696 complexurum
1916 659 1937 686 ,
1996 605 2199 676 modo
2264 605 2473 675 fidem
2523 605 3002 677 orthodoxam
3059 628 3219 678 con-

652 706 909 764 stanter
956 694 1269 776 retinere,
1320 707 1386 764 et
1431 695 1680 765 Christi
1728 695 1981 766 vicario
2032 694 2409 786 morigeros
2459 716 2530 766 se
2569 695 2910 785 praebere
2977 696 3210 765 velint.

652 784 813 874 Ejus
863 782 1222 872 legationis
1273 783 1629 873 primarii,
1686 806 1726 853 a
1764 788 1859 855 Re
1985 788 2399 854 Francorum
2453 783 2689 863 missi,
2744 783 2961 854 fuere
3017 784 3216 855 frater

650 869 951 942 Andreas
1002 872 1491 942 Dominicanus
1534 894 1699 942 cum
1740 873 1880 943 duo
1932 894 2015 942 us
2052 872 2209 942 aliis
2253 870 2564 961 ejusdem
2618 873 2930 942 instituti
2990 875 3216 943 fratri·
3267 931 3268 952 ,

648 962 805 1040 bus,
859 960 1156 1048 itemque
1194 960 1334 1031 duo
1382 961 1619 1031 Clerici
1667 974 1733 1031 et
1780 961 2058 1032 totidem
2111 961 2410 1031 ministri
2456 962 2662 1062 Regis
2690 1016 2706 1041 ,
2763 961 3211 1052 profectique

650 1061 813 1119 sunt
860 1062 1094 1119 octavo
1149 1048 1480 1121 Calendas
1528 1050 1879 1121 Februarii
1927 1071 2090 1120 cum
2143 1050 2251 1132 iis,
2310 1071 2485 1137 quos
2520 1050 2853 1132 diximus,
2933 1054 3208 1121 nunciis

610 1142 1108 1208 .Tartarorum.
1163 1143 1367 1208 Porro
1416 1143 1484 1208 F.
1537 1139 1863 1220 Andreas,
1914 1160 2119 1228 quem
2173 1144 2309 1209 Rex
2341 1138 2481 1208 illis
2530 1138 3030 1229 praefecerat,
3091 1162 3206 1211 non

647 1226 868 1296 multo
919 1239 1068 1316 post
1114 1226 1200 1295 ad
1250 1237 1499 1318 Regem
1554 1227 1786 1297 literas
1826 1227 2036 1308 misit,
2079 1248 2375 1314 quarum
2426 1227 2822 1318 exemplum
2857 1250 3034 1298 una
3064 1252 3202 1298 cum

645 1315 983 1405 principis
1031 1320 1464 1387 Tartarorum
1517 1315 1756 1399 literiS,
1796 1322 1934 1387 Rex
1974 1316 2173 1386 matri
2222 1337 2388 1386 suae
2434 1315 2777 1387 Blanchae
2829 1317 2912 1386 in
2958 1317 3202 1388 Gallias

646 1403 1084 1494 perferendas
1116 1405 1403 1474 curavit.

736 1494 773 1580 ξ
818 1497 968 1566 12.
1022 1497 1284 1564 Interea
1323 1498 1408 1563 Ae
1458 1492 1607 1583 ypti
1638 1491 2041 1573 Sulthanus,
2080 1514 2285 1580 quem
2321 1493 2718 1564 Babiloniae
2753 1511 3054 1575 vocant,
3093 1497 3193 1564 ubi

642 1583 976 1671 comperit
1023 1587 1273 1673 Regem
1315 1587 1413 1652 Lu
1464 1581 1734 1652 ovicum
1778 1582 1845 1651 in
1890 1586 2108 1673 Cypro
2157 1581 2729 1672 hybernaturum,
2777 1605 3060 1654 rursus
3090 1589 3193 1653 Dn-

640 1690 957 1740 mascum
1020 1670 1119 1740 ire
1166 1670 1559 1753 contendit,
1606 1692 1734 1761 per
1777 1669 2278 1759 Jerosolymam
2341 1671 2788 1761 proficiscens
2821 1726 2842 1753 ,
2913 1673 2996 1742 iu
3064 1694 3191 1742 eam

645 1779 885 1828 curam
929 1759 1232 1829 intentus
1261 1814 1276 1841 ,
1330 1773 1406 1829 ut
1456 1771 1685 1847 posset
1733 1759 2008 1860 Alapiae
2057 1758 2471 1830 Sulthanum
2520 1772 2586 1830 et
2630 1759 2690 1829 ei
2754 1759 3185 1833 foederatos.

639 1846 723 1915 ad
754 1868 824 1916 se
857 1847 1256 1938 adjungere:
1294 1848 1410 1918 sed
1446 1848 1560 1918 ille
1592 1852 1680 1917 Ae
1727 1849 1903 1938 yptii
1932 1847 2249 1918 Sulthani
2286 1847 2616 1917 malitiam
2653 1869 2794 1918 non
2833 1849 3182 1938 ignorans,

648 1956 785 2004 non
837 1935 966 2005 fuit
996 1957 1213 2006 ausus
1257 1937 1315 2006 ei
1359 1936 1563 2005 fidem
1595 1936 1679 2005 ad
1742 1937 1947 2006 ibere.
1980 1937 2416 2025 scripserunt
2444 1949 2669 2006 autem
2703 1938 3053 2027 Magister
3077 1939 3185 2007 mi·

600 2095 617 2114 .
647 2022 845 2092 litum
898 2023 1136 2114 templi
1173 2037 1238 2094 et
1285 2023 1712 2096 Marestallus
1741 2024 2102 2126 hospitalis
2135 2022 2475 2095 Ludovico
2515 2026 2706 2116 Regi,
2761 2026 3176 2097 Sulthanum

641 2111 1133 2201 Babylonicum
1183 2134 1343 2182 cum
1377 2135 1628 2214 magno
1661 2128 1963 2183 exercitu
2008 2113 2276 2184 venisse
2323 2114 2392 2182 in
2436 2113 2584 2183 loca
2640 2118 2870 2184 Gazae
2915 2116 3178 2206 propin·

639 2221 801 2288 qua,
846 2222 924 2270 eo
963 2202 1220 2282 animo,
1273 2215 1349 2271 ut
1385 2203 1519 2272 sibi
1548 2202 1947 2273 conciliaret
1998 2203 2307 2272 Damasci
2354 2214 2420 2272 et
2466 2202 2744 2302 Alapiae
2776 2203 3167 2282 Sulthanos,

646 2302 1046 2379 metumque
1106 2312 1299 2371 esse,
1358 2313 1441 2361 ne
1492 2292 1581 2360 Jo
1640 2312 1766 2381 pen
1827 2290 1930 2360 vel
1994 2294 2387 2360 Caesaream
2451 2291 2824 2362 obsidione
2901 2303 3166 2383 premat.

641 2378 928 2468 Scripsit
987 2390 1218 2469 postea
1275 2379 1524 2450 iterum
1653 2379 1908 2470 agister
1968 2378 2086 2449 ille
2133 2380 2346 2470 Regi,
2415 2379 2792 2467 quemdam
2870 2380 3166 2450 Sulthani

635 2466 1031 2569 Babylonici
1076 2467 1549 2539 Admiraldum
1601 2467 1687 2545 ad
1737 2489 1809 2539 se
1857 2468 2124 2540 venisse
2174 2479 2646 2559 percontatum
2695 2468 2787 2540 de
2837 2467 3150 2538 voluntate

639 2560 844 2647 Regis
892 2561 1341 2639 Francorum,
1387 2557 1572 2646 quod
1618 2555 1949 2628 dominus
1995 2557 2216 2649 ipsius
2264 2571 2547 2648 cuperet
2600 2578 2888 2628 cum.eo
2927 2576 3149 2647 pacem

641 2666 1076 2736 componere.
1131 2652 1222 2716 Ea
1268 2668 1425 2716 vero
1475 2668 1584 2716 res
1629 2658 1697 2716 et
1744 2647 1908 2737 Regi
1956 2658 2022 2717 et
2069 2646 2422 2717 nobilibus
2467 2646 2619 2737 ejus
2650 2646 2856 2717 valde
2897 2644 3162 2716 molesta

636 2731 790 2816 fuit,
846 2735 1140 2805 maxime
1186 2736 1367 2836 quod
1414 2736 1734 2835 Magister
1761 2735 2104 2806 diceretur
2133 2757 2172 2804 a
2207 2734 2542 2805 Sulthano
2592 2735 2901 2826 petiisse,
2937 2748 3010 2805 ut
3043 2731 3167 2803 td-

639 2822 1014 2893 miraldum
1063 2822 1148 2894 ad
1201 2846 1430 2914 ipsum
1463 2835 1777 2893 mitteret.
1832 2824 2177 2894 Mandavit
2220 2845 2382 2913 ergo
2430 2829 2570 2893 Rex
2604 2845 2728 2914 per
2775 2823 3012 2894 Bteras
3040 2828 3174 2892 na-

639 2912 877 3002 gistro,
923 2933 1008 2983 ne
1055 2912 1383 3004 deinceps
1411 2911 1753 3004 ejusmodi
1804 2913 2099 2984 nuncios
2145 2912 2421 3004 injussu
2467 2932 2594 2982 suo
2625 2913 3044 2993 admitteret,
3079 2910 3176 2980 vel

637 3021 798 3069 cum
847 3000 947 3070 eis
994 3000 1296 3088 colloqui
1342 3022 1559 3072 ausus
1612 3014 1814 3071 esset.
1868 3000 2314 3071 Affirmabant
2359 3001 2546 3070 enim
2592 3023 2839 3071 omnes
2871 3057 2888 3083 ,
2947 3022 3029 3071 eo
3081 2999 3179 3070 in·

639 3088 839 3177 genio
872 3093 1077 3178 Syros
1130 3111 1300 3172 esse,
1359 3102 1437 3160 ut
1477 3102 2121 3179 quantumcumque
2176 3090 2512 3180 oppressi,
2568 3105 2940 3177 nunquam
2985 3090 3182 3178 primi

638 3175 849 3246 velint
898 3178 1333 3249 induciarum
1393 3178 1808 3249 mentionem
1873 3179 2134 3261 facere,
2188 3178 2303 3249 sed
2364 3199 2667 3266 eousque
2717 3178 2786 3248 id
2852 3179 3176 3257 differre,

639 3262 854 3334 donec
905 3265 1119 3336 multa
1167 3267 1515 3348 instantiA,
1569 3279 1646 3338 ut
1689 3288 1807 3339 eas
1853 3265 2130 3348 faciant,
2178 3267 2575 3337 invitentur.

727 3355 765 3439 δ
810 3357 957 3427 18.
1013 3354 1260 3424 Eodem
1314 3368 1640 3445 tempore,
1692 3377 1830 3443 quo
1868 3360 2004 3427 Rex
2038 3377 2198 3426 cum
2251 3356 2513 3446 Regina
2556 3360 2967 3456 Margareta‚
3027 3376 3189 3426 con·

633 3441 805 3533 juge
849 3463 973 3512 sua
1046 3443 1113 3512 in
1185 3442 1402 3534 Cypro
1464 3443 1905 3526 morabatur,
1978 3444 2335 3514 Armeniae
2406 3449 2543 3514 Rex
2577 3498 2593 3524 ,
2666 3464 2817 3530 eius
2886 3442 3192 3515 adventu

639 3543 1009 3619 comperto.
1049 3530 1134 3601 ad
1165 3554 1321 3601 eum
1365 3532 1776 3622 spectabiles
1808 3533 2098 3603 nuncios
2149 3532 2357 3613 misit,
2402 3532 3028 3622 Archiepiscopum
3081 3539 3191 3603 Ar-

640 3639 999 3689 menorum
1050 3621 1333 3690 et0alios
1379 3621 1667 3703 aulicos,
1716 3642 1837 3712 per
1869 3621 2099 3692 literas
2146 3621 2299 3711 eJus
2348 3641 2420 3692 se
2464 3621 2757 3691 offerens
2802 3620 3186 3693 voluntati:

636 3728 812 3794 quos
846 3707 962 3778 ille
1010 3708 1385 3779 honorifice
1432 3711 1719 3801 excepit.
1764 3713 1929 3779 Cum
1987 3722 2215 3781 autem
2267 3709 2646 3789 didicisset,
2698 3710 2883 3778 inter
2911 3730 3088 3781 eum
3127 3721 3196 3780 et

637 3796 1031 3867 Antiochiae
1066 3798 1446 3889 principem
1486 3796 1904 3868 discordiam
1940 3798 2264 3880 extitisse,
2319 3798 2507 3868 misit
2546 3798 2630 3867 ad
2669 3810 3064 3886 utrumque
3103 3798 3188 3870 lc-

683 3896 829 3957 atos
875 3908 1059 3957 suos.
1114 3886 1261 3957 Illis
1309 3908 1464 3957 vero
1513 3909 1678 3959 suos
1723 3908 1997 3975 quoque
2043 3886 2127 3956 ad
2175 3908 2335 3957 eum
2388 3885 2647 3977 legatos
2696 3886 3182 3960 mittentibus.

687 3996 933 4045 uorum
970 3997 1315 4045 annorum
1366 3989 1602 4066 pactae
1640 3987 1805 4046 sunt
1853 3975 2194 4045 induciae.
2235 3979 2361 4044 Per
2389 3974 2454 4043 id
2507 3975 2646 4045 fere
2692 3987 2977 4065 tempus
3001 3975 3190 4068 capti

637 4077 800 4132 sunt
835 4064 1144 4151 quidam,
1182 4064 1305 4152 qui
1338 4086 1409 4134 se
1453 4062 1760 4135 dicerent
1807 4086 1847 4132 a
1881 4064 2217 4134 Sulthano
2261 4062 2680 4153 Babylonico
2711 4064 2972 4136 missos
3001 4085 3182 4141 esse.

636 4164 713 4220 ut
753 4157 999 4242 Regem
1057 4153 1472 4223 Ludovicum
1535 4166 1599 4223 et
1711 4152 2026 4222 rimarios
2074 4154 2224 4243 ejus
2279 4152 2617 4222 exercitus
2681 4151 2866 4222 viros
2926 4174 3188 4225 veneno

635 4253 1020 4310 enecarent.
1074 4241 1371 4311 Tandem
1410 4175 1790 4331 permuflae
1824 4243 2065 4311 venere
2097 4262 2324 4322 naves,
2377 4261 2534 4309 cum
2590 4261 2845 4331 magna
2875 4240 3184 4314 mil-imm

639 4348 899 4408 manu,
964 4331 1084 4416 qui
1134 4330 1199 4398 in
1267 4330 1512 4400 insulis
1574 4329 2086 4420 hyemaverant.
2141 4329 2310 4399 Inde
2365 4329 2652 4399 sabbato
2704 4334 2858 4420 post
2907 4330 3186 4417 Domini

637 4418 1111 4487 Ascensionem
1164 4418 1566 4489 mandatum
1601 4432 1725 4499 est,
1763 4430 1839 4488 ut
1873 4439 2113 4489 omnes
2136 4418 2222 4488 ad
2254 4417 2629 4488 Damiatam
2656 4416 3178 4491 contenderent
