3308 5004
153 328 330 395 AUG.
385 328 465 395 u
1111 341 1194 393 nt
1242 346 1303 394 s.
1352 343 1718 393 aumasu
2472 327 2602 396 329

153 430 623 502 celeberrimae
670 430 998 500 Dominae
1038 442 1310 502 nostrae
1356 443 1423 501 et
1474 429 1587 500 Dei
1635 428 1994 521 genitricis
2042 429 2334 512 Mariae,
2387 430 2691 502 Joannis

153 520 635 611 praecursoris,
684 532 753 590 et
798 518 1059 590 Nicolai
1105 519 1297 590 illius
1343 517 1563 589 divini
1681 518 2037 600 raeconis,
2091 519 2502 592 necessitate
2565 542 2693 610 po-

152 607 460 690 stulante,
505 608 593 679 ad
654 607 914 699 regiam
968 608 1219 679 Urbem
1269 607 1570 701 profecta
1647 607 1783 688 uit,
1837 606 2078 694 ibique
2124 607 2195 676 in
2269 610 2691 680 monasterio

152 718 259 767 sex
300 696 403 767 vel
442 709 705 787 septem
750 718 974 789 annos
1023 710 1285 768 morata
1331 708 1456 768 est.
1509 695 1705 779 Quod
1755 694 2039 766 moleste
2084 694 2356 767 ferens:
2418 721 2455 765 «
2488 698 2686 780 Exul,

153 785 388 888 inquit,
450 785 626 856 facta
674 806 829 858 sum
889 807 927 856 e
973 787 1229 878 templo
1279 785 1471 855 illius
1521 805 1700 872 quae
1747 788 1963 854 Deum
2015 785 2320 874 peperit:
2371 808 2514 874 quo
2563 786 2689 857 de·-

155 873 418 957 relrcto,
469 896 558 945 en
620 873 732 944 hic
780 896 1087 946 moror.»
1136 878 1305 946 Cum
1377 874 1593 966 igitur
1662 871 1899 942 divina
1946 872 2286 961 quaedam
2338 875 2514 945 visio
2583 874 2691 946 illi

153 962 363 1034 oblata
408 975 627 1045 esset,
678 985 854 1034 ausa
908 976 1013 1034 est
1058 963 1147 1034 iis
1210 984 1391 1052 quae
1453 983 1616 1033 cum
1676 961 1798 1031 illa
1854 963 2350 1045 versabantur,
2403 962 2687 1035 dicere:

152 1074 186 1117 «
213 1057 507 1142 Tempus
545 1051 693 1141 jam
728 1052 964 1134 instat,
1017 1064 1096 1123 ut
1140 1052 1227 1122 ad
1275 1073 1436 1122 eum
1486 1050 1719 1121 locum
1767 1050 2139 1133 abeamus,
2190 1050 2314 1120 ubi
2350 1051 2519 1122 olim
2562 1073 2695 1124 nos

151 1140 572 1211 sedebamus.
610 1140 763 1211 Vidi
809 1141 997 1211 enim
1047 1141 1120 1210 in
1173 1140 1423 1212 mentis
1460 1160 1747 1211 excessu
1784 1137 2024 1230 templi
2062 1140 2391 1211 Dominae
2436 1153 2503 1211 et
2532 1161 2692 1213 san-

150 1229 484 1299 ctissimae
531 1230 783 1299 Mariae
849 1250 1028 1316 quae
1075 1234 1289 1300 Deum
1362 1228 1643 1320 genuit,
1697 1226 1877 1298 fores
1949 1227 2325 1318 patefactas
2354 1283 2369 1310 ‚
2425 1250 2691 1318 nosque

151 1317 303 1388 illuc
349 1317 636 1388 introire
671 1318 982 1407 jussas.»
1037 1322 1345 1406 Cumque
1395 1317 1565 1387 haec
1618 1315 1927 1397 dixisset,
1979 1337 2061 1386 ex
2105 1317 2281 1387 urbe
2327 1316 2448 1388 illa
2495 1318 2688 1409 regia

151 1406 479 1496 migravit,
516 1419 583 1477 et
628 1406 746 1476 Dei
793 1427 948 1476 vere
997 1406 1373 1496 pretiosum
1424 1404 1599 1476 illud
1631 1426 1755 1475 vas
1801 1404 1885 1475 ad
1936 1404 2402 1477 desideratum
2453 1405 2688 1479 locum

150 1495 340 1576 venit,
393 1494 525 1583 qui
551 1508 832 1565 vocatur
885 1497 1102 1565 Timici
1142 1494 1201 1576 ⁴⁸,
1248 1494 1529 1564 nomine
1574 1493 1730 1595 ipso
1774 1494 1873 1563 ab
1913 1493 2175 1565 honore
2218 1494 2540 1575 deducto,
2565 1494 2689 1565 de-

149 1583 330 1654 cebat
375 1584 564 1654 enim
612 1584 979 1654 honestum
1031 1583 1259 1654 locum
1310 1582 1511 1653 illum
1568 1603 1721 1673 ejus
1770 1583 2159 1674 praesentia
2220 1584 2571 1665 honorari,
2623 1594 2690 1655 et

149 1671 668 1762 appellationem
694 1693 951 1752 veram,
989 1693 1070 1742 ac
1116 1671 1317 1742 factis
1363 1671 1540 1764 ipsis
1584 1672 2132 1760 comprobatam,
2189 1671 2467 1754 habere,
2521 1683 2601 1742 ut
2646 1694 2688 1743 a

145 1761 433 1846 quodam
477 1760 1080 1851 perspicacissimo
1126 1762 1273 1830 viro
1321 1781 1401 1830 ac
1448 1771 1642 1850 patre
1690 1759 1931 1831 multis
1982 1760 2190 1831 annis
2237 1774 2440 1831 antea
2486 1782 2687 1852 prae·

147 1848 359 1919 visum
406 1849 654 1920 fuerat.
685 1849 835 1930 Hic,
887 1870 1095 1936 quem
1143 1848 1309 1929 dixi,
1344 1848 1750 1919 Joannitius
1787 1847 1857 1884 ⁴⁸*
1904 1847 2035 1920 fuit
2079 1847 2200 1919 ille
2246 1848 2572 1920 laudatus
2622 1861 2691 1920 et

147 1936 431 2028 insignis
465 1938 591 2020 vir,
643 1936 850 2008 cu'us
897 1938 1119 2029 gloria
1167 1959 1288 2029 per
1338 1950 1555 2008 totum
1602 1937 1838 2007 orbem
1891 1950 2232 2009 terrarum
2274 1938 2682 2009 celebratur.

147 2026 283 2107 Hic,
338 2028 648 2115 inquam,
752 2026 982 2097 ivinus
1029 2027 1155 2107 vir,
1208 2047 1369 2097 cum
1429 2047 1552 2117 per
1615 2047 1775 2096 eum
1845 2025 2075 2097 locum
2127 2027 2470 2108 transiret,
2527 2048 2690 2118 pro-

149 2114 410 2201 phetico
467 2114 717 2207 spiritu
765 2116 1276 2206 pronunciavit,
1328 2114 1570 2185 decere
1619 2114 1848 2185 locum
1898 2114 2101 2185 illum
2143 2115 2471 2187 honorari
2518 2137 2691 2204 quo-

148 2203 887 2361 rundam-sanctorum
942 2225 1314 2295 corporum
1378 2203 1851 2275 collocatione.
1912 2202 1991 2273 Id
2051 2204 2237 2292 quod
2302 2215 2537 2296 postea
2583 2203 2689 2274 fa-

147 2302 319 2361 ctum
395 2305 527 2362 ult.
807 2346 812 2353 .

227 2382 450 2467 §1⁸-
532 2384 698 2450 Cum
762 2380 785 2449 i
838 2380 978 2451 itur
1026 2381 1223 2452 beata
1292 2379 1545 2451 mulier
1587 2401 1670 2451 eo
1735 2380 2199 2470 pervenisset,
2282 2391 2350 2450 et
2424 2400 2686 2471 paucos

146 2469 471 2556 quosdam
529 2467 678 2541 dies
737 2403 879 2540 ufic
917 2469 1217 2551 vixisset,
1271 2469 1682 2561 gravissimo
1727 2467 2031 2558 quodam
2081 2470 2327 2541 morbo
2372 2481 2690 2561 correpta

146 2568 257 2638 est,
307 2569 372 2628 et
417 2558 784 2629 duodecim
835 2558 1107 2642 diebus,
1161 2571 1531 2647 antequam
1586 2581 1625 2629 e
1672 2559 1811 2628 vita
1872 2557 2297 2639 discederet,
2352 2558 2439 2629 de
2483 2580 2563 2628 ea
2614 2580 2688 2628 re

148 2647 463 2736 mysterio
556 2646 809 2720 nodam
852 2648 1092 2719 edocta
1121 2646 1276 2718 fuit.
1311 2648 1492 2718 Vidit
1521 2647 1707 2718 enim
1741 2648 1923 2718 viros
1955 2646 2133 2719 duos
2162 2646 2342 2718 albis
2374 2646 2686 2717 vestibus

148 2734 414 2806 indutos
462 2757 503 2805 a
599 2758 673 2807 se
728 2737 1101 2819 venientes,
1153 2749 1222 2807 et
1323 2736 1600 2828 aginam
1641 2734 2020 2824 quamdam
2073 2735 2137 2806 ei
2186 2734 2558 2816 tradentes,
2611 2734 2686 2824 ip

146 2843 269 2910 qua
315 2825 489 2894 haec
527 2825 784 2915 scripta
815 2838 1041 2895 erant:
1081 2830 1180 2894 En
1214 2824 1263 2894 li
1356 2838 1496 2895 rtas
1544 2838 1664 2895 tua
1711 2824 1879 2894 haec
1925 2835 2069 2894 est:
2124 2846 2321 2895 sume
2370 2825 2574 2906 hanc,
2622 2835 2690 2895 et

149 2908 408 2983 laetare.
461 2918 666 2984 Beata
695 2934 854 2984 vero
900 2912 1155 2985 mulier
1199 2935 1360 2984 cum
1411 2914 1498 2984 ad
1525 2934 1600 2983 se
1646 2913 1985 2994 rediisset,
2028 2925 2095 2983 et
2142 2934 2355 2983 unam
2405 2935 2443 2983 e
2491 2934 2687 2983 soro-

150 2999 329 3072 ribus
362 3001 452 3071 ad
489 3023 562 3072 se
605 3014 954 3084 vocasset,
1006 3002 1411 3093 singulatim
1460 3002 1522 3072 ei
1571 3002 1809 3072 omnia
1859 3001 2186 3072 narravit.
2240 3002 2425 3073 Totis
2471 3002 2691 3093 igitur

148 3087 273 3161 illis
316 3089 686 3161 duodecim
734 3090 982 3162 diebus
1036 3091 1292 3162 mansit
1345 3091 1628 3162 assidue
1675 3089 2243 3181 contemplationi
2293 3091 2471 3161 dans
2518 3112 2715 3181 ope-.

150 3197 307 3259 ram,
364 3200 590 3266 neque
634 3179 799 3261 cibi,
855 3200 939 3249 ne
989 3201 1078 3250 ue
1121 3192 1325 3271 potus
1374 3179 1721 3272 particeps
1772 3177 2020 3261 fiebat,
2076 3178 2394 3268 nihilque
2443 3178 2635 3249 aliud
2665 3231 2681 3264 ,

150 3265 272 3335 nisi
318 3266 451 3339 hoc
483 3267 793 3338 dicebat:
833 3273 959 3340 Psa
993 3268 1133 3349 lite,
1177 3290 1446 3340 sorores
1481 3289 1694 3348 meae,
1736 3267 2032 3359 psallite,
2062 3279 2130 3338 et
2159 3273 2372 3339 Deum
2404 3268 2688 3339 assidue

152 3351 433 3437 laudate,
492 3366 569 3425 ut
613 3356 958 3450 propitius
986 3358 1075 3427 sit
1154 3357 1407 3427 eccatis
1454 3358 1733 3427 nostris,
1768 3361 1936 3428 Cum
1980 3358 2003 3426 i
2059 3358 2197 3429 'tur
2227 3356 2688 3427 duodecimus

150 3440 280 3514 dies
324 3444 647 3526 venisset,
704 3456 944 3515 sancta
992 3467 1113 3515 mu
1144 3447 1245 3515 ier
1290 3445 1502 3527 alias,
1556 3467 1737 3533 quae
1781 3468 1943 3518 cum
1995 3380 2118 3516 ffla
2162 3458 2382 3527 erant,
2438 3445 2685 3516 affata:

157 3532 609 3627 JSuccurrite,
662 3533 911 3621 inquit,
949 3554 1226 3620 quaeso,
1265 3533 1650 3604 infirmitati
1688 3555 1902 3617 meae,
1936 3547 2004 3605 et
2028 3535 2099 3604 in
2135 3534 2376 3604 aedem
2410 3554 2684 3605 sacram

153 3638 511 3719 ingressae,
559 3642 821 3703 versuS,
867 3623 991 3709 qui
1040 3622 1211 3691 mihi
1260 3622 1540 3693 dicendi
1585 3635 1836 3700 essent,
1890 3644 2012 3695 vos
2038 3629 2177 3693 Deo
2212 3621 2514 3692 reddite:
2548 3642 2684 3691 non

152 3724 318 3780 emm
367 3730 653 3800 possum
701 3709 1011 3799 amplius
1074 3710 1480 3802 psalterium
1545 3712 1941 3802 complere,
1996 3732 2158 3782 cum
2230 3711 2518 3780 omnino
2575 3710 2683 3779 vis

156 3814 290 3865 mea
333 3797 677 3869 deficiat.»
731 3797 897 3868 Illae
936 3820 1092 3869 vero
1138 3820 1298 3869 cum
1339 3799 1643 3870 clamore
1674 3813 1741 3869 ct
1780 3800 2109 3889 lacrymis
2158 3797 2683 3889 respondentes:

154 3882 235 3951 Ad
266 3902 664 3973 quemnam,
709 3887 1061 3974 inquiunt,
1117 3887 1466 3978 psalmum
1507 3889 1659 3980 ipsa
1700 3888 2102 3978 pervenisti,
2157 3899 2224 3957 et
2270 3886 2626 3957 undenam
2660 3938 2678 3965 ‚

152 3974 320 4055 quod
370 3976 718 4062 reliquum
788 3988 932 4058 est,
985 3997 1114 4047 nos
1175 3977 1648 4067 incipiemus?
1696 3976 1824 4047 Illa
1894 3977 2152 4045 sensim
2210 3973 2683 4064 respondens:

155 4061 711 4156 Nonagesimum,
766 4064 1026 4153 inquit,
1103 4065 1449 4155 psalmum
1515 4067 1586 4135 in
1659 4087 1776 4136 ore
1825 4064 2085 4134 habeo:
2159 4063 2278 4133 sed
2344 4060 2689 4131 infirmior

155 4143 337 4233 facta,
388 4152 683 4224 ulterius
729 4153 1053 4246 progredi
1084 4175 1219 4223 non
1273 4174 1583 4244 possum.
1616 4154 1785 4224 lllae
1817 4174 1978 4223 cum
2014 4152 2182 4221 haec
2228 4150 2681 4231 audivissent,

155 4234 233 4304 ad
278 4240 512 4311 aedem
582 4263 847 4313 sacram
929 4242 1282 4334 ingressae
1311 4296 1327 4323 ,
1402 4242 1703 4330 reliquos
1762 4239 2071 4332 psalmos
2140 4238 2683 4329 compleverunt.

216 4385 240 4409 ⁸
265 4386 299 4425 Ε
326 4381 512 4454 stylos,
531 4387 838 4433 honorabilis.
858 4391 908 4432 in
926 4391 1081 4442 pretio
1098 4389 1359 4432 habendus.

212 4449 263 4475 Ψ·
290 4451 333 4492 Β.
350 4455 624 4497 sonantem:
642 4454 692 4497 in
707 4457 954 4508 martyrol.
973 4459 1104 4500 Rom.
1123 4466 1173 4498 :v
1191 4457 1305 4499 nov.
