3308 5004
699 348 831 414 446
1285 367 1365 416 DE
1414 370 1470 417 s.
1524 370 1854 418 arianarum
1903 370 2047 417 un.
2099 367 2484 417 eLAnAvALL.
2831 350 3020 417 ΑΗΘ.
3073 351 3160 416 20

608 461 962 528 Crescente
1000 453 1342 543 siquidem
1374 475 1611 524 eorum
1647 477 1960 536 numero,
1992 455 2113 544 qui
2148 454 2218 523 in
2253 454 2432 523 hanc
2472 453 2939 523 conversionis
2980 476 3159 523 una-

610 545 995 615 nimitatem
1027 554 1540 624 consenserant,
1576 544 1755 615 sicut
1783 544 1869 614 de
1905 543 2271 636 primitivis
2310 543 2650 613 Ecclesiae
2675 541 2841 612 filiis
2870 542 3153 633 legitur,

609 633 1076 705 multitudinis
1124 654 1361 702 eorum
1409 644 1555 702 erat
1600 654 1721 703 cor
1766 656 1988 704 unum
2040 644 2104 702 et
2151 632 2386 702 anima
2433 654 2575 702 una
2624 632 2694 701 in
2739 633 3053 713 Domine,
3091 645 3163 701 et

606 723 1009 793 habitabant
1055 721 1478 792 unanimiter
1526 721 1762 804 simul,
1817 744 1942 792 nec
1981 721 2354 809 quisquam
2388 721 2685 790 aliorum
2719 720 3043 801 audebat,
3086 743 3166 792 se

607 811 1028 903 conjungere
1073 811 1173 881 eis
1218 810 1360 901 (Em
1404 815 1546 880 Act.
1602 833 1667 879 1v
1711 822 1775 881 et
1821 811 1912 899 v).
1983 815 2141 880 Erat
2202 810 2389 880 enim
2454 809 2843 880 castellioni
2899 808 3166 881 domus

604 923 745 970 una
799 901 1077 992 propria
1122 911 1188 969 et
1232 899 1628 969 communis
1675 900 2017 980 omnium,
2074 898 2196 968 ubi
2235 899 2733 968 conveniebant
2763 910 2828 966 et
2863 898 3163 968 cohabi-

606 990 844 1059 tabant
889 1003 955 1060 et
998 987 1610 1075 colloquebantur:
1664 1010 1875 1076 quam
1927 989 2034 1057 vix
2073 987 2345 1078 ingredi
2380 987 2635 1076 aliquis
2668 986 2991 1067 audebat,
3029 987 3162 1075 qui

606 1099 741 1147 non
792 1091 970 1150 esset
1017 1076 1102 1147 de
1149 1089 1347 1146 coetu
1394 1098 1659 1146 eorum.
1715 1076 1842 1147 Sed
1892 1088 1956 1146 et
2003 1075 2062 1146 si
2096 1076 2256 1164 quis
2290 1076 2610 1157 intrabat,
2655 1075 2896 1145 videns
2928 1089 2995 1146 et
3026 1098 3162 1146 au-

603 1166 800 1239 diens
849 1189 1028 1255 quae
1074 1166 1173 1235 ibi
1219 1167 1637 1257 gerebantur
1665 1221 1680 1247 ,
1747 1167 1926 1236 sicut
1972 1164 2057 1235 de
2103 1166 2503 1236 christianis
2556 1165 2924 1236 Corinthiis
2976 1170 3161 1256 Apo-

606 1255 823 1326 stolus
850 1256 1041 1337 dicit,
1072 1255 1401 1325 omnibus
1433 1254 1946 1342 quodammodo
1983 1255 2579 1345 prophetantibuS‚
2615 1253 3165 1326 convincebatur

604 1345 690 1413 ab
737 1345 1065 1416 omnibus
1095 1399 1111 1426 ‚
1164 1343 1684 1431 dijudicabatur
1730 1344 1818 1413 ab
1866 1344 2236 1426 omnibuS‚
2287 1356 2354 1413 et
2398 1343 2695 1414 adorans
2746 1343 3150 1424 Dominum,

602 1445 668 1501 et
713 1433 1048 1503 confitens
1095 1432 1278 1520 quod
1330 1454 1486 1501 vere
1534 1437 1712 1502 Deus
1759 1446 1936 1503 esset
1984 1433 2053 1501 in
2117 1434 2217 1503 eis
2247 1487 2262 1514 ,
2329 1446 2448 1502 aut
2504 1433 2652 1522 ipse
2707 1433 3160 1503 unanimitati

605 1542 843 1592 eorum
896 1522 1333 1602 adhaerebat,
1389 1533 1509 1591 aut
1559 1521 1882 1591 recedens
1929 1523 2137 1591 flebat
2183 1522 2655 1611 semetipsum,
2709 1519 2866 1590 illos
2913 1535 3156 1594 autem

602 1609 1061 1681 beatificabat.
1115 1615 1255 1680 Hoc
1303 1611 1489 1679 enirn
1540 1609 1681 1680 illis
1731 1610 2160 1701 temporibus
2207 1623 2271 1680 et
2319 1611 2389 1678 in
2441 1610 2581 1680 illis
2641 1611 2952 1700 partibus
3003 1624 3161 1681 erat

603 1699 1039 1780 inauditum,
1091 1712 1167 1769 ut
1213 1699 1519 1786 alicujus
1565 1699 1797 1769 adhuc
1847 1700 1915 1768 in
1968 1697 2202 1769 seculo
2249 1700 2743 1776 commorantis
2787 1700 3154 1770 conversio

604 1789 1088 1877 praesciretur.
1141 1789 1285 1878 Ipsi
1331 1810 1490 1858 vero
1535 1788 1736 1876 quasi
1789 1789 2145 1858 mensibus
2193 1810 2308 1857 sex
2359 1801 2511 1878 post
2553 1788 2853 1877 primum
2896 1810 3161 1878 propo-

603 1878 811 1947 situm
863 1877 934 1946 in
986 1876 1225 1947 habitu
1273 1877 1567 1947 seculari
1601 1877 1899 1959 stabant,
1947 1888 2021 1946 ut
2063 1877 2345 1968 perinde
2380 1876 2613 1967 plures
2643 1898 3160 1967 congregaren-

602 1978 737 2046 tur,
779 1965 947 2034 dum
981 1965 1443 2052 quorumdam
1484 1966 1752 2057 negotia
1787 1989 1908 2056 per
1943 1966 2008 2035 id
2042 1980 2172 2035 tem
2188 1966 2368 2055 poris
2400 1965 2963 2057 expediebantur.

692 2061 730 2135 ἓ
777 2060 920 2127 15.
976 2059 1141 2124 Cum
1193 2068 1418 2125 autem
1461 2055 1611 2143 jam
1662 2069 1984 2145 suspecta
2029 2055 2364 2145 inciperet
2410 2077 2559 2125 esse
2610 2053 3002 2135 multitud0,
3059 2076 3153 2125 ne

603 2163 811 2230 quem
862 2142 946 2211 de
996 2164 1284 2213 numero
1331 2166 1571 2215 eorum
1620 2144 2008 2235 subriperet
2048 2144 2106 2214 is
2136 2145 2257 2231 qui
2296 2156 2525 2222 tentat,
2564 2143 2825 2234 placuit
2863 2148 2995 2212 Deo
3031 2165 3150 2212 su·

602 2253 726 2331 per
773 2230 924 2313 hoc,
975 2232 1159 2321 quod
1211 2231 1522 2303 futurum
1563 2245 1763 2315 esset,
1811 2231 2132 2303 revelare.
2173 2233 2604 2324 Adspiciebat
2635 2232 2824 2302 enim
2857 2231 3154 2319 quidam

602 2342 673 2388 in
727 2320 989 2390 visione
1038 2322 1282 2402 noctis,
1335 2335 1401 2392 et
1439 2322 1712 2393 videbat
1748 2322 1949 2409 quasi
1981 2344 2097 2394 eos
2135 2345 2375 2393 omnes
2404 2321 2800 2392 consedisse
2838 2321 2904 2388 in
2940 2319 3153 2391 domo

598 2431 764 2490 una,
802 2423 867 2479 et
903 2432 1022 2500 per
1050 2411 1361 2480 ordinem
1398 2411 1713 2504 singulos
1749 2411 1950 2500 quasi
1983 2412 2500 2481 communicare
2533 2410 2616 2480 de
2650 2409 2805 2480 cibo
2836 2409 3149 2496 quodam

601 2498 758 2568 miri
808 2499 1132 2572 candoris
1178 2514 1243 2571 et
1289 2501 1581 2591 saporis.
1635 2507 1851 2584 Quem
1902 2501 2188 2571 caeteris
2235 2500 2562 2571 omnibus
2608 2500 2864 2590 optime
2921 2499 3152 2570 susci-

601 2587 977 2678 pientibuS‚
1029 2604 1093 2659 et
1141 2612 1302 2660 cum
1397 2590 1608 2661 audio
1650 2613 1927 2680 magn0,
1971 2590 2147 2660 duos
2179 2611 2257 2659 ex
2297 2590 2488 2659 omni
2532 2610 2819 2658 numero
2858 2587 2981 2659 illo
3024 2611 3153 2658 no-

599 2679 785 2747 tabat
816 2702 856 2748 a
887 2679 1025 2749 cibi
1060 2678 1250 2749 illius
1283 2701 1356 2751 sa
1391 2679 1608 2751 utaris
1641 2679 2163 2770 participatione
2197 2701 2449 2748 vacuos
2484 2678 2922 2748 remansisse.
2968 2678 3157 2747 Alter

604 2788 901 2854 namque
935 2789 1173 2836 eorum
1208 2789 1333 2837 nec
1372 2768 1730 2838 sumebat:
1768 2767 1940 2837 alter
1970 2766 2248 2853 quidem
2291 2788 2565 2837 sumere
2598 2766 2984 2848 videbatur,
3024 2766 3150 2837 sed

597 2864 927 2942 tanquam
981 2856 1215 2926 minus
1262 2869 1461 2926 caute
1508 2869 1834 2936 sumeret,
1884 2854 2377 2945 spargebatur:
2416 2866 2789 2943 utrumque
2821 2876 2980 2924 vero
3024 2877 3153 2945 po-

598 2955 738 3011 stea
790 2943 1102 3032 probavit
1146 2957 1451 3014 eventus,
1505 2945 1687 3015 Alter
1731 2944 1965 3023 enim,
2016 2944 2419 3033 priusquam
2476 2956 2751 3014 ventum
2808 2956 2986 3013 esset
3047 2943 3145 3012 ad

599 3051 766 3111 rem,
819 3053 1191 3103 conversus
1239 3045 1638 3114 retrorsum,
1692 3033 1760 3101 in
1813 3032 2127 3102 seculum
2165 3032 2406 3101 rediit:
2450 3032 2622 3102 alter
2652 3054 2812 3102 cum
2853 3032 3150 3102 caeteris

597 3119 823 3208 coepit
868 3120 1147 3207 quidem
1200 3142 1378 3211 opus
1423 3122 1685 3191 bonum
1719 3176 1734 3204 ‚
1790 3121 1907 3190 sed
1960 3143 2096 3191 non
2147 3122 2326 3191 bono
2375 3120 2512 3190 fine
2560 3119 2927 3192 conclusit.
2990 3121 3150 3190 Vidi

595 3227 722 3307 ego
771 3230 928 3277 eum
981 3209 1050 3277 in
1100 3208 1334 3280 seculo
1383 3223 1617 3301 postea
1665 3233 1915 3300 vagum
1967 3225 2032 3280 et
2080 3209 2454 3300 profugum
2505 3233 2543 3280 a
2593 3210 2766 3280 facie
2814 3211 3143 3292 Domini,

594 3309 777 3365 sicut
824 3297 1011 3379 Cain,
1063 3310 1403 3385 quantum
1438 3299 1979 3369 animadvertere
2014 3300 2226 3390 potui,
2274 3300 2623 3369 bominem
2659 3299 3142 3382 humilimum,

598 3396 662 3483 et
712 3384 1128 3455 miserabilis
1174 3386 1626 3468 confusioniS,
1680 3402 1745 3458 et
1777 3389 2034 3458 nimiae
2067 3388 2687 3490 pusillanimitatis.
2741 3389 2873 3472 Qui
2909 3401 3147 3459 tamen

596 3493 667 3541 1n
720 3473 987 3545 ultimis
1037 3474 1479 3545 Claravallem
1531 3476 1769 3559 rediit,
1822 3478 2222 3548 infirmitate
2269 3478 2578 3567 corporis
2625 3488 2691 3548 et
2738 3478 2976 3568 inopia
3027 3500 3144 3549 co-

593 3574 795 3652 gente
826 3617 842 3643 ,
895 3584 1056 3633 cum
1106 3562 1313 3633 homo
1363 3564 1537 3633 bene
1584 3576 1790 3635 natus
1824 3622 1839 3648 ‚
1893 3567 1980 3636 ab
2029 3567 2356 3637 omnibus
2403 3567 2716 3658 cognatis
2762 3580 2829 3637 et
2890 3567 3143 3637 amicis

594 3650 1093 3741 projiceretur:
1134 3653 1366 3740 ibique
1407 3654 1807 3744 proprietati
1850 3656 2296 3737 renuncianS‚
2336 3655 2453 3725 sed
2492 3677 2626 3724 non
2663 3656 2950 3725 omnino
2983 3679 3146 3746 pro·-

596 3741 783 3830 priae
832 3740 1189 3823 voluntati,
1241 3740 1413 3811 obiit
1460 3764 1595 3812 non
1644 3742 1924 3831 quidem
1975 3745 2188 3825 intuS,
2242 3754 2319 3814 ut
2348 3744 2557 3813 frater
2592 3757 2658 3813 et
2685 3743 3140 3816 domesticus:

594 3829 709 3898 sed
762 3829 971 3912 soris,
1027 3830 1570 3901 misericordiam
1624 3831 2033 3923 postulans,
2090 3834 2271 3904 sicut
2319 3855 2585 3924 pauper
2629 3845 2694 3902 et
2745 3834 3137 3906 mendicus.

590 3917 738 3987 Jam
792 3942 946 3989 vero
994 3919 1396 3990 adveniente
1443 3920 1556 3990 die
1603 3921 1936 3991 reddendi
1984 3921 2162 4005 voti,
2215 3934 2280 3992 et
2325 3945 2476 3992 com
2535 3921 2720 3991 lendi
2768 3922 3140 4005 desiderii,

592 4027 913 4097 egressus
959 4020 1063 4078 est
1110 4008 1193 4078 de
1231 4008 1438 4079 domo
1475 4021 1762 4111 paterna
1792 4010 2209 4094 BernarduS‚
2250 4024 2442 4102 pater
2511 4024 2770 4081 ratrum
2816 4033 3136 4093 suorum,

591 4117 751 4165 cum
792 4097 1124 4168 fratribus
1151 4098 1324 4181 suis,
1364 4098 1529 4168 filiis
1558 4100 1708 4169 suis
1741 4100 2249 4201 spiritualibuS,
2285 4122 2460 4189 quos
2493 4100 2698 4170 verbo
2737 4101 2914 4170 vitae
2948 4102 3145 4171 Chri-

593 4196 696 4253 sto
734 4199 1286 4286 regeneraverat.
1340 4192 1646 4276 Cumque
1692 4202 1953 4259 exirent
1985 4189 2072 4258 de
2110 4191 2469 4261 mansione
2502 4189 3141 4346 Guidonisfprimo-

593 4275 831 4360 geniti,
882 4298 1061 4364 quae
1100 4282 1443 4347 Fontanae
1482 4277 1865 4361 dicebatur,
1910 4278 2131 4350 Guido
2175 4278 2413 4349 videns
2442 4278 2813 4350 Nivardum
2886 4292 3136 4349 rati-em

593 4381 796 4431 suum
848 4364 1218 4435 minimum
1268 4366 1341 4435 in
1392 4365 1615 4457 platea
1665 4390 1958 4458 puerum
1995 4390 2155 4438 cum
2192 4368 2428 4458 pueris
2457 4367 2653 4437 aliis:
2698 4368 2838 4458 Eja,
2877 4368 3135 4456 inquit,

589 4446 798 4520 frater
842 4452 1173 4534 Nivarde,
1248 4453 1333 4522 ad
1408 4466 1470 4524 te
1518 4456 1743 4527 solum
1794 4456 2075 4548 respicit
2142 4456 2372 4527 omnis
2437 4468 2613 4527 terra
2677 4457 3135 4547 possessionis
