3308 5004
87 377 279 445 AUG.
337 378 421 445 30
961 394 1040 442 nx
1087 393 1145 444 s·
1198 393 1359 443 nosA
1406 396 1579 444 vino.
1632 397 1768 446 uu.
2434 381 2564 449 753

90 494 158 553 et
191 479 603 573 'providens
675 478 743 549 in
830 478 1243 550 removendo
1312 480 1656 569 quidquid
1731 481 1832 551 eis
1915 481 1985 551 in
2046 492 2270 554 ratum
2356 496 2479 556 aut
2547 484 2656 554 in-

92 571 410 661 quietum
477 590 628 641 esse
688 580 962 660 posset,
1033 567 1105 638 in
1169 568 1505 660 pacandis
1573 570 1998 641 contentioni
2050 593 2134 641 us
2199 583 2266 641 et
2327 572 2655 647 sedandis

93 660 356 731 animis
427 657 718 729 mirifice
794 656 1115 728 discreta.
1197 657 1525 728 infirmae
1605 680 1844 729 eorum
1923 659 2304 731 valetudini
2383 683 2657 754 semper

85 765 297 842 ‘prom
357 761 419 819 te
463 761 529 818 et
576 745 858 839 provide
904 747 1237 817 assistens
1281 756 1348 816 et
1397 746 1801 820 ministrans
1833 747 1980 818 visa
2026 748 2180 820 fuit.
2234 749 2329 819 Ad
2364 748 2495 821 hoc
2535 772 2659 843 per

99 771 418 930 singulas
457 850 691 907 noctes
739 836 810 905 in
859 835 1187 926 operibus
1247 835 1690 906 elaborandis
1736 836 2031 929 vigilias,
2060 837 2502 928 protrahebat
2566 839 2654 910 ad

102 930 324 1000 instar
351 926 547 997 fortis
578 924 768 994 illius
807 923 1145 1006 mulieriS,
1188 946 1366 1012 quae
1407 924 1493 996 de
1526 938 1723 996 nocte
1753 927 2072 1007 surrexit,
2109 925 2437 1014 deditque
2462 949 2656 1019 prae·

104 1017 264 1087 dam
300 1014 698 1087 domesticis
732 1012 918 1093 suis;
971 1011 1222 1083 debilis
1268 1013 1479 1094 enim,
1539 1013 1878 1106 languens
1925 1027 1991 1086 et
2022 1035 2227 1107 saepe
2258 1028 2650 1107 aegrotans,

103 1130 184 1177 ac
231 1103 662 1176 orationibus
707 1114 772 1171 et
817 1101 976 1172 aliis
1007 1102 1349 1172 exercitiis
1388 1102 1684 1184 detenta,
1724 1102 2018 1174 aliarum
2070 1104 2416 1175 artificum
2447 1126 2657 1197 opera

101 1208 168 1268 et
216 1193 561 1264 celeritate
591 1203 660 1262 et
708 1189 1123 1282 perfectione
1167 1190 1587 1283 quamlonge
1619 1191 2017 1283 superabat.
2046 1197 2185 1264 Nec
2219 1205 2658 1285 praetereun-

102 1285 272 1355 dum
307 1282 494 1371 quod
534 1282 606 1351 in
648 1279 779 1351 hac
806 1280 1055 1382 pietate
1086 1302 1250 1382 erga
1286 1293 1606 1371 parentes
1643 1303 1927 1351 cursum
1966 1280 2143 1352 vitae
2173 1303 2340 1353 suae
2370 1281 2660 1354 feliciter

102 1373 404 1453 clausit;
457 1382 905 1443 materemm
957 1369 1368 1460 praevidens
1426 1391 1552 1460 pro
1590 1369 1701 1440 sui
1756 1370 1987 1440 obitus
2035 1370 2334 1441 adventu
2382 1393 2659 1443 summo

107 1482 418 1533 moerore
464 1458 926 1539 afficiendam,
985 1463 1330 1549 Sponsum
1383 1480 1588 1531 suum
1637 1458 1838 1529 enixe
1886 1470 2182 1549 precata,
2237 1471 2500 1530 tantam
2550 1461 2658 1531 di-

104 1551 426 1621 vinarum
487 1546 1039 1619 consolationum
1102 1546 1501 1617 sensibilem
1566 1546 1990 1617 affluentiam
2039 1548 2103 1618 ei
2166 1548 2520 1630 obtinuit,
2582 1562 2661 1621 ut

107 1638 549 1732 postmodum
582 1635 1036 1725 Jurejurando
1070 1634 1466 1728 deposuerit
1512 1658 1586 1706 se
1632 1637 1701 1706 in
1748 1649 1884 1706 tam
1918 1635 2207 1707 dilectae
2246 1637 2432 1707 filiae
2467 1659 2663 1729 prae·

109 1732 387 1799 matura
408 1739 623 1797 morte
649 1739 996 1815 expertam
1022 1723 1236 1796 fuisse
1255 1745 1373 1794 cor
1402 1745 1609 1796 suum
1641 1724 1852 1795 nimis
1873 1737 2246 1817 angustum
2275 1738 2342 1796 et
2367 1726 2661 1818 incapax

109 1818 195 1888 ad
234 1815 554 1886 coelestia
590 1814 709 1885 illa
738 1814 992 1904 gaudia
1030 1812 1480 1904 capessenda.

199 1908 237 1994 ξ
282 1909 362 1976 ⁸2.
413 1903 715 1974 Humilis
747 1903 939 1993 virgo
973 1901 1104 1972 sibi
1142 1901 1505 1972 videbatur
1553 1901 1646 1971 nil
1685 1923 1888 1994 agere
1920 1915 2040 1973 aut
2088 1904 2230 1994 pati
2279 1903 2348 1972 in
2403 1907 2446 1973 S
2497 1904 2658 1975 onsi
2736 1986 2751 1995 Ι

111 1993 458 2064 famulatu
487 2047 502 2074 ,
554 1993 853 2084 seipsam
907 1990 1365 2083 redarguebat
1410 1991 1705 2082 supinae
1759 1991 2097 2083 ignaviae,
2160 1991 2454 2063 vocifera
2506 2005 2664 2064 atur

111 2105 187 2153 se
215 2082 363 2152 indi
421 2103 577 2151 nam
610 2080 970 2151 communi
998 2082 1177 2161 aete,
1212 2078 1597 2151 mirabatur
1635 2103 1709 2151 se
1742 2083 1963 2151 vivam
2006 2093 2223 2151 terrae
2263 2080 2458 2151 hiatu
2492 2103 2664 2153 non-

114 2172 289 2241 dum
340 2194 375 2241 a
432 2169 718 2251 sorberi,
775 2168 861 2241 ad
912 2168 1122 2260 pedes
1169 2167 1750 2241 confessariorum
1788 2169 2114 2259 lacrymis
2162 2169 2362 2261 plena
2399 2170 2668 2271 singul·

115 2260 357 2340 tiebat,
409 2260 737 2329 minimos
782 2279 1058 2347 quoque
1097 2256 1402 2329 defectus
1451 2258 1546 2327 ita
1599 2279 1719 2328 exa
1860 2280 2021 2329 rans
2066 2258 2265 2345 quasi
2316 2260 2664 2331 atrocissi-

119 2370 395 2418 morum
448 2347 788 2418 scelerum
820 2345 1227 2417 cumulatim
1263 2368 1377 2417 rea
1409 2345 1602 2427 foret,
1643 2369 1741 2438 pu
1822 2347 1962 2417 icas
1990 2346 2186 2416 urbis
2217 2358 2336 2416 aut
2365 2347 2665 2437 regionis

119 2437 553 2508 calamitates
601 2437 749 2510 suis
797 2435 1187 2528 imputabat
1245 2434 1599 2508 demeritis
1628 2489 1644 2516 ,
1700 2433 2167 2526 aegritudines
2204 2435 2659 2507 creberrimas

116 2541 185 2597 et
238 2527 686 2599 acutissimas
731 2526 1132 2616 acceptabat
1188 2539 1254 2593 et
1300 2524 1578 2595 amabat
1621 2545 1751 2594 ceu
1797 2523 2104 2595 vindices
2150 2546 2230 2594 ac
2267 2525 2458 2614 justa
2503 2548 2668 2617 sup-

119 2616 334 2708 plicia
383 2638 552 2687 suae
598 2617 671 2685 in
724 2619 936 2684 Deum
987 2625 1358 2706 perpetuae
1405 2611 1929 2704 ingratitudinis
1958 2668 1973 2694 ‚
2020 2614 2430 2704 provocabat
2475 2613 2544 2683 in
2595 2636 2668 2684 se

121 2706 362 2775 omnia
434 2703 678 2775 mundi
750 2703 1088 2773 elementa
1150 2701 1235 2772 ad
1300 2700 1637 2772 vindicias
1705 2701 2120 2790 injuriarum
2187 2723 2364 2791 quas
2425 2724 2666 2773 eorum

121 2793 419 2863 Creatori
468 2816 508 2862 a
557 2814 629 2864 se
675 2791 903 2862 illatas
949 2792 1388 2881 querebatur,
1432 2789 1753 2861 credebat
1798 2791 2112 2874 firmiter,
2162 2801 2228 2861 et
2265 2791 2360 2861 ita
2397 2791 2485 2861 ab
2516 2813 2667 2861 om·

123 2882 333 2952 nibus
380 2880 569 2952 credi
618 2880 1014 2972 satagebat,
1069 2880 1384 2951 omniurn
1436 2901 1509 2949 se
1555 2890 2028 2950 creaturarum
2078 2901 2228 2950 esse
2284 2878 2667 2970 abjectissi-

121 2991 304 3038 mam
342 2970 544 3040 Orbis
594 2970 967 3051 maculam,
1005 2968 1299 3038 humani
1331 2969 1605 3060 generis
1637 2968 1963 3039 ultimum
2006 2969 2425 3039 carcinoma.
2462 2969 2662 3052 Hinc,

124 3058 185 3127 si
238 3057 782 3149 deprehenderet
830 3058 915 3129 de
952 3057 1320 3129 virtutibus
1368 3079 1441 3127 se
1488 3056 1836 3128 tantillum
1869 3057 2365 3141 commendari,
2403 3058 2669 3129 crucia·

83 3148 330 3218 .batur
381 3147 655 3229 misera,
709 3144 1236 3239 expallescebat,
1287 3144 1644 3216 diffluebat
1683 3145 2035 3236 lacrymis,
2082 3146 2480 3217 dehiscebat
2509 3147 2670 3217 ilico

124 3258 199 3305 se
234 3257 554 3326 mergens
586 3237 653 3305 in
686 3236 1017 3326 abyssum
1047 3234 1485 3305 humilitatis.
1537 3234 1800 3306 Accidit
1845 3234 2028 3322 quod
2070 3257 2107 3305 e
2134 3235 2361 3306 vicino
2390 3235 2669 3306 aedium

124 3324 437 3395 conclavi
466 3322 685 3395 obiter
707 3324 976 3394 audiret
1003 3344 1331 3414 personas
1355 3345 1599 3415 graves
1627 3322 1713 3394 de
1740 3328 1956 3394 Rosae
1981 3336 2330 3412 tamquam
2366 3325 2672 3396 absentis

128 3411 436 3484 mirabili
481 3413 620 3483 vita
659 3411 1039 3483 honorifice
1092 3434 1173 3482 ac
1227 3424 1486 3484 secreto
1523 3411 2091 3494 confabulantes;
2140 3415 2410 3505 expavit
2441 3425 2507 3484 et
2552 3412 2672 3483 ad-

129 3502 410 3572 tremuit
447 3502 785 3604 exanguis
824 3501 929 3571 vir
977 3522 1060 3583 o,
1116 3522 1396 3593 angore,
1456 3503 1621 3573 fletu
1651 3513 1720 3572 et
1760 3523 2069 3572 moerore
2127 3501 2509 3584 distabuit,
2562 3524 2666 3584 ac,

124 3592 428 3681 seipsam
483 3590 861 3662 durissime
994 3589 1295 3682 jurgans
1325 3645 1341 3673 ,
1388 3603 1489 3661 ter
1522 3646 1538 3672 ,
1589 3603 1837 3680 quater
1881 3589 2079 3662 illisit
2138 3612 2456 3683 pugnum
2509 3613 2674 3662 acu-

131 3679 345 3750 leatae
392 3701 472 3750 ca
528 3679 641 3751 itis
689 3680 798 3750 sui
839 3701 1157 3762 coronae,
1215 3680 1565 3751 fluxerunt
1619 3680 1753 3752 sub
1786 3679 1934 3749 velo
1980 3702 2103 3750 san
2156 3681 2344 3750 uinis
2391 3679 2543 3760 rivi,
2597 3692 2676 3750 ut

124 3768 465 3927 ‹aierimoni
559 3767 819 3839 doloris
869 3768 1419 3861 ingratissimum
1479 3769 1747 3840 alienae
1804 3768 2033 3842 laudis
2090 3793 2132 3840 o
2186 3768 2504 3840 tunderet
2549 3791 2675 3839 au-

180 3870 379 3929 itum.

217 3947 254 4033 ἓ
298 3950 359 4019 8
437 3946 828 4017 Ducebatur
874 3947 1052 4018 inter
1097 3946 1268 4018 haec
1317 3946 1648 4018 virtutum
1684 3946 2071 4018 exercitiaa
2107 3951 2374 4048 Sponso
2407 3959 2543 4017 tam
2587 3946 2675 4017 ad

132 4035 529 4107 exteriorem
578 4035 890 4126 corporis
936 4058 1147 4125 quam
1198 4035 1284 4106 ad
1336 4035 1656 4106 intimam
1718 4035 2008 4128 spiritus
2052 4035 2502 4107 solitudinem
2533 4090 2550 4117 ,
2600 4050 2681 4107 ut

135 4121 232 4192 ibi
283 4122 679 4210 loqueretur
732 4124 820 4195 ad
877 4146 997 4195 cor
1047 4125 1250 4213 ejus:
1302 4124 1800 4197 obsistentibus
1854 4124 2226 4196 exadverso
2260 4124 2680 4217 importunis

131 4211 487 4302 genitricis
519 4213 908 4295 conatibuS‚
945 4214 1207 4302 quibus
1253 4235 1402 4284 eam
1436 4213 1521 4284 ad
1554 4213 1909 4285 connubia
1943 4227 2160 4286 terrae
2209 4235 2454 4306 parare
2500 4225 2681 4285 sata-

133 4299 359 4391 gebat,
415 4301 501 4372 ad
598 4324 728 4373 uae
776 4323 913 4373 non
962 4301 1186 4373 solum
1237 4301 1464 4374 verbis
1509 4301 1912 4374 durioribus
1940 4356 1962 4385 ‚
2017 4303 2136 4374 sed
2193 4304 2401 4375 etiam
2444 4301 2681 4373 verhe-

133 4387 329 4461 ribus
359 4389 570 4482 impel
600 4389 865 4463 ebatur.
920 4390 1049 4462 Sed
1089 4391 1253 4461 vicit
1299 4391 1597 4462 invictus
1647 4397 1866 4463 Rosae
1903 4393 2227 4474 animus;
2267 4392 2465 4484 prius
2490 4390 2682 4462 enim

131 4483 407 4560 Cantae,
442 4478 566 4549 ubi
596 4502 756 4551 cum
791 4480 941 4551 suis
974 4480 1395 4566 morabatur,
1435 4502 1560 4573 per
1588 4479 2131 4571 quadriennium
2168 4481 2378 4554 semel
2412 4490 2683 4552 tantum

293 4606 576 4668 surius-
602 4605 764 4670 Vitae
786 4607 897 4673 SS.
917 4637 944 4655 ·
960 4606 1090 4670 Vol.
1133 4604 1286 4669 vm.
2441 4607 2523 4670 48
