3308 5004
192 345 387 412 mc.
439 346 526 411 20
892 365 972 414 nn
1017 366 1075 414 s.
1128 367 1461 417 annuntio
1508 369 1650 417 aas.
1706 368 2090 418 cunum..
2531 354 2660 420 467

282 444 322 531 5
366 447 510 516 ω.
564 444 1059 517 Infirmabatur
1088 446 1463 535 aliquando
1512 448 1719 520 homo
1765 448 1908 530 Dei,
1962 461 2030 521 et
2064 449 2252 522 velut
2283 447 2554 524 rivulus
2599 453 2753 541 qui-

184 531 358 609 dam
409 532 829 624 phlegmatis
858 533 1285 607 incessanter
1331 536 1418 607 ab
1465 538 1616 627 ejus
1674 558 1792 609 ore
1838 539 2120 622 fluebat,
2181 539 2369 612 unde
2413 540 2749 614 exhausto

185 642 481 713 corpore
520 644 1019 713 usquequaque
1057 624 1411 709 deficiens,
1455 626 1908 718 paulominus
1956 627 2046 699 ad
2097 639 2398 700 extrema
2444 631 2742 704 devenit.

186 715 676 783 Convenerunt
704 712 937 802 itaque
981 713 1214 785 filii-et
1241 714 1450 786 amici
1495 717 1670 799 e'us,
1708 716 1894 788 velut
1938 716 2025 788 ad
2057 717 2382 806 exequias
2429 720 2600 790 tanti
2624 742 2751 811 pa-

62 885 72 893 ,
189 800 345 882 tris,
378 813 618 902 etOego
657 801 806 904 ipse
857 803 1039 873 inter
1083 817 1387 875 caeteros
1430 805 1523 875 ad
1554 805 1651 888 ui,
1708 805 1897 894 quod
1957 827 2066 875 me
2111 827 2388 895 quoque
2445 809 2600 910 eius
2646 808 2752 879 di-

193 889 429 993 gnatio
454 912 525 959 in
561 912 947 962 amicorum
974 914 1265 964 numero
1295 905 1666 985 reputaret.
1692 899 2000 983 Cumque
2014 907 2396 966 extremum
2420 899 2749 987 spiritum

178 1001 334 1071 Jam
384 979 656 1051 trahere
701 980 1072 1064 videretur,
1124 983 1198 1053 in
1236 1003 1523 1054 excessu
1572 984 1822 1055 mentis
1851 1006 2018 1055 suae
2063 996 2222 1055 ante
2269 984 2574 1056 tribunal
2618 991 2750 1056 Do-

190 1067 371 1138 mini
418 1068 554 1139 sibi
595 1069 785 1141 visus
816 1083 920 1141 est
951 1073 1399 1162 praesentari.
1436 1072 1666 1143 Adfuit
1691 1086 1920 1144 autem
1968 1086 2036 1145 et
2067 1085 2262 1145 satan
2310 1095 2391 1143 ex
2428 1074 2742 1158 adverso,

62 1225 67 1230 .
188 1157 534 1249 improbis
569 1180 731 1230 eum
780 1161 1344 1232 accusationibus
1399 1160 1713 1254 pulsans.
1769 1162 1899 1235 Ubi
1951 1183 2107 1232 vero
2154 1160 2272 1232 ille
2316 1163 2552 1234 omnia
2608 1162 2742 1235 fuit

190 1260 626 1338 prosecutus,
664 1260 733 1318 et
777 1249 922 1320 viro
970 1250 1085 1321 Dei
1117 1262 1295 1322 esset
1341 1272 1466 1341 pro
1513 1272 1640 1321 sua
1689 1263 1879 1342 parte
1925 1250 2340 1334 dicendum,
2388 1252 2563 1322 nihil
2616 1265 2747 1324 ter-

185 1336 371 1406 ritus
418 1348 538 1407 aut
586 1337 926 1420 turbatus,
960 1338 1093 1410 ait:
1137 1361 1175 1406 «
1206 1343 1465 1421 Fateor,
1503 1361 1640 1410 non
1683 1362 1840 1411 sum
1890 1339 2150 1432 dignus
2195 1360 2356 1431 ego,
2410 1362 2536 1411 nec
2585 1363 2747 1433 pro-

188 1424 368 1526 priis
400 1446 680 1514 possum
712 1428 976 1498 meritis
1000 1449 1293 1520 regnum
1328 1429 1637 1500 obtinere
1684 1429 2061 1500 coelorum.
2094 1434 2444 1501 Caeterum
2478 1429 2746 1520 duplici

172 1536 344 1605 Jure
382 1513 559 1585 illud
607 1515 928 1587 obtinens
979 1517 1311 1587 Dominus
1346 1539 1565 1600 meus,
1606 1517 2027 1589 haereditate
2071 1518 2334 1589 scilicet
2379 1518 2623 1601 Patris,
2678 1530 2746 1589 et

188 1602 439 1674 merito
486 1603 870 1693 passionis:
927 1604 1142 1676 altero
1202 1607 1352 1696 ipse
1401 1618 1788 1689 contentus,
1834 1606 2124 1679 alterum
2164 1607 2336 1677 mihi
2370 1606 2622 1678 donat:
2661 1629 2745 1679 ex

189 1693 397 1782 cujus
444 1692 627 1763 dono
666 1691 828 1782 jure
874 1693 1049 1765 illud
1090 1695 1266 1765 mihi
1304 1694 1705 1777 vendicans,
1778 1718 1911 1767 non
1961 1694 2374 1767 confundor.
2404 1719 2442 1764 »
2491 1701 2569 1766 In
2612 1696 2745 1767 hoc

189 1782 399 1851 verbo
427 1781 762 1853 confusus
800 1783 1153 1865 inimicuS,
1196 1796 1573 1855 conventus
1619 1785 1740 1855 ille
1785 1784 2093 1867 solutuS,
2143 1796 2210 1856 et
2248 1785 2455 1856 homo
2503 1784 2620 1855 Dei
2667 1786 2742 1856 in

187 1892 265 1940 se
303 1892 620 1942 reversus
679 1882 801 1942 est.
858 1877 1128 1944 Rursus
1173 1887 1402 1943 autem
1455 1872 1639 1944 velut
1685 1874 1757 1943 in
1826 1873 2023 1944 litore
2068 1873 2371 1963 quodam
2423 1874 2692 1965 positus
2720 1928 2738 1956 ,

189 1958 553 2029 videbatur
598 1960 732 2030 sibi
781 1982 1051 2042 navem,
1113 1983 1290 2050 quae
1337 1984 1409 2034 se
1448 1962 1947 2045 transveheret,
1999 1976 2380 2053 expectare.
2434 1966 2745 2051 Cumque

187 2047 644 2148 applicuisset
697 2050 892 2120 navis
938 2050 1024 2120 ad
1074 2050 1240 2121 litus
1272 2105 1289 2134 ,
1341 2050 1710 2126 festinabat
1773 2050 2090 2142 ingredi:
2160 2065 2227 2121 et
2272 2051 2389 2121 illa
2441 2050 2736 2134 cedenS,

190 2137 623 2228 impingebat
668 2138 737 2208 in
789 2160 1068 2227 aquam.
1132 2144 1358 2228 Usque
1433 2141 1627 2211 tertio
1675 2141 1769 2210 ita
1815 2140 2099 2223 faciens,
2154 2140 2429 2211 tandem
2501 2140 2742 2211 relicto

187 2246 294 2306 e0‚
352 2227 544 2297 navis
592 2227 756 2308 ibat,
810 2241 877 2298 et
941 2250 1078 2298 non
1120 2231 1604 2300 revertebatur.
1675 2228 2036 2300 Intellexit.
2083 2242 2315 2300 autem
2367 2229 2684 2319 protinus
2717 2283 2734 2311 ,

191 2312 491 2384 necdum
542 2328 818 2418 tempus
850 2339 1016 2389 suae
1062 2318 1521 2409 navigationis
1546 2317 1814 2390 adesse:
1849 2318 2080 2389 adhuc
2113 2315 2341 2388 tamen
2390 2318 2742 2389 crescebat

186 2401 409 2484 dolor,
459 2426 540 2474 eo
594 2419 835 2494 utique
897 2406 1120 2498 magis
1184 2406 1538 2489 molestus,
1589 2428 1731 2496 quo
1793 2408 2028 2480 minus
2072 2427 2233 2477 eum
2282 2427 2441 2497 spes
2503 2405 2741 2475 immi-

187 2493 418 2565 nentis
463 2493 686 2566 exitus
734 2494 1110 2567 solabatur.

273 2586 322 2743 ἓ
358 2587 507 2656 58.
562 2585 856 2675 Contigit
895 2598 1125 2656 autem
1175 2583 1782 2676 advesperascente
1806 2585 1955 2673 jam
1982 2584 2117 2667 die,
2152 2595 2229 2654 ut
2273 2583 2561 2655 caeteris
2602 2582 2739 2654 fra-

189 2671 276 2744 tri
326 2696 410 2743 us
448 2673 646 2763 juxta
694 2675 1264 2745 consuetudinem
1321 2673 1811 2746 accedentibus
1849 2674 1936 2744 ad
2000 2673 2358 2745 lectionem
2423 2671 2737 2743 collatio-

187 2785 384 2844 num,
422 2762 621 2832 solus
660 2763 884 2834 Abbas
930 2786 1092 2833 cum
1140 2761 1416 2834 duobus
1455 2762 1785 2833 fratribus
1812 2763 1944 2834 sibi
1992 2761 2477 2833 assistentibus
2515 2783 2740 2832 rema-

185 2864 379 2921 neret
436 2851 506 2920 in
555 2850 967 2934 diversorio,
1021 2852 1091 2922 in
1138 2874 1277 2941 quo
1315 2853 1612 2943 jacebat.
1667 2856 1975 2940 Cumque
2045 2851 2518 2921 vehementius
2565 2849 2736 2920 affli-

274 2952 484 3022 retur,
536 2953 614 3010 ut
660 2962 872 3031 supra
940 2941 1120 3012 vires
1165 2941 1363 3013 dolor
1412 2952 1876 3022 accresceret,
1931 2939 2278 3011 advocans
2341 2939 2636 3010 alterum
2696 2959 2737 3009 e

236 3031 485 3109 nobas,
517 3028 718 3118 jubet
740 3030 949 3100 citius
966 3042 1239 3102 oratum
1274 3032 1396 3101 ire.
1429 3036 1879 3102 Excusantem
1911 3029 2234 3118 denique,
2263 3042 2330 3100 et
2359 3029 2729 3110 dicentem,

183 3124 327 3190 lion
362 3140 518 3188 sum
567 3141 694 3211 ego
744 3118 899 3189 talis
930 3132 1194 3190 orator:
1246 3120 1677 3190 obedientiae
1702 3119 2105 3191 auctoritate
2132 3117 2509 3210 compellit.
2549 3122 2734 3218 Itum

183 3220 287 3279 est
329 3221 398 3279 et
442 3220 715 3278 oratum
763 3207 850 3278 ad
913 3208 1156 3279 altaria
1188 3263 1205 3291 ‚
1272 3229 1451 3297 quae
1513 3209 1583 3278 in
1648 3207 1889 3279 eadem
1952 3206 2242 3278 basilica
2288 3217 2486 3277 erant
2557 3219 2733 3276 tria:

182 3298 493 3461 primum
550 3297 622 3367 in
679 3296 940 3369 honore
991 3299 1229 3369 beatae
1277 3298 1396 3368 Dei
1442 3297 1860 3369 Genitricis:
1899 3296 2038 3367 duo
2084 3294 2581 3398 circumposita
2660 3295 2734 3365 in

234 3410 443 3459 onore
469 3388 648 3459 beati
681 3388 1031 3458 Laurentii
1057 3388 1403 3476 martyris,
1434 3398 1503 3457 et
1533 3388 1713 3459 beati
1747 3386 2094 3457 Benedicti
2135 3384 2438 3456 Abbatis.
2476 3382 2734 3455 Eadem

185 3478 354 3549 hora
387 3476 610 3548 adsuit
656 3477 800 3548 viro
852 3477 967 3547 Dei
1035 3475 1386 3567 praedicta
1442 3476 1642 3546 beata
1690 3476 1917 3566 Virgo,
1970 3475 2247 3547 duobus
2295 3473 2446 3545 istis
2481 3474 2734 3565 stipata

184 3568 549 3648 ministris,
611 3567 808 3637 beato
856 3565 1118 3636 scilicet
1172 3565 1572 3644 Laurentio,
1624 3576 1690 3636 et
1749 3565 1946 3636 beato
1993 3563 2379 3635 Benedicto.
2434 3561 2731 3632 Aderant

183 3671 412 3728 autem
471 3657 542 3725 in
587 3679 668 3726 ea
716 3656 1049 3726 suavitate
1095 3667 1161 3725 et
1207 3655 1570 3725 serenitate
1638 3674 1818 3741 quae
1862 3674 1982 3725 eos
2036 3653 2406 3724 decebant:
2458 3665 2524 3721 et
2591 3661 2732 3751 tam

187 3746 568 3828 manifeste,
621 3756 700 3815 ut
744 3766 825 3815 ex
872 3744 1023 3833 ipso
1069 3744 1356 3814 introitu
1386 3742 1699 3824 cellulae,
1757 3763 2085 3832 personas
2132 3741 2554 3814 discerneret
2586 3760 2736 3839 sin-

187 3837 534 3925 gulorum.
588 3839 1162 3926 imponentesque
1207 3832 1272 3902 ei
1321 3855 1593 3913 manus,
1632 3843 1699 3901 et
1740 3831 1887 3902 loca
1934 3830 2194 3901 doloris
2239 3841 2495 3900 attactu
2558 3847 2735 3928 pus-

192 3925 364 3995 simo
412 3925 765 4004 lenientes,
818 3943 1095 3991 omnem
1147 3922 1464 4013 protinus
1511 3920 2018 4011 aegritudinem
2075 3918 2514 4008 depulerunt.
2582 3920 2731 4017 βιο-

190 4025 382 4083 catus
423 4026 527 4084 est
554 4013 740 4083 enim
780 4010 940 4081 ilico
977 4009 1390 4101 phlegmatis
1441 4011 1651 4089 rivus,
1691 4021 1756 4079 et
1803 4008 1999 4078 dolor
2026 4007 2254 4078 omnis
2293 4005 2653 4076 abscessit.

275 4104 314 4189 ξ
356 4108 515 4175 ὅθ.
563 4109 730 4173 Cum
764 4113 992 4171 autem
1020 4113 1084 4170 et
1115 4121 1242 4191 ego
1271 4113 1696 4190 aegrotarem
1726 4095 2104 4185 aliquando
2132 4096 2203 4165 in
2232 4094 2441 4165 domo
2472 4105 2729 4175 nostra,

187 4203 254 4261 et
303 4213 409 4260 me
446 4194 589 4280 jani
642 4190 936 4260 nimium
1008 4188 1361 4279 fatigasset
1406 4202 1471 4258 et
1517 4187 1889 4257 attrivisset
1954 4185 2022 4254 in
2087 4184 2370 4275 longum
2426 4182 2729 4253 nimium

189 4303 262 4352 se
294 4281 704 4371 protendens
743 4278 1125 4370 aegritudo,
1156 4278 1449 4347 audiens
1483 4277 1630 4356 hoc,
1678 4275 1865 4345 misit
1896 4274 1983 4344 ad
2020 4295 2129 4343 me
2175 4271 2454 4343 fratrem
2489 4293 2723 4352 suum,

184 4372 413 4440 virum
459 4370 679 4441 honae
715 4369 1085 4438 memoriae
1132 4366 1537 4445 Gerardum‚
1593 4363 1934 4433 mandans
1969 4385 2078 4433 me
2108 4362 2337 4432 venire
2375 4362 2462 4432 ad
2499 4361 2732 4431 Clara-

183 4459 459 4541 vallem,
513 4458 866 4551 spondens
895 4480 1002 4529 me
1049 4457 1141 4528 ibi
1171 4457 1307 4529 cito
1345 4466 1466 4526 aut
1495 4451 1913 4535 curandum,
1951 4466 2072 4524 aut
2120 4452 2561 4523 moriturum.
2593 4455 2733 4542 Ego
