3308 5004
684 330 812 395 284
1494 345 1572 391 ns·
1619 345 1677 392 s,
1730 343 1931 393 cmm
1978 344 2234 393 Vnam:
2820 325 3007 397 AUG.
3064 329 3151 395 ⁴2

596 432 880 508 Videtur
908 431 1043 501 sibi
1076 452 1214 501 una
1242 450 1405 503 cum
1456 430 1605 502 suis
1652 431 2008 502 sororibus
2040 430 2224 521 apud
2263 434 2327 500 S.
2373 429 2784 500 Damianum
2818 430 3151 506 dominae

596 521 833 592 Clarae
882 519 1261 591 infirmanti
1306 519 1650 600 assistere,
1704 542 1786 589 ac
1832 519 2072 590 eadem
2123 519 2317 589 Clara
2365 518 2432 587 in
2487 517 2660 588 lecto
2702 520 3000 609 pretioso
3031 519 3153 616 ja·

594 611 770 680 cere.
827 608 1178 679 Flentibus
1243 620 1474 678 autem
1506 663 1522 689 ‚
1575 620 1642 678 et
1687 629 1848 678 cum
1902 608 2228 698 lacrymis
2274 608 2511 677 beatae
2556 607 2792 677 Clarae
2844 623 3154 698 praesto-

598 698 904 770 lantibus
941 698 1222 779 exitum,
1260 697 1558 767 formosa
1587 696 1931 784 quaedam
1983 696 2236 767 mulier
2280 695 2368 766 ad
2416 696 2650 766 lectuli
2684 710 2897 788 caput
2923 720 3150 789 appa-

596 810 794 869 rens,
848 786 1396 877 lacrymantibus
1456 786 1802 874 loquitur:
1874 785 2134 868 Nolite,
2188 786 2464 874 inquit,
2517 807 2556 855 o
2606 784 2812 866 filiae,
2871 786 3150 877 plorane

598 877 982 947 victuram:
1036 875 1365 962 quoniam
1423 875 1595 944 mori
1646 896 1784 944 non
1837 875 2125 967 poterit,
2181 896 2544 963 quousque
2595 875 2929 948 Dominus
2977 898 3146 952 cum

597 966 746 1036 suis
792 964 1161 1055 discipulis
1208 965 1456 1034 veniat.
1508 969 1586 1032 Et
1631 985 1789 1034 ecce
1837 976 1991 1055 post
2021 964 2372 1034 modicum
2416 976 2690 1053 tempus
2722 964 2909 1035 vaenit
2941 965 3149 1035 Curia

598 1060 905 1125 Romana
954 1053 1340 1124 Perusium.
1394 1052 1639 1124 Audito
1685 1074 1841 1122 vero
1887 1054 2039 1138 eius
2090 1052 2512 1122 infirmitatis
2560 1065 2934 1143 augmento
2984 1076 3150 1144 pro-

598 1158 791 1234 perat
836 1143 921 1212 de
982 1142 1262 1212 Perusia
1331 1141 1660 1212 dominus
1707 1142 2039 1212 Ostiensis
2095 1142 2393 1211 invisere
2457 1162 2782 1231 sponsam
2833 1143 3142 1225 Christi,

594 1234 802 1321 cujus
835 1231 1055 1300 fuerat
1078 1229 1304 1300 officio
1336 1243 1549 1318 pater,
1584 1232 1751 1299 cura
1788 1230 2140 1310 nutritius,
2178 1231 2428 1300 affectu
2464 1231 2839 1320 purissimo
2873 1253 3152 1322 semper

596 1322 884 1392 devotus
914 1319 1207 1389 amicus.
1259 1319 1485 1389 Pascit
1534 1318 1883 1388 infirmam
1938 1320 2274 1389 Dominici
2323 1319 2633 1409 corporis
2685 1333 3144 1404 sacramento,

597 1410 817 1511 pascit
865 1420 930 1478 et
976 1408 1277 1494 reliquas
1324 1407 1649 1477 salutaris
1694 1408 2189 1478 exhortationis
2257 1408 2724 1478 sermonibus.
2783 1408 3149 1499 Supplicat

598 1498 719 1567 illa
765 1510 968 1567 tanto.
1002 1497 1177 1586 patri
1223 1518 1383 1572 cum
1428 1495 1754 1588 lacrymis
1785 1552 1801 1578 ,
1843 1508 1922 1568 ut
1965 1519 2166 1567 suam
2229 1511 2295 1567 et
2341 1495 2636 1566 aliarum
2688 1495 3139 1568 dominarum

598 1586 896 1657 famulas
948 1607 1070 1676 pro
1118 1585 1364 1657 Christi
1413 1588 1694 1656 nomine
1741 1585 1991 1656 habeat
2060 1584 2601 1656 commendatas.
2669 1590 2915 1655 Verum
2967 1586 3148 1658 illud

599 1697 812 1766 super
856 1674 1094 1745 omnia
1140 1688 1383 1766 rogat,
1436 1687 1515 1745 ut
1561 1674 2000 1766 privilegium
2066 1674 2491 1765 paupertatis
2538 1696 2580 1743 a
2627 1674 2916 1745 Domino
2962 1680 3050 1744 Pa
3106 1697 3152 1745 a

598 1786 757 1835 cum
803 1762 1287 1834 cardinalibus
1336 1763 1469 1835 sibi
1518 1764 1836 1853 impetret
1882 1763 2305 1832 confirmari.
2360 1761 2700 1850 Quicquid
2752 1762 2979 1834 fidelis
3028 1764 3151 1834 ile

602 1852 962 1944 religionis
1031 1852 1306 1943 adjutor
1375 1853 1578 1923 verbo
1649 1851 2016 1942 promisit,
2068 1873 2274 1941 opere
2320 1851 2746 1942 adimplevit.
2814 1850 3149 1923 Revoluto

599 1964 805 2024 anno,
862 1942 1193 2011 Dominus
1241 1947 1424 2031 Papa
1470 1963 1630 2011 cum
1684 1940 2169 2011 cardinalibus
2207 1941 2292 2010 de
2334 1940 2980 2011 Perusiotransivit
3024 1946 3149 2011 As-

599 2030 845 2189 ῗίεἰυη]
878 2085 893 2111 ,
947 2043 1024 2100 ut
1067 2030 1153 2100 de
1217 2030 1512 2101 transitu
1571 2034 1859 2100 Sanctae
1911 2042 2351 2121 praeostensa
2418 2028 2586 2098 visio
2644 2029 3003 2099 sortiretur
3047 2029 3153 2100 ef·—

624 2133 881 2190 ectum.

688 2211 723 2296 §
774 2212 922 2280 28.
974 2207 1317 2278 Accelerat
1353 2208 1500 2299 jam
1568 2206 1802 2276 divina
1866 2207 2293 2297 providentia
2352 2227 2557 2277 suum
2611 2206 2696 2276 de
2743 2207 2938 2277 Clara
3005 2207 3144 2276 im·

600 2296 785 2394 plere
834 2298 1263 2388 propositum
1306 2320 1320 2364 :
1373 2294 1709 2366 accelerat
1757 2295 2067 2370 Christus
2119 2317 2489 2387 pauperem
2546 2297 2977 2386 peregrinam
3030 2318 3150 2366 su-

600 2386 798 2477 perni
839 2387 1034 2473 regni
1086 2385 1339 2476 palatio
1387 2385 1790 2455 sublimare.
1847 2386 2045 2475 Cupit
2084 2386 2229 2475 jam
2281 2384 2404 2454 illa
2437 2438 2453 2465 ‚
2506 2397 2571 2454 et
2621 2398 2756 2454 toto
2801 2385 3149 2455 desiderio

597 2476 901 2567 suspirat
934 2475 1212 2546 liberari
1245 2475 1331 2545 de
1361 2495 1647 2566 corpore
1681 2474 1919 2546 mortis
1958 2473 2196 2566 hujus,
2248 2486 2313 2544 et
2353 2474 2421 2543 in
2465 2473 2804 2545 aethereis
2840 2475 3144 2545 mansio-

598 2566 809 2636 nibus
836 2566 1178 2635 Christum
1208 2564 1438 2634 videre
1472 2577 1900 2655 regnantem,
1935 2586 2139 2652 quem
2175 2564 2397 2633 fuerat
2429 2575 2566 2633 toto
2599 2564 2807 2633 corde
2841 2564 2908 2632 in
2946 2563 3147 2634 terris

596 2676 970 2745 pauperem
1046 2652 1470 2743 paupercula
1547 2667 1932 2743 prosecuta.
2009 2653 2310 2722 Artubus
2383 2652 2611 2740 itaque
2670 2653 2888 2722 sacris
2937 2652 3149 2722 veteri

596 2744 838 2812 morbo
884 2743 1175 2822 detritiS,
1233 2763 1404 2811 nova
1452 2741 1854 2811 cumulatur
1899 2741 2244 2823 debilitas,
2282 2762 2461 2828 quae
2507 2754 2571 2811 et
2608 2741 2992 2831 proximam
3028 2762 3146 2809 vo·

597 2831 936 2902 cationem
988 2830 1073 2899 ad
1107 2830 1473 2900 Dominum
1511 2830 1795 2910 indicat,
1839 2843 1905 2899 et
1936 2831 2248 2901 sanitatis
2299 2843 2668 2921 perpetuae
2699 2830 2881 2899 viam
2919 2842 3139 2921 parat.

598 2921 897 2991 Festinat
960 2931 1238 2989 sanctae
1307 2920 1681 2988 memoriae
1740 2920 2071 2990 dominus
2141 2919 2590 2990 Innocentius
2644 2924 2728 2988 lv
2791 2941 2931 2988 una
2979 2941 3141 2990 cum

597 3007 1082 3081 Cardinalibus
1132 3008 1404 3077 visitare
1451 3008 1701 3079 Christi
1750 3007 2125 3088 ancillam,
2190 3020 2255 3077 et
2309 3007 2511 3097 cujus
2562 3007 2745 3078 ultra
2806 3006 3148 3078 foeminas

598 3097 815 3166 nostri
880 3097 1207 3186 temporis
1255 3096 1661 3185 probaverat
1706 3096 1914 3165 vitam
1949 3151 1964 3177 ‚
2019 3108 2307 3167 mortem
2383 3119 2519 3166 non
2587 3096 2860 3167 dubitat
2907 3095 3148 3186 Papali

597 3186 986 3274 praesentia
1051 3185 1537 3255 venerandam.
1600 3190 1967 3275 Ingressus
2025 3185 2520 3256 monasterium
2553 3240 2568 3266 ‚
2626 3186 2847 3276 pergit
2905 3185 2989 3254 ad
3043 3184 3142 3254 le-

595 3273 892 3354 ctulum,
949 3286 1014 3342 et
1061 3274 1482 3343 infirmantis
1530 3275 1633 3343 ori
1685 3295 1968 3343 manum
2020 3273 2326 3364 applicat
2381 3274 2860 3345 osculandam.
2918 3279 3140 3357 Quam

598 3360 717 3431 illa
766 3362 1170 3452 gravissime
1218 3362 1535 3452 suscipit,
1587 3375 1653 3431 et
1703 3362 1944 3452 pedem
1995 3362 2362 3455 Apostolici
2410 3384 2682 3432 summa
2742 3384 2904 3433 cum
2954 3383 3149 3432 reve-

582 3451 814 3540 nrentia
889 3450 1349 3521 osculandum
1420 3451 1751 3541 exposcit.
1802 3456 2098 3522 Ascenso
2171 3451 2398 3541 ligneo
2459 3450 2808 3531 scabe110,
2860 3451 3152 3522 curialis

598 3538 927 3611 dominus
959 3539 1325 3630 dignanter
1360 3541 1598 3630 pedem
1644 3540 2123 3611 accommodat
2156 3564 2170 3608 :
2210 3562 2420 3631 super
2457 3562 2660 3628 quem
2713 3540 2832 3610 illa
2865 3563 3147 3611 sursum

597 3641 664 3697 et
716 3628 1037 3699 deorsum
1091 3628 1453 3697 inculcans
1505 3628 1770 3709 oscula,
1832 3628 2095 3705 vultum
2133 3643 2535 3699 >reverenter
2600 3628 2923 3698 acclinat.
2980 3628 3155 3698 Petit

596 3717 843 3787 exinde
890 3739 929 3785 a
977 3738 1251 3787 summo
1299 3718 1626 3788 Pontifice
1676 3717 1874 3788 vultu
1936 3717 2250 3807 angelico
2299 3717 2776 3788 remissionem
2829 3718 3148 3787 omnium

595 3818 1063 3896 peccatorum.
1116 3806 1246 3888 Qui
1306 3828 1463 3875 cum
1517 3806 1825 3889 diceret,
1883 3808 2153 3876 Utinam
2201 3829 2332 3897 ego
2385 3820 2567 3876 tanta
2620 3806 2820 3874 venia
2881 3806 3154 3895 indige-

595 3916 738 3964 rem
774 3919 790 3962 ε
849 3893 1180 3984 perfectae
1221 3894 1682 3965 absolutionis
1732 3918 1985 3965 manus
2031 3909 2097 3965 et
2144 3895 2418 3986 amplae
2451 3895 2954 3964 benedictionis
2989 3917 3154 3986 gra-

597 3985 762 4053 tiam
807 3984 1159 4073 impertire
1198 3982 1493 4054 festinat.
1551 3983 2056 4055 Recedentibus
2122 3998 2348 4054 autem
2419 3982 2772 4064 omnibuS,
2822 3984 2989 4072 quia
3040 3984 3157 4053 die

596 4072 716 4141 illa
766 4094 976 4141 manu
1030 4072 1471 4162 provincialis
1523 4073 1814 4144 Ministri
1867 4095 2133 4143 sacram
2188 4086 2535 4162 receperat
2584 4073 2878 4142 hostiam
2915 4127 2930 4153 ‚
2988 4072 3158 4143 sub-

597 4159 834 4229 levatis
874 4162 943 4230 in
994 4161 1263 4231 coelum
1313 4162 1560 4243 oculis,
1614 4173 1680 4231 et
1725 4162 1983 4251 junctis
2030 4161 2117 4231 ad
2171 4167 2381 4232 Deum
2431 4162 2781 4243 manibus,
2833 4183 2997 4231 cum
3054 4161 3159 4230 la·

594 4250 848 4335 crymis
895 4249 991 4319 ait
1047 4251 1195 4321 suis
1248 4249 1648 4320 sororibus:
1717 4273 1754 4317 «
1794 4250 2088 4320 Laudate
2152 4252 2520 4320 Dominum
2576 4250 2829 4320 filiolae
2897 4272 3148 4320 meae:

597 4337 760 4423 quia
810 4337 939 4406 tale
989 4338 1398 4408 beneficium
1451 4338 1656 4408 hodie
1705 4339 2015 4410 Christus
2066 4339 2236 4409 mihi
2287 4353 2392 4409 est
2436 4339 2765 4430 dignatus
2808 4338 3147 4419 tribuere,

597 4425 780 4511 quod
830 4426 1097 4496 coelum
1148 4441 1214 4496 et
1262 4441 1438 4496 terra
1496 4448 1628 4496 non
1690 4426 2033 4498 sufficeret
2090 4450 2564 4519 compensare.
2642 4433 2878 4520 ipsum
2947 4428 3153 4498 hodie
