3308 5004
203 323 375 389 AUG.
428 322 509 388 ⁴5
865 339 943 385 nn
990 339 1047 387 s.
1100 337 1434 389 musmo
1481 336 1810 391 sutssmu.
1861 340 2059 391 nrxsc.
2509 322 2637 390 369

199 437 264 495 et
304 423 457 494 aliis
502 422 853 504 omnibus„
897 423 1154 511 quibus
1188 429 1399 494 Deum
1440 425 1721 506 offendi,
1764 424 1912 496 volo
1942 438 2176 497 sancte
2205 435 2397 517 pater
2443 424 2732 516 dignam

205 518 329 583 Deo
371 512 610 583 offerre
649 512 1164 603 poenitentiam,
1214 527 1281 584 et
1337 513 1666 604 deinceps
1711 536 1835 606 pro
1868 515 2131 585 viribus
2175 515 2263 585 ab
2310 514 2496 585 omni
2552 512 2737 584 malo

200 602 555 673 abstinere.
608 606 780 672 Tum
829 601 933 670 vir
968 601 1106 685 Dei,
1162 602 1460 694 irrogata
1489 603 1593 673 illi
1640 603 2097 694 poenitentiae
2146 603 2429 685 mulctA,
2479 624 2730 674 sanum

197 704 261 760 et
306 690 723 761 incolumem
763 711 1070 778 sanaque
1095 704 1320 762 mente
1346 691 1762 783 praeditum,
1792 713 1833 763 a
1869 713 1943 762 se
1970 691 2259 773 dimisit,
2314 713 2449 762 non
2503 691 2729 762 solum

201 778 461 869 legione
491 779 936 861 daemonum,
974 779 1092 849 sed
1129 780 1335 851 etiam
1370 780 1664 851 humani
1694 781 2059 872 sanguinis
2093 779 2463 852 hauriendi
2500 780 2740 851 innata

201 868 597 939 crudelitate
669 868 1063 939 liberatum.
1115 869 1258 941 Nisi
1326 870 1514 940 enim
1565 869 1697 941 hac
1751 870 2015 940 ratione
2069 868 2445 961 impeditus
2502 881 2728 950 esset,

198 978 434 1028 omnes
480 958 632 1049 ejus
677 958 889 1028 viculi
938 955 1203 1028 incolas
1248 959 1319 1027 in
1367 959 1770 1029 consobrini
1816 958 2147 1029 ultionem
2190 956 2603 1049 jugulasset.

276 1047 312 1133 ἓ
359 1049 510 1119 28.
563 1051 831 1117 Interea
879 1045 1315 1118 Theobaldus
1353 1048 1799 1118 Suessionum
1851 1047 2175 1130 antistes,
2230 1052 2364 1118 Deo
2417 1047 2729 1134 jubente,

195 1155 232 1203 e
275 1134 410 1204 vita
443 1135 771 1205 excessit:
815 1136 887 1206 in
924 1135 1133 1236 cujus
1163 1134 1390 1207 locum
1421 1135 1707 1229 quidam
1757 1136 1861 1205 vir
1890 1135 2143 1207 nobilis
2190 1136 2578 1216 GervasiuS,
2613 1155 2741 1225 pro

194 1222 486 1310 quadam
523 1222 815 1294 Palatini
863 1224 1115 1295 servitii
1166 1246 1316 1295 com
1373 1226 1725 1295 ensatione
1768 1224 2043 1295 fratrem
2109 1246 2315 1296 suum
2375 1223 2734 1294 Ursionem

196 1313 456 1383 curavit
503 1312 1053 1404 subrogandum.
1091 1318 1251 1384 Erat
1296 1314 1316 1382 i
1352 1312 1413 1384 le
1453 1314 1648 1385 Ursio
1696 1314 1940 1385 habitu
1990 1313 2271 1402 quidem
2320 1311 2730 1393 monachus,

195 1411 256 1469 et
285 1424 323 1470 a
373 1423 590 1492 puero
638 1402 856 1472 literis
903 1401 1240 1484 eruditus,
1294 1403 1413 1473 sed
1463 1403 1548 1474 ad
1597 1402 1942 1495 ejusmodi
1991 1423 2251 1473 munus
2301 1423 2546 1492 parum
2587 1400 2737 1470 ido-

195 1510 386 1562 neus.
438 1490 627 1561 Vitae
672 1492 825 1583 ejus
863 1491 1172 1563 socordia
1213 1502 1280 1561 et
1324 1492 1632 1650 ignavia,
1685 1505 1753 1562 et
1808 1490 2174 1563 cathedrae
2222 1489 2737 1589 suessionensis

195 1599 326 1648 non
356 1580 692 1650 canonica
726 1581 1108 1669 usurpatio,
1161 1602 1326 1651 non·
1399 1582 1473 1651 iu
1520 1593 1675 1672 post
1722 1580 2028 1672 pervenit
2063 1580 2151 1650 ad
2186 1601 2389 1651 aures
2429 1583 2739 1668 Gregorn

192 1666 364 1756 (VII)
412 1668 768 1740 Pontificis
807 1669 1145 1739 Romani:
1181 1670 1303 1756 qui
1338 1691 1493 1740 mox
1540 1669 1721 1740 datis
1750 1669 1967 1741 literis
2016 1669 2100 1739 ad
2141 1673 2502 1827 Hugonem
2536 1667 2734 1737 Dien-

190 1776 328 1826 sem
386 1758 843 1849 Episcopum,
903 1769 969 1827 et
1029 1771 1192 1828 tunc
1238 1758 1424 1849 apud
1478 1758 1733 1830 Gallias
1782 1763 2150 1849 Legatum,
2206 1779 2247 1826 a
2302 1756 2612 1838 monuit,
2664 1767 2744 1826 ut

192 1843 327 1915 vita
363 1859 428 1916 et
477 1847 818 1938 promotio
867 1845 1176 1918 Ursionis
1206 1847 1536 1918 canonice
1595 1848 2095 1927 discuteretur,
2156 1859 2223 1916 et
2266 1845 2598 1933 quicquid
2666 1845 2738 1913 in

189 1932 273 2002 iis
321 1948 668 2027 pugnaret
697 1957 857 2005 cum
907 1936 1122 2006 sacris
1172 1936 1595 2018 canonibus,
1649 1936 1969 2027 synodali
2019 1936 2357 2006 sententia
2395 1932 2742 2005 rescinde-

196 2034 403 2093 retur.
458 2030 700 2112 Itaque
737 2029 961 2114 Hug0,
1021 2024 1287 2095 favente
1337 2037 1404 2095 et
1450 2025 1833 2116 opitulante
1870 2023 2261 2096 Theobaldo
2307 2023 2555 2094 Comite
2584 2075 2604 2103 ,
2668 2022 2738 2090 in

192 2112 524 2183 Meldensi
556 2113 873 2204 (Medum)
901 2114 1100 2194 urbe,
1153 2134 1333 2200 quae
1388 2126 1492 2183 est
1551 2114 1637 2184 ad
1690 2117 2064 2185 matronam
2115 2112 2447 2192 fluvium,
2498 2110 2743 2181 indicit

194 2202 568 2288 synodum,
611 2215 678 2272 et
721 2224 803 2272 ex
839 2201 1110 2272 decreto
1165 2201 1517 2274 Pontificis
1565 2203 1895 2304 Gregorii,
1959 2202 2297 2294 permissa
2348 2201 2620 2271 Ursioni
2669 2220 2742 2270 se

195 2291 542 2382 purgandi
590 2290 933 2373 facultate,
972 2314 1132 2362 cum
1180 2290 1301 2362 ille
1340 2291 1644 2383 legitime
1671 2303 1946 2369 citatus.
1984 2303 2048 2360 et
2080 2289 2410 2362 canonice
2449 2288 2732 2370 dilatus,

73 2381 76 2385 ’
195 2397 264 2446 se
306 2391 746 2469 praesentare
791 2391 1287 2460 contemneret,
1341 2380 1606 2468 judicio
1654 2381 2153 2471 Episcoporum
2217 2400 2376 2449 reus
2428 2390 2532 2450 est
2579 2399 2740 2468 pro-

194 2469 587 2550 nunciatus,
638 2481 704 2538 et
759 2469 965 2540 etiam
1015 2468 1538 2541 condemnatus.
1606 2474 1807 2541 Facta
1855 2466 2145 2561 proinde
2202 2467 2391 2538 Clero
2437 2478 2502 2537 et
2552 2465 2738 2558 plebi

191 2558 668 2630 suessionensi
699 2558 879 2628 idem
934 2558 1374 2647 praestolanti
1413 2559 1567 2629 novi
1618 2559 1945 2630 antistitis
1977 2557 2276 2648 eligendi
2310 2557 2537 2646 copia,
2576 2576 2738 2647 pars

186 2647 486 2718 sanioris
535 2647 810 2717 consilii
855 2645 1125 2736 eligunt
1170 2660 1446 2718 sanctae
1495 2647 1853 2740 religionis
1881 2647 2211 2718 cultorem
2261 2645 2595 2716 eximium
2621 2648 2741 2714 Ar-

186 2734 563 2826 nulphum,
599 2748 665 2806 et
695 2749 772 2807 ut
801 2736 861 2806 is
889 2736 1412 2836 quamprimum
1445 2737 1617 2829 ipsis
1642 2738 1961 2818 donetur,
2001 2736 2337 2805 instanter
2361 2732 2733 2825 postulant.

185 2825 281 2892 Ita
331 2825 518 2896 sacta
546 2836 614 2894 et
657 2837 1048 2916 conscripta
1103 2825 1430 2896 concordi
1477 2824 1808 2897 electione
1839 2881 1854 2907 ,
1908 2830 2108 2915 Hugo
2163 2829 2455 2914 Legatus
2511 2843 2666 2891 mox
2704 2842 2742 2890 e

183 2913 491 2984 Concilio
521 2913 729 2984 mittit
760 2914 1098 3002 quosdam
1131 2914 1216 2985 ad
1268 2919 1335 2985 S.
1371 2913 1674 2996 medardi
1716 2913 2153 2994 coenobium,
2208 2933 2330 3004 per
2375 2909 2738 3002 epistolam

186 3020 481 3074 monens
540 3014 608 3072 et
654 3001 995 3073 mandans
1027 3058 1044 3086 ‚
1117 3015 1196 3073 ut
1241 3002 1642 3094 Arnulphus
1694 3024 1733 3074 e
1782 3002 1958 3074 cella
2020 3014 2233 3084 exeat,
2284 3012 2351 3071 et
2396 3021 2610 3090 ocyus
2670 3020 2742 3068 se

180 3089 493 3163 conferat
549 3090 634 3160 ad
700 3090 1114 3163 Meldensem
1174 3092 1564 3182 synodum:
1632 3093 1705 3162 ni
1774 3092 1845 3163 id
1908 3090 2137 3173 faciat,
2191 3090 2624 3160 anathemate
2671 3108 2742 3158 se

181 3176 463 3267 plexum
516 3179 719 3251 norit.
757 3185 954 3250 Paret
988 3180 1261 3269 jubenti
1321 3186 1593 3272 Legat0,
1644 3181 1967 3270 quamvis
2012 3202 2240 3271 aegre,
2297 3176 2735 3268 Arnulphus:

177 3269 470 3340 venitin
509 3268 932 3350 Concilium;
977 3282 1341 3359 postquam
1382 3271 1663 3352 assedit,
1721 3268 2079 3341 confestim
2123 3268 2453 3358 relegitur
2504 3266 2739 3358 petitio

182 3355 352 3428 Cleri
400 3370 474 3429 et
523 3357 762 3450 populi
798 3358 1335 3441 Suessionensi3‚
1388 3359 1823 3449 arnulphum
1861 3358 1994 3429 sibi
2029 3358 2447 3448 Episcopum
2482 3355 2742 3457 eligen-

179 3444 288 3515 tis.
343 3447 526 3517 Inde
570 3469 697 3516 vox
753 3446 980 3516 existit
1026 3447 1520 3549 Episcoporum
1555 3503 1571 3530 ,
1628 3447 2064 3538 Arnulphum
2129 3446 2322 3516 omni
2381 3456 2742 3517 sanctitate

179 3549 536 3619 ornatum,
589 3535 725 3606 sibi
770 3534 1106 3625 collegam
1154 3535 1305 3606 dari
1378 3537 1836 3627 poscentium.
1902 3541 2046 3606 Mox
2105 3535 2426 3616 trahitur,
2477 3545 2544 3603 et
2615 3554 2742 3603 nec

175 3622 260 3692 ad
311 3636 752 3695 momentum
802 3624 1178 3695 excusandi
1224 3625 1382 3696 dato
1449 3626 1712 3716 spati0,
1765 3623 1987 3696 infula
2040 3624 2104 3695 ei
2156 3623 2581 3715 imponitur,
2647 3622 2742 3692 si-

179 3711 472 3802 mulque
507 3713 579 3783 in
620 3724 1067 3804 conspectum
1098 3713 1591 3805 Episcoporum
1641 3714 2039 3786 adducitur.
2091 3712 2353 3784 Afflicto
2399 3722 2628 3783 autem
2677 3720 2743 3780 et

178 3802 548 3884 moerenti,
602 3807 802 3892 Hugo
840 3806 1134 3903 Legatus
1165 3803 1235 3872 in
1283 3804 1532 3875 virtute
1579 3815 1856 3875 sanctae
1900 3801 2332 3873 obedientiae
2370 3798 2733 3891 praecipit,

177 3900 254 3988 ut
298 3890 642 3981 deinceps
701 3890 950 3961 Christi
1025 3889 1367 3964 Ecclesiae
1431 3892 1502 3962 in
1558 3890 1937 3963 Pontificali
1989 3889 2215 3962 officio
2268 3889 2545 3960 serviat.
2599 3891 2742 3959 Hoc

179 3974 295 4048 ille
342 3979 683 4050 mandato
744 3979 1183 4062 constrictuS,
1250 3980 1457 4053 cessit
1513 4002 1755 4052 eorum
1822 3978 2199 4060 voluntati,
2252 3992 2322 4050 et
2378 3976 2527 4048 desi
2582 3986 2742 4047 nato

177 4067 731 4139 consecrationis
779 4067 927 4139 loco
958 4079 1027 4139 et
1070 4081 1419 4161 tempore,
1476 4069 1564 4140 ad
1612 4068 2112 4142 monasterium
2162 4072 2229 4139 S.
2273 4064 2510 4136 Medar
2561 4065 2584 4135 i
2636 4086 2744 4138 re·

175 4152 331 4239 diit,
383 4170 470 4229 ut
536 4156 765 4228 itineri
820 4158 1209 4229 necessaria
1256 4169 1717 4250 praepararet.
1784 4156 2050 4242 Quibus
2094 4155 2374 4246 copiose
2435 4154 2737 4246 paridisi,

180 4261 319 4314 non
366 4267 508 4318 suo
555 4246 788 4338 typho,
840 4247 960 4318 sed
991 4245 1301 4317 fidelium
1336 4261 1514 4328 voto,
1557 4247 1907 4339 profectus
1931 4258 2036 4317 est
2062 4266 2223 4317 cum
2259 4254 2560 4333 quatuor
2590 4264 2743 4315 mo-

179 4333 455 4417 nachis,
528 4347 596 4405 et
646 4335 882 4407 electis
927 4358 965 4406 e
1012 4335 1224 4420 Clero,
1278 4335 1597 4425 venitque
1656 4337 1726 4406 in
1777 4333 2256 4427 Campaniam,
2294 4333 2383 4405 ad
2430 4344 2738 4406 castrum

179 4423 363 4506 quod
413 4423 719 4494 Virtutes
751 4424 1126 4517 appellant.

332 4543 630 4604 surius·
656 4542 818 4605 Vitae
841 4543 951 4606 SS.
973 4574 999 4590 -
1017 4542 1146 4604 Vol.
1187 4540 1343 4606 vm.
2507 4543 2589 4605 24
