3308 5004
644 338 732 404 48
1411 355 1489 400 nt
1537 355 1594 402 s.
1646 351 1925 401 rumano
1973 353 2254 401 nactuso
2826 328 3012 414 A'UG.
3069 336 3098 402 i

556 451 801 531 potest,
846 438 978 529 nisi
1029 437 1257 517 fuerit,
1311 438 1488 507 sicut
1535 460 1740 528 saepe
1788 438 2013 508 testati
2071 460 2342 519 sumus,
2401 438 2517 507 Dei
2565 436 2905 529 adjutorio
2946 461 3100 529 pro-

557 542 862 599 vocatus
937 528 1046 597 Sic
1120 528 1303 597 enim
1362 525 1950 628 Psalmographus
2022 528 2091 596 in
2153 526 2274 597 illo
2347 527 2613 596 mediae
2680 527 3110 621 perfectionis

559 617 783 709 gradu
831 617 1160 705 loquitur,
1212 616 1490 685 dicens:
1532 617 1671 687 Nis1
1725 617 2058 687 Dominus
2103 615 2567 686 aedificaverit
2613 616 2898 686 domum
2928 673 2943 698 ,
3004 617 3112 685 in-

557 729 813 776 vanum
869 705 1202 785 laborant,
1243 706 1362 791 qui
1404 705 1774 775 aedificant
1810 728 1988 775 eam.
2035 705 2232 786 Quod
2276 705 2698 806 adjutorium
2734 728 2867 775 non
2906 705 3111 775 modo

559 806 921 885 martyres,
965 815 1197 863 verum
1257 794 1462 863 etiam
1515 806 1581 863 et
1626 794 1769 874 illi,
1813 817 1989 882 quos
2038 816 2273 864 sacrae
2318 808 2497 862 vitae
2544 793 2912 864 celebravit
2982 816 3108 864 au-

558 885 859 965 ctoritaS,
895 884 1157 974 jugiter
1183 882 1635 970 inquirentes,
1675 882 1759 951 ad
1812 883 1964 965 hoc,
2002 883 2185 971 quod
2222 884 2372 953 sitis
2419 882 2745 953 desiderii
2779 882 3113 975 spiritalis

559 972 939 1064 promebat,
980 972 1243 1042 alacres
1339 985 1773 1041 ervenerunt.
1828 978 1995 1042 Nam
2038 973 2097 1041 si
2154 972 2236 1040 ad
2285 972 2695 1063 martyrium
2753 995 2948 1043 mens
2996 995 3112 1042 ac-

557 1084 760 1133 censa
796 1073 919 1143 est,
976 1062 1191 1150 hujus
1222 1083 1262 1129 a
1309 1060 1552 1148 jutorii
1601 1082 1800 1152 opem
1856 1062 2170 1219 pqpoch
2217 1074 2515 1151 martyr,
2569 1074 2645 1130 ut
2682 1061 3005 1130 vinceret.
3043 1061 3112 1131 Si

548 1152 802 1243 jejunii
849 1151 1353 1220 observantiam
1419 1148 1748 1219 adhibere
1818 1163 1925 1220 stu
1981 1151 2124 1227 uit,
2176 1162 2254 1219 ut
2302 1151 2389 1219 ab
2437 1172 2518 1219 eo
2562 1148 3108 1230 confortaretur,

557 1240 854 1310 afflictus
899 1252 1024 1309 est.
1081 1239 1147 1309 Si
1183 1238 1476 1308 castitati
1530 1251 1723 1308 artus
1765 1261 2110 1308 reservare
2160 1238 2372 1308 voluit
2423 1238 2859 1328 impollutos,
2899 1252 2978 1309 ut
3025 1239 3116 1308 ab

558 1329 680 1399 illo
732 1329 1142 1408 muniretur,
1197 1327 1434 1397 oravit.
1491 1327 1557 1396 Si
1675 1339 1780 1398 ost
1837 1327 2300 1417 ignorantiam
2354 1327 2768 1417 poenitendo
2812 1326 3116 1397 converti

562 1417 1016 1497 desideravit,
1071 1430 1147 1485 ut
1202 1416 1289 1485 ab
1351 1438 1431 1486 eo
1479 1416 1628 1485 nihi
1661 1416 1942 1486 ominus
2006 1416 2520 1497 sublevaretur,
2572 1438 2734 1486 cum
2786 1415 3117 1507 lacrymis

558 1506 918 1598 flagitavit.
972 1510 1051 1574 Et
1108 1504 1166 1573 si
1213 1505 1379 1592 quid
1432 1505 1663 1594 operis
1718 1505 1881 1575 boni
1929 1526 2240 1575 exercere
2308 1527 2548 1576 eorum
2615 1505 2965 1596 quispiam
3015 1516 3120 1576 est

558 1595 954 1674 meditatim,
996 1605 1073 1663 ut
1119 1593 1205 1663 ab
1246 1594 1374 1663 hoc
1423 1594 1769 1683 adjutorio
1808 1595 2194 1684 juvaretur,
2248 1595 2553 1684 expetiit.

645 1686 683 1771 ὃ
733 1690 821 1756 2.
876 1688 1002 1752 Per
1058 1682 1183 1752 hos
1245 1704 1409 1772 ergo
1456 1683 1684 1752 scalae
1750 1682 1961 1768 hujus
2008 1704 2341 1753 ascensus
2389 1694 2527 1753 tam
2571 1681 2916 1763 difficiles,
2969 1695 3114 1753 tam

562 1771 890 1853 exceISOS,
948 1785 1083 1841 tam
1127 1770 1407 1851 arduos,
1442 1793 1603 1841 cum
1656 1771 1797 1841 sint
1844 1772 2120 1853 diversi,
2166 1771 2252 1841 ad
2303 1793 2523 1842 unum
2581 1783 2845 1841 tantum
2883 1771 3118 1841 Domi-

560 1883 758 1943 num,
812 1883 934 1952 per
997 1860 1220 1950 ipsius
1290 1860 1616 1951 adjutorii
1666 1882 1865 1951 opem
1944 1860 2457 1932 conscenditur.
2526 1860 2793 1930 Idcirco
2840 1882 3122 1950 semper

560 1950 680 2020 ille
730 1949 1143 2041 poscendus,
1180 1948 1301 2027 ille
1345 1949 1809 2037 quaerenduS,
1861 1948 1979 2020 ille
2009 1950 2440 2019 invocandus
2485 1950 2638 2031 erit,
2690 1962 2768 2018 ut
2812 1949 2996 2036 quod
3036 1949 3124 2018 de

560 2039 743 2110 bono
785 2060 981 2109 mens
1028 2038 1353 2128 concipit,
1389 2038 1734 2126 adjutorio
1782 2061 1910 2110 suo
1957 2039 2106 2141 ipse
2156 2038 2491 2130 perficiat.

645 2130 684 2216 ἓ
729 2132 822 2200 8.
877 2127 1028 2197 Fuit
1065 2128 1276 2218 igitur
1303 2112 1485 2218 apud
1521 2127 1827 2198 insulam
1854 2127 1890 2164 '⁵
1921 2127 2367 2198 Vlndunitam
2397 2125 2596 2197 urbis
2627 2125 3120 2196 Nanneticae**

558 2216 665 2286 vir
708 2217 1023 2308 egregiae
1072 2215 1477 2298 sanctitatis,
1511 2217 1838 2287 Friardus
1888 2216 2192 2299 nomine,
2230 2216 2585 2286 reclusus:
2622 2213 2709 2283 de
2740 2216 2945 2305 cujus
2978 2215 3121 2285 vita

561 2327 942 2398 parumper
998 2304 1084 2374 ad
1140 2305 1688 2376 aedificationem
1740 2305 2081 2375 Ecclesiae
2128 2305 2358 2375 dicere
2404 2304 2696 2373 delectat
2743 2306 3065 2374 animum
3102 2359 3119 2387 ,

559 2396 725 2482 quia
774 2396 1042 2487 ignoro,
1076 2416 1163 2463 an
1197 2395 1284 2464 ab
1317 2394 1552 2483 aliquo
1586 2394 1675 2466 sit
1713 2394 1993 2486 scripta.
2037 2394 2163 2464 Hic
2202 2394 2290 2465 ab
2331 2392 2624 2463 infantia
2672 2414 2795 2462 sua
2845 2413 3126 2483 semper

561 2488 696 2556 Deo
744 2484 1030 2556 devotus
1077 2482 1205 2554 fuit
1235 2496 1438 2572 atque
1488 2483 1828 2576 pudicus:
1881 2482 2104 2554 factus
2136 2496 2365 2553 autem
2401 2483 2528 2566 vir,
2574 2502 2849 2573 semper
2896 2481 2967 2551 in
3007 2482 3125 2553 Dei

558 2574 912 2655 laudibuS‚
967 2595 1242 2664 semper
1271 2575 1341 2643 in
1380 2575 1710 2655 oratione,
1756 2593 2030 2663 semper
2076 2573 2148 2641 in
2200 2572 2459 2664 vigiliis
2507 2571 2836 2662 degebat,
2890 2571 3121 2642 victus

559 2663 950 2734 necessaria
986 2663 1287 2753 propriis
1328 2663 1651 2732 manibus
1701 2663 1981 2752 exigens
2014 2684 2054 2731 a
2104 2673 2306 2731 terra:
2342 2674 2408 2730 et
2443 2661 2501 2733 si
2550 2660 2620 2729 in
2671 2682 2881 2750 opera
2935 2659 3123 2731 inter

559 2752 866 2840 reliquos
896 2763 1314 2841 properaret,
1348 2772 1731 2839 numquam
1760 2753 1849 2821 ab
1873 2751 2182 2819 oratione
2219 2751 2532 2820 cessabat
2563 2773 2579 2819 :
2616 2748 2804 2836 quod
2839 2748 3118 2832 vicinis,

560 2854 682 2910 aut
727 2840 1091 2920 extraneiS,
1137 2851 1213 2909 ut
1245 2861 1395 2909 mos
1444 2840 1860 2910 rusticorum
1907 2839 2132 2921 habet,
2172 2838 2546 2909 ridiculum
2595 2851 2764 2908 erat.
2803 2837 3126 2921 Quodam

559 2950 718 2999 vero
766 2928 879 2998 die
906 2949 1094 3008 cum,
1139 2928 1426 3015 reliquis
1462 2928 1530 2997 in
1581 2939 1809 3020 segete
1852 2928 2126 2999 culmos
2171 2927 2667 3009 incidentibuS,
2720 2927 3128 3018 manipulos

560 3016 942 3108 colligaret,
996 3036 1283 3086 examen
1332 3017 1761 3087 mirabilium
1810 3029 2016 3105 atque
2052 3037 2412 3087 saevarum
2465 3037 2893 3097 muscarum,
2932 3037 3121 3103 quas

565 3105 776 3198 vulgo
815 3126 1061 3195 vespas
1107 3118 1397 3187 vocant,
1455 3107 1831 3197 reperiunt.
1885 3111 2193 3193 Cumque
2238 3104 2575 3176 acerrime
2626 3105 2903 3176 emissis
2950 3126 3128 3175 acu-

561 3194 690 3265 leis
723 3202 1061 3265 messores
1109 3193 1512 3276 lacerarent,
1568 3193 1880 3281 undique
1924 3195 2438 3265 circumeuntes
2487 3216 2780 3264 messem
2808 3248 2825 3276 ,
2883 3193 3125 3264 locum

560 3283 792 3366 illum,
851 3282 920 3352 in
982 3303 1121 3369 quo
1179 3282 1305 3352 hae
1352 3284 1696 3353 adunatae
1732 3295 1949 3364 erant,
2004 3282 2456 3365 transiliunt,
2509 3296 2715 3370 atque
2765 3281 3128 3353 irridendo

560 3372 841 3443 beatum
892 3371 1251 3440 Friardum
1320 3371 1774 3459 alloquuntur
1827 3372 2086 3452 dolose,
2139 3372 2494 3442 dicentes:
2547 3371 2786 3441 Veniat
2833 3371 3128 3441 benedi-

559 3474 737 3542 ctuS,
776 3460 1004 3530 veniat
1038 3459 1427 3550 religiosus,
1465 3462 1583 3548 qui
1613 3482 1809 3531 orare
1848 3482 1983 3530 non
2017 3460 2295 3544 desinit,
2330 3461 2451 3549 qui
2502 3464 2787 3530 Crucem
2827 3460 3127 3531 auribus

562 3561 630 3621 et
675 3549 897 3619 oculis
947 3571 1218 3639 semper
1258 3550 1590 3639 imponit,
1642 3550 1760 3638 qui
1809 3550 1939 3619 viis
2001 3550 2266 3620 itineris
2315 3549 2422 3619 sui
2474 3548 2808 3620 salutaria
2871 3548 3127 3619 vexilla

563 3638 973 3730 praemittit:
1029 3638 1177 3724 ipse
1226 3649 1433 3708 metat
1512 3659 1725 3728 super
1767 3660 2093 3720 examen,
2147 3639 2297 3729 ipse
2342 3637 2545 3708 illum
2619 3660 2748 3708 sua
2806 3637 3128 3708 oratione

558 3728 918 3798 mitescere
954 3725 1182 3797 faciat.
1237 3731 1426 3797 Tunc
1478 3726 1679 3814 quasi
1727 3727 1811 3796 ad
1871 3726 2348 3798 confusionem
2401 3727 2797 3798 Dominicae
2845 3726 3127 3799 virtutis

562 3815 733 3886 haec
780 3815 987 3886 verba
1018 3815 1433 3905 suscipiens,
1481 3816 1886 3906 provolutus
1931 3828 2174 3896 terrae,
2213 3817 2593 3887 orationem
2638 3815 2825 3887 fudit
2870 3814 2955 3886 ad
2997 3819 3129 3885 Do-

564 3906 873 3975 minum:
905 3918 971 3974 et
1002 3904 1361 3985 accedens,
1399 3905 1576 3974 facto
1612 3904 1914 3995 desuper
1951 3906 2151 3997 signo
2185 3906 2445 3987 Crucis,
2499 3903 2634 3991 ait:
2683 3906 3129 3996 Adjutorium

558 4004 859 4064 nostrum
899 3995 971 4063 in
1016 3995 1283 4064 nomine
1341 3995 1628 4075 Domini,
1686 3996 1812 4087 qui
1858 3997 2018 4084 fecit
2066 3998 2325 4066 coelum
2356 4004 2438 4064 et·
2476 4004 2752 4064 terram.
2809 3993 2904 4064 Ad
2940 3993 3128 4063 hanc

561 4082 715 4173 ejus
753 4082 1131 4153 orationem
1182 4081 1542 4153 confestim
1604 4103 1847 4153 omnes
1878 4105 2126 4175 vespae
2173 4106 2248 4153 se
2304 4083 2487 4153 intra
2532 4095 2810 4152 antrum
2838 4135 2858 4163 ,
2930 4081 3127 4152 unde

559 4191 878 4261 egressae
917 4169 1213 4253 fuerant,
1259 4171 1703 4242 abdiderunt.
1743 4171 1867 4241 Ille
1914 4194 2073 4242 vero
2119 4171 2593 4263 spectaculum
2651 4171 2966 4242 omnium
3016 4169 3127 4240 fa-

561 4270 741 4416 ctug,
797 4281 1087 4418 mzsserin
1132 4261 1370 4362 ,statim
1434 4260 1722 4332 illaesus
1776 4261 2074 4353 collegit.
2127 4261 2321 4345 Quod
2375 4281 2509 4331 non
2580 4260 2733 4331 sine
2778 4258 3174 4330 miraculo·

556 4370 679 4418 1rr1
735 4360 873 4417 ent1
930 4371 1013 4418 us
1077 4361 1202 4419 unt.
2502 4399 2508 4408 -

606 4470 635 4499 ⁸·
668 4471 881 4512 manee
901 4469 1063 4512 insul·
1079 4473 1153 4514 at
1172 4470 1356 4523 ragom
1383 4470 1571 4526 (born).
1947 4472 2003 4503 ¹⁸·
2032 4474 2216 4515 xanta.
