3308 5004
151 365 347 432 mo.
400 364 488 430 20
844 382 926 429 οε
972 381 1031 430 s.
1083 381 1413 430 anuntiabo
1461 380 1605 428 Ana.
1659 377 2043 430 emanant.
2494 369 2623 434 499

240 471 278 556 ξ
323 471 485 541 42.
536 464 766 537 Abbas
809 478 1093 536 sanctus
1140 465 1227 536 ad
1261 465 1495 537 studia
1525 486 1654 537 sua
1686 487 2029 549 reversuS,
2071 466 2402 541 dilectum
2443 471 2713 562 ample-

145 557 360 629 ctitur
404 552 936 656 epithalamium
982 555 1040 625 *.
1093 559 1144 625 E
1192 554 1484 626 diversis
1528 554 1734 631 etiam
1786 577 1860 625 re
1913 555 2213 640 ionibus,
2265 558 2477 630 odore
2539 560 2703 631 reli-

146 644 383 749 gionis
449 642 641 714 illius
698 641 959 731 ubique
1017 643 1318 727 diffuso,
1388 643 1634 714 fratres
1698 642 1787 714 ad
1894 643 2226 717 undanda
2291 648 2712 720 monasteria

142 734 561 806 invitantur:
617 732 930 803 Fundata
971 754 1247 821 quoque
1291 745 1356 804 et
1402 744 1679 816 statuta,
1713 754 1788 803 se
1824 732 2074 805 ditioni
2102 735 2253 824 ejus
2290 738 2701 827 subjiciunt,

142 836 215 896 et
261 820 575 893 arctioris
621 821 867 892 ineunt
913 821 1191 912 regulas
1237 821 1678 913 disciplinae.
1733 822 1862 893 Sed
1902 835 1969 895 et
2006 822 2439 896 diversarum
2480 826 2707 918 regio-2

144 935 318 983 num
354 910 662 981 civitates
693 931 775 980 ex
806 910 937 980 hoc
975 910 1269 1002 collegio
1311 932 1623 981 meruere
1662 911 2062 1003 EpiscopOS.
2103 914 2463 1004 Imprimis
2490 921 2709 988 Roma

146 1022 426 1073 summo
463 1011 751 1071 ornatur
781 999 1142 1070 Pontifice:
1183 1006 1541 1072 Praeneste
1573 999 2000 1088 Stephanum
2034 1001 2285 1074 habuit
2313 1004 2524 1076 totius
2556 1027 2707 1075 mo-

133 1090 408 1168 destiae
454 1088 713 1159 virum:
768 1088 957 1159 Ostia
1005 1088 1229 1160 virum
1282 1110 1617 1180 magnum
1667 1092 2057 1180 Hugonem.
2113 1095 2192 1160 In
2235 1091 2389 1183 ipsa
2427 1115 2705 1181 quoque

147 1185 460 1252 Romana
506 1177 703 1267 curia
750 1177 1093 1266 Henricus
1139 1191 1207 1248 et
1250 1178 1667 1261 BernarduS‚
1719 1176 1893 1249 alter
1930 1179 2310 1271 presbyter,
2354 1180 2527 1253 alter
2555 1182 2708 1253 dia-

147 1289 368 1340 conus
396 1266 701 1338 ordinati
732 1278 897 1338 sunt
929 1266 1349 1338 cardinales.
1387 1273 1603 1359 Prope
1626 1267 1874 1339 urbem
1904 1272 2194 1339 Romam
2222 1274 2407 1371 Nepa
2432 1293 2711 1360 quoque

146 1358 281 1429 sub
310 1356 619 1427 Huberto
658 1355 994 1426 refloruit.
1030 1360 1110 1427 In
1144 1356 1390 1427 Tuscia
1429 1356 1629 1439 Pisis,
1670 1356 1922 1428 natalis
1961 1357 2127 1429 solis
2165 1358 2411 1450 gloria,
2455 1373 2522 1430 et
2562 1382 2711 1431 ma-

199 1468 369 1517 num
404 1444 748 1515 Ecclesiae
784 1443 1045 1524 lumen,
1086 1444 1471 1516 Balduinus
1499 1443 1784 1517 effulsit.
1829 1446 2010 1515 Citra
2056 1446 2259 1536 Alpes
2305 1453 2711 1520 Lausannae

196 1546 354 1606 atus
398 1546 501 1605 est
547 1533 909 1616 Amedeus,
965 1533 1241 1605 Seduno
1288 1535 1609 1616 Garinus,
1668 1535 1999 1626 Lingonis
2037 1535 2475 1621 Godefridus‚
2522 1539 2711 1609 Anti-

63 1677 72 1684 .
146 1624 425 1695 siodoro
473 1620 762 1703 Alanus,
815 1623 1144 1693 Nannetis
1192 1623 1605 1707 Bernardus,
1657 1623 1953 1694 Beluaco
1994 1625 2355 1708 Henricu5‚
2401 1632 2707 1698 Tornaco

146 1712 495 1792 Giraldus,
549 1711 852 1782 Eboraco
900 1713 1264 1783 Henricus.
1317 1718 1396 1784 In
1446 1712 1775 1784 Hibernia
1818 1712 1958 1785 duo
1996 1714 2330 1805 episcopi,
2375 1737 2451 1786 re
2483 1728 2548 1787 et
2581 1739 2708 1786 no-

151 1803 341 1872 mine
387 1800 776 1872 christiani.
830 1805 907 1873 In
957 1800 1308 1872 Alemania
1358 1801 1628 1872 civitate
1683 1802 1886 1873 Curia
1939 1801 2220 1893 Algotus
2250 1857 2267 1886 ‚
2336 1805 2702 1895 sapientia,

146 1903 366 1963 aetate
412 1902 477 1961 et
516 1890 737 1981 gratia
779 1893 1216 1961 reverendus.
1254 1895 1436 1962 Haec
1466 1890 1865 1974 luminaria,
1901 1890 1985 1960 de
2027 1891 2400 1963 claravalle
2430 1915 2708 1964 assum-

150 1994 289 2071 pta,
341 1979 609 2079 fulgore
706 2000 834 2050 uro
886 1979 1268 2070 praedictas
1316 1980 1540 2050 urbes·
1569 2002 1699 2051 sua
1732 1979 2160 2052 illustravere
2195 1983 2606 2072 praesentia,
2643 1993 2710 2053 et

149 2067 517 2161 pastoralis
563 2089 602 2137 o
654 2066 768 2138 lcii
818 2067 1245 2146 elucidantes
1291 2069 1608 2158 gloriam,
1661 2069 2057 2160 exemplum
2097 2071 2385 2143 caeteris
2424 2071 2708 2162 Episco-

150 2159 260 2249 pis
308 2156 470 2227 facti
518 2169 679 2228 sunt
728 2156 1082 2229 doctrinae
1128 2170 1193 2229 et
1244 2158 1440 2241 vitae,
1485 2158 1651 2229 etin
1694 2155 2063 2230 altitudine
2102 2181 2228 2229 sua
2267 2182 2543 2252 semper
2573 2160 2707 2232 hu-

151 2245 353 2317 miles
399 2246 876 2317 constiterunt.

238 2337 277 2423 §
321 2339 476 2408 48.
531 2333 861 2405 Defuncto
910 2334 1255 2423 siquidem
1306 2335 1710 2406 Innocentio
1770 2340 1999 2426 Papa,
2064 2347 2130 2414 et
2184 2337 2704 2409 successoribus

149 2423 308 2514 ejus
357 2423 732 2494 Coelestino
781 2435 846 2494 et
893 2424 1099 2496 Lucio
1146 2423 1684 2514 quamvelociter
1714 2425 2243 2509 consummatis,
2281 2426 2700 2509 BernarduS,

145 2536 354 2602 quem
406 2513 600 2604 prius
646 2513 830 2601 apud
886 2518 952 2584 S.
1004 2514 1440 2585 Anastasium
1490 2513 1816 2584 Abbatem
1886 2513 2190 2584 diximus
2255 2515 2652 2586 ordinatum
2683 2570 2699 2598 ,

146 2608 332 2694 Papa
378 2602 576 2672 urbis
620 2601 939 2683 efficitur,
994 2615 1060 2674 et
1105 2603 1458 2694 Eugenius
1506 2602 1747 2674 tertius
1796 2601 2189 2704 appellatur
2219 2603 2313 2671 ⁴⁴.
2366 2605 2491 2674 Hic
2525 2603 2705 2675 sedi-

148 2692 332 2762 tione
380 2703 530 2761 orta
576 2689 644 2759 in
700 2690 982 2782 populo,¹
1035 2692 1384 2782 pulverem
1438 2692 1696 2779 pedum
1745 2692 1815 2761 in
1870 2691 2216 2783 litigantes
2263 2692 2590 2774 excussit,
2636 2705 2703 2764 et

147 2780 405 2852 relictis
451 2780 575 2860 eis,
627 2778 702 2850 in
751 2780 1109 2850 Franciam
1162 2781 1365 2851 venit.
1422 2785 1731 2868 Cumque
1779 2785 2058 2863 Romae,
2124 2804 2199 2851 se
2258 2781 2702 2852 comederent

144 2891 228 2941 ac
275 2868 708 2949 morderent,
762 2881 826 2939 et
873 2891 946 2940 se
993 2868 1285 2940 invicem
1336 2883 1869 2950 consumerent,
1923 2870 2301 2960 expectavit
2350 2871 2420 2940 in
2474 2892 2640 2961 pace
2674 2925 2692 2953 ,

145 2959 366 3031 donec
415 2955 679 3049 fatigati
725 2958 1210 3039 conflictibus,
1263 2971 1328 3028 et
1374 2958 1654 3028 damnis
1701 2957 1976 3039 afflicti,
2028 2958 2182 3047 ejus
2231 2960 2694 3049 praesentiam

143 3058 480 3139 cuperent
525 3060 592 3117 et
629 3060 964 3138 optarent.
1009 3048 1143 3131 Qui
1176 3047 1451 3118 interim
1487 3046 1829 3118 celebrato
1870 3047 2154 3118 Rhemis
2187 3049 2512 3131 Concilio,
2553 3048 2702 3119 Cla-

145 3134 550 3208 ramvallem
601 3136 957 3207 humiliter
1003 3137 1252 3216 visitat,
1295 3149 1361 3206 et
1391 3135 1684 3227 gloriam
1720 3136 2168 3207 Pontificatsss
2202 3138 2493 3209 Romani
2527 3160 2716 3228 pau-

147 3247 388 3317 perum
443 3238 906 3315 repraesentat
950 3225 1417 3317 adspectibus
1474 3225 1809 3296 Mirantur
1845 3225 1915 3295 in
1954 3238 2143 3297 tanta
2174 3226 2540 3298 altitudine
2570 3226 2700 3297 hu-

147 3314 511 3384 militatem
547 3314 1002 3397 immobilem,
1042 3328 1108 3385 et
1148 3314 1217 3383 in
1260 3327 1399 3384 tam
1432 3314 1788 3385 excellenti
1815 3313 2145 3397 culmine,
2178 3316 2509 3406 propositi
2538 3338 2702 3386 san-

143 3403 238 3474 cti
274 3425 676 3493 permanere
707 3404 1066 3476 virtutem:
1103 3416 1182 3475 ut
1208 3403 1560 3474 altitudini
1590 3403 1848 3474 sociata
1877 3402 2261 3487 humilitaS,
2306 3427 2427 3496 pro
2471 3405 2699 3477 officio

145 3492 444 3563 exterius
491 3490 914 3584 fulgeat,‚et
979 3515 1102 3583 pro
1157 3492 1404 3564 virtute
1465 3514 1906 3581 nequaquam
1969 3493 2259 3564 interius
2317 3494 2696 3566 inanescat.

146 3581 572 3652 Adhaerebat
617 3582 812 3651 carni
858 3580 1013 3668 ejus
1043 3581 1241 3652 lanea
1274 3581 1535 3659 tunica,
1577 3593 1643 3651 et
1682 3581 1930 3652 diebus
1963 3604 2043 3652 ac
2073 3582 2393 3655 noctibus
2420 3582 2699 3654 cuculla

144 3671 456 3751 vestitus,
510 3669 612 3740 sic
660 3671 824 3751 ibat,
879 3671 980 3742 sic
1026 3670 1347 3741 cubabat.
1402 3674 1599 3741 Intus
1647 3669 1974 3741 monachi
2017 3671 2329 3742 habitum
2361 3674 2692 3752 retinenS,

144 3773 333 3830 extra
382 3781 455 3829 se
501 3759 899 3829 Pontificem
950 3772 1015 3829 et
1061 3760 1376 3831 moribus
1421 3771 1488 3831 et
1535 3759 1837 3830 vestibus
1882 3759 2282 3830 exhibebat:
2341 3783 2481 3830 rem
2515 3757 2699 3828 diffi-

146 3848 349 3918 cilem
398 3870 637 3939 agenS,
690 3848 1120 3918 diversarum
1170 3849 1241 3918 in
1289 3870 1430 3919 uno
1492 3847 1775 3918 homine
1826 3847 2308 3938 proprietatem
2366 3849 2697 3917 exhibens

149 3958 628 4028 personarum.
683 3941 1117 4027 segmentata
1165 3938 1230 4007 ei
1277 3935 1950 4008 circumferebantur
1999 3936 2433 4026 pulvinaria:
2478 3935 2698 4006 lectus

144 4026 302 4114 ejus
350 4025 579 4115 palliis
625 4040 928 4115 opertuS,
982 4025 1248 4096 cortina
1295 4025 1737 4096 ambiebatur
1785 4046 2184 4115 purpurea:
2234 4024 2349 4095 sed
2386 4025 2445 4093 si
2482 4024 2698 4094 revol-

150 4136 341 4184 veres
386 4115 835 4204 operimenta,
891 4115 1234 4185 invenires
1273 4114 1681 4204 super‘ectis
1715 4113 1934 4184 laneis
1973 4114 2326 4203 complosa
2362 4114 2697 4183 stramina

142 4220 213 4275 et
265 4202 491 4293 paleas
537 4204 1005 4295 conglobatas,
1060 4208 1278 4274 Homo
1327 4204 1397 4273 in
1480 4204 1648 4285 acie,
1722 4209 1898 4273 Deus
1940 4201 2119 4272 videt
2152 4203 2220 4271 in
2262 4202 2506 4272 corde:
2550 4202 2695 4291 ipse

145 4314 308 4363 vero
336 4292 513 4363 bona
541 4315 773 4364 coram
806 4293 1209 4365 hominibus
1241 4291 1664 4384 providebat.
1701 4291 2087 4379 Alloquitur
2117 4289 2360 4361 fratres
2383 4313 2516 4363 non
2542 4293 2693 4362 sine

205 4457 229 4481 ⁶
260 4457 361 4497 Hoc
382 4458 467 4501 est.
485 4455 827 4498 commentaria
844 4454 1044 4498 resumit
1066 4455 1114 4499 in
1139 4458 1314 4498 cantica
1334 4458 1621 4496 Canticomem.

205 4513 261 4538 n
292 4508 474 4551 uolitat
491 4512 660 4553 Beatus
683 4520 765 4551 vm
786 4512 895 4557 δαὶς
916 4511 966 4553 in
984 4514 1150 4553 nostr·
1169 4512 1393 4552 Illustrat.
1413 4520 1456 4560 p.
1478 4510 1595 4549 ων.
