3308 5004
741 347 871 415 708
1267 361 1335 412 ut
1380 361 1574 412 rzsro
1620 362 1958 411 nncottar.
2013 364 2069 412 s.
2120 361 2350 412 somn.
2400 363 2584 411 πυτ.
2884 346 3085 413 Anu.
3126 346 3199 413 29

738 455 777 541 ξ
821 455 910 523 5.
964 450 1303 534 Quoniam
1355 459 1586 519 autem
1634 458 1715 519 tu
1745 447 1962 538 (haec
2007 448 2194 519 enim
2241 447 2412 519 dicit
2457 447 2758 538 Angelus
2811 449 3202 538 Zachariae)

652 541 846 610 visus
890 561 967 611 es
1017 560 1154 608 non
1203 538 1482 608 credere
1531 536 1707 607 meis
1750 537 2002 612 verbis,
2056 550 2124 608 et
2168 538 2347 616 e'us,
2401 538 2525 625 qui
2574 558 2688 606 me
2731 537 2958 618 misit,
3001 550 3074 608 et
3101 539 3201 609 cui

653 630 925 709 assisto,
980 629 1300 699 virtutem
1353 647 1488 698 non
1536 625 1923 706 attendenS,
1978 560 2334 698 attendisti
2383 627 2615 718 potius
2661 626 3198 697 imbecillitatem

652 719 986 810 corporiS,
1034 729 1104 787 et
1148 717 1235 787 ad
1285 717 1416 785 hoc
1465 714 1694 786 solum
1742 714 2163 807 adspexisti:
2217 716 2616 807 imponetur
2654 715 2779 786 tibi
2810 737 3072 805 poena,
3103 738 3200 786 vo-

653 808 756 878 cis
805 806 1116 884 mutatio‚
1170 818 1236 875 et
1271 806 1493 875 donec
1522 805 1878 874 evenerint
1909 825 1989 873 ea
2028 825 2207 892 quae
2241 803 2427 875 dicta
2468 817 2656 886 sunt,
2699 804 2838 874 eris
2870 805 3200 876 obnoxius

653 895 951 966 silentio.
1005 895 1245 966 Statim
1296 908 1528 964 autem
1580 913 1801 984 poena
1850 893 2070 977 affuit,
2120 906 2189 964 et
2236 893 2446 965 simul
2498 916 2659 965 cum
2711 892 2972 995 Angeli
3019 915 3194 972 voce,

652 986 948 1055 extincta
995 1003 1274 1073 quoque
1318 995 1421 1053 est
1466 1003 1593 1052 vox
1639 981 2030 1053 Zachariae.
2081 987 2406 1075 Apertum
2458 1003 2617 1053 vero
2649 982 2803 1072 ejus
2842 983 3193 1063 indicium,

652 1085 890 1144 nutus
946 1078 1105 1143 Erat
1145 1073 1359 1153 enim,
1414 1071 1665 1159 inquit,
1716 1072 1821 1141 eis
1850 1093 2193 1154 annuens,
2236 1072 2494 1164 populo
2523 1071 2809 1152 scilicet,
2857 1085 3195 1164 propterea

652 1163 835 1251 quod
886 1162 949 1231 ei
999 1183 1224 1233 sermo
1257 1160 1545 1232 deesset.
1583 1166 1806 1230 Tuum
1847 1181 2014 1264 ergo
2051 1174 2154 1232 est
2184 1162 2335 1242 hoc,
2374 1183 2415 1230 o
2449 1161 2724 1231 Maximi
2760 1166 3191 1240 ‘Praecursoc

651 1264 719 1321 et
761 1267 1058 1321 arcanae
1106 1264 1265 1320 tuae
1312 1250 1399 1320 ab
1448 1250 1648 1344 initio
1699 1261 2064 1340 potentiae,
2117 1263 2194 1320 ut
2239 1265 2306 1320 et
2351 1251 2532 1341 ‘patri
2583 1249 2893 1320 solveres
2936 1251 3189 1342 linguae

653 1340 933 1410 vincula
980 1362 1061 1409 ex
1110 1339 1254 1410 solo
1302 1340 1630 1419 nomine,
1685 1353 1753 1409 et
1801 1340 2002 1428 matri
2052 1339 2393 1410 naturalis
2440 1338 2722 1430 pedicas
2777 1340 3187 1411 sterilitatis:

654 1429 838 1499 sicut
881 1428 1088 1499 etiam
1120 1427 1363 1498 multis
1396 1440 1650 1516 postea,
1681 1428 2154 1517 poenitentiae
2187 1428 2718 1519 praedicatione,
2759 1428 3044 1499 solvisti
3074 1430 3187 1497 vin-

652 1517 813 1587 cula
862 1529 1325 1608 peccatorum.
1380 1517 1983 1586 verumenimvero
2031 1517 2392 1587 Zacharias
2436 1516 2760 1605 quidem,
2813 1518 2916 1587 ab
2959 1539 3044 1588 eo
3072 1519 3184 1609 J'am

655 1606 951 1697 peractis
990 1607 1244 1676 diebus
1292 1606 1684 1687 ministerii,
1728 1605 2016 1690 domum
2058 1607 2454 1677 revertitur:
2501 1605 2950 1677 Elisabethae
2989 1611 3181 1677 autem

652 1709 889 1788 postea
916 1718 997 1765 ex
1031 1696 1390 1786 inopinato
1420 1695 1646 1765 elucet
1676 1695 2057 1786 conceptio.
2095 1699 2175 1787 Et
2201 1694 2572 1766 abscondit
2599 1717 2692 1777 se,
2731 1695 3000 1783 inquit,
3031 1714 3178 1764 men·

654 1806 764 1855 ses
809 1786 1146 1874 quinque,
1199 1784 1384 1872 quod
1438 1785 1507 1854 in
1548 1794 1930 1866 senectute,
1967 1796 2298 1872 tanquam
2333 1796 2601 1875 praeter
2629 1796 2947 1875 tempus»,
2983 1803 3176 1855 concc-

655 1874 894 1966 pisset‚
944 1874 1391 1944 erubescens.

744 1965 784 2050 ξ
832 1968 928 2044 6.
983 1967 1179 2032 Sexto
1226 1973 1457 2031 autem
1511 1981 1748 2032 mense
1779 1983 1956 2048 quae
1989 1962 2076 2031 ad
2107 1982 2260 2031 eam
2291 1984 2543 2052 genere
2572 1961 2940 2043 attinebat,
2977 1961 3169 2036 Maria.

653 2050 809 2120 dico
860 2050 1244 2140 Deiparam,
1297 2069 1479 2137 quae
1523 2049 1816 2152 degebat
1857 2050 1926 2119 in
1959 2049 2169 2120 domo
2205 2051 2448 2141 sponsi
2476 2051 2759 2142 Joseph,
2803 2053 2934 2140 qui
2962 2049 3167 2120 eratin

652 2139 924 2209 civitate
972 2138 1325 2219 Nazareth,
1380 2161 1540 2208 cum
1590 2161 1648 2207 ei
1701 2139 1843 2209 illic
1876 2139 2130 2209 allatus
2166 2152 2346 2211 esset
2377 2142 2603 2211 bonus
2637 2142 2947 2211 nuncius
2976 2138 3167 2210 carnis
3249 2217 3250 2230 χ

653 2249 694 2297 a
741 2228 957 2299 Verbo
1004 2229 1487 2318 susceptionis
1536 2241 1604 2297 et
1645 2240 1924 2318 propter
1957 2251 2099 2298 rem
2141 2250 2390 2298 novam
2423 2228 2513 2298 de
2548 2242 2840 2300 naturae
2865 2229 3166 2299 dubitaret

655 2316 951 2406 legibuS‚
1003 2330 1238 2406 aperte
1284 2316 1477 2386 audit
1522 2317 1611 2387 ab
1659 2317 1937 2406 angele,
1989 2329 2055 2386 et
2094 2317 2356 2405 alioqui
2395 2317 2860 2389 confirmante
2879 2317 3050 2405 quod
3079 2314 3164 2384 di·

651 2419 864 2486 xerat,
918 2419 984 2476 et
1031 2406 1114 2475 ad
1170 2406 1376 2476 fidem
1429 2405 1739 2476 trahente
1787 2406 1907 2475 tali
1953 2406 2314 2496 exemplo:
2369 2410 2538 2481 Ecce
2584 2407 2778 2475 enim
2836 2405 3002 2494 quod
3062 2424 3158 2473 co-

652 2509 860 2586 gnata
910 2510 1027 2567 tua
1079 2495 1421 2566 Elisabeth
1471 2496 1624 2585 ipsa
1657 2517 1934 2583 quoque
1964 2496 2281 2586 concepit
2311 2495 2535 2566 filium
2570 2496 2640 2565 in
2670 2506 2992 2566 senectute
3012 2513 3146 2560 sua.-
3249 2554 3250 2557 ,

651 2598 718 2654 et
765 2584 878 2654 hic
926 2596 1027 2654 est
1076 2598 1309 2654 sextus
1360 2585 1618 2675 mensis
1663 2584 1727 2655 ei
1775 2606 1954 2671 quae
2002 2598 2287 2655 vocatur
2334 2585 2615 2655 sterilis.
2671 2584 2902 2655 Deinde
2935 2578 3137 2672 paulo-

652 2686 805 2764 post
850 2674 1296 2761 consequitur
1345 2674 1596 2742 Mariae
1640 2696 1806 2744 cum
1855 2674 2291 2743 festinatione
2339 2675 2416 2743 in
2464 2687 2793 2744 montana
2825 2687 3137 2746 ascensus,
3249 2692 3250 2761 }

650 2774 716 2831 et
760 2762 917 2851 ejus
963 2764 1032 2832 in
1085 2762 1369 2832 domum
1421 2763 1785 2833 Zachariae
1833 2762 2194 2833 adventus.
2251 2763 2619 2835 Festinavit
2666 2764 2872 2839 enim,
2914 2769 2985 2829 ut
3015 2776 3150 2858 gra-
3249 2788 3250 2803 ¹

653 2850 992 2921 tularetur
1040 2851 1385 2921 Elisabeth
1434 2851 1522 2920 de
1581 2853 1759 2921 bono
1824 2852 2082 2922 nuncio
2144 2852 2362 2941 hujus
2431 2874 2644 2923 novae
2708 2848 3152 2940 conceptionis.

651 2940 922 3010 Accedit
968 2960 1156 3029 erg0,
1210 2952 1275 3009 et
1324 2939 1623 3031 benigne
1667 2962 1819 3009 eam
1872 2940 2126 3011 salutat
2173 2962 2296 3012 seu
2345 2941 2675 3032 appellat.
2721 2939 3036 3011 salutatio
3057 2955 3154 3004 au-

651 3041 812 3109 tem,
866 3041 969 3100 est
1014 3028 1246 3098 dulcis
1291 3028 1619 3098 exultatio
1668 3028 1974 3111 infantis,
2027 3030 2150 3118 qui
2196 3043 2298 3099 est
2338 3030 2410 3099 in
2448 3044 2664 3101 utero.
2700 3030 2872 3099 Jam
2906 3028 3150 3098 enimex
3249 3114 3250 3125 ἵ

651 3130 883 3186 ventre
932 3117 1557 3188 didiceratservus
1609 3118 2025 3199 Dominum,
2081 3119 2204 3207 qui
2249 3131 2397 3189 erat
2443 3119 2512 3187 in
2564 3130 2852 3188 ventre:
2919 3130 2982 3187 et
3027 3131 3152 3183 cum

652 3207 979 3277 sensisset
1026 3210 1177 3297 ejus
1224 3207 1293 3275 in
1350 3206 1693 3277 mundum
1743 3206 2143 3290 adventum,
2199 3207 2597 3278 mirandum
2635 3208 2709 3275 in
2748 3201 3159 3278 modumhe-

651 3295 947 3363 tabatur.
996 3300 1138 3365 Hoc
1169 3296 1353 3364 enim
1392 3310 1625 3386 aperte
1657 3296 2060 3367 ostendebat
2094 3297 2269 3367 laeta
2301 3297 2650 3366 exultatio.

737 3385 777 3469 ξ
823 3387 900 3453 1.
956 3389 1049 3454 Ne
1098 3397 1159 3453 te
1208 3384 1412 3454 lateat
1460 3397 1688 3455 autem
1733 3406 1989 3477 magna
2029 3385 2463 3456 Elisabethae
2503 3385 2918 3467 moderatio,
2953 3379 3174 3456 etsub-
3249 3388 3250 3395 ’

650 3471 892 3541 missio
939 3495 1099 3542 cum
1149 3473 1547 3543 admirabili
1599 3475 2089 3565 praedictione.
2145 3474 2604 3546 Erubescebat
2641 3475 2869 3555 enim,
2912 3467 3176 3564 quoda!

649 3578 799 3629 eam
844 3562 1150 3632 venisset
1196 3561 1422 3653 Virgo,
1475 3586 1634 3632 cum
1688 3564 1758 3632 id
1806 3565 1958 3652 ejus
2007 3562 2210 3665 longe
2256 3575 2615 3653 superaret
2659 3563 3100 3654 dignitatem.
3123 3560 3184 3628 Bt

651 3649 830 3731 ideo,
887 3651 1079 3720 Unde
1127 3650 1255 3720 hoc
1296 3651 1520 3721 mihi?
1558 3653 1808 3741 inquit.
1847 3654 2038 3722 Sicut
2068 3664 2274 3723 ettam
2309 3653 2500 3724 illius
2537 3652 2728 3722 filius
2770 3651 3184 3724 fecitadflo-

652 3740 824 3808 mini
876 3740 1275 3821 adventum,
1326 3753 1393 3809 et
1441 3754 1514 3810 tu
1562 3743 1758 3812 venis
1794 3742 1879 3811 ad
1909 3762 2047 3823 me,
2083 3742 2324 3812 dicens
2359 3743 2435 3810 in
2477 3753 2786 3831 tempore
2817 3742 3182 3834 baptisma—

650 3827 759 3897 tis.
794 3828 960 3899 vide
984 3841 1240 3910 autem,
1273 3830 1862 3917 quemadmodum
1892 3830 2240 3922 Virginem
2263 3830 2772 3923 appellat.Eam
2796 3845 2872 3901 et
2899 3843 3186 3903 mam.

648 3929 714 3985 et
761 3917 1117 3986 dominam
1171 3938 1367 3987 suam
1420 3920 1757 4002 nominat,
1809 3920 2194 4008 quinetiam
2243 3919 2676 3990 benedictam
2713 3918 2902 3992 dicit
2945 3921 3022 3989 in
3057 3936 3188 3989 mu·

649 4004 960 4076 liei-ibus.
1019 4012 1095 4076 Et
1144 4006 1237 4085 id,
1290 4007 1472 4094 quod
1526 4009 1836 4099 gestabat
1882 4009 1954 4077 in
2006 4022 2224 4091 utero,
2269 4007 2576 4080 fructum
2608 4009 2875 4079 ventris
2907 4009 3188 4111 ejusap·

650 4093 862 4183 pellat
906 4092 1433 4175 admirabiliter,
1486 4110 1553 4167 et
1603 4111 1871 4189 praeter
1917 4098 2343 4189 opinionem.
2388 4098 2568 4182 Quid
2604 4097 2732 4167 hoc
2759 4096 3190 4189 significant

647 4184 837 4264 Quod
888 4185 1180 4253 seminis
1231 4184 1356 4253 viri
1408 4187 1698 4255 minime
1744 4199 1889 4256 erat
1948 4186 2316 4278 particeps.
2385 4192 2466 4257 Et·
2521 4187 2592 4256 in
2658 4186 2872 4258 domo
2927 4185 3190 4275 quiden

645 4271 1080 4343 Elisabethae
1128 4272 1461 4344 habitavit
1507 4276 1622 4345 Vir
1671 4297 1712 4344 o
1755 4276 1942 4345 circa
1989 4288 2129 4346 tres
2172 4297 2467 4348 menses.
2518 4275 2775 4346 Deinde
2801 4298 2890 4348 ea
2927 4275 3190 4364 quidem

646 4359 749 4428 sic
779 4360 1081 4462 ‚dom-um
1136 4364 1522 4444 revertitur,
1579 4370 1627 4434 E
1661 4365 2012 4435 isabethae
2060 4377 2291 4435 autem
2342 4363 2709 4456 impletum
2757 4363 2896 4437 fuit
2935 4379 3194 4459 tenpus

646 4449 986 4537 pariendi.
1040 4455 1358 4533 Quanam
1407 4475 1565 4523 vero
1610 4454 1697 4523 de
1744 4474 1958 4526 causa
2004 4455 2092 4525 ad
2141 4466 2282 4526 tres
2330 4475 2628 4537 menses,
2648 4465 2730 4525 et
2761 4455 3190 4547 uon'le-ea
