3308 5004
800 335 929 401 732
1296 351 1363 400 m
1411 349 1603 399 πετο
1653 349 1990 401 anconam.
2047 301 2107 400 S.
2157 351 2384 400 mum.
2437 351 2615 399 sarr.
2894 333 3035 399 ins..
3067 335 3114 399 29

712 436 1123 515 libertatem,
1176 457 1353 523 quae
1417 458 1550 507 non
1624 449 1840 526 potest
1895 436 2294 525 perterreri:
2347 449 2413 505 et
2452 434 2809 516 fiduciam,
2865 457 3004 522 quae
3036 457 3116 505 non

711 537 932 616 potest
977 525 1211 595 everti.
1255 528 1306 595 Ο
1354 546 1432 595 os
1489 525 1834 607 divinum,
1873 538 1940 594 et
1987 524 2299 614 linguam
2334 578 2349 605 ,
2401 546 2576 611 quae
2621 546 2659 592 a
2707 529 2822 593 Deo
2869 535 3114 599 movetur.

709 636 888 701 quae
941 612 1011 682 in
1064 613 1085 683 i
1140 614 1293 684 sum
1344 635 1463 683 cor
1509 614 2126 704 reprehensionum
2194 613 2495 703 infigens
2557 612 2849 692 aculeos,
2903 611 3046 692 fecit,
3078 625 3119 680 ut

710 702 828 772 ille
875 724 1084 793 super
1137 726 1218 774 us
1250 714 1316 772 et
1363 702 1669 774 insolens
1715 702 2038 793 clypeum
2076 702 2425 791 abjiceret,
2467 714 2531 772 et
2560 701 2826 792 fugeret.
2855 704 2898 771 Ο
2925 720 3114 769 manum

710 791 1170 861 venerandam
1212 804 1277 861 et
1332 805 1668 871 sanctam,
1728 813 1907 878 quae
1952 791 2041 861 ad
2090 813 2491 861 sermonum
2544 805 2718 859 mota
2760 789 3115 860 elocutionem.

709 902 786 950 re
837 880 1326 950 rehensionum
1361 901 1636 967 quoque
1682 881 1982 971 augebat
2028 881 2492 971 asperitatem,
2543 892 2608 949 et
2652 879 2938 948 fiduciam
2970 889 3116 947 osten·

710 969 795 1039 de
846 982 915 1039 at
959 978 1022 1039 et
1070 967 1459 1038 audaciam.
1493 975 1634 1039 Mos
1670 982 1784 1039 est
1820 968 2004 1039 enim
2060 970 2144 1039 iis
2181 968 2303 1056 qui
2355 968 2584 1038 verbis
2626 966 3007 1046 contendunt,
3035 987 3116 1033 ma-

709 1079 879 1128 num
930 1057 1141 1128 simul
1182 1079 1340 1126 cum
1376 1078 1493 1127 ore
1528 1079 1821 1139 movere,
1873 1071 1941 1128 et
1988 1058 2290 1129 sermoni
2337 1058 2488 1145 ejus
2529 1078 2791 1145 quoque
2817 1069 3019 1125 motum
3050 1052 3114 1121 ad·

709 1145 967 1219 hibere.
1018 1161 1083 1216 et
1134 1168 1254 1236 per
1285 1159 1661 1234 utrumque
1706 1146 2087 1229 ostendere,
2139 1165 2350 1234 quam
2410 1147 2496 1217 sit
2544 1145 2877 1216 confidens
2913 1156 2965 1214 et
2990 1143 3115 1239 intei-

710 1234 887 1305 ritus
934 1235 993 1305 is
1068 1236 1185 1322 qui
1252 1235 1581 1322 loquitur.
1633 1237 1810 1306 Hinc
1856 1235 2116 1306 factum
2173 1248 2299 1314 est,
2373 1246 2451 1305 ut
2518 1235 2589 1305 in
2644 1254 2963 1311 carcerem,
3004 1242 3047 1298 et
3074 1250 3108 1295 iii

719 1324 995 1394 vincula
1018 1323 1495 1411 conjiceretur,
1532 1345 1693 1395 cum
1724 1347 1975 1395 vesana
2001 1323 2252 1394 mulier
2277 1323 2619 1394 nefarium
2647 1335 2968 1393 amatorem
2990 1337 3110 1388 suum

683 1412 796 1482 ‚ad
848 1411 916 1480 id
967 1412 1441 1513 compulisset.

798 1504 836 1588 ξ
880 1507 969 1574 ὅ.
1024 1500 1281 1571 Deinde
1326 1502 1477 1572 dies
1522 1500 1737 1572 festus
1786 1502 2038 1573 natalis
2065 1556 2083 1583 ,
2139 1511 2477 1591 potusque
2523 1501 2832 1590 copiosus
2878 1510 2932 1570 et
2965 1496 3110 1596 iiiime

711 1589 1019 1672 deratuS,
1073 1612 1232 1660 cum
1283 1591 1576 1660 nimium
1631 1591 1868 1660 vinum
1933 1612 2093 1661 eum
2128 1644 2144 1673 ,
2197 1590 2317 1677 qui
2365 1589 2753 1660 celebrabat
2800 1586 3102 1681 convivium.

715 1677 1128 1749 devolvisset
1192 1679 1280 1748 ad
1327 1679 1679 1748 delirium.
1733 1681 1937 1749 potas
1992 1691 2222 1748 autem
2289 1699 2631 1765 quaenam
2687 1690 2783 1747 est
2834 1672 3107 1769 delectatio?

712 1768 993 1836 Saltatio
1044 1767 1248 1847 filiae,
1313 1789 1492 1854 quae
1539 1780 1686 1836 erat
1743 1768 1961 1837 instar
2009 1766 2410 1845 meretriciS,
2475 1779 2540 1837 et
2590 1767 2811 1857 petitio
2853 1759 3102 1833 mercedis:

707 1868 771 1924 et
805 1877 1089 1935 merces,
1142 1854 1516 1946 Prophetae
1565 1855 1966 1926 interfectio.
2021 1860 2114 1925 Ex
2161 1877 2295 1942 qua
2338 1856 2541 1946 Regis
2598 1856 2749 1925 ficta
2778 1852 2996 1950 tristitia
3023 1865 3103 1936 prs

707 1955 859 2034 pter
903 1957 1231 2022 oestrum,
1283 1943 1469 2031 quod
1500 1966 1661 2014 eum
1713 1944 2073 2015 obsidebat
2107 1943 2565 2014 intrinsecus:
2623 1946 3025 2032 obtemperatio
3054 1948 3102 2002 ti-

709 2053 895 2113 men,
948 2046 1012 2101 et
1060 2032 1460 2112 submissio,
1513 2046 1578 2103 et
1625 2034 1957 2104 adversus
2011 2034 2265 2104 ‘ustum
2318 2033 2727 2122 Prophetam
2763 2028 2988 2133 prolatio
3019 2042 3101 2092 sen·

708 2120 999 2190 tentiae:
1052 2133 1118 2190 et
1167 2120 1531 2210 paulopost
1580 2134 1790 2213 caput
1857 2123 1925 2191 in
1977 2056 2172 2192 disco
2219 2121 2502 2192 allatuin
2537 2178 2552 2202 ,
2608 2137 2676 2192 et
2734 2119 3043 2214 libidinosae
3066 2122 3099 2175 et

708 2208 1060 2279 adulterae
1109 2208 1386 2279 mulieri
1457 2209 1814 2291 traditum.
1865 2211 2042 2294 Quid
2096 2211 2225 2280 hac
2280 2211 2671 2282 inhumana
2733 2209 2946 2278 actione
2978 2199 3096 2294 inliti·

707 2299 1010 2378 manius,
1062 2308 1128 2367 et
1177 2320 1288 2367 ma
1341 2299 1401 2370 is
1434 2299 1820 2369 nefarium?
1884 2300 2057 2383 Quid
2129 2302 2256 2369 hoc
2319 2300 2631 2370 belluino
2681 2298 2933 2369 facinore
2969 2304 3094 2387 mpgffi

708 2385 1035 2457 insanum
1085 2400 1150 2456 et
1197 2387 1614 2469 beluinum,
1660 2388 2009 2459 hominem
2058 2411 2138 2458 ex
2178 2389 2330 2479 ipso
2381 2389 2622 2459 matris
2670 2402 2848 2459 utero
2877 2384 3089 2453 sanctitate

707 2474 1240 2555 circumdatum,
1293 2478 1416 2564 qui
1465 2478 1991 2567 temperantiam
2041 2491 2187 2548 erat
2253 2476 2645 2568 amplexus,
2708 2475 2986 2564 castitatem
3012 2459 3081 2530 ὅθ·

707 2565 1018 2642 sciverat,
1071 2565 1305 2635 inedia
1350 2588 1422 2635 se
1482 2579 1900 2643 exercuerat,
1954 2568 2044 2637 ab
2098 2567 2290 2636 omni
2351 2567 2833 2657 congressione
2869 2566 3070 2639 bominum

706 2674 780 2722 se
818 2676 889 2722 se
942 2668 1270 2735 araverat,
1324 2654 1797 2738 solitudinem,
1829 2669 2183 2743 tamquam
2219 2655 2590 2738 civitatem,
2646 2655 2978 2726 habitaverat,
3004 2653 3078 2721 <lm

706 2677 937 2812 simul)
964 2764 1125 2813 cum
1174 2742 1322 2832 agri
1373 2744 1611 2815 bestiis
1661 2744 2085 2825 versabatur,
2131 2743 2380 2814 cameli
2444 2745 2607 2835 pilis
2672 2745 2961 2836 tegebatur.
2994 2721 3078 2816 vel·

706 2829 876 2900 licea
923 2835 1094 2901 zona
1128 2831 1557 2922 cingebatur,
1589 2833 1770 2904 sicut
1814 2855 1973 2903 aves
2003 2833 2099 2914 id,
2151 2834 2337 2921 quod
2370 2856 2496 2904 sua
2543 2848 2789 2924 sponte
2818 2823 3089 2926 „aspeliam-

708 2919 1006 2990 habebat
1050 2920 1485 3000 alimentum,
1541 2923 1818 2992 carebat
1868 2923 2316 3004 nutrimento,
2369 2924 2649 2993 carebat
2696 2913 3091 3014 utensitibus&

707 3008 912 3097 plane
937 3010 1177 3078 ¹carnis
1224 3022 1370 3079 erat
1415 3032 1699 3100 expers:
1742 3011 1864 3097 qui
1931 3023 2112 3080 totus
2158 3033 2436 3098 quoque
2487 3015 2882 3082 cernebatur
2920 3003 3091 3101 ιζθῑῐὶῡω3

706 3118 747 3165 a
787 3099 1098 3180 materia,
1151 3098 1332 3185 quod
1374 3097 1542 3167 haec
1592 3098 1968 3169 materialis
2015 3100 2519 3190 coagmentatio
2571 3112 2751 3172 esset
2807 3091 2979 3166 inediti
3010 3091 3093 3172 ³²¹5*
3178 3157 3179 3160 η

707 3198 912 3284 nuata
948 3202 1013 3257 et
1044 3199 1379 3267 emortua,
1425 3200 1489 3256 et
1527 3186 1611 3256 ad
1653 3188 1979 3258 materiae
2028 3189 2436 3269 vacuitatem
2490 3189 2800 3260 traducta
2830 3187 3096 3279 propitii-in-

705 3295 972 3362 signem
1023 3275 1542 3345 continentiam:
1580 3298 1768 3357 eum,
1824 3278 2138 3364 inquam,
2195 3300 2317 3367 pro
2355 3278 2654 3366 justitia,
2701 3298 2816 3367 pro
2851 3262 3106 3355 vei-itate&

701 3383 794 3518 ng
837 3361 941 3518 llex
991 3363 1058 3431 in
1088 3362 1345 3519 Yaliquo
1381 3364 1753 3435 violaretur
1800 3364 2226 3435 laborantem
2254 3421 2269 3446 ,
2323 3366 2477 3436 dari
2530 3364 2894 3436 mercedem
2940 3346 3109 3422 mulieri

710 3472 746 3520 a
804 3473 850 3519 u
887 3463 1063 3520 terae
3103 3513 3109 3522 .

791 3542 829 3627 ξ
876 3544 969 3639 β.
1024 3540 1148 3609 Sed
1197 3562 1502 3628 quonam
1554 3523 1757 3611 n’iodo
1799 3542 1968 3612 baec
2001 3542 2282 3630 quidem
2321 3543 2662 3633 permissa
2711 3533 3116 3626 suntabepfiut

703 3648 940 3697 omnia
973 3629 1316 3717 sapienter
1362 3629 1827 3712 administrat,
1884 3632 2114 3702 sciunt
2162 3633 2206 3701 ii
2257 3632 2513 3719 quibus
2560 3632 2764 3701 datus
2813 3623 3119 3723 cst-spiritis

702 3716 790 3786 ad
839 3717 1008 3788 haec
1072 3718 1304 3805 aliqua
1350 3740 1433 3787 ex
1496 3734 1688 3808 parte
1747 3721 2249 3810 cognoscenda.
2305 3721 2527 3790 Hu'us
2581 3732 2809 3791 autem
2860 3696 3120 3792 discll‘ul'·

702 3827 863 3875 cum
905 3828 1158 3896 corpus
1205 3807 1494 3898 acapite
1531 3807 1833 3878 divisum
1867 3808 2352 3890 sustulissent,
2456 3821 2780 3879 onoratae
2828 3791 3123 3885 mandat'}¹¹}t

702 3894 1123 3984 sepulturae,
1178 3917 1303 3976 ne,
1355 3896 1416 3965 si
1466 3896 1595 3966 hoc
1651 3918 1927 3984 quoque
1975 3909 2127 3988 post
2184 3897 2543 3968 decessum
2599 3896 2920 3966 videretur
2965 3906 2996 3953 ι
3030 3875 3123 3979 l'bl‘

701 3981 967 4053 dinosis
1003 3996 1069 4054 et
1137 3983 1617 4075 voluptuariis,
1682 3999 1860 4055 esset
1909 3988 2130 4074 major
2184 3986 2403 4058 fomes
2453 3986 2786 4062 invidiae,
2836 3993 2894 4050 et
2943 3978 3127 4056 ¹¹1¹¹l⁰sIS

701 4071 979 4142 sceleris
1014 4073 1294 4142 materia
1344 4074 1991 4164 intemperantibus.
2040 4074 2148 4144 Sic
2179 4097 2343 4166 ergo
2381 4097 2636 4165 corpus
2682 4068 2939 4160 quidem
2975 4045 3127 4144 sepulss

699 4170 845 4230 tum
887 4160 1387 4243 occultabatur,
1445 4185 1606 4232 cum
1674 4184 1895 4250 neque
1949 4163 2321 4251 quisquam
2384 4163 2554 4233 illud
2618 4176 2780 4231 tunc
2829 4154 3131 4248 persei-utun

701 4249 1102 4330 studuisset,
1161 4272 1381 4338 neque
1429 4251 1578 4341 ipse
1612 4250 2139 4323 manifestasset.
2172 4251 2297 4323 Sed
2350 4247 2897 4339 quandoquidem
2924 4236 2991 4310 ad
3014 4233 3130 4302 hunc

699 4334 928 4407 locum
982 4339 1282 4428 perveni,
1325 4339 1475 4409 volo
1524 4339 1608 4409 de
1656 4340 1786 4411 hoc
1837 4363 1960 4431 pro
2015 4340 2237 4411 hetico
2268 4339 2735 4416 tabernaculo,
2764 4350 2826 4406 et
2860 4333 2933 4402 de
2970 4334 3130 4410 ⁰1⁸⁰&

698 4445 877 4511 quae
908 4426 970 4494 ei
1016 4426 1385 4509 coaluerat,
1419 4428 1779 4516 quiddam,
1808 4452 1948 4518 quo
2028 4452 2066 4499 e
2105 4430 2308 4501 veteri
2346 4431 2594 4522 pendet
2618 4424 2996 4497 narratione,
3022 4408 3126 4478 hum
