3308 5004
197 386 388 453 AUG.
446 386 531 452 ⁴3
1033 407 1111 453 nn
1159 408 1217 454 s.
1268 407 1646 457 RADEGUNDE
1693 407 1928 456 aarum
2535 390 2663 456 309

197 490 307 560 vel
405 489 724 559 aululum
761 511 1015 581 corpus
1064 491 1302 562 reficit.
1359 497 1524 561 Cum
1569 493 1910 584 legeretur
1956 506 2213 574 autem,
2269 491 2388 562 illa
2437 492 2552 583 pia
2590 491 2752 562 soli-

199 581 344 650 citu
402 579 509 647 ine
543 580 937 648 animarum
980 593 1372 650 nostrarum
1429 604 1670 652 curam
1775 604 1997 662 erenS,
2048 582 2356 651 dicebat:
2419 582 2553 651 «Si
2613 602 2750 653 non

199 667 616 758 intelligitis,
670 667 852 755 quod
909 668 1196 760 legitur,
1249 691 1376 738 cur
1436 692 1573 740 non
1644 671 1907 742 scicite
1976 670 2326 758 requiritis
2386 671 2753 761 speculum

200 757 599 826 animarum
653 769 1028 827 vestrarum
1054 759 1124 826 ἲ»
1156 757 1348 841 Quod
1390 759 1450 828 si
1501 780 1626 850 pro
1676 758 2049 829 reverentia
2098 781 2234 829 non
2283 781 2493 829 ausae
2524 768 2754 830 essent

201 847 654 934 interrogare,
707 844 829 916 illa
878 860 1184 917 materna
1224 851 1394 917 cura
1452 862 1518 917 et
1576 848 1848 928 affectu,
1901 846 2083 935 quod
2142 847 2395 917 lectum
2451 861 2633 929 erat,
2677 847 2752 915 in

204 934 499 1004 salutem
549 934 943 1004 animarum
1011 936 1157 1006 suis
1210 935 1432 1006 verbis
1498 948 1564 1005 et
1631 936 2136 1026 praedicatione
2200 935 2542 1026 explicare
2612 957 2752 1005 non

205 1025 542 1104 cessabat,
594 1034 659 1091 et
690 1023 871 1093 sicut
914 1024 1068 1114 apis
1114 1046 1150 1093 e
1197 1024 1488 1095 diversis
1539 1025 1788 1095 florum
1841 1025 2209 1116 generibus
2259 1023 2392 1093 mel
2435 1024 2566 1096 sibi
2614 1022 2756 1094 col-

207 1112 384 1203 ligit,
434 1112 526 1180 ita
576 1110 697 1180 illa
744 1133 870 1181 sua
920 1113 1318 1182 invitatione
1351 1115 1554 1183 etiam
1605 1114 1840 1183 invitis
1887 1114 2194 1183 studium
2253 1112 2589 1182 retinendi
2638 1134 2757 1181 ex-

206 1201 592 1288 torquebat.
632 1201 958 1274 Noctibus
989 1202 1090 1271 vel
1132 1203 1345 1272 unius
1395 1202 1615 1292 spatio
1646 1203 1856 1272 horae
1903 1201 2022 1272 illa
2050 1223 2369 1271 somnum
2407 1211 2749 1291 captante,

206 1311 483 1379 semper
529 1310 758 1358 coram
809 1311 886 1359 ea
939 1290 1313 1381 legebatur.
1351 1295 1516 1361 Cum
1550 1303 1777 1361 autem
1817 1303 2086 1381 putaret
2130 1312 2209 1360 ea
2251 1289 2518 1377 quaele
2568 1289 2747 1370 ebat,

207 1378 400 1448 illam
435 1377 955 1458 obdormivisse,
983 1394 1048 1449 et
1079 1380 1434 1470 propterea
1460 1393 1756 1450 cessaret
1796 1379 2039 1470 legere:
2072 1378 2193 1449 illa
2235 1391 2457 1447 mente
2490 1382 2533 1448 C
2592 1378 2756 1447 risto

204 1469 495 1544 intenta,
529 1481 881 1552 tamquam
917 1467 1192 1544 diceret,
1226 1473 1273 1537 E
1325 1492 1363 1537 o
1394 1469 1687 1549 dormi0,
1722 1481 1786 1539 et
1815 1491 1933 1538 cor
1960 1490 2189 1537 meum
2232 1466 2488 1557 vigilat:
2532 1466 2760 1555 ajebat

208 1556 509 1656 legenti:
564 1560 697 1626 Cur
757 1558 982 1627 taces?
1042 1579 1246 1647 perge
1279 1492 1517 1648 legere
1564 1558 1714 1626 sine
1778 1557 2305 1628 intermissione.
2352 1555 2589 1625 Mediis
2638 1577 2759 1623 no-

204 1647 458 1723 ctibus,
497 1645 776 1731 quando
802 1645 1130 1736 surgendi
1179 1645 1414 1716 aderat
1447 1646 1637 1729 hora,
1687 1645 1843 1717 licet
1881 1647 2031 1735 ipsa
2056 1647 2204 1737 jam
2244 1666 2528 1714 cursum
2565 1666 2757 1714 com-

205 1733 552 1825 plevisset,
598 1746 663 1804 et
713 1736 819 1803 vix
866 1756 1189 1804 somnum
1234 1736 1598 1814 sensisset,
1656 1747 1969 1836 prompte
2036 1735 2362 1824 surgebat
2407 1754 2444 1801 e
2493 1745 2704 1802 strato
2735 1787 2752 1813 ,

205 1834 448 1913 parata
499 1821 584 1892 ad
629 1823 979 1894 servitium
1037 1829 1165 1892 Deo
1212 1822 1742 1912 dependendum
1778 1879 1794 1904 ,
1848 1823 2058 1911 idque
2104 1823 2338 1892 animo
2380 1820 2745 1909 jucund0‚

205 1924 285 1982 ut
335 1926 561 2001 posset
607 1912 834 1982 dicere
880 1934 1041 1981 cum
1101 1910 1380 1982 fiducia:
1443 1912 1663 1982 Media
1725 1924 1922 1982 nocte
1984 1912 2350 2003 surgebam
2402 1910 2487 1979 ad
2538 1908 2759 1979 confi-

208 1999 495 2069 tendum
554 2000 676 2070 tibi
727 2000 1035 2071 Domine.
1091 2006 1214 2070 Sae
1267 2022 1304 2070 e
1349 2013 1577 2070 autem
1634 2011 1700 2070 et
1747 2001 2051 2071 dormire
2109 2000 2252 2072 visa
2318 2013 2461 2079 est,
2514 2010 2579 2068 et
2626 1998 2758 2071 sub

208 2089 366 2178 ipso
413 2110 656 2178 sopore
689 2090 1053 2159 decantare
1095 2111 1217 2179 psa
1253 2112 1468 2170 mum,
1523 2101 1599 2158 ut
1665 2103 1840 2159 recte
1887 2102 1951 2159 et
2004 2112 2084 2158 ex
2131 2089 2501 2159 sententia
2531 2097 2761 2177 posset

207 2176 484 2246 dicere:
528 2179 870 2248 Meditatio
909 2179 1126 2247 cordis
1152 2180 1289 2246 mei
1317 2180 1389 2247 in
1425 2189 1773 2268 conspectu
1805 2190 1916 2247 tuo
1947 2201 2206 2269 semper
2247 2179 2388 2268 (Ps.
2433 2177 2570 2278 ⁴8).

297 2268 333 2352 ξ
382 2269 476 2335 θ.
532 2268 866 2336 Eximiam
898 2268 1049 2356 ejus
1089 2288 1251 2356 erga
1304 2267 1624 2336 mortales
1674 2289 1913 2336 omnes
1964 2266 2365 2336 charitatem
2417 2288 2575 2353 quis
2622 2286 2761 2335 un-

213 2376 424 2442 quam
472 2357 685 2439 possit
734 2355 1036 2425 imitari?
1081 2355 1456 2425 Elucebant
1504 2356 1571 2423 in
1624 2377 1703 2424 ea
1762 2355 2046 2426 virtutes
2093 2376 2367 2425 omnes:
2424 2353 2762 2423 modestia

128 2454 138 2460 '
208 2443 580 2533 conjuncta
610 2465 766 2513 cum
812 2442 1249 2524 verecundia,
1296 2444 1660 2535 prudentia
1708 2466 1865 2513 cum
1921 2443 2383 2535 simplicitate,
2437 2442 2762 2514 severitas

212 2554 376 2602 cum
430 2533 984 2613 mansuetudine,
1048 2533 1358 2603 doctrina
1407 2557 1566 2604 cum
1618 2533 2043 2603 humilitate:
2095 2532 2393 2621 denique
2433 2533 2566 2600 vita
2623 2531 2761 2600 im-

213 2619 582 2701 maculata,
636 2623 770 2691 vita
827 2623 897 2691 in
963 2644 1169 2709 quam
1226 2644 1360 2691 non
1427 2622 1701 2692 caderet
1746 2644 1817 2690 re
1873 2623 2230 2703 rehensiO,
2290 2621 2428 2691 vita
2485 2641 2760 2709 semper

209 2709 620 2795 aequabilis.
670 2710 849 2781 Adeo
900 2733 1054 2781 vero
1094 2732 1164 2781 se
1197 2711 1403 2781 rebus
1451 2712 1597 2781 suis
1627 2645 1955 2782 omnissus
1987 2710 2295 2790 nudavit,
2328 2724 2406 2779 ut
2444 2709 2501 2779 si
2540 2708 2757 2778 alicui

209 2819 293 2867 ex
343 2798 695 2867 sororibus
737 2799 973 2869 vinum
1015 2798 1166 2868 dari
1215 2800 1561 2882 voluisset,
1617 2822 1755 2869 non
1790 2812 1966 2870 esset
2013 2822 2183 2869 ausa
2231 2821 2268 2868 e
2306 2820 2432 2868 suo
2478 2797 2760 2867 cellario

208 2907 551 2977 promere.
607 2886 678 2955 Id
733 2888 854 2957 ubi
904 2889 1116 2958 sensit
1148 2888 1526 2970 Abbatissa,
1569 2888 1757 2959 dedit
1794 2890 1856 2958 ei
1886 2911 2002 2958 vas
2032 2887 2380 2975 quoddam
2430 2898 2580 2956 octo
2614 2906 2761 2955 mo-

207 2975 514 3054 diorum,
579 2975 762 3062 quod
815 2976 934 3045 illa
1009 2976 1336 3046 Felicitati
1413 2977 1939 3067 expendendum
2005 2976 2535 3046 commendavit.
2591 2973 2763 3044 Inde

207 3086 371 3133 vero
398 3086 433 3131 a
479 3063 825 3134 vindemia
860 3066 928 3134 in
962 3065 1378 3136 vindemiam
1417 3066 1665 3137 diebus
1696 3066 2017 3156 singuliS,
2052 3065 2476 3150 ubicumque
2522 3075 2764 3134 sancta

203 3152 555 3239 jussisset,
611 3152 923 3223 Felicitas
985 3156 1341 3244 promebat
1388 3156 1663 3235 vinum,
1718 3177 1843 3224 nec
1898 3167 2121 3224 tamen
2186 3155 2559 3241 quicquam
2609 3152 2761 3242 ejus

212 3241 670 3310 imminutum
720 3240 872 3324 fuit,
918 3242 1035 3314 sed
1077 3242 1314 3312 eadem
1367 3265 1637 3334 semper
1684 3244 1882 3334 copia
1931 3243 2333 3334 permansit.
2390 3246 2762 3329 Postquam

210 3351 470 3398 novum
521 3328 797 3398 advenit
843 3332 1107 3413 vinum,
1159 3345 1225 3400 et
1272 3331 1442 3401 cella
1494 3333 1755 3401 vinaria
1801 3331 2004 3423 plena
2051 3344 2217 3413 erat,
2271 3330 2389 3400 illa
2439 3352 2510 3399 se
2558 3330 2763 3399 satis-

209 3419 457 3488 fecisse
508 3418 848 3489 credebat.
914 3420 1126 3489 Citius
1173 3433 1400 3490 autem
1463 3444 1620 3493 vasa
1669 3421 1805 3491 alia
1872 3421 2496 3499 exhauriebantur‚
2547 3440 2760 3507 quam

209 3506 414 3581 illud.
461 3504 644 3594 quod
683 3508 751 3575 in
787 3508 1112 3579 omnibus
1149 3523 1423 3579 sanctae
1458 3510 1736 3598 parebat
1774 3509 2133 3579 voluntati.
2189 3508 2522 3579 Dominus
2548 3509 2761 3577 Jesus

208 3596 522 3682 quinque
572 3597 870 3685 panibus
929 3609 995 3666 et
1053 3597 1328 3668 duobus
1380 3598 1686 3687 piscibus
1735 3599 2045 3686 quinque
2108 3598 2470 3668 hominum
2536 3595 2763 3665 millia

211 3684 440 3773 pavit:
494 3695 559 3753 et
605 3683 755 3770 ejas
785 3684 1060 3765 ancilla,
1099 3686 1222 3755 ubi
1272 3686 1571 3774 aliquem
1608 3686 1919 3777 indigere
1957 3687 2150 3767 vidit,
2186 3709 2266 3755 ex
2326 3687 2455 3755 hoc
2490 3683 2763 3755 modico

213 3785 353 3841 toto
393 3794 575 3842 anno
610 3771 864 3844 refecit.
1666 3857 1678 3864 η

306 3862 343 3947 ξ
390 3865 546 3933 lo.
603 3866 760 3930 Erat
808 3882 1079 3951 semper
1130 3861 1214 3931 de
1257 3885 1422 3952 pace
1475 3862 1767 3943 solicita,
1806 3862 1891 3932 de
1926 3864 2184 3953 patriae
2223 3862 2445 3932 salute
2482 3860 2761 3932 curiosa

214 3960 283 4016 et
328 3949 550 4018 anxia.
606 3955 772 4020 Cum
836 3964 1073 4019 mutua
1114 3951 1290 4021 inter
1348 3974 1419 4021 se
1477 3974 1643 4041 pace
1703 3974 1911 4042 regna
1960 3952 2339 4042 gauderent
2378 3950 2520 4030 illa,
2572 3946 2761 4036 quod

215 4042 432 4128 Reges
479 4060 721 4108 omnes
769 4038 1128 4130 diligeret,
1188 4062 1307 4130 pro
1355 4041 1668 4110 omnium
1726 4042 1862 4110 vita
1910 4041 2120 4109 Deum
2230 4038 2590 4108 recabatur
2623 4091 2640 4118 ,
2693 4049 2760 4106 et

137 4187 140 4190 Α
210 4148 340 4196 nos
389 4128 539 4196 sine
573 4127 1081 4200 intermissione
1125 4151 1245 4219 pro
1281 4129 1560 4199 illorum
1612 4129 1834 4199 salute
1881 4140 1947 4198 et
2003 4128 2179 4198 stabi
2213 4128 2371 4196 itate
2411 4147 2606 4195 orare
2634 4124 2762 4194 do-

204 4217 433 4285 cebat.
495 4215 796 4285 Audiens
835 4240 989 4287 vero
1036 4231 1314 4289 mutuas
1355 4218 1533 4287 inter
1566 4224 1783 4309 Reges
1831 4229 2014 4287 ortas
2062 4215 2447 4286 simultates
2494 4226 2559 4284 et
2606 4213 2758 4283 ani-

205 4326 488 4373 morum
542 4304 967 4388 acerbitates,
1024 4317 1156 4376 tota
1205 4307 1669 4375 contremuit:
1724 4305 2139 4396 scripsitque
2188 4303 2638 4373 indissimiles
2670 4302 2762 4373 ad

206 4414 330 4461 eos
366 4391 622 4472 literas,
676 4394 933 4479 quibus
991 4394 1393 4465 hortabatur
1438 4416 1556 4463 eos
1605 4395 1950 4464 abstinere
1997 4394 2084 4463 ab
2132 4393 2346 4463 armis
2391 4407 2457 4463 et
2502 4391 2703 4463 bellis
2738 4447 2754 4473 ,

208 4502 456 4571 pacem
504 4481 965 4565 confirmare,
1022 4506 1106 4553 ne
1155 4483 1375 4574 patria
1442 4483 1715 4573 periret.
1771 4482 2122 4554 Scribebat
2180 4504 2453 4571 quoque
2518 4502 2759 4552 eorum
