3308 5004
129 347 298 414 AUG.
351 347 432 412 ⁴5
700 364 780 411 nx
826 362 1213 413 nonxmomt
1259 364 1538 414 nituiss.
1592 363 1766 412 vinc.
1820 364 2061 412 utinm:
2438 338 2565 411 337

130 454 280 519 Nam
327 453 458 517 Eva
506 447 813 536 quidem,
867 470 1045 536 quae
1091 471 1295 519 aures
1343 450 1663 540 praebuit
1711 449 1968 518 nuncio
2002 448 2363 540 serpentis,
2416 462 2482 519 et
2521 449 2656 519 ini-

132 537 280 607 mici
326 537 547 607 audiit
577 538 998 619 suasionem,
1034 550 1099 608 et
1145 538 1359 609 salsae
1397 538 1942 627 deceptricisque
1992 536 2360 627 voluptatis
2389 537 2654 609 insultu

129 625 246 695 fuit
290 625 569 695 delinita
621 626 988 708 sensibus,
1040 628 1293 718 accipit
1356 627 1764 697 sententiam
1827 626 2087 696 doloris
2132 640 2199 697 et
2252 626 2647 707 molestiae,

128 727 185 783 et
229 717 461 804 partus
508 715 695 784 subit
742 714 1015 786 dolores
1046 770 1061 798 ,
1111 728 1180 786 et
1245 738 1404 785 cum
1455 715 1714 786 Adamo
1775 715 2014 785 mortis
2060 714 2432 785 damnatur
2492 738 2658 807 sup-

128 802 342 892 plicio,
384 817 450 873 et
486 802 965 874 iminserorum
999 804 1379 875 collocatur
1415 804 1922 895 penetralibus.
1963 808 2156 873 Hanc
2186 817 2412 873 autem
2465 806 2658 875 omni

130 912 196 961 ex
227 904 411 982 parte
444 894 740 973 beatam,
777 914 957 980 quac
1003 915 1205 964 aures
1254 893 1614 963 inclinavit
1663 892 1778 963 Dei
1814 892 2042 973 verbo,
2101 903 2166 962 et
2214 891 2473 982 repleta
2526 893 2660 964 fuit

127 980 503 1069 operatione
551 982 895 1070 Spiritus,
954 996 1019 1051 et
1078 1004 1200 1072 per
1252 982 1661 1073 Archangeli
1710 982 2050 1072 hymnum
2104 981 2483 1071 spiritalem
2518 1036 2536 1062 ,
2592 995 2657 1052 et

126 1070 326 1139 Patris
370 1069 743 1151 voluntate,
790 1071 1052 1157 absque
1089 1071 1438 1162 voluptate
1484 1084 1549 1141 et
1598 1070 1722 1140 viri
1774 1071 2289 1159 conjunctione,
2342 1072 2657 1161 concepit

125 1159 341 1228 omnia
391 1159 794 1250 implentem
833 1159 947 1228 Dei
983 1160 1179 1229 Verbi
1211 1180 1601 1251 personam,
1642 1173 1710 1230 et
1742 1158 2052 1249 apposite
2102 1159 2365 1248 peperit
2393 1159 2654 1246 absque

126 1244 510 1332 doloribuS‚
573 1260 639 1317 et
688 1259 823 1317 tota
873 1252 1004 1318 Deo
1053 1248 1184 1318 fuit
1231 1250 1425 1319 unita
1456 1304 1472 1331 ,
1531 1248 1879 1336 quomodo
1942 1269 2125 1317 mors
2180 1247 2657 1319 devoraverit?

125 1336 464 1416 Quomodo
490 1337 921 1427 susceperint
952 1337 1153 1407 inferi
1175 1341 1206 1406 ‘P
1231 1336 1587 1421 Quomodo
1613 1336 1897 1407 audebit
1925 1337 2244 1406 interitus
2268 1336 2337 1405 in
2367 1358 2645 1428 corpuS,

126 1424 290 1509 quod
330 1426 538 1495 vitam
580 1425 936 1515 suscepit?
984 1430 1157 1497 Sunt
1205 1427 1373 1497 haec
1421 1426 1672 1508 aliena,
1717 1438 1782 1496 et
1819 1427 2105 1496 omnino
2153 1438 2415 1496 remota
2462 1449 2500 1495 a
2546 1425 2654 1495 di-

127 1512 266 1581 vina
299 1514 537 1583 anima
574 1528 640 1583 et
686 1535 996 1605 corpore.
1041 1520 1232 1585 Hanc
1281 1537 1468 1587 mors
1520 1527 1784 1585 tantum
1837 1515 2256 1605 adspiciens,
2308 1514 2649 1585 extimuit.

123 1602 275 1699 Ejus
305 1603 490 1672 enim
528 1602 751 1673 fllium
794 1625 1141 1696 aggressa,
1196 1603 1441 1674 didicit
1477 1626 1557 1675 ex
1594 1606 1681 1674 iis
1728 1626 1906 1692 quae
1954 1626 2157 1695 passa
2204 1614 2328 1674 est.
2368 1608 2446 1672 Et
2491 1625 2652 1673 cum

121 1710 260 1777 ipsa
305 1691 664 1763 didicisset
700 1694 1144 1782 experientia,
1197 1692 1328 1764 fuit
1373 1694 1731 1785 castigata.
1770 1694 1845 1763 Ei
1894 1693 2210 1763 clausum
2260 1692 2542 1779 quidem
2593 1705 2660 1763 et

121 1777 471 1870 obseptum
521 1779 653 1851 fuit
683 1781 811 1851 iter
849 1783 1192 1854 tenebrosi
1240 1782 1617 1853 descensus
1665 1781 2093 1852 inferorum:
2148 1794 2326 1851 recta
2380 1794 2606 1851 autem
2637 1836 2652 1850 .

122 1866 313 1955 plana
361 1883 431 1939 et
481 1870 637 1939 trita
685 1883 924 1961 parata
954 1882 1056 1941 est
1101 1872 1233 1953 via,
1268 1893 1447 1959 quae
1479 1872 1673 1942 ducit
1713 1871 1780 1940 in
1833 1870 2127 1941 coelum.
2174 1870 2241 1940 Si
2281 1871 2493 1951 enim,
2541 1871 2662 1941 Ubi

120 1977 229 2045 eqo
257 1980 430 2039 sum,
486 1961 633 2029 illic
680 1971 743 2030 et
795 1982 983 2030 meus
1035 1962 1340 2031 minister
1378 1963 1529 2041 erit,
1582 1961 1808 2047 inquit
1842 1961 2173 2039 Christus,
2226 1960 2347 2046 qui
2387 1973 2490 2028 est
2523 1959 2659 2028 vita

120 2058 177 2112 et
211 2048 499 2117 veritas:
553 2048 1140 2135 quemadmodum
1193 2071 1326 2119 non
1392 2063 1610 2120 mater
1667 2072 1825 2119 oum
1867 2071 1947 2118 eo
1999 2048 2387 2118 habitabit?
2426 2048 2659 2118 Prius-

119 2153 315 2217 quam
365 2135 675 2206 dolorem
715 2138 1064 2219 sensisset,
1106 2138 1415 2229 peperit:
1468 2140 1732 2226 absque
1770 2137 2003 2208 dolore
2034 2137 2164 2207 suit
2192 2137 2344 2225 ejus
2382 2159 2659 2225 quoque

120 2241 152 2288 e
178 2223 304 2291 vita
337 2246 686 2296 excessuS.
742 2231 919 2297 Mors
967 2240 1405 2317 peccatorum
1438 2241 1540 2298 est
1581 2227 1787 2296 mala.
1843 2231 1918 2295 In
1962 2248 2097 2313 qua
2147 2238 2375 2296 autem
2416 2227 2657 2296 mortis

121 2309 461 2410 stimulus,
499 2335 745 2416 nempe
778 2328 1158 2405 peccatum,
1196 2315 1326 2387 suit
1360 2330 1571 2387 morte
1598 2316 1907 2393 affectus,
1957 2315 2124 2403 quid
2154 2336 2304 2383 eam
2337 2315 2655 2385 dicemus

121 2396 321 2481 aliud,
359 2423 571 2489 quam
624 2415 799 2473 vitae
848 2405 1270 2494 principium
1305 2407 1629 2496 perennis
1662 2416 1727 2474 et
1763 2403 2066 2473 melioris
2091 2407 2122 2471 ⁶?
2159 2408 2326 2472 Vere
2371 2402 2654 2490 quidem

120 2491 505 2562 veneranda
536 2506 639 2563 est
685 2515 873 2563 mors
921 2507 1317 2565 sanctorum
1372 2495 1642 2565 Domini
1677 2516 1717 2563 a
1751 2493 1866 2563 Dei
1902 2492 2376 2584 potestatibus.
2432 2497 2657 2583 Longe

121 2590 335 2649 autem
376 2597 493 2650 m‘a
544 2582 602 2653 is
640 2583 1028 2653 veneranda
1085 2596 1186 2653 est
1226 2584 1458 2653 Matris
1509 2584 1621 2653 Dei
1681 2582 2024 2672 migratio,
2078 2587 2269 2651 Nunc
2319 2581 2657 2650 laetentur

119 2666 298 2763 coeli,
332 2682 401 2738 et
451 2604 787 2760 pfaudant
832 2671 1094 2764 Angeli.
1149 2678 1343 2743 Nunc
1383 2672 1637 2743 exultet
1670 2685 1872 2750 terra,
1926 2684 1990 2741 et
2031 2669 2486 2771 prae‘gaudio
2519 2669 2657 2769 exi7

121 2749 278 2825 liant
323 2758 667 2830 homines.
728 2766 924 2839 Nunc
975 2784 1136 2852 prae
1190 2761 1444 2831 laetitia
1494 2764 1763 2831 resonet
1810 2763 1927 2830 aer
1972 2759 2262 2829 canticls
2293 2813 2308 2839 ,
2361 2771 2426 2828 et
2475 2770 2655 2827 nocti

117 2841 439 2917 obscurae
480 2848 880 2920 auferantur
911 2861 1097 2920 atrae
1133 2849 1449 2921 tenebrae
1483 2862 1547 2920 et
1575 2849 1942 2931 deformes,
1994 2870 2211 2936 eaque
2261 2848 2396 2917 diei
2432 2847 2655 2948 splen-

118 2929 338 3005 dorem
382 2936 706 3008 alacriter
737 2939 1064 3021 imitetur,
1103 2939 1635 3031 procedentibus
1665 2961 1743 3007 ex
1776 2938 1934 3029 igne
1960 2937 2058 3007 sul
2112 2937 2372 3008 oribus.
2414 2942 2659 3006 Vivens

116 3021 282 3090 enim
326 3025 575 3096 civitas
618 3028 887 3096 Domini
931 3030 1047 3100 Dei
1098 3028 1520 3099 exercituum
1578 3028 1880 3097 sublime
1927 2961 2283 3106 attoffiitur,
2338 3037 2402 3095 et
2443 3030 2659 3115 Reges

116 3129 188 3176 ex
230 3114 494 3204 templo
543 3117 812 3186 Domini
861 3117 1197 3208 gloriosae
1245 3130 1310 3187 et
1360 3117 1647 3187 illustris
1698 3117 1884 3197 Sion,
1921 3116 2006 3185 ad
2052 3136 2423 3206 supernam
2458 3120 2658 3183 Jeru-

116 3197 342 3283 salem,
389 3225 574 3291 quae
605 3218 708 3275 est
748 3204 987 3289 libera,
1039 3220 1104 3277 et
1137 3228 1262 3276 sua
1314 3218 1866 3289 mater,.munus
1900 3204 2195 3274 offerunt
2243 3203 2661 3294 pretiosissi-

116 3305 321 3384 tnum,
362 3293 487 3379 qui
522 3307 688 3364 sunt
723 3296 1078 3365 constituti
1126 3295 1478 3386 principes
1516 3295 1603 3364 ab
1651 3296 1975 3365 universa
2032 3306 2253 3363 terra:
2308 3292 2653 3382 Apostoli,

119 3393 418 3465 mquam,
465 3383 580 3451 Dei
614 3388 892 3453 Matrem
932 3406 1205 3475 semper
1239 3384 1599 3486 virginem.

194 3469 229 3553 ἓ
275 3475 369 3541 8.
428 3476 575 3540 Non
627 3472 896 3543 videtur
942 3484 1170 3544 autem
1207 3473 1381 3543 mihi
1429 3473 1733 3543 alienum
1786 3494 1910 3562 pro
1944 3469 2206 3540 viribus
2239 3470 2673 3550 describere,

118 3564 176 3622 et
201 3555 426 3649 figura
458 3573 840 3649 utcumque
873 3564 1280 3652 exprimere,
1366 3584 1495 3632 uae
1524 3562 1612 3632 ab
1654 3560 1783 3631 hac
1818 3572 2256 3630 sacrosancta
2299 3560 2413 3628 Dei
2453 3565 2661 3629 Matre

119 3639 282 3716 facta
330 3662 504 3720 sunt
546 3651 923 3721 miracula:
977 3672 1153 3738 quac
1201 3673 1312 3720 mo
1364 3663 1547 3720 erate
1593 3662 1659 3720 et
1706 3649 1905 3720 valde
1943 3648 2417 3729 considerate,
2472 3648 2663 3717 filius

119 3749 389 3832 apati-e,
439 3751 517 3808 ut
557 3738 835 3822 dicitur,
870 3762 951 3810 ex
989 3739 1126 3810 alto
1173 3740 1457 3831 repetita
1503 3738 1921 3830 accepimus.
1963 3737 2208 3807 Videor
2252 3737 2439 3806 enim
2492 3736 2661 3836 milii

119 3821 333 3896 videre
398 3828 585 3898 hanc
631 3829 892 3899 sanctis
940 3829 1349 3900 sanctiorem
1388 3884 1404 3911 ,
1469 3841 1535 3898 et
1590 3827 1808 3899 sacris
1856 3827 2295 3897 sacratiorem
2332 3881 2347 3907 ,
2407 3836 2474 3895 et
2579 3846 2664 3893 us

125 3915 333 4005 magis
366 3917 587 4007 piam,
639 3917 915 3987 dulcem
967 3939 1264 3988 mannae
1310 3939 1588 3998 urnam,
1642 3929 1786 3998 aut,
1838 3927 1914 3985 ut
1963 3917 2192 3985 verius
2226 3914 2481 3994 dicam,
2547 3935 2665 3982 on-

124 4006 246 4097 tem
281 4058 296 4084 ,
356 4027 577 4096 super
623 4006 926 4095 aliquem
979 4006 1230 4077 lectum
1296 4007 1811 4077 recumbentem
1862 4005 1931 4073 in
2002 4004 2236 4073 divina
2282 4014 2348 4071 et
2408 4002 2668 4092 inclyta

121 4090 378 4163 civitate
429 4095 750 4166 Davidis:
805 4098 874 4164 in
925 4117 1065 4182 qua
1114 4095 1218 4164 lex
1267 4094 1546 4183 quidem
1602 4093 1734 4164 fuit
1783 4092 2066 4195 impleta
2114 4091 2664 4192 Prophetarum„

120 4185 575 4263 pronunciata
620 4197 741 4255 aut
769 4183 898 4255 fuit
931 4184 1038 4255 lex
1076 4183 1410 4275 spiritus:
1465 4183 1534 4251 in
1586 4205 1725 4272 qua
1767 4194 2071 4273 typicum
2097 4181 2366 4272 ‘pascha
2407 4193 2670 4270 peregit

121 4264 421 4342 Christus
465 4272 839 4364 legislator,
882 4286 948 4345 et
981 4295 1217 4344 verum
1255 4270 1536 4365 pascha,
1589 4273 1713 4361 qui
1750 4277 1925 4340 Deus
1956 4283 2060 4340 est
2105 4270 2354 4342 veteris
2401 4283 2466 4340 et
2515 4270 2671 4339 novi

121 4363 555 4444 testamenti,
619 4363 931 4434 tradidit:
984 4363 1056 4433 in
1107 4384 1244 4450 qua
1301 4381 1586 4430 coenam
1639 4360 1997 4449 mysticam
2055 4361 2203 4431 suis
2251 4359 2617 4450 discipulis
2649 4413 2664 4441 ,

124 4444 348 4531 Agnus
396 4452 538 4533 Dei,
581 4453 702 4540 qui
743 4452 988 4524 mundi
1026 4452 1200 4523 tollit
1235 4460 1619 4544 peccatum,
1658 4449 2052 4534 celebravit,
2099 4463 2163 4522 et
2191 4450 2291 4522 eis
2325 4450 2661 4540 seipsum,

280 4558 520 4620 surius
535 4591 560 4607 -
589 4561 750 4623 Vitae
774 4562 884 4625 88.
907 4593 933 4610 ·
953 4563 1080 4623 Vol.
1122 4559 1279 4624 vm.
2430 4563 2509 4620 22
