3308 5004
719 358 847 424 660
1338 373 1417 420 nt
1464 372 1521 422 s.
1575 369 1884 420 casamo
1931 368 2128 419 srtsc.
2161 339 2447 418 mnam.
2854 352 3050 420 AUG.
3101 354 3187 419 Ξῖ

627 459 1079 552 persuasione
1117 456 1481 528 subversi?
1527 459 1711 526 State
1761 477 1885 546 pro
1944 455 2319 526 animabus
2351 455 2593 526 vestris
2647 454 2736 525 ad
2776 455 3201 546 accipienda

624 551 834 619 verba
871 546 1371 617 adhortationis
1404 557 1702 628 nostrae,
1740 566 1956 647 eaque
2003 544 2387 615 auscultate
2425 545 2702 615 soliciti.
2741 550 2884 617 Non
2947 545 3200 617 licebit

626 637 698 707 id
748 636 941 706 vobis
981 636 1051 705 in
1088 635 1209 705 illo
1251 634 1588 708 tremendi
1609 633 1866 725 judicii
1913 633 2049 703 die.
2104 638 2341 703 Moneo
2386 645 2453 704 et
2488 633 2714 705 clamo
2765 646 2979 722 atque
3022 657 3196 707 con·

626 735 857 798 testor.
910 729 1004 796 Ne
1050 724 1226 806 sitis,
1260 724 1570 805 obsecro,
1613 722 1717 793 vel
1769 722 1990 804 surdi,
2045 721 2147 792 vel
2189 721 2489 814 profugi.
2534 723 2800 794 Auditis
2835 723 2983 793 oris
3059 725 3198 794 mei

625 814 1025 895 buccinam,
1094 812 1378 905 perinde
1424 812 1569 883 acsi
1616 812 1890 882 animas
1936 823 2197 882 vestras
2242 834 2372 883 suo
2421 833 2753 883 mucrone
2803 825 3008 882 satan
3078 814 3199 904 ju-

625 903 906 995 gularit.
960 908 1105 975 Non
1153 924 1278 993 ego
1324 901 1820 972 taciturnitatis
1868 922 2198 993 arguar.»
2231 904 2373 971 Hac
2398 900 2484 970 de
2512 923 2727 972 causa
2771 902 3198 991 saepissime

625 992 800 1064 ostia
847 991 1045 1063 lectis
1088 991 1502 1083 ‘Evangeliis
1557 990 1831 1060 occludi
1883 990 2141 1082 jussit,
2195 989 2415 1060 donec
2491 990 2788 1081 propitio
2814 995 2973 1072 Deo,
3060 993 3087 1061 i
3140 993 3196 1062 si

625 1080 1141 1183 gratularentur
1187 1103 1268 1151 ea
1312 1078 1728 1151 coercitione
1777 1100 1850 1149 se
1899 1078 2292 1171 profecisse,
2344 1079 2466 1168 qui
2514 1078 2825 1150 solebant
2869 1101 3040 1151 esse
3119 1104 3194 1151 u·

675 1182 844 1241 1t1v1.

624 1194 672 1263 g
713 1261 752 1348 ἐ
797 1263 942 1334 u.
996 1258 1360 1330 Constituit
1404 1269 1633 1328 autem
1698 1256 1904 1327 homo
1966 1256 2106 1338 Dei,
2152 1256 2442 1327 Domino
2492 1257 2560 1327 id
2610 1256 2712 1327 illi
2762 1258 3185 1360 inspirante,

625 1362 705 1419 ut
755 1369 889 1418 non
943 1347 1168 1419 solum
1222 1369 1475 1438 magna
1523 1345 1936 1416 Clericorum
1971 1345 2378 1434 frequentia,
2418 1345 2539 1416 sed
2584 1347 2789 1417 etiam
2827 1349 3188 1439 vlrginum

624 1437 883 1519 choris,
943 1436 1354 1507 Arelatensis
1400 1447 1766 1506 ornaretur
1831 1435 2125 1506 ecclesia
2156 1490 2171 1516 ,
2224 1446 2291 1504 et
2326 1435 2568 1510 civitas
2617 1436 3071 1506 muniretur:
3121 1450 3190 1506 ut

626 1526 727 1596 sic
762 1524 1039 1627 plenam
1075 1527 1399 1628 segetem,
1452 1546 1590 1594 non
1625 1523 1823 1595 deses
1869 1536 1934 1595 et
1987 1523 2457 1596 infructuosus
2504 1524 2831 1615 agricola,
2908 1525 2988 1595 in
3043 1548 3186 1596 coe·

624 1613 915 1684 lestibus
953 1614 1220 1684 horreis
1268 1615 1501 1683 vivens
1549 1612 1909 1694 conderet,
1979 1626 2045 1683 et
2089 1612 2458 1683 defunctus
2507 1614 2617 1684 sui
2663 1615 2974 1704 exempli
3035 1616 3180 1684 imi-

627 1703 884 1774 tatione
930 1702 1204 1773 doceret
1248 1704 1451 1773 etiam
1503 1700 1679 1778 alios
1728 1702 1797 1773 id
1846 1701 2093 1772 facere.
2134 1702 2263 1773 Sed
2306 1702 2434 1772 hac
2473 1702 2544 1772 in
2597 1725 2668 1780 re
2704 1717 3012 1774 conatus
3044 1705 3178 1790 ejus

626 1791 949 1863 nonnihil
998 1791 1368 1863 retardavit
1412 1789 1694 1862 invidus
1742 1799 2027 1882 serpens
2071 1803 2137 1862 et
2205 1791 2423 1862 hostis
2483 1791 2626 1862 anti
2678 1814 2837 1863 uus.
2905 1794 3176 1862 Francis

626 1881 811 1951 enim
862 1893 929 1950 et
996 1879 1614 1972 Burgundionibus
1688 1880 1934 1951 urbem
2008 1879 2531 1962 obsidentibus,
2598 1885 2645 1950 Α
2676 1881 2866 1950 arico
2919 1886 3103 1973 Rege
3140 1903 3174 1948 a

626 1969 1003 2040 fortissimo
1042 1969 1371 2041 clodoveo
1421 1990 1577 2059 rege
1626 1969 1694 2038 in
1745 1970 2074 2040 conflictu
2110 1982 2483 2061 perempt0‚
2536 1969 3013 2041 Theodericus
3059 1976 3169 2040 Ita·

629 2058 763 2128 liae
803 2064 964 2140 Rex,
1009 2058 1243 2128 missis
1289 2057 1588 2128 ducibus
1634 2058 1805 2141 suis,
1837 2059 1905 2128 in
1946 2081 2097 2129 eam
2138 2059 2563 2149 provinciam
2614 2060 2983 2150 ingressus
3012 2073 3159 2128 erat.

626 2151 706 2216 In
746 2147 877 2217 hac
909 2168 1072 2238 ergo
1120 2147 1502 2229 obsidione,
1541 2149 2064 2230 monasterium,
2100 2147 2286 2235 quod
2338 2147 2553 2218 sorori
2593 2149 2744 2239 ejus
2784 2160 2852 2218 et
2897 2149 3161 2218 caeteris

625 2235 1016 2326 virginibus
1047 2236 1601 2317 construebatur,
1636 2258 1887 2327 magna
1918 2259 1999 2306 ex
2034 2249 2225 2326 parte
2280 2235 2712 2307 destructum
2741 2250 2871 2319 est,
2925 2236 3158 2307 tabulis

626 2336 692 2394 et
738 2324 1135 2395 coenaculis
1166 2325 1622 2395 barbarorum
1654 2324 2002 2396 ferocitate
2034 2326 2323 2418 direptis
2347 2337 2411 2396 et
2440 2326 2719 2396 eversis.
2753 2332 2922 2396 Cum
2948 2338 3153 2395 autem

625 2414 731 2483 vir
779 2414 894 2496 Dei
945 2414 1246 2486 laborem
1298 2434 1503 2504 quem
1542 2412 1691 2505 ipse
1736 2413 2105 2484 accelerari
2146 2414 2492 2506 jussisset,
2551 2435 2822 2502 suaque
2871 2436 3055 2482 manu
3088 2422 3146 2480 et

626 2502 880 2574 sudore
930 2505 1401 2594 promovisset,
1438 2502 1685 2575 subrui
1734 2504 2013 2586 videret,
2067 2506 2345 2596 gemino
2395 2504 2697 2592 quodam
2751 2504 2963 2576 dolore
2999 2522 3133 2568 cor·

626 2607 865 2682 reptus
902 2605 1024 2663 est.
1063 2600 1235 2664 Tum
1269 2593 1454 2662 enim
1490 2591 1791 2683 Clericus
1838 2594 2148 2682 quidam,
2186 2594 2358 2664 civis
2389 2607 2454 2663 et
2500 2606 2838 2685 cognatus
2873 2591 3025 2677 ejus,
3064 2608 3134 2657 se

626 2693 907 2772 captum
958 2682 1044 2752 iri
1105 2694 1440 2761 metuens,
1484 2680 1779 2770 juveniti
1829 2682 2098 2752 levitate
2147 2694 2521 2773 permotus,
2597 2681 2785 2752 malo
2845 2681 3140 2750 daemone

630 2770 809 2840 beati
858 2770 988 2841 viri
1035 2770 1193 2840 odio
1224 2792 1385 2840 eum
1436 2769 1787 2853 incitante,
1852 2770 2165 2842 funiculo
2221 2794 2370 2841 sese
2419 2783 2627 2841 noctu
2673 2794 2713 2840 a
2762 2792 2960 2841 muro
2999 2766 3150 2837 sub·

627 2859 840 2941 misit,
882 2871 948 2930 et
998 2859 1308 2951 proxima
1357 2859 1508 2929 luce
1537 2859 1721 2930 ultro
1753 2882 1824 2930 se
1856 2860 2119 2931 dedidit
2168 2860 2503 2942 hostibuS,
2545 2860 2794 2931 urbem
2823 2858 3154 2931 obsidione

625 2949 1127 3039 prementibus,
1167 2947 1359 3031 Quod
1410 2947 1532 3018 ubi
1580 2949 1849 3031 Gotthi,
1902 2951 2023 3039 qui
2068 2962 2264 3019 erant
2310 2949 2491 3019 intra
2540 2948 2881 3040 oppidum
2916 3003 2934 3028 ,
2986 2969 3158 3017 com-

629 3048 999 3125 pererunt,
1072 3037 1443 3106 incurrunt
1506 3036 1574 3105 in
1648 3050 1966 3108 sanctum
2040 3039 2314 3109 virum:
2371 3038 2668 3129 populus
2738 3050 2805 3106 et
2852 3035 3163 3129 inprimis

621 3124 871 3195 Judaei
909 3125 1322 3215 impotenter
1369 3124 1729 3207 insultant,
1768 3139 2085 3215 motaque
2120 3127 2479 3208 seditione,
2538 3126 3007 3197 vociferantur
3054 3146 3163 3195 an-

627 3212 908 3284 tistitem
959 3214 1155 3286 urbis
1251 3212 1597 3284 rodendae
1641 3217 1854 3285 causa
1898 3216 2247 3286 concivem
2292 3237 2500 3287 suum
2550 3215 2634 3285 ad
2689 3215 2928 3286 hostes
2977 3227 3169 3285 noctu

626 3301 1008 3394 ablegasse.
1059 3302 1189 3374 Nul
1225 3325 1310 3373 us
1380 3302 1495 3372 hic
1543 3303 1755 3386 fidei,
1823 3304 2063 3375 nullus
2113 3304 2536 3394 probationi,
2591 3304 2833 3375 nullus
2881 3305 3173 3392 denique

626 3413 842 3482 purae
872 3392 1333 3462 conscientiae
1384 3391 1799 3481 relinquitur
1840 3392 2056 3473 locus,
2108 3393 2392 3465 Judaeis
2443 3393 2973 3483 praesertim·et
3019 3393 3167 3463 hae-

627 3479 857 3549 reticis
932 3482 1310 3572 procaciter
1354 3493 1420 3550 et
1466 3480 1615 3551 sine
1685 3481 2196 3554 intermissione
2254 3481 2743 3554 clamantibus.
2813 3487 3061 3573 Itaque
3102 3503 3175 3551 ex

623 3568 954 3639 ecclesiae
1000 3568 1207 3639 domo
1253 3570 1634 3641 extrahitur
1679 3571 1988 3652 antistes,
2063 3584 2269 3661 atque
2323 3572 2391 3642 in
2446 3571 2700 3663 palatio
2745 3573 3174 3645 arctissimae

622 3657 978 3729 custodiae
1015 3659 1332 3741 traditur,
1376 3672 1456 3729 ut
1495 3672 1702 3730 noctu
1749 3660 1819 3730 in
1873 3660 2285 3732 Rhodanum
2320 3661 2786 3752 demergatur,
2843 3674 2977 3733 aut
3008 3672 3178 3732 certe

621 3746 696 3816 in
725 3756 950 3819 castro
999 3747 1377 3838 Ugernensi
1411 3748 1518 3839 (a)
1562 3748 1993 3833 detineatur,
2047 3748 2266 3820 donec
2311 3747 2512 3819 exilio
2568 3748 2976 3833 mulctatus,
3035 3771 3177 3842 pro·

621 3833 900 3907 lixiores
959 3837 1073 3906 det
1130 3859 1404 3926 poenas.
1460 3844 1718 3909 Domus
1766 3840 1998 3928 itaque
2051 3837 2381 3909 ecclesiae
2426 3850 2493 3908 et
2538 3839 2956 3910 cubiculum
3005 3838 3176 3910 anti·

621 3925 801 3996 stitis
848 3925 934 3997 ab
982 3926 1426 3998 Arrianorum
1505 3927 1728 3998 turbis
1793 3939 2211 4019 occupatur:
2266 3927 2384 3998 sed
2447 3949 2604 4009 ecce
2661 3928 2832 3999 dum
2888 3929 3176 4001 Gotthus

620 4014 934 4102 quidam,
971 4016 1259 4086 caeteris
1307 4016 1966 4103 contradicentibuS,
2027 4017 2098 4085 in
2149 4017 2300 4119 ejus
2350 4016 2599 4088 lectulo
2647 4018 3036 4101 recumbit,
3081 4017 3178 4089 di·

619 4103 878 4174 vinitus
927 4105 1311 4196 percutitur
1343 4160 1358 4187 ,
1410 4117 1476 4176 et
1520 4105 1735 4175 altera
1783 4105 1894 4175 die
1960 4107 2225 4177 excedit
2285 4129 2323 4175 e
2371 4107 2543 4177 vivis
2577 4160 2592 4188 ,
2669 4128 2754 4177 ne
2799 4107 3173 4197 quisquam

621 4190 950 4284 deinceps
999 4194 1177 4266 servi
1223 4194 1357 4299 Dei·
1388 4193 1618 4265 locum
1669 4193 1931 4286 polluta
1976 4196 2404 4268 conscientia
2450 4194 2704 4267 violare
2741 4195 3072 4270 auderet.

677 4392 741 4434 tu)
776 4391 993 4438 Upon-num
1023 4390 1289 4440 antiquitus
1317 4393 1528 4433 castrum
1555 4390 1791 4441 Vanacini!
1812 4394 1862 4434 in
1883 4393 2062 4436 Notiti-
2082 4391 2345 4436 Gallitrum
2366 4394 2565 4436 collocat
2587 4392 2635 4436 in
2657 4392 2817 4443 insula
2833 4393 3068 4439 Rhoe-ni
3085 4393 3180 4437 Ger·

621 4437 740 4485 πίοι.
752 4443 897 4501 vulgo
913 4444 979 4482 La
999 4444 1173 4492 Verum.
1192 4444 1493 4486 mabillonius
1507 4447 1645 4495 Juxta
1658 4448 1939 4490 Strabonem
1952 4447 2204 4491 contituit
2222 4449 2301 4491 ubi
2322 4459 2448 4492 nunc
2462 4450 2593 4500 ,tacet
2607 4450 2721 4493 urb·
2740 4449 3035 4499 nemesus.
3055 4449 3178 4499 *dv

620 4493 861 4534 Romen-e
878 4497 1002 4537 mter
1021 4497 1308 4539 Nemausum
1330 4499 1515 4550 (Nem)
1538 4501 1586 4541 et
1604 4502 1929 4544 runconem.
