3308 5004
694 285 823 351 568
2828 280 3022 346 AUG.
3076 277 3175 345 23

1167 485 1291 589 DE
1355 486 1435 586 S.
1503 484 1909 586 SlDONlO
1980 483 2600 626 APOLLlNARl

1483 688 1950 756 ARVERNOR.
2007 688 2258 755 EPISC.

1075 883 1154 932 ax
1198 864 1375 932 Hist.
1433 866 1679 931 Franc.
1731 882 2027 931 aanoomr
2072 880 2389 931 Tononita.
2444 862 2557 931 lib.
2610 866 2676 930 2.

1276 1045 1464 1102 Obflt
1503 1056 1682 1101 anno
1723 1046 1851 1102 482
1892 1072 1968 1087 -·
2009 1044 2170 1103 Nat.
2216 1044 2486 1104 Gallus.

698 1197 734 1281 ξ
780 1199 858 1265 1.
911 1193 1243 1284 Migrante
1281 1191 1619 1282 Eparchio
1664 1195 2123 1263 Arvernorum
2170 1192 2206 1227 '⁵
2251 1197 2299 1262 E
2353 1192 2586 1282 iscopo
2615 1246 2631 1272 ,
2687 1191 3022 1263 Sidonius
3084 1216 3171 1264 ex

610 1281 952 1353 Praefecto
1000 1281 1445 1352 substituitur
1473 1335 1489 1360 ,
1544 1281 1647 1350 vir
1694 1280 2076 1352 secundum
2144 1282 2360 1352 secui
2404 1280 2811 1382 dignitatem
2862 1281 3170 1353 nobilis-

610 1373 832 1443 simus
862 1425 878 1450 ‚
928 1382 993 1441 et
1039 1369 1125 1440 de
1182 1369 1424 1459 primis
1472 1368 1851 1440 Galliarum
1921 1370 2415 1442 senatoribus:
2480 1384 2573 1440 ita
2619 1383 2697 1441 ut
2745 1370 2961 1440 filiam
3021 1372 3164 1443 sibi

609 1460 778 1530 Aviti
827 1459 1266 1549 Imperatoris
1315 1459 1383 1528 in
1451 1459 1890 1529 matrimonio
1936 1459 2250 1529 sociaret.
2303 1459 2531 1547 Hujus
2580 1473 2883 1548 tempore
2914 1513 2932 1539 ,
2984 1483 3163 1531 cum

610 1549 839 1620 adhuc
869 1547 1055 1639 apud
1088 1547 1328 1619 urbem
1363 1551 1728 1618 Arvernam
1782 1548 2144 1628 Victorius,
2187 1549 2392 1636 cujus
2424 1570 2638 1648 supra
2669 1548 3158 1631 meminimus,

613 1649 1044 1718 moraretur,
1100 1636 1231 1707 fuit
1277 1637 1348 1706 in
1396 1636 1814 1707 monasterio
1862 1636 2039 1707 beati
2088 1642 2132 1706 C
2187 1636 2312 1707 rici
2372 1636 2568 1708 urbis
2613 1637 2837 1726 ipsius
2882 1637 3156 1719 Abbas,

608 1726 948 1798 Abraham
1001 1726 1301 1806 nomine,
1357 1725 1481 1813 qui
1513 1724 1648 1794 fide
1693 1738 1897 1812 atque
1932 1725 2121 1816 operi
2180 1749 2262 1796 us
2292 1725 2600 1796 Abrahae
2649 1725 2841 1796 illius
2898 1727 3161 1816 prioris

611 1815 1015 1904 refulgebat,
1055 1814 1232 1885 sicut
1278 1814 1346 1883 in
1393 1813 1567 1884 libro
1600 1814 1774 1884 vitae
1803 1815 1955 1903 ejus
2001 1814 2438 1905 scripsimus.

699 1907 737 1991 ξ
787 1910 877 1976 ².
931 1908 1222 1973 Sanctus
1250 1924 1407 1974 vero
1437 1902 1764 1973 Sidonius
1791 1916 2017 1974 tantae
2045 1903 2410 1974 facundiae
2436 1915 2604 1984 erat,
2639 1916 2714 1974 ut
2746 1901 3164 1993 plerumque

612 1992 1070 2082 eximproviso
1109 1991 1657 2063 luculentissime
1686 2014 1864 2079 quae
1891 1992 2239 2073 voluisset,
2284 1992 2477 2063 nulla
2523 1992 2899 2064 obsistente
2933 1996 3156 2071 mora,

614 2093 1075 2170 componeret.
1129 2081 1421 2172 Contigit
1465 2093 1691 2151 autem
1743 2081 2043 2168 quadam
2093 2081 2205 2152 die
2234 2135 2252 2163 ,
2306 2094 2381 2152 ut
2419 2081 2504 2151 ad
2547 2081 2982 2152 festivitatem
3036 2082 3159 2154 ba-

615 2171 850 2244 silicae
898 2170 1317 2251 monasterii,
1370 2170 1572 2259 cujus
1620 2193 1705 2241 su
1760 2192 1835 2241 ra
1883 2170 2357 2252 meminimus,
2409 2171 2738 2240 invitatus
2768 2170 3149 2251 accederet,

612 2259 977 2346 ablatoque
1034 2258 1166 2331 sibi
1217 2260 1526 2347 nequiter
1563 2258 1703 2330 libe
1734 2259 1798 2329 lo
1827 2315 1844 2342 ,
1898 2281 2021 2350 per
2065 2280 2272 2347 quem
2334 2272 2768 2330 sacrosancta
2815 2258 3156 2330 solemnia

613 2371 814 2440 agere
859 2362 1325 2430 consueverat,
1379 2349 1438 2419 is
1487 2348 1579 2418 ita
1615 2362 1898 2437 paratus
1926 2371 2007 2418 ex
2041 2361 2347 2439 tempore
2394 2361 2721 2420 cunctum
2765 2347 3153 2418 festivitatis

612 2460 789 2529 opus
825 2438 1178 2529 explicuit,
1231 2451 1312 2509 ut
1354 2437 1443 2508 ab
1489 2437 1817 2510 omnibus
1868 2438 2278 2520 miraretur,
2325 2459 2451 2509 nec
2499 2449 2855 2529 putaretur
2891 2436 2984 2509 ab
3032 2437 3156 2508 ad-

613 2527 979 2609 stantibuS‚
1033 2527 1383 2598 hominem
1424 2526 1520 2596 ibi
1570 2526 1874 2597 locutum
1924 2526 2186 2607 fuisse,
2238 2526 2356 2597 sed
2408 2527 2768 2618 Angelum.
2828 2527 3028 2609 Quod
3084 2529 3155 2597 in

618 2616 1033 2708 praefatione
1084 2616 1264 2697 libri,
1315 2637 1520 2703 quem
1563 2615 1648 2686 de
1690 2615 1914 2687 Missis
1954 2616 2041 2687 ab
2080 2637 2158 2686 eo
2191 2617 2590 2707 compositis
2622 2616 3151 2705 conjunximus,

619 2706 892 2797 plenius
929 2704 1456 2775 declaravimus.

701 2798 855 2882 §a
909 2796 1074 2864 Cum
1110 2808 1337 2865 autem
1373 2805 1550 2865 esset
1576 2794 1987 2884 magnificae
2012 2793 2417 2875 sanctitatis,
2449 2808 2676 2881 atque,
2707 2807 2785 2865 ut
2814 2794 3144 2874 diximuS,

613 2907 694 2954 ex
719 2883 1161 2954 senatoribus
1183 2882 1451 2974 primiS,
1485 2882 1894 2973 plerumque
1920 2883 2262 2954 nesciente
2286 2883 2609 2973 conjuge,
2636 2905 2796 2954 vasa
2825 2896 3141 2973 argentea

614 2971 966 3043 auferebat
997 2993 1039 3042 a
1075 2971 1303 3053 dom0,
1355 2984 1422 3042 et
1462 2972 1887 3061 pauperibus
1931 2972 2277 3062 erogabat.
2317 2972 2509 3055 Quod
2550 2972 2667 3043 illa
2698 2995 2863 3042 cum
2896 2991 3139 3059 cogno-

613 3072 852 3141 sceret,
907 3059 1504 3131 scandalizabatur
1563 3060 1631 3130 in
1682 3083 1891 3131 eum:
1945 3062 2064 3132 sed
2115 3074 2341 3133 tamen
2402 3061 2561 3133 dato
2598 3062 2840 3152 egenis
2888 3058 3089 3150 pretio
3120 3112 3139 3139 ,

616 3148 879 3240 speeies
904 3148 1144 3219 domui
1185 3150 1605 3221 restituebat.
1641 3154 1949 3237 Cumque
1980 3150 2067 3221 ad
2099 3149 2403 3222 officium
2438 3150 2877 3221 Dominicum
2910 3148 3153 3219 fuisset

618 3239 1078 3327 mancipatuS,
1108 3250 1174 3309 et
1205 3252 1510 3309 sanctam
1541 3262 1579 3308 a
1629 3251 1772 3309 eret
1803 3239 1872 3308 in
1901 3238 2136 3309 seculo
2159 3239 2394 3320 vitam,
2432 3251 2885 3310 surrexerunt
2914 3250 3155 3308 contra

616 3348 775 3397 eum
817 3325 958 3397 duo
996 3328 1402 3418 Presbyteri,
1439 3341 1504 3397 et
1541 3262 1770 3398 ablata
1803 3329 1869 3397 ei
1900 3328 2091 3399 omni
2127 3341 2453 3420 potestate
2483 3351 2525 3399 a
2558 3328 2764 3399 rebus
2793 3327 3151 3408 ecclesiae,

615 3426 884 3487 arctum
912 3416 973 3487 ei
1002 3417 1255 3489 victum
1287 3429 1354 3487 et
1385 3428 1657 3487 tenuem
1699 3415 2186 3505 relinq-uenteS,
2216 3416 2303 3488 ad
2338 3439 2689 3488 summam
2722 3438 2883 3487 eum
2912 3428 3159 3488 contu-

622 3504 896 3575 meliam
931 3505 1363 3607 redegerunt.
1424 3504 1551 3576 Sed
1601 3527 1738 3576 non
1789 3504 1979 3598 longi
2034 3507 2361 3597 temporis
2400 3506 2623 3597 spatio
2661 3506 2954 3577 inultam
3005 3506 3161 3595 ejus

617 3594 950 3683 injuriam
989 3594 1224 3663 divina
1275 3594 1486 3665 voluit
1533 3594 1872 3666 sustinere
1898 3596 2292 3666 clementia.
2344 3601 2512 3668 Nam
2555 3616 2744 3666 unus
2779 3618 2864 3665 ex
2896 3595 3007 3666 his
3041 3615 3161 3664 ne-

666 3683 976 3755 uissimis
1003 3697 1069 3752 et
1109 3682 1417 3773 indignis
1459 3684 1897 3775 presbyteriS,
1949 3707 2109 3755 cum
2150 3697 2309 3756 ante
2346 3699 2611 3756 noctem
2656 3684 2962 3755 minatus
2992 3704 3161 3753 eum

646 3773 858 3844 uisset
884 3770 970 3842 de
999 3770 1288 3858 ecclesia
1329 3770 1498 3842 velle
1542 3774 1918 3854 extrahere,
1954 3773 2236 3863 signum
2277 3773 2363 3845 ad
2408 3774 2825 3845 matutinum
2861 3772 3161 3843 audiens

614 3860 828 3932 fuisse
860 3872 1307 3940 commotum,
1351 3860 1617 3933 fervens
1654 3862 1834 3943 felle,
1870 3874 2109 3932 contra
2142 3874 2457 3933 sanctum
2498 3863 2610 3934 Dei
2659 3861 2976 3943 surrexit,
3028 3861 3165 3932 hoc

611 3950 857 4038 iniquo
902 3949 1110 4020 corde
1155 3949 1425 4042 explere
1471 3952 1808 4041 cogitans,
1850 3950 2034 4039 quod
2070 3950 2182 4021 die
2223 3951 2675 4042 praecedente
2724 3963 3157 4022 tractaverat.

614 4043 980 4130 Ingressus
1008 4051 1239 4111 autem
1293 4040 1362 4110 in
1412 4061 1761 4111 secessum
1800 4061 2037 4121 suum,
2075 4039 2248 4110 dum
2299 4053 2601 4112 ventrem
2646 4062 2944 4141 purgare
2990 4039 3163 4109 niti-

613 4139 769 4211 tur,
822 4128 1146 4220 spiritum
1194 4128 1557 4199 exhalavit.
1620 4129 2032 4219 Expectabat
2083 4128 2270 4198 enim
2315 4151 2489 4220 puer
2543 4129 2711 4199 foris
2746 4151 2906 4199 cum
2957 4148 3160 4199 cereo

612 4215 977 4289 dominum
1023 4238 1493 4308 egressurum.
1540 4223 1841 4306 Jamque
1886 4218 2255 4289 advenerat
2301 4217 2419 4288 lux
2452 4273 2471 4301 ,
2521 4231 2588 4288 et
2632 4217 2903 4289 satelles
2952 4219 3105 4309 ejus
3136 4271 3155 4299 ,

667 4377 693 4405 ’θ
722 4377 974 4419 clermont.
1002 4378 1216 4420 Alterum
1246 4377 1401 4421 Sancti
1431 4390 1602 4421 nomen
1630 4379 1950 4431 expressimus
1980 4389 2074 4433 quo
2093 4379 2265 4423 melius
2285 4378 2603 4432 distinguatur
2622 4391 2648 4422 a
2666 4380 2855 4423 Sldonio
2873 4380 3061 4427 (suo-'ne
3079 4378 3161 4418 vel

613 4429 875 4483 Glauci-so)
893 4432 1044 4481 Epioe.
1064 4433 1271 4482 aquensi
1290 4432 1415 4485 (Δίαν)
1429 4443 1618 4481 coaevo.
1636 4432 1719 4484 qui
1738 4436 1788 4476 et
1805 4435 1913 4477 hod.
1936 4435 1986 4476 tn
2006 4435 2245 4485 martyrol.
2268 4436 2389 4476 Gall.
2407 4436 2649 4477 recolitur.
