3308 5004
661 286 747 352 44
1514 302 1591 348 na
1639 300 1732 348 ss.
1786 299 2186 349 memmius
2845 284 3033 350 AUG.
3087 286 3114 350 4

572 387 952 457 affectionis
979 386 1253 457 vinculo
1287 407 1548 455 memor
1578 400 1906 475 partuum
1946 386 2324 456 tenebatur.
2357 385 2427 455 Si
2450 386 2633 455 enim
2665 390 2814 468 nos,
2842 388 2966 474 qui
3001 388 3128 459 viri

570 498 842 557 sumuS,
897 478 1288 563 frequenter
1333 496 1493 545 cum
1546 476 1864 545 videmus
1911 497 2102 544 reum
2158 497 2276 564 per
2308 476 2533 544 forum
2583 475 2750 545 duci
2786 477 3124 548 refrenato

569 587 688 636 ore
735 567 805 636 in
860 566 1099 637 mort-is
1145 564 1684 644 damnationem,
1738 577 1805 633 et
1851 586 2010 634 eum
2063 564 2373 633 trahente
2420 564 2790 646 carnifice,
2841 565 2927 636 de
2980 567 3128 638 solo

568 656 721 745 ejus
759 668 1042 747 aspectu
1088 653 1500 743 frangimur,
1545 676 1705 737 cum
1759 665 1985 723 tamen
2050 652 2503 723 sufficientem
2570 654 2910 725 habemus
2957 677 3130 725 con-

571 745 974 816 solationem
1025 766 1105 813 ex
1172 744 1322 834 ipsa
1387 742 1849 811 conscientiae
1897 744 2285 823 securitate,
2328 764 2465 829 qua
2526 743 2614 812 ab
2671 742 2861 813 illius
2910 747 3134 835 poena

573 833 819 904 mortis
845 826 1349 903 discernimur:
1403 830 1603 900 facile
1638 830 1863 900 metiri
1915 853 2291 921 possumus
2338 831 2506 918 quid
2555 831 2675 901 illa
2728 834 3126 922 pertulerit,

618 945 747 993 uae
796 944 931 992 non
967 944 1160 992 reum
1193 921 1495 1007 aliquem
1527 933 1592 988 et
1639 932 2067 1000 extraneum,
2121 933 2187 990 et
2244 920 2687 990 damnatione
2726 924 3133 994 commerita

570 944 732 1082 duci
780 1011 1076 1092 videbat,
1113 1009 1532 1100 sed‘septem
1587 1007 1766 1078 filios
1816 1008 2023 1078 simul
2074 1009 2142 1077 in
2190 1031 2329 1079 una
2376 1009 2489 1078 die
2539 1032 2684 1078 non
2727 1011 2856 1080 ista
2909 1027 3130 1083 morte

570 1100 935 1181 consumi,
990 1100 1108 1169 sed
1175 1098 1385 1167 variis
1435 1097 1727 1168 laniatos
1801 1097 2039 1188 poenis
2092 1097 2363 1168 videbat
2421 1098 2739 1168 interfici.
2808 1101 2878 1170 Si
2941 1102 3132 1171 enim

572 1188 845 1280 lapidea
874 1189 1157 1277 quidem
1188 1187 1454 1266 fuisset,
1499 1199 1563 1255 et
1593 1187 1653 1256 si
1688 1186 1948 1256 viscera
1978 1186 2343 1257 adamante
2381 1202 2741 1278 compacta
2774 1190 3125 1279 gessisset:

572 1279 666 1347 ita
713 1278 885 1347 forte
943 1277 1277 1368 potuisset
1337 1277 1750 1346 inconcussa
1797 1274 2114 1355 durare,
2190 1288 2258 1345 et
2306 1276 2478 1345 nihil
2529 1299 2765 1347 eorum
2820 1279 3075 1349 sentire
3107 1335 3124 1363 ,

567 1389 744 1453 quae
777 1379 842 1435 et
878 1366 1237 1436 mulierem
1273 1376 1338 1434 et
1373 1377 1659 1433 matrem
1703 1364 1986 1453 perpeti,
2037 1365 2139 1433 vis
2188 1365 2339 1455 ipsa
2380 1378 2667 1435 naturae
2764 1366 3129 1455 ietatisque

567 1455 876 1546 cogebat.
918 1456 1221 1540 Denique
1266 1454 1514 1543 cogita,
1557 1455 1905 1539 quomodo
1953 1452 2385 1524 admiremur
2415 1456 2714 1525 Patriarc
2768 1478 2880 1525 am
2917 1458 3134 1527 Abra-

571 1544 757 1626 ham,
791 1543 974 1632 quod
1025 1543 1249 1613 fllium
1299 1565 1507 1613 suum
1544 1542 1838 1612 offerens
1871 1547 2027 1617 Deo.
2079 1543 2229 1633 ipse
2265 1544 2478 1613 vinxit
2505 1544 2573 1612 in
2626 1558 2966 1634 apparatu
3007 1547 3139 1616 ho-

570 1633 739 1702 stiae
789 1655 1040 1703 manus
1072 1632 1246 1722 ejus
1289 1630 1632 1733 pedesque
1676 1632 2186 1721 constringenS,
2249 1644 2315 1701 et
2362 1654 2520 1701 eum
2576 1647 2857 1723 paterna
2908 1658 3131 1707 manu

572 1721 1083 1793 immolandum
1112 1720 1312 1790 altari
1347 1719 1707 1810 imposuit,
1751 1732 1817 1789 et
1843 1720 2190 1809 sapienter
2222 1720 2618 1791 conferens:
2653 1737 2817 1792 tunc
2867 1723 3136 1795 videbis

567 1824 825 1898 quanta
860 1810 1176 1881 mulieris
1227 1809 1434 1896 hujus
1486 1809 1700 1877 virtus
1747 1809 2059 1910 egtiterit.

570 1942 573 1947 >
655 1902 692 1987 ξ
739 1904 820 1971 S.
874 1904 925 1970 Ο
973 1898 1488 1969 amarissimum
1543 1896 1742 1978 illud,
1782 1898 1991 1967 simul
2040 1911 2105 1966 et
2135 1897 2627 1968 dulcissimum
2684 1902 2923 1970 matris
2969 1924 3133 1990 spe-

569 1989 959 2057 ctaculum:
1011 2010 1050 2057 o
1096 1987 1615 2057 amarissimum
1679 1986 1960 2073 quidem
2031 2001 2307 2076 propter
2356 2000 2673 2058 naturam
2741 1990 3131 2061 affectionis

568 2076 938 2156 humanae,
977 2089 1043 2146 et
1077 2090 1352 2167 propter
1399 2075 1712 2164 ipsorum
1752 2074 1998 2145 faciem
2043 2088 2585 2146 tormentorum:
2625 2077 3126 2151 dulcissimum

567 2187 722 2235 vero
822 2179 1050 2257 ropter
1085 2166 1400 2235 virtutem
1452 2163 1641 2243 fidei,
1695 2186 1833 2250 qua
1880 2164 2349 2235 delectabatur
2392 2164 2933 2237 domesticarum
2966 2191 3130 2257 spe-

565 2266 764 2324 ctacu
794 2276 834 2324 o
887 2255 1285 2345 passionum
1316 2276 1332 2321 :
1370 2275 1506 2340 quo
1535 2253 1822 2343 impiam
1861 2254 2176 2355 sacrilegi
2222 2255 2405 2345 regis
2438 2255 2920 2335 crudelitatem
2954 2280 3129 2327 con-

566 2340 772 2413 fessio
798 2343 1098 2434 gloriosa
1127 2342 1466 2412 vincebat.
1499 2343 1687 2411 Unde
1719 2341 2091 2412 fortissima
2126 2342 2243 2411 illa
2272 2357 2488 2417 mater
2516 2365 2649 2414 non
2674 2343 3133 2434 frangebatur

566 2432 961 2523 spectaculo
1008 2433 1378 2502 orbitatum
1431 2453 1746 2514 suarum,
1793 2431 1910 2501 sed
1954 2432 2509 2501 confortabatur:
2560 2433 2726 2520 quia
2778 2455 2912 2504 non
2968 2457 3132 2527 pro-

564 2523 888 2591 fluentem
947 2544 1185 2593 eorum
1237 2522 1652 2611 sanguinem
1718 2521 2190 2611 adspiciebat‚
2242 2520 2359 2591 sed
2413 2522 2638 2613 magis
2697 2522 2784 2592 ad
2835 2545 3134 2597 coronas

564 2633 829 2692 eorum,
885 2634 1060 2699 quae
1110 2611 1514 2681 texebantur
1548 2610 1615 2678 in
1650 2609 1860 2679 coelis
1911 2611 2168 2679 intenta
2218 2609 2589 2700 gaudebat.
2642 2617 2784 2682 Non
2854 2613 3133 2685 videbat

536 2699 651 2769 ‘ad
704 2699 1211 2790 receptaculum
1264 2698 1641 2788 temporale
1688 2699 1916 2768 cavari
1968 2711 2227 2786 petram
2270 2699 2712 2789 sepeliendis,
2747 2702 2911 2789 quia
2964 2724 3132 2792 pro-

564 2788 840 2858 videbat
886 2801 1161 2857 aeterna
1206 2788 1560 2866 aedificari
1616 2786 2061 2856 tabernacula
2115 2788 2557 2858 coronandis.
2611 2794 2753 2859 Non
2805 2792 3132 2863 conside-

564 2877 761 2945 rabat
831 2877 1362 2947 circumstantes
1439 2875 1734 2966 populos
1771 2930 1786 2955 ,
1840 2876 2008 2962 quia
2057 2876 2330 2946 videbat
2396 2877 2748 2948 adstantes
2809 2880 3122 2970 angelos.

565 2964 790 3035 Oblita
836 2977 940 3034 est
983 2964 1256 3034 dolores
1296 2977 1619 3054 partuum
1686 2985 1999 3045 suorum,
2063 2966 2477 3055 contempsit
2534 2981 2851 3037 naturam
2917 2991 3129 3040 sexus

565 3053 701 3132 sui,
758 3075 881 3123 nec
924 3074 1189 3123 memor
1247 3053 1450 3123 etiam
1505 3054 1898 3135 senectutiS,
1956 3055 2505 3142 ipsam0quoque
2563 3070 2851 3126 naturae
2891 3069 3131 3146 tyran-

565 3141 796 3211 nidem
848 3143 1082 3212 animo
1120 3155 1492 3233 superante
1538 3140 1863 3211 calcavit:
1927 3155 2216 3212 naturae
2246 3143 2600 3233 (inquam)
2651 3146 3120 3236 tyrannidem,

613 3252 740 3300 uae
770 3243 837 3301 et
866 3231 1244 3302 bestiarum
1293 3230 1631 3299 feritatem
1681 3230 2004 3321 subigere
2050 3233 2431 3301 consuevit.
2486 3237 2701 3322 Saepe
2749 3235 2935 3305 enim
2991 3234 3129 3305 dif-

562 3253 782 3389 genes
831 3320 986 3411 capi
1045 3318 1337 3400 belluae,
1393 3340 1512 3409 per
1558 3340 1865 3389 amorem
1935 3332 2160 3389 tamen
2213 3342 2380 3391 suae
2428 3322 2684 3392 sobolis
2713 3325 3116 3414 capiuntur.

566 3413 739 3478 Dum
767 3408 954 3478 enim
996 3420 1315 3479 natorum
1348 3429 1634 3477 suorum
1666 3406 2100 3479 dilectionem
2157 3409 2330 3480 vitae
2362 3433 2528 3480 suae
2561 3412 2977 3502 praeferunt,
3024 3414 3124 3486 ita

562 3498 811 3567 affectu
862 3497 1132 3588 pietatis
1164 3496 1482 3567 incautae
1512 3497 1583 3564 in
1625 3519 1875 3566 manus
1916 3497 2236 3568 incidunt
2285 3512 2711 3569 venatorum:
2755 3502 2875 3588 qui
2925 3502 3127 3592 prius

562 3585 829 3657 catulos
860 3608 1100 3657 eorum
1135 3599 1496 3667 venantur,
1535 3599 1612 3655 ut
1644 3607 1768 3743 per
1800 3586 2183 3657 affectionis
2218 3588 2682 3677 captivitatem
2724 3590 3129 3678 perveniant

562 3673 646 3744 ad
682 3687 1474 3766 captui-amparemum.
1536 3680 1638 3745 Nu
1671 3674 1817 3745 lum
1877 3687 1981 3745 est
2027 3675 2313 3757 animal,
2370 3699 2494 3747 nec
2547 3677 2639 3747 ita
2704 3678 3064 3748 infirmum
3103 3735 3121 3762 ,

562 3764 750 3852 quod
787 3785 925 3834 non
975 3786 1098 3854 pro
1139 3762 1306 3833 filiis
1374 3763 1523 3835 suis
1580 3762 2026 3833 defensandis
2094 3764 2305 3835 robur
2353 3779 2701 3836 assumat:
2760 3773 2982 3856 neque
3029 3769 3128 3840 ita

562 3866 1032 3934 mansuetum,
1085 3852 1270 3940 quod
1307 3852 1614 3943 abreptis
1642 3852 1896 3922 catulis
1935 3875 2072 3922 non
2114 3854 2458 3934 irritetur,
2511 3867 2576 3925 et
2623 3855 2956 3928 adversus
3012 3879 3126 3926 ra·

561 3943 861 4031 pientem
902 3955 1163 4028 quanta
1198 3954 1414 4032 potest
1468 3942 1717 4011 virtute
1753 3941 2127 4012 desaeviat.
2168 3942 2295 4012 Sed
2356 3942 2558 4012 istam
2603 3957 2813 4015 totam
2865 3947 3117 4036 ipsam,

559 4043 625 4100 et
675 4052 795 4121 per
824 4031 1144 4103 homines
1204 4030 1672 4110 rationabileS,
1717 4042 1783 4099 et
1832 4051 1954 4120 per
2005 4030 2337 4101 animalia
2386 4032 2894 4105 irrationabilia
2968 4036 3121 4125 pari

548 4117 711 4208 jure
805 4133 1169 4201 orrectam,
1205 4132 1413 4208 atque
1458 4119 1787 4189 diffusam
1844 4131 2129 4189 naturae
2166 4120 2604 4210 tyrannidem
2669 4122 2833 4193 fidei
2870 4124 3125 4194 virtute

559 4206 748 4278 disso
783 4209 897 4279 vit:
924 4222 989 4280 et
1021 4231 1158 4279 non
1190 4209 1419 4280 solum
1451 4229 1588 4277 non
1627 4207 1897 4279 insiluit
1949 4208 2160 4300 capiti
2220 4209 2587 4281 saevientis
2640 4213 2944 4301 tyranni,
3002 4234 3127 4283 ne-

557 4317 692 4383 que
738 4295 1059 4367 laceravit
1112 4297 1356 4368 faciem
1407 4297 1590 4398 ejus,
1649 4310 1731 4367 ut
1777 4297 1994 4368 bestia
2041 4298 2279 4368 videns
2333 4300 2600 4370 catulos
2648 4323 2813 4373 suos
2861 4301 3118 4392 diripi;

555 4384 675 4455 sed
727 4398 985 4457 tantam
1035 4386 1681 4479 magnanimitatem
1718 4384 1942 4456 fidelis
1990 4387 2209 4457 animi
2255 4408 2535 4459 omnem
2589 4390 3121 4482 Philosophiam
