3308 5004
674 295 803 360 638
1178 253 1185 260 ¹
1263 313 1343 360 nn
1390 313 1447 359 s.
1499 309 1808 360 Lunovmo
1857 310 2016 358 nuez
2063 309 2448 359 rnancoatm
2799 291 2996 356 AUG.
3046 291 3135 357 25

586 398 750 488 Regi
792 396 1072 554 ¹Siciliae
1118 417 1432 466 annuum
1484 397 1818 467 tributum
1869 394 2332 486 quadraginta
2388 393 2686 464 millium
2751 414 3138 464 aureorum

675 507 785 557 rso
819 498 1019 555 veret.
1120 525 1129 542 ι

585 508 710 663 ρθξ
761 578 922 646 28.
977 574 1157 644 Obiit
1203 587 1430 645 autem
1494 573 1855 676 piissimus
1923 594 2037 643 rex
2099 572 2487 643 Ludovicus
2553 571 3146 672 vicesimaquinta

583 663 870 755 Augusti
915 664 973 744 ⁴,
1026 675 1091 733 et
1138 676 1283 733 tum
1332 664 1404 732 in
1456 675 1591 733 vita
1621 717 1636 743 ,
1691 676 1836 732 tum
1887 674 2041 752 post
2087 662 2352 732 obitum
2405 659 2645 731 multis
2690 659 2946 729 claruit
2999 682 3146 729 mi·

585 751 864 823 raculis.
916 757 963 821 Α
995 750 1343 822 Bonifacio
1376 751 1726 831 Pontifice,
1768 750 1919 820 e'us
1958 750 2264 821 nominis
2296 763 2556 830 octavo,
2595 750 2663 817 in
2700 761 2984 818 sanctos
3030 772 3143 818 re-

584 841 764 912 latus
812 854 913 911 est
959 861 1143 910 anno
1188 861 1480 911 mccxcvn
1524 840 1653 930 (a).
1709 845 1806 909 Ro
1858 852 2046 908 ertus
2092 840 2450 930 Gaguinus
2499 837 2674 908 libro
2711 838 3020 938 septimo
3049 838 3143 907 de

666 933 791 999 stis
839 934 1256 1000 Francorum
1306 929 1496 999 testis
1542 941 1667 1009 est,
1722 928 1790 998 in
1841 928 2141 998 archivis
2188 927 2404 998 Caroli
2455 927 2680 1015 quinti
2721 931 2932 1017 Regis
2977 926 3145 997 Gal-

607 1039 832 1095 orum,
883 1030 1223 1109 repertam
1275 1040 1424 1088 esse
1470 1016 1857 1088 chartulam
1897 1030 2442 1107 praeceptorum,
2480 1037 2656 1103 quae
2690 1015 2803 1084 hic
2836 1029 3141 1087 sanctus

582 1113 718 1178 Rex
764 1106 909 1177 filio
958 1129 1086 1177 suo
1134 1107 1589 1198 primogenito
1619 1161 1635 1187 ,
1690 1106 1858 1176 dum
1912 1111 2248 1175 Tunetum
2297 1105 2675 1185 obsideret,
2730 1103 3034 1174 dictavit
3080 1117 3146 1175 et

578 1196 889 1287 scripsit:
943 1218 1233 1284 eamque
1262 1217 1340 1264 ex
1375 1194 1594 1265 Caroli
1638 1195 1959 1265 thesauro
1994 1208 2360 1285 receptam,
2402 1193 2769 1264 Girardum
2808 1193 2899 1262 de
2942 1198 3145 1262 Mon-

580 1297 814 1376 taguto
860 1285 1125 1375 regium
1177 1285 1503 1365 scribam,
1558 1283 1793 1353 Carolo
1822 1283 2217 1354 exhibuisse
2251 1304 2434 1353 anno
2464 1282 2709 1352 salutis
2751 1281 3141 1352 millesimo

580 1374 1054 1444 trecentesimo
1103 1374 1796 1463 sexagesimoquarto.
1851 1377 1943 1440 Ea
1995 1386 2350 1472 praecepta
2400 1386 2465 1441 et
2499 1371 2988 1441 institutiones
3021 1372 3139 1440 ba·

578 1463 830 1532 bentur
874 1462 1076 1531 etiam
1128 1462 1197 1530 in
1251 1462 1747 1552 manuscriptis
1793 1461 2175 1543 codicibuS,
2228 1460 2415 1531 unde
2463 1482 2588 1530 nos
2635 1481 2713 1528 ea
2757 1460 3138 1549 stylo‘mu·

579 1564 717 1645 tatp
764 1550 1287 1641 descripsimus,
2951 1592 2962 1604 -

1195 1762 1814 1829 INSTITUTIONES
1865 1762 2443 1828 SANCTISSIMAE
2477 1814 2491 1839 ,

746 1879 1125 1945 PHILIPPO
1174 1880 1736 1946 PRIMOGENITO
1787 1879 2004 1946 FILIO
2053 1880 2096 1946 A
2150 1880 2214 1945 S.
2272 1879 2675 1945 LUDOVICO
2728 1880 2968 1946 REGE

1296 1999 1446 2065 SUB
1496 1999 1836 2065 MORTEM
1890 1999 2389 2066 PROPOSITAE

654 2189 768 2250 Fili
813 2191 923 2261 mi,
965 2196 1107 2252 ante
1139 2192 1342 2254 omnia
1372 2190 1708 2267 diligenter
1740 2195 1801 2253 in
1831 2208 1964 2253 eam
1993 2208 2200 2253 curam
2239 2193 2547 2265 incumbe,
2587 2200 2652 2252 ut
2680 2192 2917 2270 diligas
2948 2198 3112 2260 Deum

576 2284 757 2330 nemo
799 2271 967 2330 enim
1012 2278 1202 2347 potest
1244 2288 1373 2332 esse
1414 2270 1633 2344 salvus,
1683 2273 1797 2333 nisi
1845 2272 2032 2333 neum
2077 2282 2261 2334 amet.

650 2346 810 2410 Cave
838 2395 853 2419 ,
895 2366 971 2411 ne
1015 2367 1286 2430 unquam
1330 2351 1617 2413 admittas
1662 2360 1968 2429 peccatum
2017 2352 2442 2414 mortiferum:
2503 2352 2604 2412 sed
2661 2355 2888 2416 omnia
2942 2360 3102 2434 potins

571 2426 733 2490 ferre
764 2430 911 2490 velis
943 2446 1164 2507 genera
1197 2438 1680 2505 tormentorum,
1711 2445 1892 2509 quam
1925 2431 2187 2510 aliquam
2222 2431 2399 2493 talem
2437 2438 2800 2511 perpetrare
2831 2435 3050 2513 culpam.

653 2507 808 2570 Cum
850 2512 1095 2571 adversa
1140 2511 1444 2582 accidunt,
1486 2512 1643 2573 feras
1685 2527 1879 2589 aequo
1920 2515 2152 2585 enimc,
2197 2520 2258 2573 et
2299 2512 2530 2589 cogites
2562 2523 2617 2573 te
2648 2518 3077 2578 commeruisse:

572 2599 754 2666 atque
800 2590 875 2649 ita
922 2591 1159 2652 lucrum
1210 2591 1317 2653 tibi
1365 2591 1507 2652 inde
1549 2591 1812 2652 accedet.

649 2668 802 2729 Cum
850 2669 1030 2731 rebus
1074 2671 1370 2749 prosperis
1402 2670 1645 2743 frueris,
1678 2670 1998 2732 humiliter
2026 2688 2168 2749 agas
2196 2670 2419 2747 gratias
2449 2669 2593 2741 Dec,
2629 2678 2720 2733 ne'
2747 2675 2902 2737 inde
2930 2679 3096 2738 animo

570 2747 783 2819 elatuS,
828 2748 1104 2811 efficiaris
1147 2750 1438 2822 deterior,
1485 2749 1646 2811 unde
1693 2756 1749 2812 te
1793 2754 2061 2828 oportuit
2105 2751 2237 2811 fieri
2283 2750 2622 2812 meliorem.

646 2825 872 2890 Crebri»
915 2828 1259 2890 confitearis
1305 2837 1539 2909 peccata
1588 2836 1687 2890 tua
1715 2877 1730 2903 ‚
1775 2830 2123 2909 deligasque
2170 2832 2273 2894 tibi
2325 2833 2630 2906 sapientes
2682 2833 3107 2904 confessarios,

568 2907 671 2986 qui
719 2915 776 2969 te
822 2910 1053 2986 possint
1100 2909 1419 2971 instituere
1461 2914 1521 2970 et
1563 2908 1806 2982 docere,
1851 2909 1997 2987 quid
2041 2900 2258 2989 ageress
2301 2909 2447 2989 quid
2493 2911 2693 2971 vitare
2720 2918 2783 2972 te
2814 2923 3109 2992 oporteat:

565 2992 624 3049 et
666 3003 871 3049 coram
915 2986 1030 3047 illis
1075 2988 1149 3049 ita
1201 2995 1257 3050 te
1300 2988 1609 3067 compares
1635 3036 1650 3062 ‚
1702 2995 1768 3050 ut
1810 2990 2073 3051 audeant
2114 2992 2348 3051 sincere
2395 2999 2449 3051 te
2493 2990 3003 3065 reprehendere,
3061 3000 3114 3055 et

566 3067 711 3128 vitia
760 3074 859 3127 tua
905 3067 1178 3129 indicare
1222 3068 1354 3129 tibi.

644 3144 921 3206 Officium
966 3147 1249 3208 divinum
1291 3149 1510 3210 devote
1553 3148 1881 3210 auscultes:
1932 3149 2221 3211 facessant
2263 3149 2347 3210 ibi
2382 3149 2618 3212 fabulae
2646 3158 2711 3210 et
2747 3167 2988 3227 nugae,
3021 3169 3120 3214 nec

565 3224 723 3301 oculj
772 3224 886 3285 buc
925 3232 1106 3303 atque
1152 3226 1293 3289 illuc
1334 3227 1875 3290 circumferantur:
1927 3228 2027 3289 sed
2072 3245 2207 3290 ores
2250 3229 2443 3290 Deum
2487 3245 2616 3302 ore,
2661 3238 2724 3290 et
2772 3235 2970 3294 etiam
3008 3248 3122 3294 me·

564 3304 811 3366 ditando
834 3304 1036 3378 corde,
1059 3305 1240 3385 idque
1264 3310 1582 3386 praecipue
1600 3307 1715 3369 sub
1741 3305 2047 3369 Sacrificio
2078 3316 2207 3385 post
2229 3315 2531 3387 peractam
2563 3313 3119 3375 consecrationem.

647 3383 870 3446 Animo
912 3385 991 3444 sis
1034 3385 1130 3461 pio
1171 3394 1232 3446 et
1275 3386 1544 3448 humano
1587 3402 1733 3465 erga
1779 3404 2069 3466 pauperes
2111 3398 2169 3449 et
2207 3389 2580 3451 calamitosos
2623 3388 2945 3465 homines,
2979 3392 3125 3455 illis·

573 3480 693 3543 que
737 3477 842 3540 pro
883 3462 1113 3525 viribus
1156 3465 1488 3544 opituleriS.

642 3542 705 3604 Si
749 3542 894 3621 quid
939 3551 1123 3620 angat
1162 3548 1465 3617 animum,
1510 3545 1571 3607 id
1605 3561 1742 3607 mox
1771 3545 2033 3625 explices
2064 3547 2428 3610 confessario
2458 3557 2587 3623 tu0,
2617 3553 2724 3610 aut
2757 3550 2955 3615 alicui
2990 3556 3122 3616 viro

564 3622 764 3684 bono:
814 3624 892 3684 ita
939 3624 1067 3697 fiet,
1116 3631 1180 3685 ut
1225 3625 1458 3686 facilius
1498 3625 1555 3686 id
1603 3626 1777 3688 seraS.
2671 3644 2676 3645 ⁷

642 3702 721 3765 Da
764 3716 1032 3780 operam,
1083 3709 1147 3763 ut
1190 3721 1449 3784 quorum
1495 3707 1686 3766 uteris
1735 3707 2175 3769 consuetudine
2216 3715 2276 3769 et
2307 3708 2747 3781 familiaritate,
2782 3711 2824 3771 ii
2856 3714 2992 3774 sint
3021 3713 3128 3774 bo·

561 3784 759 3844 mines
801 3783 971 3860 probi
1015 3788 1075 3844 et
1120 3784 1371 3859 integri,
1415 3786 1547 3846 sive
1587 3785 1859 3862 religiosi
1906 3786 1990 3847 illi
2035 3789 2181 3859 sint,
2211 3789 2335 3848 sive
2366 3788 2684 3861 seculares,
2715 3795 2780 3849 et
2813 3806 2970 3854 cnm
3005 3792 3128 3853 illis

550 3861 1056 4003 libenterdmisce
1098 3863 1425 3942 colloquia:
1475 3879 1657 3942 porro
1701 3881 1960 3944 nequam
2009 3873 2070 3927 et
2127 3867 2540 3946 improborum
2603 3869 2890 3931 virorum
2952 3888 3128 3934 com·

559 3943 784 4005 mercia
871 3941 1058 4005 evita.

1049 4058 1067 4079 D

614 4092 639 4115 '⁸‘
668 4094 825 4131 Annos
847 4101 989 4141 agens
1008 4087 1133 4131 vitae
1153 4091 1219 4136 ⁰6,
1238 4088 1369 4140 regni
1389 4093 1453 4130 44.

611 4146 670 4189 (a)
699 4145 744 4185 8.
773 4142 998 4185 Ludovtci
1028 4146 1136 4184 exta
1164 4145 1221 4184 ad
1249 4145 1539 4185 Abbattalem
1565 4144 1814 4186 ecclesiam
1849 4145 2022 4187 Montis
2056 4145 2242 4197 Regalis
2277 4148 2399 4198 apud
2433 4149 2730 4195 Pauor-mum.
2766 4154 2978 4198 rogante
3020 4152 3127 4199 qm

558 4196 704 4237 tratre
734 4199 899 4239 carolo
930 4195 1115 4239 Siciliae
1144 4199 1281 4248 Rege.
1309 4200 1466 4243 missa.
1492 4196 1667 4240 ibidem
1704 4200 1756 4239 iu
1787 4201 1962 4241 sacello
1988 4198 2140 4249 ipsius
2159 4203 2345 4242 nominc
2366 4202 2519 4241 dicato
2539 4212 2802 4244 marmorea
2818 4202 2991 4243 The-:A
3011 4204 3128 4243 reli·

558 4248 820 4298 gioslssime
848 4253 1164 4292 asservantur.
1193 4249 1399 4297 Parisiis,
1429 4249 1477 4291 in
1507 4252 1548 4292 8.
1576 4250 1801 4302 Dionysii.
1828 4254 2023 4294 interior
2050 4253 2332 4299 mandibula.
2360 4264 2413 4295 ιο
2434 4252 2483 4294 in
2502 4256 2694 4296 beatiss.
2715 4257 2839 4307 Vim.
2867 4254 3124 4306 Deipuae

464 4302 469 4309 '
558 4305 712 4350 (Noti-e
739 4305 898 4366 Dama)
927 4306 1193 4347 cathedrali
1221 4306 1411 4355 templo,
1437 4315 1533 4346 una
1558 4316 1615 4346 ex
1634 4309 1780 4347 costis
1801 4308 1950 4348 adhuc
1969 4308 2214 4349 habentur.
2235 4310 2354 4349 Ossa
2373 4318 2490 4359 quae
2513 4311 2803 4361 ssrcophngo
2821 4311 3128 4351 claudetne·

557 4358 651 4448 {il-111⁸.
667 4357 916 4449 gndptrimis
948 4359 1111 4406 utpote·
1140 4357 1302 4408 Regis.
1332 4360 1522 4399 efferata
1551 4360 1841 4401 debacchans
1871 4360 2111 4410 impietas.
2139 4363 2321 4403 nefasto
2354 4371 2616 4409 >incr-<cun
2644 4361 2998 4406 scelestissime
3020 4370 3126 4414 pet·

619 4420 664 4449 m
700 4420 725 4450 e
762 4422 809 4449 ι.
