<?xml version="1.0" encoding="UTF-8"?>
<!DOCTYPE html PUBLIC "-//W3C//DTD XHTML 1.0 Transitional//EN"
    "http://www.w3.org/TR/xhtml1/DTD/xhtml1-transitional.dtd">
<html xmlns="http://www.w3.org/1999/xhtml" xml:lang="en" lang="en">
 <head>
  <title>
</title>
<meta http-equiv="Content-Type" content="text/html;charset=utf-8" />
  <meta name='ocr-system' content='tesseract 3.04.00' />
  <meta name='ocr-capabilities' content='ocr_page ocr_carea ocr_par ocr_line ocrx_word'/>
</head>
<body>
  <div class='ocr_page' id='page_1' title='image "./historiaeseuvit01lippgoog_0244.png"; bbox 0 0 3308 5004; ppageno 0'>
   <div class='ocr_carea' id='block_1_1' title="bbox 656 333 3105 402">
    <p class='ocr_par' dir='ltr' id='par_1_1' title="bbox 656 333 3105 402">
     <span class='ocr_line' id='line_1_1' title="bbox 656 333 3105 402; baseline -0.001 0"><span class='ocrx_word' id='word_1_1' title='bbox 656 337 784 402; x_wconf 73' lang='lat'><strong>230</strong></span> <span class='ocrx_word' id='word_1_2' title='bbox 1051 354 1131 400; x_wconf 74' lang='lat' dir='ltr'><strong>na</strong></span> <span class='ocrx_word' id='word_1_3' title='bbox 1178 349 1270 401; x_wconf 90' lang='lat' dir='ltr'><strong>ss.</strong></span> <span class='ocrx_word' id='word_1_4' title='bbox 1322 353 1435 401; x_wconf 71' lang='lat' dir='ltr'><strong>uu.</strong></span> <span class='ocrx_word' id='word_1_5' title='bbox 1489 352 1669 401; x_wconf 82' lang='lat' dir='ltr'><strong>slxro</strong></span> <span class='ocrx_word' id='word_1_6' title='bbox 1718 353 1814 400; x_wconf 74' lang='lat' dir='ltr'><strong>rr.</strong></span> <span class='ocrx_word' id='word_1_7' title='bbox 1865 352 1942 400; x_wconf 79' lang='lat' dir='ltr'><strong>m·</strong></span> <span class='ocrx_word' id='word_1_8' title='bbox 1989 349 2347 401; x_wconf 63' lang='lat' dir='ltr'><strong>mummio</strong></span> <span class='ocrx_word' id='word_1_9' title='bbox 2393 351 2617 399; x_wconf 73' lang='lat' dir='ltr'><strong>anrrx</strong></span> <span class='ocrx_word' id='word_1_10' title='bbox 2794 333 2980 400; x_wconf 78' lang='lat' dir='ltr'><strong>AUG.</strong></span> <span class='ocrx_word' id='word_1_11' title='bbox 3021 334 3105 400; x_wconf 73' lang='lat'><strong>⁴0</strong></span> 
     </span>
    </p>
   </div>
   <div class='ocr_carea' id='block_1_2' title="bbox 558 430 3114 4252">
    <p class='ocr_par' dir='ltr' id='par_1_2' title="bbox 570 430 3100 614">
     <span class='ocr_line' id='line_1_2' title="bbox 570 430 3100 522; baseline -0.001 -19"><span class='ocrx_word' id='word_1_12' title='bbox 570 433 940 515; x_wconf 89' lang='lat' dir='ltr'><strong>Parmenii‚</strong></span> <span class='ocrx_word' id='word_1_13' title='bbox 992 432 1251 503; x_wconf 90' lang='lat' dir='ltr'><strong>Elimae</strong></span> <span class='ocrx_word' id='word_1_14' title='bbox 1296 443 1361 503; x_wconf 90' lang='lat' dir='ltr'><strong>et</strong></span> <span class='ocrx_word' id='word_1_15' title='bbox 1408 431 1810 522; x_wconf 76' lang='lat' dir='ltr'>chrysoteli,</span> <span class='ocrx_word' id='word_1_16' title='bbox 1862 443 1927 503; x_wconf 93' lang='lat' dir='ltr'><strong>et</strong></span> <span class='ocrx_word' id='word_1_17' title='bbox 1986 431 2437 503; x_wconf 89' lang='lat' dir='ltr'><strong>diaconorum</strong></span> <span class='ocrx_word' id='word_1_18' title='bbox 2500 436 2724 502; x_wconf 83' lang='lat' dir='ltr'><strong>Lucae</strong></span> <span class='ocrx_word' id='word_1_19' title='bbox 2774 443 2840 502; x_wconf 91' lang='lat' dir='ltr'><strong>et</strong></span> <span class='ocrx_word' id='word_1_20' title='bbox 2895 430 3100 514; x_wconf 83' lang='lat' dir='ltr'><strong>Muci,</strong></span> 
     </span>
     <span class='ocr_line' id='line_1_3' title="bbox 572 520 2585 614; baseline -0.001 -21"><span class='ocrx_word' id='word_1_21' title='bbox 572 522 1171 609; x_wconf 89' lang='lat' dir='ltr'><strong>condideruntque</strong></span> <span class='ocrx_word' id='word_1_22' title='bbox 1198 543 1276 592; x_wconf 91' lang='lat' dir='ltr'><strong>ea</strong></span> <span class='ocrx_word' id='word_1_23' title='bbox 1308 522 1378 591; x_wconf 92' lang='lat' dir='ltr'><strong>in</strong></span> <span class='ocrx_word' id='word_1_24' title='bbox 1413 521 1697 614; x_wconf 91' lang='lat' dir='ltr'><strong>praedio</strong></span> <span class='ocrx_word' id='word_1_25' title='bbox 1730 543 1855 593; x_wconf 89' lang='lat' dir='ltr'><strong>suo</strong></span> <span class='ocrx_word' id='word_1_26' title='bbox 1878 521 2076 609; x_wconf 86' lang='lat' dir='ltr'><strong>juxta</strong></span> <span class='ocrx_word' id='word_1_27' title='bbox 2110 520 2493 592; x_wconf 76' lang='lat' dir='ltr'>Cordubam</span> <span class='ocrx_word' id='word_1_28' title='bbox 2527 521 2585 591; x_wconf 78' lang='lat'><strong>*.</strong></span> 
     </span>
    </p>

    <p class='ocr_par' dir='ltr' id='par_1_3' title="bbox 563 608 3114 2475">
     <span class='ocr_line' id='line_1_4' title="bbox 660 608 3113 702; baseline -0.002 -17"><span class='ocrx_word' id='word_1_29' title='bbox 660 614 698 699; x_wconf 68' lang='grc' dir='ltr'>ἐ</span> <span class='ocrx_word' id='word_1_30' title='bbox 744 616 831 685; x_wconf 74' lang='grc'><strong>4.</strong></span> <span class='ocrx_word' id='word_1_31' title='bbox 886 610 1132 681; x_wconf 86' lang='lat' dir='ltr'><strong>Eodem</strong></span> <span class='ocrx_word' id='word_1_32' title='bbox 1170 621 1473 702; x_wconf 90' lang='lat' dir='ltr'><strong>tempore</strong></span> <span class='ocrx_word' id='word_1_33' title='bbox 1513 611 1758 681; x_wconf 79' lang='lat' dir='ltr'><strong>Decius</strong></span> <span class='ocrx_word' id='word_1_34' title='bbox 1795 609 2065 679; x_wconf 90' lang='lat' dir='ltr'><strong>curiose</strong></span> <span class='ocrx_word' id='word_1_35' title='bbox 2096 609 2454 697; x_wconf 80' lang='lat' dir='ltr'><strong>inquisivit</strong></span> <span class='ocrx_word' id='word_1_36' title='bbox 2491 608 2935 689; x_wconf 75' lang='lat' dir='ltr'><strong>Christianos,</strong></span> <span class='ocrx_word' id='word_1_37' title='bbox 2976 610 3113 679; x_wconf 90' lang='lat' dir='ltr'><strong>mi·</strong></span> 
     </span>
     <span class='ocr_line' id='line_1_5' title="bbox 573 698 3108 788; baseline -0.001 -18"><span class='ocrx_word' id='word_1_38' title='bbox 573 700 800 788; x_wconf 85' lang='lat' dir='ltr'><strong>sitque</strong></span> <span class='ocrx_word' id='word_1_39' title='bbox 848 699 1318 770; x_wconf 89' lang='lat' dir='ltr'><strong>auctoritatem</strong></span> <span class='ocrx_word' id='word_1_40' title='bbox 1367 721 1564 769; x_wconf 91' lang='lat' dir='ltr'><strong>suam</strong></span> <span class='ocrx_word' id='word_1_41' title='bbox 1615 699 1685 768; x_wconf 90' lang='lat' dir='ltr'><strong>in</strong></span> <span class='ocrx_word' id='word_1_42' title='bbox 1737 698 2133 768; x_wconf 83' lang='lat' dir='ltr'><strong>universam</strong></span> <span class='ocrx_word' id='word_1_43' title='bbox 2187 698 2558 769; x_wconf 81' lang='lat' dir='ltr'><strong>Persidem.</strong></span> <span class='ocrx_word' id='word_1_44' title='bbox 2626 703 2706 768; x_wconf 88' lang='lat' dir='ltr'><strong>Et</strong></span> <span class='ocrx_word' id='word_1_45' title='bbox 2750 698 2917 785; x_wconf 86' lang='lat' dir='ltr'><strong>quia</strong></span> <span class='ocrx_word' id='word_1_46' title='bbox 2966 719 3108 768; x_wconf 89' lang='lat' dir='ltr'><strong>non</strong></span> 
     </span>
     <span class='ocr_line' id='line_1_6' title="bbox 573 785 3114 888; baseline -0.001 -28"><span class='ocrx_word' id='word_1_47' title='bbox 573 798 949 880; x_wconf 89' lang='lat' dir='ltr'><strong>potuerunt</strong></span> <span class='ocrx_word' id='word_1_48' title='bbox 994 788 1323 859; x_wconf 78' lang='lat' dir='ltr'><strong>abscondi</strong></span> <span class='ocrx_word' id='word_1_49' title='bbox 1374 787 1696 859; x_wconf 90' lang='lat' dir='ltr'><strong>lucernae</strong></span> <span class='ocrx_word' id='word_1_50' title='bbox 1743 787 2061 857; x_wconf 82' lang='lat' dir='ltr'><strong>ardentes</strong></span> <span class='ocrx_word' id='word_1_51' title='bbox 2109 788 2242 859; x_wconf 92' lang='lat' dir='ltr'><strong>sub</strong></span> <span class='ocrx_word' id='word_1_52' title='bbox 2308 785 2561 868; x_wconf 90' lang='lat' dir='ltr'><strong>modio,</strong></span> <span class='ocrx_word' id='word_1_53' title='bbox 2627 786 2888 888; x_wconf 83' lang='lat' dir='ltr'><strong>positae</strong></span> <span class='ocrx_word' id='word_1_54' title='bbox 2945 798 3114 857; x_wconf 90' lang='lat' dir='ltr'><strong>tunc</strong></span> 
     </span>
     <span class='ocr_line' id='line_1_7' title="bbox 574 874 3114 967; baseline -0 -19"><span class='ocrx_word' id='word_1_55' title='bbox 574 889 736 949; x_wconf 91' lang='lat' dir='ltr'><strong>sunt</strong></span> <span class='ocrx_word' id='word_1_56' title='bbox 784 898 995 967; x_wconf 87' lang='lat' dir='ltr'><strong>super</strong></span> <span class='ocrx_word' id='word_1_57' title='bbox 1040 876 1563 956; x_wconf 89' lang='lat' dir='ltr'><strong>candelabrum,</strong></span> <span class='ocrx_word' id='word_1_58' title='bbox 1615 889 1695 945; x_wconf 89' lang='lat' dir='ltr'><strong>ut</strong></span> <span class='ocrx_word' id='word_1_59' title='bbox 1739 875 2049 947; x_wconf 87' lang='lat' dir='ltr'><strong>lucerent</strong></span> <span class='ocrx_word' id='word_1_60' title='bbox 2094 875 2421 946; x_wconf 87' lang='lat' dir='ltr'><strong>omnibus</strong></span> <span class='ocrx_word' id='word_1_61' title='bbox 2464 874 2582 963; x_wconf 89' lang='lat' dir='ltr'><strong>qui</strong></span> <span class='ocrx_word' id='word_1_62' title='bbox 2634 897 2704 945; x_wconf 80' lang='lat' dir='ltr'><strong>in</strong></span> <span class='ocrx_word' id='word_1_63' title='bbox 2751 875 2955 945; x_wconf 91' lang='lat' dir='ltr'><strong>domo</strong></span> <span class='ocrx_word' id='word_1_64' title='bbox 2994 876 3114 947; x_wconf 90' lang='lat' dir='ltr'><strong>Dei</strong></span> 
     </span>
     <span class='ocr_line' id='line_1_8' title="bbox 573 964 3114 1052; baseline -0.001 -14"><span class='ocrx_word' id='word_1_65' title='bbox 573 976 761 1038; x_wconf 89' lang='lat' dir='ltr'><strong>sunt.</strong></span> <span class='ocrx_word' id='word_1_66' title='bbox 814 971 1161 1037; x_wconf 91' lang='lat' dir='ltr'><strong>Venerunt</strong></span> <span class='ocrx_word' id='word_1_67' title='bbox 1206 966 1391 1036; x_wconf 90' lang='lat' dir='ltr'><strong>enim</strong></span> <span class='ocrx_word' id='word_1_68' title='bbox 1442 964 1727 1052; x_wconf 88' lang='lat' dir='ltr'><strong>quidam</strong></span> <span class='ocrx_word' id='word_1_69' title='bbox 1778 964 1862 1033; x_wconf 91' lang='lat' dir='ltr'><strong>ad</strong></span> <span class='ocrx_word' id='word_1_70' title='bbox 1922 965 2228 1047; x_wconf 90' lang='lat' dir='ltr'><strong>Decium,</strong></span> <span class='ocrx_word' id='word_1_71' title='bbox 2279 965 2479 1052; x_wconf 86' lang='lat' dir='ltr'><strong>eique</strong></span> <span class='ocrx_word' id='word_1_72' title='bbox 2527 964 2884 1034; x_wconf 88' lang='lat' dir='ltr'><strong>dixerunt:</strong></span> <span class='ocrx_word' id='word_1_73' title='bbox 2943 968 3114 1035; x_wconf 90' lang='lat' dir='ltr'><strong>Ecce</strong></span> 
     </span>
     <span class='ocr_line' id='line_1_9' title="bbox 575 1052 3113 1144; baseline -0.001 -19"><span class='ocrx_word' id='word_1_74' title='bbox 575 1055 836 1142; x_wconf 89' lang='lat' dir='ltr'><strong>quibus</strong></span> <span class='ocrx_word' id='word_1_75' title='bbox 883 1055 1096 1125; x_wconf 87' lang='lat' dir='ltr'><strong>victor</strong></span> <span class='ocrx_word' id='word_1_76' title='bbox 1140 1055 1347 1124; x_wconf 87' lang='lat' dir='ltr'><strong>vitam</strong></span> <span class='ocrx_word' id='word_1_77' title='bbox 1399 1054 1693 1136; x_wconf 89' lang='lat' dir='ltr'><strong>donasti,</strong></span> <span class='ocrx_word' id='word_1_78' title='bbox 1746 1075 2034 1144; x_wconf 91' lang='lat' dir='ltr'><strong>corpora</strong></span> <span class='ocrx_word' id='word_1_79' title='bbox 2071 1075 2271 1124; x_wconf 90' lang='lat' dir='ltr'><strong>caesa</strong></span> <span class='ocrx_word' id='word_1_80' title='bbox 2320 1053 2861 1125; x_wconf 88' lang='lat' dir='ltr'><strong>Christianorum</strong></span> <span class='ocrx_word' id='word_1_81' title='bbox 2914 1052 3113 1123; x_wconf 91' lang='lat' dir='ltr'><strong>colli-</strong></span> 
     </span>
     <span class='ocr_line' id='line_1_10' title="bbox 573 1141 3104 1235; baseline 0 -22"><span class='ocrx_word' id='word_1_82' title='bbox 573 1157 771 1235; x_wconf 86' lang='lat' dir='ltr'><strong>gunt,</strong></span> <span class='ocrx_word' id='word_1_83' title='bbox 823 1156 888 1213; x_wconf 93' lang='lat' dir='ltr'><strong>et</strong></span> <span class='ocrx_word' id='word_1_84' title='bbox 935 1145 1007 1213; x_wconf 90' lang='lat' dir='ltr'><strong>in</strong></span> <span class='ocrx_word' id='word_1_85' title='bbox 1058 1164 1183 1214; x_wconf 90' lang='lat' dir='ltr'><strong>suo</strong></span> <span class='ocrx_word' id='word_1_86' title='bbox 1214 1142 1495 1234; x_wconf 90' lang='lat' dir='ltr'><strong>praedio</strong></span> <span class='ocrx_word' id='word_1_87' title='bbox 1527 1141 1946 1213; x_wconf 89' lang='lat' dir='ltr'><strong>recondunt:</strong></span> <span class='ocrx_word' id='word_1_88' title='bbox 1991 1155 2057 1212; x_wconf 92' lang='lat' dir='ltr'><strong>et</strong></span> <span class='ocrx_word' id='word_1_89' title='bbox 2088 1165 2309 1231; x_wconf 89' lang='lat' dir='ltr'><strong>neque</strong></span> <span class='ocrx_word' id='word_1_90' title='bbox 2342 1142 2477 1212; x_wconf 88' lang='lat' dir='ltr'><strong>diis</strong></span> <span class='ocrx_word' id='word_1_91' title='bbox 2509 1142 2689 1213; x_wconf 89' lang='lat' dir='ltr'><strong>fiunt</strong></span> <span class='ocrx_word' id='word_1_92' title='bbox 2726 1141 3104 1232; x_wconf 79' lang='lat' dir='ltr'><strong>suppliceS,</strong></span> 
     </span>
     <span class='ocr_line' id='line_1_11' title="bbox 571 1230 3111 1387; baseline -0.001 -84"><span class='ocrx_word' id='word_1_93' title='bbox 571 1254 798 1320; x_wconf 89' lang='lat' dir='ltr'><strong>neque</strong></span> <span class='ocrx_word' id='word_1_94' title='bbox 827 1231 966 1302; x_wconf 91' lang='lat' dir='ltr'><strong>tuis</strong></span> <span class='ocrx_word' id='word_1_95' title='bbox 986 1233 1207 1323; x_wconf 90' lang='lat' dir='ltr'><strong>jussis</strong></span> <span class='ocrx_word' id='word_1_96' title='bbox 1231 1244 1507 1387; x_wconf 64' lang='lat' dir='ltr'><strong>parent,</strong></span> <span class='ocrx_word' id='word_1_97' title='bbox 1535 1244 1614 1301; x_wconf 91' lang='lat' dir='ltr'><strong>ut</strong></span> <span class='ocrx_word' id='word_1_98' title='bbox 1640 1231 1983 1301; x_wconf 89' lang='lat' dir='ltr'><strong>sacrificia</strong></span> <span class='ocrx_word' id='word_1_99' title='bbox 2014 1231 2322 1302; x_wconf 83' lang='lat' dir='ltr'><strong>offerant.</strong></span> <span class='ocrx_word' id='word_1_100' title='bbox 2369 1231 2613 1302; x_wconf 90' lang='lat' dir='ltr'><strong>Decius</strong></span> <span class='ocrx_word' id='word_1_101' title='bbox 2645 1231 2777 1301; x_wconf 90' lang='lat' dir='ltr'><strong>ait:</strong></span> <span class='ocrx_word' id='word_1_102' title='bbox 2812 1230 3111 1314; x_wconf 85' lang='lat' dir='ltr'><strong>Quinam</strong></span> 
     </span>
     <span class='ocr_line' id='line_1_12' title="bbox 573 1319 3109 1411; baseline -0.002 -19"><span class='ocrx_word' id='word_1_103' title='bbox 573 1334 736 1392; x_wconf 91' lang='lat' dir='ltr'><strong>sunt</strong></span> <span class='ocrx_word' id='word_1_104' title='bbox 780 1321 895 1393; x_wconf 90' lang='lat' dir='ltr'><strong>isti</strong></span> <span class='ocrx_word' id='word_1_105' title='bbox 943 1319 1213 1411; x_wconf 80' lang='lat' dir='ltr'><strong>profani</strong></span> <span class='ocrx_word' id='word_1_106' title='bbox 1308 1321 1573 1391; x_wconf 88' lang='lat' dir='ltr'><strong>Dictum</strong></span> <span class='ocrx_word' id='word_1_107' title='bbox 1615 1333 1757 1390; x_wconf 88' lang='lat' dir='ltr'><strong>est:</strong></span> <span class='ocrx_word' id='word_1_108' title='bbox 1812 1319 2043 1389; x_wconf 80' lang='lat' dir='ltr'><strong>Abdon</strong></span> <span class='ocrx_word' id='word_1_109' title='bbox 2094 1334 2160 1390; x_wconf 92' lang='lat' dir='ltr'><strong>et</strong></span> <span class='ocrx_word' id='word_1_110' title='bbox 2209 1325 2492 1391; x_wconf 91' lang='lat' dir='ltr'><strong>Sennes.</strong></span> <span class='ocrx_word' id='word_1_111' title='bbox 2545 1319 2911 1390; x_wconf 86' lang='lat' dir='ltr'><strong>Confestim</strong></span> <span class='ocrx_word' id='word_1_112' title='bbox 2960 1319 3109 1390; x_wconf 92' lang='lat' dir='ltr'><strong>edi-</strong></span> 
     </span>
     <span class='ocr_line' id='line_1_13' title="bbox 570 1408 3108 1501; baseline -0.001 -21"><span class='ocrx_word' id='word_1_113' title='bbox 570 1409 669 1480; x_wconf 84' lang='lat' dir='ltr'><strong>xit</strong></span> <span class='ocrx_word' id='word_1_114' title='bbox 716 1409 984 1491; x_wconf 78' lang='lat' dir='ltr'><strong>DeciuS,</strong></span> <span class='ocrx_word' id='word_1_115' title='bbox 1035 1422 1114 1478; x_wconf 90' lang='lat' dir='ltr'><strong>ut</strong></span> <span class='ocrx_word' id='word_1_116' title='bbox 1159 1408 1294 1500; x_wconf 90' lang='lat' dir='ltr'><strong>ipsi</strong></span> <span class='ocrx_word' id='word_1_117' title='bbox 1340 1419 1965 1501; x_wconf 89' lang='lat' dir='ltr'><strong>praesentarentur.</strong></span> <span class='ocrx_word' id='word_1_118' title='bbox 2020 1413 2326 1496; x_wconf 86' lang='lat' dir='ltr'><strong>Cumque</strong></span> <span class='ocrx_word' id='word_1_119' title='bbox 2367 1409 2437 1477; x_wconf 90' lang='lat' dir='ltr'><strong>in</strong></span> <span class='ocrx_word' id='word_1_120' title='bbox 2470 1409 2619 1495; x_wconf 80' lang='lat' dir='ltr'><strong>ejus</strong></span> <span class='ocrx_word' id='word_1_121' title='bbox 2656 1421 3108 1499; x_wconf 85' lang='lat' dir='ltr'><strong>conspectum</strong></span> 
     </span>
     <span class='ocr_line' id='line_1_14' title="bbox 569 1496 3105 1579; baseline 0 -14"><span class='ocrx_word' id='word_1_122' title='bbox 569 1499 954 1579; x_wconf 85' lang='lat' dir='ltr'><strong>venissent,</strong></span> <span class='ocrx_word' id='word_1_123' title='bbox 1006 1497 1177 1567; x_wconf 83' lang='lat' dir='ltr'><strong>dixit</strong></span> <span class='ocrx_word' id='word_1_124' title='bbox 1222 1499 1362 1567; x_wconf 89' lang='lat' dir='ltr'><strong>eis:</strong></span> <span class='ocrx_word' id='word_1_125' title='bbox 1414 1498 1684 1567; x_wconf 80' lang='lat' dir='ltr'><strong>Adeone</strong></span> <span class='ocrx_word' id='word_1_126' title='bbox 1731 1518 1849 1568; x_wconf 88' lang='lat' dir='ltr'><strong>vos</strong></span> <span class='ocrx_word' id='word_1_127' title='bbox 1902 1497 2094 1567; x_wconf 91' lang='lat' dir='ltr'><strong>stulti</strong></span> <span class='ocrx_word' id='word_1_128' title='bbox 2147 1497 2367 1568; x_wconf 85' lang='lat' dir='ltr'><strong>effecti</strong></span> <span class='ocrx_word' id='word_1_129' title='bbox 2422 1497 2609 1579; x_wconf 91' lang='lat' dir='ltr'><strong>estis,</strong></span> <span class='ocrx_word' id='word_1_130' title='bbox 2665 1510 2742 1567; x_wconf 91' lang='lat' dir='ltr'><strong>ut</strong></span> <span class='ocrx_word' id='word_1_131' title='bbox 2790 1497 2984 1567; x_wconf 86' lang='lat' dir='ltr'><strong>vobis</strong></span> <span class='ocrx_word' id='word_1_132' title='bbox 3032 1496 3105 1566; x_wconf 92' lang='lat' dir='ltr'><strong>in</strong></span> 
     </span>
     <span class='ocr_line' id='line_1_15' title="bbox 570 1586 3106 1669; baseline 0 -15"><span class='ocrx_word' id='word_1_133' title='bbox 570 1599 868 1656; x_wconf 86' lang='lat' dir='ltr'><strong>mentem</strong></span> <span class='ocrx_word' id='word_1_134' title='bbox 921 1608 1056 1657; x_wconf 92' lang='lat' dir='ltr'><strong>non</strong></span> <span class='ocrx_word' id='word_1_135' title='bbox 1092 1587 1339 1669; x_wconf 87' lang='lat' dir='ltr'><strong>veniat,</strong></span> <span class='ocrx_word' id='word_1_136' title='bbox 1377 1608 1457 1656; x_wconf 92' lang='lat' dir='ltr'><strong>ea</strong></span> <span class='ocrx_word' id='word_1_137' title='bbox 1488 1589 1699 1657; x_wconf 76' lang='lat' dir='ltr'><strong>causa</strong></span> <span class='ocrx_word' id='word_1_138' title='bbox 1730 1607 1847 1655; x_wconf 90' lang='lat' dir='ltr'><strong>vos</strong></span> <span class='ocrx_word' id='word_1_139' title='bbox 1881 1586 2166 1656; x_wconf 87' lang='lat' dir='ltr'><strong>traditos</strong></span> <span class='ocrx_word' id='word_1_140' title='bbox 2194 1607 2343 1658; x_wconf 91' lang='lat' dir='ltr'><strong>esse</strong></span> <span class='ocrx_word' id='word_1_141' title='bbox 2379 1586 2445 1656; x_wconf 88' lang='lat' dir='ltr'><strong>in</strong></span> <span class='ocrx_word' id='word_1_142' title='bbox 2480 1607 2730 1656; x_wconf 90' lang='lat' dir='ltr'><strong>manus</strong></span> <span class='ocrx_word' id='word_1_143' title='bbox 2758 1590 3106 1655; x_wconf 89' lang='lat' dir='ltr'><strong>Romano-</strong></span> 
     </span>
     <span class='ocr_line' id='line_1_16' title="bbox 569 1672 3109 1766; baseline 0 -22"><span class='ocrx_word' id='word_1_144' title='bbox 569 1696 728 1744; x_wconf 90' lang='lat' dir='ltr'><strong>rum</strong></span> <span class='ocrx_word' id='word_1_145' title='bbox 762 1688 826 1745; x_wconf 93' lang='lat' dir='ltr'><strong>et</strong></span> <span class='ocrx_word' id='word_1_146' title='bbox 861 1688 1152 1759; x_wconf 81' lang='lat' dir='ltr'><strong>nostraS,</strong></span> <span class='ocrx_word' id='word_1_147' title='bbox 1186 1676 1370 1764; x_wconf 86' lang='lat' dir='ltr'><strong>quod</strong></span> <span class='ocrx_word' id='word_1_148' title='bbox 1401 1675 1566 1746; x_wconf 90' lang='lat' dir='ltr'><strong>deos</strong></span> <span class='ocrx_word' id='word_1_149' title='bbox 1601 1697 1737 1745; x_wconf 86' lang='lat' dir='ltr'><strong>non</strong></span> <span class='ocrx_word' id='word_1_150' title='bbox 1770 1672 2045 1761; x_wconf 76' lang='lat' dir='ltr'><strong>colitis?</strong></span> <span class='ocrx_word' id='word_1_151' title='bbox 2076 1675 2453 1766; x_wconf 84' lang='lat' dir='ltr'><strong>Respondit</strong></span> <span class='ocrx_word' id='word_1_152' title='bbox 2490 1674 2759 1744; x_wconf 78' lang='lat' dir='ltr'><strong>Abdon:</strong></span> <span class='ocrx_word' id='word_1_153' title='bbox 2806 1697 2843 1741; x_wconf 83' lang='lat'><strong>«</strong></span> <span class='ocrx_word' id='word_1_154' title='bbox 2886 1679 3109 1744; x_wconf 86' lang='lat' dir='ltr'><strong>Immo</strong></span> 
     </span>
     <span class='ocr_line' id='line_1_17' title="bbox 569 1763 3108 1854; baseline 0 -23"><span class='ocrx_word' id='word_1_155' title='bbox 569 1784 729 1833; x_wconf 85' lang='lat' dir='ltr'><strong>vero</strong></span> <span class='ocrx_word' id='word_1_156' title='bbox 777 1764 906 1834; x_wconf 89' lang='lat' dir='ltr'><strong>hac</strong></span> <span class='ocrx_word' id='word_1_157' title='bbox 953 1767 1164 1834; x_wconf 74' lang='lat' dir='ltr'><strong>causa</strong></span> <span class='ocrx_word' id='word_1_158' title='bbox 1211 1786 1337 1834; x_wconf 90' lang='lat' dir='ltr'><strong>nos</strong></span> <span class='ocrx_word' id='word_1_159' title='bbox 1386 1764 1615 1854; x_wconf 91' lang='lat' dir='ltr'><strong>potius</strong></span> <span class='ocrx_word' id='word_1_160' title='bbox 1662 1764 1952 1834; x_wconf 87' lang='lat' dir='ltr'><strong>victores</strong></span> <span class='ocrx_word' id='word_1_161' title='bbox 1998 1764 2369 1846; x_wconf 89' lang='lat' dir='ltr'><strong>evasimus,</strong></span> <span class='ocrx_word' id='word_1_162' title='bbox 2421 1763 2687 1850; x_wconf 80' lang='lat' dir='ltr'><strong>favente</strong></span> <span class='ocrx_word' id='word_1_163' title='bbox 2719 1768 2850 1833; x_wconf 91' lang='lat' dir='ltr'><strong>Deo</strong></span> <span class='ocrx_word' id='word_1_164' title='bbox 2880 1776 2946 1832; x_wconf 92' lang='lat' dir='ltr'><strong>et</strong></span> <span class='ocrx_word' id='word_1_165' title='bbox 2978 1767 3108 1832; x_wconf 93' lang='lat' dir='ltr'><strong>Do-</strong></span> 
     </span>
     <span class='ocr_line' id='line_1_18' title="bbox 570 1851 3101 1943; baseline 0 -24"><span class='ocrx_word' id='word_1_166' title='bbox 570 1852 764 1922; x_wconf 89' lang='lat' dir='ltr'><strong>mino</strong></span> <span class='ocrx_word' id='word_1_167' title='bbox 809 1853 973 1922; x_wconf 85' lang='lat' dir='ltr'><strong>Jesu</strong></span> <span class='ocrx_word' id='word_1_168' title='bbox 1021 1853 1307 1934; x_wconf 89' lang='lat' dir='ltr'><strong>Christo,</strong></span> <span class='ocrx_word' id='word_1_169' title='bbox 1357 1853 1480 1941; x_wconf 87' lang='lat' dir='ltr'><strong>qui</strong></span> <span class='ocrx_word' id='word_1_170' title='bbox 1529 1864 1772 1943; x_wconf 84' lang='lat' dir='ltr'><strong>regnat</strong></span> <span class='ocrx_word' id='word_1_171' title='bbox 1816 1851 1888 1921; x_wconf 91' lang='lat' dir='ltr'><strong>in</strong></span> <span class='ocrx_word' id='word_1_172' title='bbox 1928 1865 2307 1924; x_wconf 88' lang='lat' dir='ltr'><strong>aeternum.</strong></span> <span class='ocrx_word' id='word_1_173' title='bbox 2349 1876 2386 1919; x_wconf 89' lang='lat'>»</span> <span class='ocrx_word' id='word_1_174' title='bbox 2426 1852 2670 1925; x_wconf 87' lang='lat' dir='ltr'><strong>Decius</strong></span> <span class='ocrx_word' id='word_1_175' title='bbox 2714 1853 2931 1921; x_wconf 91' lang='lat' dir='ltr'><strong>iratus</strong></span> <span class='ocrx_word' id='word_1_176' title='bbox 2964 1852 3101 1921; x_wconf 88' lang='lat' dir='ltr'><strong>ait:</strong></span> 
     </span>
     <span class='ocr_line' id='line_1_19' title="bbox 570 1940 3108 2043; baseline 0.001 -33"><span class='ocrx_word' id='word_1_177' title='bbox 570 1941 861 2011; x_wconf 88' lang='lat' dir='ltr'><strong>Nescitis</strong></span> <span class='ocrx_word' id='word_1_178' title='bbox 893 1941 1099 2011; x_wconf 88' lang='lat' dir='ltr'><strong>vitam</strong></span> <span class='ocrx_word' id='word_1_179' title='bbox 1132 1954 1425 2043; x_wconf 65' lang='lat' dir='ltr'><strong>vestram</strong></span> <span class='ocrx_word' id='word_1_180' title='bbox 1454 1962 1603 2013; x_wconf 92' lang='lat' dir='ltr'><strong>esse</strong></span> <span class='ocrx_word' id='word_1_181' title='bbox 1631 1941 1704 2009; x_wconf 93' lang='lat' dir='ltr'><strong>in</strong></span> <span class='ocrx_word' id='word_1_182' title='bbox 1734 1962 1945 2011; x_wconf 87' lang='lat' dir='ltr'><strong>manu</strong></span> <span class='ocrx_word' id='word_1_183' title='bbox 1977 1945 2178 2012; x_wconf 80' lang='lat' dir='ltr'><strong>mea?</strong></span> <span class='ocrx_word' id='word_1_184' title='bbox 2204 1941 2437 2013; x_wconf 77' lang='lat' dir='ltr'><strong>Abdon</strong></span> <span class='ocrx_word' id='word_1_185' title='bbox 2470 1940 2864 2032; x_wconf 84' lang='lat' dir='ltr'><strong>respondit:</strong></span> <span class='ocrx_word' id='word_1_186' title='bbox 2901 1963 2939 2007; x_wconf 88' lang='lat'>«</span> <span class='ocrx_word' id='word_1_187' title='bbox 2973 1945 3108 2012; x_wconf 86' lang='lat' dir='ltr'><strong>Nos</strong></span> 
     </span>
     <span class='ocr_line' id='line_1_20' title="bbox 570 2029 3105 2111; baseline 0 -14"><span class='ocrx_word' id='word_1_188' title='bbox 570 2033 709 2099; x_wconf 90' lang='lat' dir='ltr'><strong>Deo</strong></span> <span class='ocrx_word' id='word_1_189' title='bbox 744 2029 925 2101; x_wconf 91' lang='lat' dir='ltr'><strong>Patri</strong></span> <span class='ocrx_word' id='word_1_190' title='bbox 954 2042 1020 2101; x_wconf 90' lang='lat' dir='ltr'><strong>et</strong></span> <span class='ocrx_word' id='word_1_191' title='bbox 1051 2035 1338 2101; x_wconf 76' lang='lat' dir='ltr'><strong>Domino</strong></span> <span class='ocrx_word' id='word_1_192' title='bbox 1364 2031 1403 2100; x_wconf 75' lang='lat' dir='ltr'><strong>J</strong></span> <span class='ocrx_word' id='word_1_193' title='bbox 1415 2051 1537 2101; x_wconf 91' lang='lat' dir='ltr'><strong>esu</strong></span> <span class='ocrx_word' id='word_1_194' title='bbox 1569 2030 1835 2100; x_wconf 87' lang='lat' dir='ltr'><strong>Christo</strong></span> <span class='ocrx_word' id='word_1_195' title='bbox 1864 2030 2341 2102; x_wconf 88' lang='lat' dir='ltr'><strong>submittimus</strong></span> <span class='ocrx_word' id='word_1_196' title='bbox 2371 2052 2496 2101; x_wconf 90' lang='lat' dir='ltr'><strong>nos</strong></span> <span class='ocrx_word' id='word_1_197' title='bbox 2527 2044 2593 2100; x_wconf 92' lang='lat' dir='ltr'><strong>et</strong></span> <span class='ocrx_word' id='word_1_198' title='bbox 2623 2029 3105 2111; x_wconf 82' lang='lat' dir='ltr'><strong>humiliamuS,</strong></span> 
     </span>
     <span class='ocr_line' id='line_1_21' title="bbox 572 2117 3111 2209; baseline -0.001 -22"><span class='ocrx_word' id='word_1_199' title='bbox 572 2118 695 2204; x_wconf 89' lang='lat' dir='ltr'><strong>qui</strong></span> <span class='ocrx_word' id='word_1_200' title='bbox 743 2132 1016 2189; x_wconf 91' lang='lat' dir='ltr'><strong>nostrae</strong></span> <span class='ocrx_word' id='word_1_201' title='bbox 1066 2118 1310 2190; x_wconf 89' lang='lat' dir='ltr'><strong>salutis</strong></span> <span class='ocrx_word' id='word_1_202' title='bbox 1356 2122 1569 2189; x_wconf 73' lang='lat' dir='ltr'><strong>causa</strong></span> <span class='ocrx_word' id='word_1_203' title='bbox 1616 2119 1945 2209; x_wconf 83' lang='lat' dir='ltr'><strong>dignatus</strong></span> <span class='ocrx_word' id='word_1_204' title='bbox 1990 2133 2093 2192; x_wconf 90' lang='lat' dir='ltr'><strong>est</strong></span> <span class='ocrx_word' id='word_1_205' title='bbox 2123 2119 2207 2188; x_wconf 89' lang='lat' dir='ltr'><strong>ad</strong></span> <span class='ocrx_word' id='word_1_206' title='bbox 2244 2132 2457 2191; x_wconf 89' lang='lat' dir='ltr'><strong>terras</strong></span> <span class='ocrx_word' id='word_1_207' title='bbox 2493 2119 2747 2198; x_wconf 85' lang='lat' dir='ltr'><strong>venire,</strong></span> <span class='ocrx_word' id='word_1_208' title='bbox 2780 2131 2847 2189; x_wconf 91' lang='lat' dir='ltr'><strong>et</strong></span> <span class='ocrx_word' id='word_1_209' title='bbox 2877 2117 3111 2188; x_wconf 92' lang='lat' dir='ltr'><strong>humi-</strong></span> 
     </span>
     <span class='ocr_line' id='line_1_22' title="bbox 572 2204 3113 2288; baseline 0 -13"><span class='ocrx_word' id='word_1_210' title='bbox 572 2204 753 2277; x_wconf 91' lang='lat' dir='ltr'><strong>liari.</strong></span> <span class='ocrx_word' id='word_1_211' title='bbox 795 2230 832 2274; x_wconf 85' lang='lat'>»</span> <span class='ocrx_word' id='word_1_212' title='bbox 877 2208 1092 2278; x_wconf 87' lang='lat' dir='ltr'><strong>Jussit</strong></span> <span class='ocrx_word' id='word_1_213' title='bbox 1138 2207 1302 2277; x_wconf 90' lang='lat' dir='ltr'><strong>inde</strong></span> <span class='ocrx_word' id='word_1_214' title='bbox 1350 2208 1594 2277; x_wconf 90' lang='lat' dir='ltr'><strong>Decius</strong></span> <span class='ocrx_word' id='word_1_215' title='bbox 1641 2218 1867 2277; x_wconf 89' lang='lat' dir='ltr'><strong>arctae</strong></span> <span class='ocrx_word' id='word_1_216' title='bbox 1920 2228 2036 2277; x_wconf 91' lang='lat' dir='ltr'><strong>eos</strong></span> <span class='ocrx_word' id='word_1_217' title='bbox 2088 2208 2441 2279; x_wconf 89' lang='lat' dir='ltr'><strong>custodiae</strong></span> <span class='ocrx_word' id='word_1_218' title='bbox 2494 2206 2783 2288; x_wconf 89' lang='lat' dir='ltr'><strong>includi,</strong></span> <span class='ocrx_word' id='word_1_219' title='bbox 2847 2208 3113 2276; x_wconf 87' lang='lat' dir='ltr'><strong>vinctos</strong></span> 
     </span>
     <span class='ocr_line' id='line_1_23' title="bbox 568 2295 3113 2389; baseline -0 -25"><span class='ocrx_word' id='word_1_220' title='bbox 568 2296 855 2365; x_wconf 78' lang='lat' dir='ltr'><strong>catenis,</strong></span> <span class='ocrx_word' id='word_1_221' title='bbox 911 2296 1088 2366; x_wconf 86' lang='lat' dir='ltr'><strong>Dixit</strong></span> <span class='ocrx_word' id='word_1_222' title='bbox 1134 2309 1361 2366; x_wconf 91' lang='lat' dir='ltr'><strong>autem</strong></span> <span class='ocrx_word' id='word_1_223' title='bbox 1410 2296 1645 2366; x_wconf 77' lang='lat' dir='ltr'><strong>Abdon</strong></span> <span class='ocrx_word' id='word_1_224' title='bbox 1697 2295 1783 2365; x_wconf 89' lang='lat' dir='ltr'><strong>ad</strong></span> <span class='ocrx_word' id='word_1_225' title='bbox 1835 2300 2143 2367; x_wconf 89' lang='lat' dir='ltr'><strong>Sennen:</strong></span> <span class='ocrx_word' id='word_1_226' title='bbox 2196 2302 2364 2367; x_wconf 89' lang='lat' dir='ltr'><strong>Ecce</strong></span> <span class='ocrx_word' id='word_1_227' title='bbox 2401 2295 2644 2389; x_wconf 88' lang='lat' dir='ltr'><strong>gloria,</strong></span> <span class='ocrx_word' id='word_1_228' title='bbox 2680 2317 2890 2383; x_wconf 85' lang='lat' dir='ltr'><strong>quam</strong></span> <span class='ocrx_word' id='word_1_229' title='bbox 2929 2316 3113 2366; x_wconf 90' lang='lat' dir='ltr'><strong>sem-</strong></span> 
     </span>
     <span class='ocr_line' id='line_1_24' title="bbox 563 2385 1675 2475; baseline 0.002 -22"><span class='ocrx_word' id='word_1_230' title='bbox 563 2404 687 2475; x_wconf 90' lang='lat' dir='ltr'><strong>per</strong></span> <span class='ocrx_word' id='word_1_231' title='bbox 720 2385 1155 2474; x_wconf 88' lang='lat' dir='ltr'><strong>speravimus</strong></span> <span class='ocrx_word' id='word_1_232' title='bbox 1183 2407 1223 2454; x_wconf 91' lang='lat' dir='ltr'><strong>a</strong></span> <span class='ocrx_word' id='word_1_233' title='bbox 1262 2387 1547 2455; x_wconf 90' lang='lat' dir='ltr'><strong>Domino</strong></span> <span class='ocrx_word' id='word_1_234' title='bbox 1579 2386 1675 2455; x_wconf 57' lang='lat'><strong>*⁴2</strong></span> 
     </span>
    </p>

    <p class='ocr_par' dir='ltr' id='par_1_4' title="bbox 558 2471 3110 4252">
     <span class='ocr_line' id='line_1_25' title="bbox 653 2471 3107 2633; baseline -0.001 -87"><span class='ocrx_word' id='word_1_235' title='bbox 653 2474 703 2633; x_wconf 56' lang='grc' dir='ltr'>ἰ</span> <span class='ocrx_word' id='word_1_236' title='bbox 737 2478 825 2547; x_wconf 73' lang='grc' dir='ltr'><strong>ὅ.</strong></span> <span class='ocrx_word' id='word_1_237' title='bbox 879 2474 1130 2545; x_wconf 90' lang='lat' dir='ltr'><strong>Eodem</strong></span> <span class='ocrx_word' id='word_1_238' title='bbox 1167 2474 1278 2545; x_wconf 93' lang='lat' dir='ltr'><strong>die</strong></span> <span class='ocrx_word' id='word_1_239' title='bbox 1309 2473 1522 2545; x_wconf 91' lang='lat' dir='ltr'><strong>oblati</strong></span> <span class='ocrx_word' id='word_1_240' title='bbox 1556 2487 1719 2546; x_wconf 92' lang='lat' dir='ltr'><strong>sunt</strong></span> <span class='ocrx_word' id='word_1_241' title='bbox 1767 2477 1966 2548; x_wconf 91' lang='lat' dir='ltr'><strong>Decio</strong></span> <span class='ocrx_word' id='word_1_242' title='bbox 1999 2472 2443 2566; x_wconf 84' lang='lat' dir='ltr'><strong>Olympiades</strong></span> <span class='ocrx_word' id='word_1_243' title='bbox 2474 2484 2541 2544; x_wconf 89' lang='lat' dir='ltr'><strong>et</strong></span> <span class='ocrx_word' id='word_1_244' title='bbox 2579 2471 2938 2554; x_wconf 78' lang='lat' dir='ltr'><strong>MaximuS,</strong></span> <span class='ocrx_word' id='word_1_245' title='bbox 2975 2471 3107 2543; x_wconf 89' lang='lat' dir='ltr'><strong>viri</strong></span> 
     </span>
     <span class='ocr_line' id='line_1_26' title="bbox 564 2560 3104 2654; baseline -0.001 -23"><span class='ocrx_word' id='word_1_246' title='bbox 564 2583 655 2631; x_wconf 89' lang='lat' dir='ltr'><strong>no</strong></span> <span class='ocrx_word' id='word_1_247' title='bbox 708 2563 984 2634; x_wconf 89' lang='lat' dir='ltr'><strong>ilissimi</strong></span> <span class='ocrx_word' id='word_1_248' title='bbox 1016 2578 1083 2634; x_wconf 93' lang='lat' dir='ltr'><strong>et</strong></span> <span class='ocrx_word' id='word_1_249' title='bbox 1114 2564 1527 2635; x_wconf 87' lang='lat' dir='ltr'><strong>Christiani:</strong></span> <span class='ocrx_word' id='word_1_250' title='bbox 1580 2586 1757 2652; x_wconf 92' lang='lat' dir='ltr'><strong>quos</strong></span> <span class='ocrx_word' id='word_1_251' title='bbox 1796 2565 1912 2637; x_wconf 93' lang='lat' dir='ltr'><strong>ille</strong></span> <span class='ocrx_word' id='word_1_252' title='bbox 1946 2564 2292 2635; x_wconf 89' lang='lat' dir='ltr'><strong>inauditos</strong></span> <span class='ocrx_word' id='word_1_253' title='bbox 2312 2563 2524 2654; x_wconf 88' lang='lat' dir='ltr'><strong>jussit</strong></span> <span class='ocrx_word' id='word_1_254' title='bbox 2550 2562 2850 2634; x_wconf 88' lang='lat' dir='ltr'><strong>fustibus</strong></span> <span class='ocrx_word' id='word_1_255' title='bbox 2882 2560 3104 2640; x_wconf 90' lang='lat' dir='ltr'><strong>caedi,</strong></span> 
     </span>
     <span class='ocr_line' id='line_1_27' title="bbox 564 2650 3107 2750; baseline 0 -31"><span class='ocrx_word' id='word_1_256' title='bbox 564 2650 660 2721; x_wconf 88' lang='lat' dir='ltr'><strong>ita</strong></span> <span class='ocrx_word' id='word_1_257' title='bbox 690 2651 973 2723; x_wconf 90' lang='lat' dir='ltr'><strong>dicens:</strong></span> <span class='ocrx_word' id='word_1_258' title='bbox 1026 2652 1146 2723; x_wconf 91' lang='lat' dir='ltr'><strong>Isti</strong></span> <span class='ocrx_word' id='word_1_259' title='bbox 1194 2652 1389 2743; x_wconf 85' lang='lat' dir='ltr'><strong>digni</strong></span> <span class='ocrx_word' id='word_1_260' title='bbox 1437 2666 1601 2723; x_wconf 92' lang='lat' dir='ltr'><strong>sunt</strong></span> <span class='ocrx_word' id='word_1_261' title='bbox 1656 2668 1872 2725; x_wconf 92' lang='lat' dir='ltr'><strong>morte</strong></span> <span class='ocrx_word' id='word_1_262' title='bbox 1917 2654 2134 2735; x_wconf 86' lang='lat' dir='ltr'><strong>affici,</strong></span> <span class='ocrx_word' id='word_1_263' title='bbox 2190 2675 2313 2722; x_wconf 91' lang='lat' dir='ltr'><strong>nec</strong></span> <span class='ocrx_word' id='word_1_264' title='bbox 2359 2652 2588 2721; x_wconf 92' lang='lat' dir='ltr'><strong>audiri</strong></span> <span class='ocrx_word' id='word_1_265' title='bbox 2636 2651 2884 2722; x_wconf 90' lang='lat' dir='ltr'><strong>debent</strong></span> <span class='ocrx_word' id='word_1_266' title='bbox 2913 2704 2946 2750; x_wconf 30' lang='grc' dir='ltr'><strong>,ο</strong></span> <span class='ocrx_word' id='word_1_267' title='bbox 2980 2650 3107 2750; x_wconf 83' lang='lat' dir='ltr'><strong>qui</strong></span> 
     </span>
     <span class='ocr_line' id='line_1_28' title="bbox 562 2738 3100 2822; baseline -0 -14"><span class='ocrx_word' id='word_1_268' title='bbox 562 2739 728 2810; x_wconf 91' lang='lat' dir='ltr'><strong>deos</strong></span> <span class='ocrx_word' id='word_1_269' title='bbox 775 2741 1144 2822; x_wconf 91' lang='lat' dir='ltr'><strong>deserunt,</strong></span> <span class='ocrx_word' id='word_1_270' title='bbox 1213 2754 1278 2812; x_wconf 94' lang='lat' dir='ltr'><strong>et</strong></span> <span class='ocrx_word' id='word_1_271' title='bbox 1341 2740 1579 2812; x_wconf 90' lang='lat' dir='ltr'><strong>colunt</strong></span> <span class='ocrx_word' id='word_1_272' title='bbox 1637 2742 1990 2813; x_wconf 89' lang='lat' dir='ltr'><strong>hominem</strong></span> <span class='ocrx_word' id='word_1_273' title='bbox 2066 2754 2442 2811; x_wconf 90' lang='lat' dir='ltr'><strong>mortuum.</strong></span> <span class='ocrx_word' id='word_1_274' title='bbox 2498 2740 2835 2811; x_wconf 84' lang='lat' dir='ltr'><strong>Maximus</strong></span> <span class='ocrx_word' id='word_1_275' title='bbox 2881 2738 3100 2808; x_wconf 81' lang='lat' dir='ltr'><strong>dixit:</strong></span> 
     </span>
     <span class='ocr_line' id='line_1_29' title="bbox 562 2829 3106 2912; baseline -0 -15"><span class='ocrx_word' id='word_1_276' title='bbox 562 2832 741 2899; x_wconf 91' lang='lat' dir='ltr'><strong>Bene</strong></span> <span class='ocrx_word' id='word_1_277' title='bbox 786 2829 1043 2912; x_wconf 86' lang='lat' dir='ltr'><strong>dixisti,</strong></span> <span class='ocrx_word' id='word_1_278' title='bbox 1096 2842 1496 2901; x_wconf 86' lang='lat' dir='ltr'><strong>mortuum:</strong></span> <span class='ocrx_word' id='word_1_279' title='bbox 1549 2830 1668 2900; x_wconf 90' lang='lat' dir='ltr'><strong>sed</strong></span> <span class='ocrx_word' id='word_1_280' title='bbox 1717 2853 1845 2901; x_wconf 91' lang='lat' dir='ltr'><strong>cur</strong></span> <span class='ocrx_word' id='word_1_281' title='bbox 1893 2853 2027 2900; x_wconf 90' lang='lat' dir='ltr'><strong>non</strong></span> <span class='ocrx_word' id='word_1_282' title='bbox 2075 2830 2280 2899; x_wconf 88' lang='lat' dir='ltr'><strong>etiam</strong></span> <span class='ocrx_word' id='word_1_283' title='bbox 2339 2829 2517 2900; x_wconf 91' lang='lat' dir='ltr'><strong>dicis</strong></span> <span class='ocrx_word' id='word_1_284' title='bbox 2575 2851 2737 2899; x_wconf 91' lang='lat' dir='ltr'><strong>eum</strong></span> <span class='ocrx_word' id='word_1_285' title='bbox 2801 2848 3106 2898; x_wconf 86' lang='lat' dir='ltr'><strong>resurre-</strong></span> 
     </span>
     <span class='ocr_line' id='line_1_30' title="bbox 560 2916 3105 3007; baseline 0 -22"><span class='ocrx_word' id='word_1_286' title='bbox 560 2917 786 2987; x_wconf 74' lang='lat' dir='ltr'><strong>xisse?</strong></span> <span class='ocrx_word' id='word_1_287' title='bbox 833 2918 1078 2988; x_wconf 89' lang='lat' dir='ltr'><strong>Decius</strong></span> <span class='ocrx_word' id='word_1_288' title='bbox 1133 2919 1274 2989; x_wconf 90' lang='lat' dir='ltr'><strong>ait:</strong></span> <span class='ocrx_word' id='word_1_289' title='bbox 1339 2918 1608 2989; x_wconf 89' lang='lat' dir='ltr'><strong>Prodite</strong></span> <span class='ocrx_word' id='word_1_290' title='bbox 1657 2920 1856 2990; x_wconf 90' lang='lat' dir='ltr'><strong>nobis</strong></span> <span class='ocrx_word' id='word_1_291' title='bbox 1911 2918 2269 2989; x_wconf 82' lang='lat' dir='ltr'><strong>facultates</strong></span> <span class='ocrx_word' id='word_1_292' title='bbox 2324 2931 2609 2989; x_wconf 86' lang='lat' dir='ltr'><strong>vestras.</strong></span> <span class='ocrx_word' id='word_1_293' title='bbox 2660 2916 3105 3007; x_wconf 83' lang='lat' dir='ltr'><strong>Olympiades</strong></span> 
     </span>
     <span class='ocr_line' id='line_1_31' title="bbox 562 3004 3106 3099; baseline 0.001 -27"><span class='ocrx_word' id='word_1_294' title='bbox 562 3004 777 3074; x_wconf 88' lang='lat' dir='ltr'><strong>dixit:</strong></span> <span class='ocrx_word' id='word_1_295' title='bbox 831 3029 868 3072; x_wconf 89' lang='lat'>«</span> <span class='ocrx_word' id='word_1_296' title='bbox 909 3013 1187 3076; x_wconf 85' lang='lat' dir='ltr'><strong>Nostrae</strong></span> <span class='ocrx_word' id='word_1_297' title='bbox 1231 3028 1419 3097; x_wconf 79' lang='lat' dir='ltr'><strong>opeS‚</strong></span> <span class='ocrx_word' id='word_1_298' title='bbox 1476 3018 1745 3078; x_wconf 89' lang='lat' dir='ltr'><strong>nostrae</strong></span> <span class='ocrx_word' id='word_1_299' title='bbox 1792 3029 2106 3099; x_wconf 86' lang='lat' dir='ltr'><strong>gemmae</strong></span> <span class='ocrx_word' id='word_1_300' title='bbox 2135 3061 2151 3089; x_wconf 94' lang='lat'><strong>,</strong></span> <span class='ocrx_word' id='word_1_301' title='bbox 2221 3019 2534 3077; x_wconf 91' lang='lat' dir='ltr'><strong>nostrum</strong></span> <span class='ocrx_word' id='word_1_302' title='bbox 2590 3028 2841 3076; x_wconf 89' lang='lat' dir='ltr'><strong>aurum</strong></span> <span class='ocrx_word' id='word_1_303' title='bbox 2880 3018 2946 3075; x_wconf 94' lang='lat' dir='ltr'><strong>et</strong></span> <span class='ocrx_word' id='word_1_304' title='bbox 2991 3026 3106 3074; x_wconf 88' lang='lat' dir='ltr'><strong>ar-</strong></span> 
     </span>
     <span class='ocr_line' id='line_1_32' title="bbox 562 3091 3106 3187; baseline 0.001 -26"><span class='ocrx_word' id='word_1_305' title='bbox 562 3105 843 3184; x_wconf 88' lang='lat' dir='ltr'><strong>gentum</strong></span> <span class='ocrx_word' id='word_1_306' title='bbox 894 3096 1203 3166; x_wconf 91' lang='lat' dir='ltr'><strong>Christus</strong></span> <span class='ocrx_word' id='word_1_307' title='bbox 1233 3106 1357 3166; x_wconf 89' lang='lat' dir='ltr'><strong>est.</strong></span> <span class='ocrx_word' id='word_1_308' title='bbox 1394 3095 1586 3166; x_wconf 89' lang='lat' dir='ltr'><strong>Disce</strong></span> <span class='ocrx_word' id='word_1_309' title='bbox 1620 3108 1850 3166; x_wconf 89' lang='lat' dir='ltr'><strong>autem</strong></span> <span class='ocrx_word' id='word_1_310' title='bbox 1903 3096 2135 3177; x_wconf 89' lang='lat' dir='ltr'><strong>miser,</strong></span> <span class='ocrx_word' id='word_1_311' title='bbox 2187 3096 2353 3182; x_wconf 89' lang='lat' dir='ltr'><strong>quia</strong></span> <span class='ocrx_word' id='word_1_312' title='bbox 2389 3116 2678 3187; x_wconf 89' lang='lat' dir='ltr'><strong>corpora</strong></span> <span class='ocrx_word' id='word_1_313' title='bbox 2711 3105 2946 3165; x_wconf 91' lang='lat' dir='ltr'><strong>nostra</strong></span> <span class='ocrx_word' id='word_1_314' title='bbox 2979 3091 3106 3163; x_wconf 90' lang='lat' dir='ltr'><strong>tibi</strong></span> 
     </span>
     <span class='ocr_line' id='line_1_33' title="bbox 565 3180 3101 3275; baseline 0 -25"><span class='ocrx_word' id='word_1_315' title='bbox 565 3180 928 3265; x_wconf 90' lang='lat' dir='ltr'><strong>tradimus,</strong></span> <span class='ocrx_word' id='word_1_316' title='bbox 981 3184 1392 3275; x_wconf 90' lang='lat' dir='ltr'><strong>contemptis</strong></span> <span class='ocrx_word' id='word_1_317' title='bbox 1437 3182 1882 3255; x_wconf 88' lang='lat' dir='ltr'><strong>facultatibus</strong></span> <span class='ocrx_word' id='word_1_318' title='bbox 1930 3184 2219 3255; x_wconf 91' lang='lat' dir='ltr'><strong>terrenis</strong></span> <span class='ocrx_word' id='word_1_319' title='bbox 2264 3196 2467 3271; x_wconf 89' lang='lat' dir='ltr'><strong>atque</strong></span> <span class='ocrx_word' id='word_1_320' title='bbox 2503 3184 2851 3275; x_wconf 88' lang='lat' dir='ltr'><strong>perituris.</strong></span> <span class='ocrx_word' id='word_1_321' title='bbox 2903 3181 3101 3266; x_wconf 85' lang='lat' dir='ltr'><strong>Quod</strong></span> 
     </span>
     <span class='ocr_line' id='line_1_34' title="bbox 565 3269 3109 3365; baseline 0 -26"><span class='ocrx_word' id='word_1_322' title='bbox 565 3269 627 3339; x_wconf 85' lang='lat' dir='ltr'><strong>si</strong></span> <span class='ocrx_word' id='word_1_323' title='bbox 661 3271 953 3361; x_wconf 92' lang='lat' dir='ltr'><strong>teipsum</strong></span> <span class='ocrx_word' id='word_1_324' title='bbox 1006 3272 1179 3342; x_wconf 88' lang='lat' dir='ltr'><strong>bene</strong></span> <span class='ocrx_word' id='word_1_325' title='bbox 1218 3271 1715 3355; x_wconf 88' lang='lat' dir='ltr'><strong>considerares,</strong></span> <span class='ocrx_word' id='word_1_326' title='bbox 1769 3273 2061 3365; x_wconf 90' lang='lat' dir='ltr'><strong>supplex</strong></span> <span class='ocrx_word' id='word_1_327' title='bbox 2106 3273 2306 3343; x_wconf 90' lang='lat' dir='ltr'><strong>fieres</strong></span> <span class='ocrx_word' id='word_1_328' title='bbox 2354 3278 2487 3343; x_wconf 94' lang='lat' dir='ltr'><strong>Deo</strong></span> <span class='ocrx_word' id='word_1_329' title='bbox 2534 3271 2823 3342; x_wconf 88' lang='lat' dir='ltr'><strong>creatori</strong></span> <span class='ocrx_word' id='word_1_330' title='bbox 2855 3283 2997 3351; x_wconf 87' lang='lat' dir='ltr'><strong>tu0,</strong></span> <span class='ocrx_word' id='word_1_331' title='bbox 3040 3281 3109 3341; x_wconf 87' lang='lat' dir='ltr'><strong>et</strong></span> 
     </span>
     <span class='ocr_line' id='line_1_35' title="bbox 559 3357 3106 3449; baseline 0.001 -23"><span class='ocrx_word' id='word_1_332' title='bbox 559 3357 706 3428; x_wconf 88' lang='lat' dir='ltr'><strong>filio</strong></span> <span class='ocrx_word' id='word_1_333' title='bbox 733 3360 885 3449; x_wconf 89' lang='lat' dir='ltr'><strong>ejus</strong></span> <span class='ocrx_word' id='word_1_334' title='bbox 913 3361 1200 3430; x_wconf 91' lang='lat' dir='ltr'><strong>Domino</strong></span> <span class='ocrx_word' id='word_1_335' title='bbox 1231 3361 1393 3431; x_wconf 85' lang='lat' dir='ltr'><strong>Jesu</strong></span> <span class='ocrx_word' id='word_1_336' title='bbox 1426 3362 1714 3433; x_wconf 91' lang='lat' dir='ltr'><strong>Christo.</strong></span> <span class='ocrx_word' id='word_1_337' title='bbox 1758 3367 2066 3432; x_wconf 89' lang='lat' dir='ltr'><strong>Honores</strong></span> <span class='ocrx_word' id='word_1_338' title='bbox 2094 3361 2277 3432; x_wconf 90' lang='lat' dir='ltr'><strong>enim</strong></span> <span class='ocrx_word' id='word_1_339' title='bbox 2312 3373 2378 3432; x_wconf 90' lang='lat' dir='ltr'><strong>et</strong></span> <span class='ocrx_word' id='word_1_340' title='bbox 2407 3360 2687 3431; x_wconf 87' lang='lat' dir='ltr'><strong>divitiae</strong></span> <span class='ocrx_word' id='word_1_341' title='bbox 2716 3360 2802 3430; x_wconf 90' lang='lat' dir='ltr'><strong>ad</strong></span> <span class='ocrx_word' id='word_1_342' title='bbox 2829 3371 3106 3449; x_wconf 90' lang='lat' dir='ltr'><strong>tempus</strong></span> 
     </span>
     <span class='ocr_line' id='line_1_36' title="bbox 567 3447 3103 3542; baseline -0.001 -25"><span class='ocrx_word' id='word_1_343' title='bbox 567 3459 753 3531; x_wconf 91' lang='lat' dir='ltr'><strong>sunt,</strong></span> <span class='ocrx_word' id='word_1_344' title='bbox 797 3447 954 3519; x_wconf 89' lang='lat' dir='ltr'><strong>aliis</strong></span> <span class='ocrx_word' id='word_1_345' title='bbox 985 3449 1265 3537; x_wconf 90' lang='lat' dir='ltr'><strong>quidem</strong></span> <span class='ocrx_word' id='word_1_346' title='bbox 1307 3471 1430 3539; x_wconf 91' lang='lat' dir='ltr'><strong>pro</strong></span> <span class='ocrx_word' id='word_1_347' title='bbox 1468 3449 1712 3540; x_wconf 84' lang='lat' dir='ltr'><strong>gloria,</strong></span> <span class='ocrx_word' id='word_1_348' title='bbox 1753 3452 1876 3523; x_wconf 91' lang='lat' dir='ltr'><strong>tibi</strong></span> <span class='ocrx_word' id='word_1_349' title='bbox 1908 3473 2066 3521; x_wconf 87' lang='lat' dir='ltr'><strong>vero</strong></span> <span class='ocrx_word' id='word_1_350' title='bbox 2113 3450 2196 3521; x_wconf 91' lang='lat' dir='ltr'><strong>ad</strong></span> <span class='ocrx_word' id='word_1_351' title='bbox 2241 3472 2497 3540; x_wconf 91' lang='lat' dir='ltr'><strong>poenas</strong></span> <span class='ocrx_word' id='word_1_352' title='bbox 2543 3449 3021 3542; x_wconf 90' lang='lat' dir='ltr'><strong>sempiternas.</strong></span> <span class='ocrx_word' id='word_1_353' title='bbox 3064 3471 3103 3515; x_wconf 86' lang='lat'>»</span> 
     </span>
     <span class='ocr_line' id='line_1_37' title="bbox 561 3537 3106 3628; baseline 0 -23"><span class='ocrx_word' id='word_1_354' title='bbox 561 3537 808 3607; x_wconf 87' lang='lat' dir='ltr'><strong>Decius</strong></span> <span class='ocrx_word' id='word_1_355' title='bbox 842 3537 935 3607; x_wconf 81' lang='lat' dir='ltr'><strong>ait</strong></span> <span class='ocrx_word' id='word_1_356' title='bbox 963 3538 1048 3607; x_wconf 94' lang='lat' dir='ltr'><strong>ad</strong></span> <span class='ocrx_word' id='word_1_357' title='bbox 1083 3538 1335 3607; x_wconf 90' lang='lat' dir='ltr'><strong>milites</strong></span> <span class='ocrx_word' id='word_1_358' title='bbox 1361 3560 1558 3607; x_wconf 90' lang='lat' dir='ltr'><strong>suos:</strong></span> <span class='ocrx_word' id='word_1_359' title='bbox 1595 3540 1864 3611; x_wconf 86' lang='lat' dir='ltr'><strong>Caedite</strong></span> <span class='ocrx_word' id='word_1_360' title='bbox 1889 3561 2005 3610; x_wconf 89' lang='lat' dir='ltr'><strong>eos</strong></span> <span class='ocrx_word' id='word_1_361' title='bbox 2033 3539 2359 3621; x_wconf 81' lang='lat' dir='ltr'><strong>fustibuS,</strong></span> <span class='ocrx_word' id='word_1_362' title='bbox 2389 3540 2555 3627; x_wconf 89' lang='lat' dir='ltr'><strong>quia</strong></span> <span class='ocrx_word' id='word_1_363' title='bbox 2583 3538 2834 3609; x_wconf 91' lang='lat' dir='ltr'><strong>mentis</strong></span> <span class='ocrx_word' id='word_1_364' title='bbox 2861 3537 3106 3628; x_wconf 92' lang='lat' dir='ltr'><strong>inopes</strong></span> 
     </span>
     <span class='ocr_line' id='line_1_38' title="bbox 559 3626 3104 3717; baseline -0.001 -20"><span class='ocrx_word' id='word_1_365' title='bbox 559 3637 747 3697; x_wconf 88' lang='lat' dir='ltr'><strong>sunt.</strong></span> <span class='ocrx_word' id='word_1_366' title='bbox 782 3630 948 3696; x_wconf 92' lang='lat' dir='ltr'><strong>Cum</strong></span> <span class='ocrx_word' id='word_1_367' title='bbox 997 3638 1227 3697; x_wconf 90' lang='lat' dir='ltr'><strong>autem</strong></span> <span class='ocrx_word' id='word_1_368' title='bbox 1267 3626 1637 3697; x_wconf 87' lang='lat' dir='ltr'><strong>deficerent</strong></span> <span class='ocrx_word' id='word_1_369' title='bbox 1692 3630 1813 3717; x_wconf 91' lang='lat' dir='ltr'><strong>qui</strong></span> <span class='ocrx_word' id='word_1_370' title='bbox 1861 3651 1977 3700; x_wconf 91' lang='lat' dir='ltr'><strong>eos</strong></span> <span class='ocrx_word' id='word_1_371' title='bbox 2014 3627 2434 3709; x_wconf 88' lang='lat' dir='ltr'><strong>caedebant,</strong></span> <span class='ocrx_word' id='word_1_372' title='bbox 2491 3627 2830 3698; x_wconf 83' lang='lat' dir='ltr'><strong>Maximus</strong></span> <span class='ocrx_word' id='word_1_373' title='bbox 2874 3627 3104 3697; x_wconf 90' lang='lat' dir='ltr'><strong>excla-</strong></span> 
     </span>
     <span class='ocr_line' id='line_1_39' title="bbox 559 3713 3104 3807; baseline 0 -24"><span class='ocrx_word' id='word_1_374' title='bbox 559 3713 838 3785; x_wconf 86' lang='lat' dir='ltr'><strong>mabat:</strong></span> <span class='ocrx_word' id='word_1_375' title='bbox 883 3736 921 3781; x_wconf 87' lang='lat'>«</span> <span class='ocrx_word' id='word_1_376' title='bbox 953 3714 1182 3786; x_wconf 89' lang='lat' dir='ltr'><strong>Gloria</strong></span> <span class='ocrx_word' id='word_1_377' title='bbox 1231 3715 1353 3786; x_wconf 92' lang='lat' dir='ltr'><strong>tibi</strong></span> <span class='ocrx_word' id='word_1_378' title='bbox 1402 3717 1689 3786; x_wconf 91' lang='lat' dir='ltr'><strong>Domine</strong></span> <span class='ocrx_word' id='word_1_379' title='bbox 1718 3724 1885 3787; x_wconf 78' lang='lat' dir='ltr'><strong>Jesu</strong></span> <span class='ocrx_word' id='word_1_380' title='bbox 1921 3717 2210 3799; x_wconf 91' lang='lat' dir='ltr'><strong>Christe,</strong></span> <span class='ocrx_word' id='word_1_381' title='bbox 2247 3717 2369 3805; x_wconf 91' lang='lat' dir='ltr'><strong>qui</strong></span> <span class='ocrx_word' id='word_1_382' title='bbox 2405 3739 2529 3787; x_wconf 92' lang='lat' dir='ltr'><strong>nos</strong></span> <span class='ocrx_word' id='word_1_383' title='bbox 2560 3716 2891 3807; x_wconf 85' lang='lat' dir='ltr'><strong>dignatus</strong></span> <span class='ocrx_word' id='word_1_384' title='bbox 2918 3737 2991 3786; x_wconf 90' lang='lat' dir='ltr'><strong>es</strong></span> <span class='ocrx_word' id='word_1_385' title='bbox 3032 3714 3104 3784; x_wconf 90' lang='lat' dir='ltr'><strong>in</strong></span> 
     </span>
     <span class='ocr_line' id='line_1_40' title="bbox 559 3803 3102 3898; baseline -0.001 -25"><span class='ocrx_word' id='word_1_386' title='bbox 559 3804 776 3873; x_wconf 90' lang='lat' dir='ltr'><strong>servis</strong></span> <span class='ocrx_word' id='word_1_387' title='bbox 815 3803 952 3874; x_wconf 91' lang='lat' dir='ltr'><strong>tuis</strong></span> <span class='ocrx_word' id='word_1_388' title='bbox 1002 3825 1388 3874; x_wconf 89' lang='lat' dir='ltr'><strong>numerare.</strong></span> <span class='ocrx_word' id='word_1_389' title='bbox 1428 3828 1466 3871; x_wconf 85' lang='lat'><strong>»</strong></span> <span class='ocrx_word' id='word_1_390' title='bbox 1516 3806 1762 3877; x_wconf 90' lang='lat' dir='ltr'><strong>Decius</strong></span> <span class='ocrx_word' id='word_1_391' title='bbox 1799 3805 2031 3876; x_wconf 89' lang='lat' dir='ltr'><strong>furore</strong></span> <span class='ocrx_word' id='word_1_392' title='bbox 2081 3806 2404 3898; x_wconf 86' lang='lat' dir='ltr'><strong>percitus,</strong></span> <span class='ocrx_word' id='word_1_393' title='bbox 2452 3806 2666 3896; x_wconf 91' lang='lat' dir='ltr'><strong>jussit</strong></span> <span class='ocrx_word' id='word_1_394' title='bbox 2711 3827 2827 3875; x_wconf 93' lang='lat' dir='ltr'><strong>eos</strong></span> <span class='ocrx_word' id='word_1_395' title='bbox 2877 3803 3102 3893; x_wconf 91' lang='lat' dir='ltr'><strong>plum-</strong></span> 
     </span>
     <span class='ocr_line' id='line_1_41' title="bbox 559 3890 3107 3986; baseline -0 -25"><span class='ocrx_word' id='word_1_396' title='bbox 559 3890 740 3962; x_wconf 89' lang='lat' dir='ltr'><strong>batis</strong></span> <span class='ocrx_word' id='word_1_397' title='bbox 778 3891 997 3974; x_wconf 89' lang='lat' dir='ltr'><strong>caedi,</strong></span> <span class='ocrx_word' id='word_1_398' title='bbox 1034 3914 1372 3984; x_wconf 90' lang='lat' dir='ltr'><strong>praecone</strong></span> <span class='ocrx_word' id='word_1_399' title='bbox 1400 3892 1706 3965; x_wconf 81' lang='lat' dir='ltr'><strong>dicente:</strong></span> <span class='ocrx_word' id='word_1_400' title='bbox 1762 3895 1935 3965; x_wconf 88' lang='lat' dir='ltr'><strong>Deos.</strong></span> <span class='ocrx_word' id='word_1_401' title='bbox 1959 3894 2443 3986; x_wconf 88' lang='lat' dir='ltr'><strong>blasphemare</strong></span> <span class='ocrx_word' id='word_1_402' title='bbox 2492 3893 2725 3964; x_wconf 92' lang='lat' dir='ltr'><strong>nolite.</strong></span> <span class='ocrx_word' id='word_1_403' title='bbox 2780 3891 2908 3965; x_wconf 90' lang='lat' dir='ltr'><strong>Sed</strong></span> <span class='ocrx_word' id='word_1_404' title='bbox 2942 3912 3107 3961; x_wconf 89' lang='lat' dir='ltr'><strong>cum</strong></span> 
     </span>
     <span class='ocr_line' id='line_1_42' title="bbox 558 3979 3101 4074; baseline -0 -25"><span class='ocrx_word' id='word_1_405' title='bbox 558 3979 1031 4064; x_wconf 90' lang='lat' dir='ltr'><strong>caederentur,</strong></span> <span class='ocrx_word' id='word_1_406' title='bbox 1072 3982 1294 4074; x_wconf 85' lang='lat' dir='ltr'><strong>magis</strong></span> <span class='ocrx_word' id='word_1_407' title='bbox 1340 3982 1927 4066; x_wconf 85' lang='lat' dir='ltr'><strong>confortabantur,</strong></span> <span class='ocrx_word' id='word_1_408' title='bbox 1961 3997 2027 4054; x_wconf 91' lang='lat' dir='ltr'><strong>et</strong></span> <span class='ocrx_word' id='word_1_409' title='bbox 2061 3983 2255 4054; x_wconf 90' lang='lat' dir='ltr'><strong>vultu</strong></span> <span class='ocrx_word' id='word_1_410' title='bbox 2301 3982 2514 4054; x_wconf 90' lang='lat' dir='ltr'><strong>alacri</strong></span> <span class='ocrx_word' id='word_1_411' title='bbox 2552 3982 2908 4053; x_wconf 89' lang='lat' dir='ltr'><strong>dicebant:</strong></span> <span class='ocrx_word' id='word_1_412' title='bbox 2946 3985 3101 4061; x_wconf 84' lang='lat' dir='ltr'><strong>Fac,</strong></span> 
     </span>
     <span class='ocr_line' id='line_1_43' title="bbox 560 4068 3110 4161; baseline 0 -23"><span class='ocrx_word' id='word_1_413' title='bbox 560 4068 746 4155; x_wconf 92' lang='lat' dir='ltr'><strong>quod</strong></span> <span class='ocrx_word' id='word_1_414' title='bbox 783 4068 954 4140; x_wconf 87' lang='lat' dir='ltr'><strong>facis</strong></span> <span class='ocrx_word' id='word_1_415' title='bbox 988 4093 1004 4138; x_wconf 74' lang='grc' dir='ltr'><strong><em>ε</em></strong></span> <span class='ocrx_word' id='word_1_416' title='bbox 1058 4071 1201 4141; x_wconf 88' lang='lat' dir='ltr'><strong>noli</strong></span> <span class='ocrx_word' id='word_1_417' title='bbox 1230 4093 1541 4142; x_wconf 88' lang='lat' dir='ltr'><strong>cessare:</strong></span> <span class='ocrx_word' id='word_1_418' title='bbox 1580 4072 1845 4142; x_wconf 89' lang='lat' dir='ltr'><strong>munda</strong></span> <span class='ocrx_word' id='word_1_419' title='bbox 1875 4071 2056 4161; x_wconf 92' lang='lat' dir='ltr'><strong>quod</strong></span> <span class='ocrx_word' id='word_1_420' title='bbox 2088 4071 2446 4142; x_wconf 90' lang='lat' dir='ltr'><strong>sordidum</strong></span> <span class='ocrx_word' id='word_1_421' title='bbox 2495 4082 2620 4142; x_wconf 92' lang='lat' dir='ltr'><strong>est.</strong></span> <span class='ocrx_word' id='word_1_422' title='bbox 2664 4070 2908 4141; x_wconf 90' lang='lat' dir='ltr'><strong>Decius</strong></span> <span class='ocrx_word' id='word_1_423' title='bbox 2937 4069 3110 4138; x_wconf 90' lang='lat' dir='ltr'><strong>dixit</strong></span> 
     </span>
     <span class='ocr_line' id='line_1_44' title="bbox 560 4156 3107 4252; baseline 0.001 -28"><span class='ocrx_word' id='word_1_424' title='bbox 560 4156 647 4224; x_wconf 90' lang='lat' dir='ltr'><strong>ad</strong></span> <span class='ocrx_word' id='word_1_425' title='bbox 712 4157 1012 4229; x_wconf 89' lang='lat' dir='ltr'><strong>milites:</strong></span> <span class='ocrx_word' id='word_1_426' title='bbox 1077 4165 1314 4231; x_wconf 87' lang='lat' dir='ltr'><strong>Levate</strong></span> <span class='ocrx_word' id='word_1_427' title='bbox 1373 4183 1488 4231; x_wconf 91' lang='lat' dir='ltr'><strong>eos</strong></span> <span class='ocrx_word' id='word_1_428' title='bbox 1536 4184 1578 4231; x_wconf 89' lang='lat' dir='ltr'><strong>a</strong></span> <span class='ocrx_word' id='word_1_429' title='bbox 1646 4173 1870 4244; x_wconf 90' lang='lat' dir='ltr'><strong>terra,</strong></span> <span class='ocrx_word' id='word_1_430' title='bbox 1935 4175 2001 4232; x_wconf 92' lang='lat' dir='ltr'><strong>et</strong></span> <span class='ocrx_word' id='word_1_431' title='bbox 2049 4161 2409 4252; x_wconf 91' lang='lat' dir='ltr'><strong>proponite</strong></span> <span class='ocrx_word' id='word_1_432' title='bbox 2453 4181 2684 4231; x_wconf 90' lang='lat' dir='ltr'><strong>coram</strong></span> <span class='ocrx_word' id='word_1_433' title='bbox 2734 4159 2834 4230; x_wconf 90' lang='lat' dir='ltr'><strong>eis</strong></span> <span class='ocrx_word' id='word_1_434' title='bbox 2896 4157 3107 4228; x_wconf 84' lang='lat' dir='ltr'><strong>lectos</strong></span> 
     </span>
    </p>
   </div>
   <div class='ocr_carea' id='block_1_3' title="bbox 558 4301 3108 4514">
    <p class='ocr_par' dir='ltr' id='par_1_5' title="bbox 558 4301 3108 4514">
     <span class='ocr_line' id='line_1_45' title="bbox 610 4301 3105 4394; baseline 0.001 -53"><span class='ocrx_word' id='word_1_435' title='bbox 610 4301 649 4394; x_wconf 45' lang='grc' dir='ltr'><strong>ἶ,</strong></span> <span class='ocrx_word' id='word_1_436' title='bbox 668 4302 775 4351; x_wconf 76' lang='lat' dir='ltr'><strong>Egit</strong></span> <span class='ocrx_word' id='word_1_437' title='bbox 791 4303 1036 4354; x_wconf 81' lang='lat' dir='ltr'><strong>hueusque</strong></span> <span class='ocrx_word' id='word_1_438' title='bbox 1055 4306 1227 4346; x_wconf 77' lang='lat' dir='ltr'><strong>Auctor</strong></span> <span class='ocrx_word' id='word_1_439' title='bbox 1255 4305 1312 4346; x_wconf 83' lang='lat' dir='ltr'><strong>de</strong></span> <span class='ocrx_word' id='word_1_440' title='bbox 1332 4306 1410 4347; x_wconf 80' lang='lat' dir='ltr'><strong>SS.</strong></span> <span class='ocrx_word' id='word_1_441' title='bbox 1432 4306 1543 4346; x_wconf 77' lang='grc' dir='ltr'><strong>ΜΜ.</strong></span> <span class='ocrx_word' id='word_1_442' title='bbox 1570 4315 1679 4347; x_wconf 86' lang='lat' dir='ltr'><strong>cum</strong></span> <span class='ocrx_word' id='word_1_443' title='bbox 1708 4307 2044 4347; x_wconf 67' lang='lat' dir='ltr'><strong>Ponrcmtomo</strong></span> <span class='ocrx_word' id='word_1_444' title='bbox 2073 4306 2122 4346; x_wconf 76' lang='lat' dir='ltr'><strong>et</strong></span> <span class='ocrx_word' id='word_1_445' title='bbox 2150 4306 2395 4346; x_wconf 64' lang='lat' dir='ltr'><strong>Pxnxsmo</strong></span> <span class='ocrx_word' id='word_1_446' title='bbox 2418 4301 2468 4345; x_wconf 87' lang='lat' dir='ltr'><strong>in</strong></span> <span class='ocrx_word' id='word_1_447' title='bbox 2493 4304 2736 4354; x_wconf 71' lang='lat' dir='ltr'><strong>Mai-tyrol.</strong></span> <span class='ocrx_word' id='word_1_448' title='bbox 2766 4304 2901 4344; x_wconf 79' lang='lat' dir='ltr'><strong>Rom.</strong></span> <span class='ocrx_word' id='word_1_449' title='bbox 2929 4313 3105 4344; x_wconf 82' lang='lat' dir='ltr'><strong>memo·</strong></span> 
     </span>
     <span class='ocr_line' id='line_1_46' title="bbox 558 4359 3108 4514; baseline 0.002 -65"><span class='ocrx_word' id='word_1_450' title='bbox 558 4364 682 4503; x_wconf 54' lang='lat'><strong>:13</strong></span> <span class='ocrx_word' id='word_1_451' title='bbox 684 4359 1018 4514; x_wconf 48' lang='grc' dir='ltr'><strong>ξΞξδΞέιιι-ᾒιὲ</strong></span> <span class='ocrx_word' id='word_1_452' title='bbox 1009 4359 1322 4462; x_wconf 44' lang='lat' dir='ltr'><strong>hffissraeter</strong></span> <span class='ocrx_word' id='word_1_453' title='bbox 1341 4412 1416 4454; x_wconf 81' lang='grc'><strong>88.</strong></span> <span class='ocrx_word' id='word_1_454' title='bbox 1432 4412 1595 4454; x_wconf 78' lang='lat' dir='ltr'><strong>Abdon</strong></span> <span class='ocrx_word' id='word_1_455' title='bbox 1614 4416 1661 4453; x_wconf 83' lang='lat' dir='ltr'><strong>et</strong></span> <span class='ocrx_word' id='word_1_456' title='bbox 1681 4414 1865 4455; x_wconf 79' lang='lat' dir='ltr'><strong>sennen</strong></span> <span class='ocrx_word' id='word_1_457' title='bbox 1884 4411 1994 4465; x_wconf 78' lang='lat' dir='ltr'><strong>(xxx</strong></span> <span class='ocrx_word' id='word_1_458' title='bbox 2016 4411 2145 4461; x_wconf 63' lang='lat' dir='ltr'><strong>sut),</strong></span> <span class='ocrx_word' id='word_1_459' title='bbox 2166 4411 2244 4452; x_wconf 83' lang='grc'><strong>88.</strong></span> <span class='ocrx_word' id='word_1_460' title='bbox 2265 4410 2375 4451; x_wconf 70' lang='grc' dir='ltr'><strong>ΠΜ.</strong></span> <span class='ocrx_word' id='word_1_461' title='bbox 2399 4410 2714 4453; x_wconf 55' lang='lat' dir='ltr'><strong>Octavianus</strong></span> <span class='ocrx_word' id='word_1_462' title='bbox 2733 4415 2781 4453; x_wconf 80' lang='lat' dir='ltr'><strong>et</strong></span> <span class='ocrx_word' id='word_1_463' title='bbox 2801 4411 3040 4458; x_wconf 67' lang='lat' dir='ltr'><strong>Maximus,</strong></span> <span class='ocrx_word' id='word_1_464' title='bbox 3057 4408 3108 4453; x_wconf 86' lang='lat' dir='ltr'><strong>in</strong></span> 
     </span>
    </p>
   </div>
  </div>
 </body>
</html>
