3308 5004
652 333 789 400 450
1228 349 1308 397 ns
1346 350 1411 397 s.
1462 347 1795 397 naamam
1840 348 1984 396 An.
2036 346 2420 397 omasum..
2781 325 2969 416 Auo.
3026 328 3113 394 20

567 433 1019 505 differendam
1084 446 1399 504 mortem.
1451 438 1736 523 Semper
1794 444 2023 504 autem
2074 443 2228 522 post
2271 431 2507 501 cibum
2556 430 2758 518 quasi
2819 452 3116 522 pensare

571 524 815 595 solitus
858 535 984 603 est,
1037 534 1372 611 quantum
1423 522 1822 593 comederit.
1862 522 1931 592 Si
1979 518 2353 609 aliquando
2382 519 2468 589 ad
2514 520 2864 590 modicum
2916 541 3118 590 men-

570 635 805 684 suram
854 612 1127 683 solitam
1192 611 1565 683 excessisse
1620 633 1699 681 se
1744 609 2317 702 deprehenderit,
2385 609 2673 699 impune
2731 608 2921 678 abire
2969 631 3119 680 non

570 703 853 793 patitur.
910 701 1037 771 Sed
1088 710 1154 770 et
1199 723 1371 772 usus
1422 700 1885 791 parsimoniae
1931 699 2031 769 sic
2068 698 2129 768 ei
2181 698 2252 766 in
2301 709 2619 768 naturam
2671 719 2907 768 versus
2953 711 3063 767 est
3094 753 3114 778 ,

570 803 645 862 ut
698 791 823 861 etsi
872 789 1248 878 aliquando
1295 789 1674 879 corporalis
1722 788 1856 859 sibi
1903 786 2280 875 cujuslibet
2341 785 2731 857 resectionis
2781 786 2939 877 plus
2985 786 3122 857 ali·

570 879 734 967 quid
773 879 971 951 solito
1014 878 1170 948 velit
1208 877 1402 948 indul
1458 899 1594 958 ere,
1636 899 1773 948 non
1812 877 2047 969 possit.

657 971 695 1056 ἓ
744 974 903 1040 22.
959 968 1069 1038 Sic
1102 980 1332 1037 autem
1380 989 1421 1038 a
1502 966 1701 1037 initio
1749 967 1878 1036 suit
1925 965 2105 1036 inter
2151 963 2444 1036 novitios
2494 963 2814 1045 novitius,
2867 986 3121 1034 mona-

574 1057 748 1127 chus
796 1057 974 1127 inter
1021 1056 1415 1136 monachos,
1471 1056 1723 1146 spiritu
1771 1055 2065 1135 validus,
2117 1074 2403 1143 corpore
2450 1052 2793 1133 infirmuS,
2840 1053 2934 1121 nil
2991 1053 3113 1121 in-

572 1145 966 1238 dulgentiae
1012 1146 1191 1215 circa
1224 1144 1533 1234 corporis
1561 1145 1857 1232 quietem
1895 1166 2018 1214 seu
2044 1142 2506 1223 refectionem,
2545 1140 2643 1211 nil
2679 1141 3120 1212 remissionis

568 1235 654 1306 de
680 1234 1036 1306 communi
1065 1234 1295 1304 labore
1319 1232 1418 1303 vel
1443 1254 1654 1324 opere
1686 1233 1820 1303 sibi
1854 1232 2005 1302 lieri
2038 1231 2416 1319 aliquando
2440 1230 2910 1319 acquiescens.
2951 1235 3121 1300 Cae-

576 1338 751 1395 teros
802 1345 1101 1411 namque
1129 1378 1146 1405 ,
1199 1336 1474 1394 sanctos
1529 1343 1680 1393 esse
1725 1322 2195 1392 arbitrabatur
2236 1332 2303 1390 et
2351 1318 2729 1411 perfectos:
2779 1341 2851 1389 se
2900 1342 3064 1390 vero
3095 1373 3116 1401 ,

571 1414 753 1483 sicut
800 1413 1130 1483 novitium
1179 1423 1244 1482 et
1292 1410 1762 1500 incipientem,
1816 1431 2251 1498 nequaquam
2292 1409 2733 1478 emeritorum
2775 1407 3120 1498 perfecto-

572 1523 867 1589 rumque
913 1500 1367 1602 indulgentiis
1413 1512 1479 1570 et
1525 1499 2055 1570 remissionibus
2102 1497 2437 1598 indigere,
2504 1496 2626 1567 sed
2677 1496 2932 1566 fervore
2982 1519 3118 1567 no-

577 1590 761 1670 vitio,
816 1603 880 1661 et
926 1589 1191 1661 ordinis
1229 1588 1681 1670 districtione,
1732 1602 1799 1659 et
1844 1588 2069 1679 rigore
2115 1586 2551 1677 disciplinae.
2604 1590 2731 1655 Pro
2783 1598 2883 1655 ter
2917 1586 3117 1673 quod

575 1680 967 1750 communis
1000 1679 1173 1748 vitae
1206 1700 1329 1748 seu
1376 1677 1915 1748 conversationis
1960 1675 2505 1747 ferventissimus
2536 1696 2738 1744 aemu
2769 1687 2916 1744 ator
2942 1697 3119 1744 cum

575 1791 753 1859 opus
785 1790 1123 1838 manuum
1171 1766 1435 1854 aliquot
1478 1765 1724 1837 fratres
1754 1767 2132 1846 actitarent,
2173 1763 2359 1852 quod
2398 1786 2519 1835 seu
2554 1764 2783 1834 minor
2811 1786 2983 1834 usus
3014 1765 3114 1844 ei,

575 1879 695 1929 seu
728 1856 1069 1947 imperitia
1115 1855 1545 1946 denegabat:
1600 1855 1942 1935 fodiendo,
1988 1876 2112 1924 seu
2161 1853 2349 1944 ligna
2394 1852 2765 1934 caedendo,
2827 1864 2893 1922 et
2951 1874 3121 1943 pro-

583 1946 751 2035 priis
783 1944 1094 2014 humeris
1140 1943 1589 2034 deportando,
1643 1944 1745 2014 vel
1795 1942 2220 2031 quibuslibet
2267 1941 2621 2012 laboribus
2668 1963 2883 2029 aeque
2914 1940 3118 2012 labo-

578 2033 777 2105 riosis
808 2033 982 2102 illud
1017 2033 1414 2103 redimebat.
1451 2031 1577 2103 Ubi
1606 2055 1761 2103 vero
1788 2033 1912 2103 viri
1944 2031 2377 2112 deficiebant,
2409 2030 2498 2100 ad
2529 2030 2768 2101 viliora
2795 2052 3123 2118 quaeque

577 2144 780 2214 opera
814 2121 1244 2213 confugiens,
1282 2121 1586 2192 laborem
1640 2122 2028 2191 humilitate
2064 2120 2579 2211 compensabat,
2629 2134 2695 2189 et
2742 2121 3002 2189 mirum
3030 2119 3115 2189 in

578 2211 861 2282 modum
896 2211 980 2292 is,
1020 2212 1139 2299 qui
1179 2222 1439 2281 tantam
1480 2211 1547 2278 in
1604 2209 2182 2300 contemplatione
2229 2231 2458 2279 rerum
2507 2208 2977 2299 spiritualium
3026 2231 3119 2278 ac

575 2300 967 2372 divinarum
1028 2311 1382 2391 acceperat
1446 2300 1739 2391 gratiam
1778 2353 1794 2380 ,
1855 2300 2040 2369 circa
2103 2297 2268 2369 talia
2315 2320 2452 2368 non
2507 2296 2730 2368 solum
2780 2298 3121 2386 occupari

575 2390 959 2481 patiebatur
992 2444 1008 2472 ,
1060 2388 1176 2461 sed
1224 2401 1288 2459 et
1346 2387 1729 2479 plurimum
1789 2388 2281 2458 delectabatur.
2334 2386 2462 2456 Sed
2522 2385 2974 2464 mortificata,
3030 2399 3116 2457 ut

570 2479 830 2551 dictum
878 2491 1003 2560 est,
1047 2478 1511 2560 sensualitate,
1566 2478 1778 2567 cujus
1824 2499 1947 2550 seu
1992 2477 2423 2556 curiositate,
2487 2498 2611 2547 seu
2654 2474 3057 2546 infirmitate
3087 2532 3108 2557 ,

572 2570 640 2639 in
675 2568 1078 2659 hujusmodi
1119 2568 1434 2639 laborum
1471 2566 1939 2659 corporalium
1979 2565 2544 2636 distractionibus
2574 2620 2590 2647 ,
2648 2564 3112 2656 perfectorum

574 2657 778 2728 etiam
826 2679 1263 2746 quorumque
1297 2669 1559 2727 mentes
1607 2678 1811 2747 saepe
1845 2677 2120 2726 necesse
2157 2669 2282 2736 est,
2334 2654 2464 2724 etsi
2511 2676 2648 2725 non
2694 2653 3106 2734 intentione,

571 2761 749 2818 certe
790 2746 1120 2817 memoria
1150 2760 1215 2816 et
1244 2745 1678 2838 cogitatione,
1713 2745 1801 2814 ab
1832 2743 2155 2814 interiore
2186 2744 2449 2813 unitate
2481 2743 2768 2833 spiritus
2794 2741 3111 2830 aliquam

574 2836 714 2926 pati
742 2835 1266 2906 dissolutionem
1299 2858 1314 2903 ε
1370 2835 1517 2925 ipse
1551 2833 1911 2925 privilegio
1945 2831 2229 2920 majoris
2259 2832 2542 2921 gratiae,
2581 2833 2649 2902 in
2687 2832 2934 2902 virtute
2967 2831 3114 2932 spi-

573 2926 745 2996 ritus
774 2924 983 2995 simul
1025 2937 1091 2994 et
1121 2937 1300 2994 totus
1337 2921 1853 3012 quodammodo
1905 2920 2201 2991 exterius
2247 2920 2625 3003 laborabat,
2659 2932 2724 2991 et
2772 2932 2952 2991 totus
2998 2942 3114 2988 tn-

578 3014 788 3084 terius
836 3018 967 3084 Deo
1026 3013 1348 3082 vacabat:
1405 3011 1475 3081 in
1533 3011 1747 3082 altero
1805 3031 2097 3101 pascens
2142 3010 2683 3088 conscientiam,
2757 3009 2827 3078 in
2889 3007 3112 3079 altero

576 3102 1029 3172 devotionem.
1081 3101 1361 3171 Laboris
1407 3123 1568 3192 ergo
1619 3111 1922 3190 tempore
1952 3153 1967 3179 ,
2024 3111 2091 3169 et
2135 3120 2408 3189 semper
2458 3098 2646 3169 intus
2687 3097 2926 3169 orabat
2981 3120 3112 3168 seu

573 3190 1053 3271 meditabatur,
1089 3191 1351 3277 absque
1390 3188 1899 3259 intermissione
1943 3187 2297 3257 exterioris
2327 3185 2645 3260 laboris:
2696 3187 3113 3257 etexterius

574 3278 968 3359 laborabat,
1023 3278 1285 3365 absque
1312 3279 1585 3368 jactura
1626 3275 1972 3347 interioris
2003 3275 2385 3347 suavitatis,
2426 3281 2596 3346 Nam
2630 3296 2851 3364 usque
2901 3275 3111 3346 hodie

570 3368 901 3456 quicquid
950 3367 1021 3436 in
1063 3367 1437 3457 Scripturis
1481 3366 1680 3447 valet,
1731 3365 2061 3466 quicquid
2112 3365 2183 3434 in
2230 3365 2831 3455 eisnspiritualiter
2867 3366 3106 3446 sentit,

533 3456 867 3527 -maxime
903 3455 974 3525 in
1030 3455 1243 3546 sylvis
1293 3468 1360 3525 et
1409 3456 1479 3525 in
1528 3478 1563 3525 a
1621 3455 1715 3525 ris
1754 3453 2150 3525 meditando
2194 3466 2261 3525 et
2306 3452 2568 3524 orando
2617 3476 2691 3525 se
2735 3453 3113 3525 confitetur

570 3545 958 3638 accepisse,
1007 3556 1072 3615 et
1118 3544 1190 3614 in
1251 3543 1380 3614 hoc
1446 3543 1565 3614 nul
1597 3565 1675 3613 os
1740 3542 2112 3630 aliquando
2159 3564 2234 3613 se
2287 3543 2654 3633 magistros
2722 3542 3055 3615 habuisse
3087 3598 3106 3624 ,

570 3635 706 3705 nisi
749 3655 1049 3723 quercus
1092 3645 1159 3703 et
1204 3632 1419 3724 fagOS,
1460 3633 1621 3724 joco
1669 3631 1786 3702 illo
1834 3655 1959 3703 suo
2006 3632 2305 3722 gratioso
2352 3632 2531 3701 inter
2575 3631 2841 3701 amicos
2873 3631 3111 3703 dicere

569 3724 762 3797 solet.
815 3729 1158 3807 Quantum
1211 3744 1367 3791 vero
1416 3722 1485 3791 in
1536 3720 1909 3812 Scripturis
1958 3720 2224 3801 valeat,
2296 3719 2524 3812 palam
2573 3720 2902 3790 omnibus
2951 3734 3102 3802 est,

568 3814 688 3903 qui
739 3812 839 3883 rel
887 3812 1278 3900 loquentem
1324 3833 1484 3881 eum
1533 3809 1799 3892 audire,
1852 3808 1955 3880 vel
2002 3809 2238 3898 aliqua
2283 3831 2463 3898 quae
2509 3809 2822 3899 scripsit,
2883 3808 3112 3901 legere

617 3914 963 3974 oluerunt.

572 3926 613 3994 p
656 3994 694 4081 ξ
744 3996 903 4064 28.
955 3988 1193 4061 Messis
1241 4000 1542 4080 tempore
1588 3987 1916 4059 fratribus
1962 3987 2050 4058 ad
2099 3986 2475 4058 secandum
2527 4008 2688 4056 cum
2731 3985 2999 4058 fervore
3043 3999 3112 4057 et

570 4080 824 4173 gaudio
862 4079 1079 4149 sancti
1112 4078 1408 4170 Spiritus
1434 4077 1813 4168 occupatiS,
1864 4098 2025 4147 cum
2075 4076 2225 4167 ipse
2268 4075 2469 4164 quasi
2501 4075 2594 4144 im
2648 4087 2844 4147 otens
2879 4089 2950 4147 et
2986 4098 3112 4146 ne·

570 4170 760 4241 scius
809 4168 1064 4240 laboris
1112 4168 1376 4258 ipsiuS,
1430 4167 1667 4239 sedere
1726 4166 1858 4236 sibi
1904 4178 1971 4237 et
2033 4166 2457 4254 requiescere
2517 4164 2598 4252 ju
2648 4177 2924 4235 eretur:
2978 4165 3109 4235 ad-

571 4257 855 4328 modum
887 4256 1352 4339 contristatuS,
1390 4257 1475 4327 ad
1502 4256 1877 4327 orationem
1907 4253 2242 4346 confugit,
2278 4274 2440 4323 cum
2469 4253 2741 4344 magnis
2771 4254 3106 4345 lacrymis

570 4345 927 4438 postulans
972 4369 1011 4416 a
1044 4350 1175 4415 Deo
1221 4345 1464 4416 donari
1496 4345 1628 4416 sibi
1678 4344 1969 4435 gratiam
2019 4342 2342 4413 metendi.
2380 4345 2512 4413 Nec
2549 4341 2786 4414 fefellit
2831 4342 3108 4431 simpli-

568 4435 741 4507 citas
788 4434 973 4515 fidei,
1024 4433 1441 4506 desiderium
1493 4434 1819 4525 religiosi.
1873 4432 2209 4504 Continuo
2241 4452 2565 4519 namque,
2616 4431 2800 4520 quod
2854 4432 3098 4523 petiit,
