3308 5004
606 372 735 436 512
1223 375 1303 436 ἰιι
1347 389 1407 437 s.
1461 383 1795 436 autumatio
1843 387 1986 436 aaa.
2039 385 2424 436 ειΑιιΑνΑιι..
2550 389 2561 398 ’
2748 369 2937 436 AUG.
2987 370 3079 435 20

521 472 933 543 sublimiora
980 494 1054 544 se
1097 473 1302 542 etiam
1353 493 1561 574 saepe
1605 473 1695 542 ad
1744 471 2219 564 insipientiam
2273 469 2406 542 sibi
2441 483 2815 543 scrutatus.
2850 472 3085 559 siqui-

503 563 678 632 ·dem
726 562 814 631 de
861 573 1138 632 sanctae
1184 561 1537 632 Trinitatis
1585 561 1898 643 unitate,
1951 575 2018 632 et
2063 561 2150 630 de
2197 561 2582 632 divinitatis
2639 561 3087 653 simplicitate

523 672 659 721 non
712 651 1126 741 simpliciter
1157 651 1484 733 sentiens,
1525 672 1649 720 nec
1685 650 1981 720 fideliter
2012 651 2347 733 scribens,
2376 650 2747 742 discipulis
2783 651 2931 722 suis
2958 671 3088 753 pa·

501 761 647 810 ·nes
685 740 1110 830 proponebat
1136 740 1602 822 absconditoS‚
1641 739 1932 812 furtivas
1963 740 2378 831 propinabat
2411 761 2667 828 aquas:
2704 761 2831 809 nec
2856 739 3085 823 facile,

520 829 686 917 quid
742 842 1033 920 saperet,
1088 829 1305 898 immo
1353 841 1691 916 quantum
1744 829 2111 919 desiperet,
2166 829 2483 920 personis
2528 827 2950 899 authenticis
2981 827 3089 898 fa-

507 919 815 1076 }ebatur.
885 917 1196 987 Timebat
1249 918 1464 1001 enim,
1526 917 1711 1007 quod
1766 918 1952 1009 apud
2008 921 2313 989 senonas
2376 922 2651 989 Petrum
2716 918 2975 988 dixisse
3024 917 3094 988 ei

547 1020 793 1077 erunt:

918 1139 1091 1204 Tunc
1135 1147 1234 1203 tua
1278 1158 1375 1203 res
1417 1142 1648 1220 agitur,
1691 1144 1889 1223 paries
1929 1159 2074 1204 cum
2119 1144 2440 1222 proximus
2480 1140 2678 1206 ardet.

521 1275 906 1346 Novissime
949 1285 1210 1355 tamen,
1264 1295 1423 1343 cum
1466 1275 1611 1364 jam
1651 1273 1964 1343 fidelium
2009 1295 2219 1364 super
2251 1274 2379 1344 hoc
2415 1273 2859 1346 invalesceret
2887 1294 3093 1344 scan-

522 1365 789 1446 dalum,
825 1374 1162 1435 cresceret
1197 1384 1542 1443 murmur,
1586 1375 1870 1433 vocatus
1901 1363 1983 1433 ad
2031 1363 2337 1432 medium
2372 1375 2515 1433 est:
2550 1375 2617 1432 et
2657 1362 2914 1433 librum
2951 1377 3091 1433 tra-

524 1454 685 1522 dere
724 1453 994 1542 jussus‚
1051 1452 1122 1520 in
1172 1472 1310 1539 quo
1363 1451 1832 1542 blasphemias
1865 1465 2285 1532 evomuerat,
2332 1473 2574 1543 graves
2611 1452 2917 1556 quidem,
2964 1451 3088 1522 sed

522 1542 891 1611 verborum
920 1540 1221 1629 quodam
1254 1540 1609 1611 involucro
1636 1541 2162 1631 circumseptas.
2204 1546 2278 1609 In
2308 1540 2604 1611 concilio
2632 1541 2867 1631 igitur,
2901 1540 3088 1629 quod

528 1632 597 1701 in
646 1631 819 1700 urbe
867 1631 1289 1701 Rhemorum
1341 1635 1524 1721 Papa
1573 1630 1990 1701 venerabilis
2049 1630 2402 1720 Eugenius
2471 1629 2889 1712 celebravit,
2950 1630 3095 1721 egit

527 1720 850 1790 cominus
898 1719 1229 1789 adversus
1277 1718 1466 1788 hunc
1515 1719 1964 1790 Gillebertum
2016 1719 2359 1788 Ecclesiae
2414 1731 2692 1789 sanctae
2740 1740 2867 1789 suo
2920 1731 3097 1788 tem·

529 1831 690 1901 pore
739 1809 1119 1900 singularis
1150 1806 1403 1877 athleta
1436 1808 1855 1889 Bernardus,
1899 1808 2122 1898 primo
2152 1807 2438 1896 quidem
2472 1819 2719 1889 totum,
2753 1807 2941 1896 quod
2974 1807 3096 1877 ille

525 1898 892 1968 verborum
945 1896 1503 1966 cavillationibus
1556 1898 1905 1967 occultare
1971 1897 2365 1978 nitebatur,
2435 1896 2766 1966 eliciens:
2836 1896 3098 1966 Deinde

525 2007 687 2056 vero
735 1999 873 2054 tam
926 1986 1071 2056 suis
1122 1985 1524 2067 ratiocinii5‚
1586 2007 1797 2074 quam
1853 1999 2251 2056 sanctorum
2312 1985 2725 2056 testimoniis
2780 1985 3098 2055 biduana

529 2075 996 2165 disputatione
1045 2074 1502 2165 redarguens:
1555 2073 2008 2144 considerans
2075 2096 2241 2145 sane
2281 2074 2656 2144 nonnullos
2696 2095 2777 2144 ex
2818 2075 2931 2144 his
3019 2076 3096 2146 ui

530 2164 1035 2255 praesidebant,
1084 2163 1229 2252 jam
1280 2162 1560 2251 quidem
1613 2164 2240 2234 animadvertentes
2291 2163 2799 2254 blasphemiam
2850 2164 2921 2233 in
3017 2186 3093 2233 o-

528 2255 773 2334 cri-ina,
829 2253 1058 2322 adhuc
1107 2264 1487 2322 avertentes
1538 2262 1764 2321 tamen
1803 2253 2129 2340 injuriam
2169 2276 2208 2321 a
2250 2273 2582 2344 persona:
2621 2273 2958 2322 accensus
2993 2266 3101 2324 est

531 2343 698 2422 ze10,
752 2355 818 2411 et
864 2341 1314 2412 domesticam
1344 2341 1478 2411 sibi
1511 2341 1889 2410 Ecclesiam
1924 2363 2235 2412 seorsum
2272 2353 2601 2412 convocat
2631 2340 3092 2412 Gallicanam.

531 2432 895 2501 Communi
945 2431 1243 2518 denique
1290 2429 1583 2499 consilio
1631 2452 1673 2499 a
1723 2431 2040 2522 patribus
2080 2430 2315 2499 decem
2352 2430 2896 2522 provinciarum,
2936 2430 3097 2500 aliis

531 2534 759 2590 autem
813 2521 1169 2611 Episcopis
1216 2532 1281 2589 et
1327 2521 1707 2590 Abbatibus
1758 2520 2105 2611 plurimiS,
2161 2519 2477 2591 dictante‘
2518 2521 2660 2589 viro
2710 2520 2850 2600 Dei,
2900 2520 3099 2592 novis

530 2610 976 2700 dogmatibus
1024 2609 1403 2710 opponitur
1450 2608 1849 2699 symbolum
1904 2630 2186 2679 novum.
2233 2609 2355 2679 Cui
2387 2609 2590 2679 etiam
2636 2609 3102 2680 subscribun-

531 2713 645 2769 tur
694 2700 971 2768 nomina
1026 2698 1492 2789 singulorum,
1547 2709 1624 2767 ut
1671 2719 1910 2768 eorum
1963 2698 2279 2768 videlicet
2318 2699 2659 2777 omnium,
2701 2698 2884 2768 sicut
2924 2698 3102 2768 fides

532 2787 1208 2878 irreprehensibiliS‚
1263 2787 1361 2857 sic
1413 2786 2047 2876 irreprehensibilis
2095 2787 2284 2856 zelus
2332 2787 2739 2856 innotescat.
2812 2792 2914 2858 Ita
2977 2787 3103 2857 de-

532 2897 724 2946 mum
778 2876 1164 2967 Apostolico
1203 2874 1473 2963 judicio
1505 2887 1570 2944 et
1603 2877 2010 2946 auctoritate
2044 2875 2461 2945 universalis
2501 2875 2866 2957 Ecclesiae,
2907 2898 3102 2945 error

533 2966 649 3034 ille
697 2965 1116 3034 damnatur:
1170 2965 1555 3054 Episcopus
1596 2964 2034 3047 GillebertuS‚
2080 2986 2164 3034 an
2200 2965 2420 3034 eidem
2459 2965 2888 3035 damnationi
2926 2986 3096 3033 con-

535 3055 808 3133 sentiat,
848 3054 1353 3123 interrocratur:
1391 3053 1855 3135 consentienS,
1897 3053 2313 3145 publiceque
2346 3053 2653 3123 refutans
2685 3075 2862 3141 quae
2896 3052 3091 3143 prius

537 3143 907 3230 scripserat
935 3154 1003 3212 et
1031 3165 1071 3211 a
1125 3154 1514 3222 1rmaverat,
1552 3141 2060 3233 indulgentiam
2104 3143 2250 3233 ipse
2283 3143 2758 3230 consequitur:
2800 3142 3097 3211 maxime

535 3231 718 3317 quod
772 3231 859 3300 ab
909 3230 1109 3300 initio
1155 3242 1402 3299 cautus
1452 3230 1698 3301 fuisset
1743 3254 1822 3301 ea
1879 3231 2026 3322 lege
2074 3231 2388 3301 eamdem
2433 3228 2706 3323 ingredi
2759 3231 3102 3320 discepta-

538 3319 820 3400 tionem,
873 3332 951 3388 ut
999 3318 1423 3409 promitteret
1472 3321 1622 3388 sine
1671 3320 1817 3390 ulla
1865 3321 2327 3391 obstinatione
2387 3342 2534 3389 sese
2591 3343 2714 3412 pro
2755 3319 3105 3390 Ecclesiae

539 3420 815 3477 sanctae
855 3408 1138 3477 arbitrio
1172 3422 1645 3478 correcturum
1683 3409 1899 3481 libere
1933 3432 2133 3479 suam
2169 3409 2597 3499 opinionem.

626 3499 662 3584 ἓ
697 3499 835 3568 18.
887 3502 966 3565 In
1003 3496 1318 3587 partibus
1357 3498 1713 3569 Tolosanis
1745 3500 2084 3570 Henricus
2120 3497 2435 3586 quidam,
2477 3498 2862 3569 monachus
2902 3498 3100 3582 olim,

540 3595 710 3655 tunc
739 3598 1051 3676 apostata
1083 3585 1286 3667 vilis,
1311 3586 1653 3677 pessimae
1688 3588 1888 3670 vitae,
1922 3587 2691 3678 perniciosissimaeque
2713 3587 3100 3670 doctrinae,

505 3675 769 3745 verbis
821 3674 1400 3765 persuasibilibus
1449 3678 1676 3768 gentis
1723 3678 1917 3746 illius
1963 3687 2419 3767 occupaverat
2474 3676 2841 3757 levitatem,
2902 3688 2969 3745 et
3026 3690 3112 3748 ut

507 3764 878 3855 “praedixit
926 3764 1288 3853 Apostolus
1335 3765 1420 3835 de
1464 3766 1917 3853 quibusdam,
1977 3765 2045 3834 in
2085 3765 2436 3858 hypocrisi
2479 3766 2771 3853 loquens
2812 3765 3109 3835 menda-

539 3853 724 3922 cium
775 3854 918 3942 (Em
966 3859 1027 3922 l.
1089 3856 1252 3923 Tim.
1307 3878 1396 3939 ιν,
1449 3856 1543 3944 2),
1598 3855 1778 3925 fictis
1828 3853 2054 3923 verbis
2101 3854 2186 3924 de
2233 3855 2335 3925 eis
2386 3856 2890 3946 negotiabatur.
2946 3860 3112 3926 Erat

539 3954 767 4012 autem
820 3941 1037 4014 hostis
1087 3942 1430 4013 Ecclesiae
1480 3943 1914 4024 manifestus,
1973 3944 2422 4013 irreverenter
2455 3944 2954 4014 Ecclesiasticis
2988 3944 3111 4013 de·

538 4053 792 4121 rogans
828 4032 1279 4104 sacramentis
1311 4033 1568 4123 pariter
1597 4044 1666 4102 et
1699 4032 2064 4104 ministris.
2105 4038 2236 4103 Nec
2273 4033 2713 4102 mediocriter
2741 4033 2810 4101 in
2843 4054 2927 4102 ea
2950 4032 3109 4122 jam

541 4120 970 4210 malignitate
1001 4121 1401 4211 profecerat.
1441 4122 1631 4191 Sicut
1665 4122 1850 4190 enim
1886 4121 1971 4191 de
2003 4142 2083 4190 eo
2116 4122 2428 4193 scribens
2467 4121 2883 4192 venerabilis
2914 4136 3112 4213 pater
3154 4147 3160 4152 ·

541 4206 624 4275 ad
657 4209 1040 4298 principem
1070 4209 1487 4291 tolosanum,
1534 4210 1715 4299 inter
1739 4223 2010 4303 caetera
2050 4210 2166 4279 ait:
2201 4234 2238 4277 «
2271 4211 2533 4281 Passim
2567 4211 3112 4282 inveniebantur

536 4295 682 4395 jam
718 4297 1069 4379 ecclesiae,
1112 4299 1261 4369 sine
1298 4299 1642 4388 plebibus,
1754 4299 1939 4370 lebes
1983 4299 2132 4369 sine
2172 4300 2670 4383 sacerdotibus,
2717 4301 3113 4372 sacerdotes

545 4404 695 4453 sine
742 4385 973 4454 debita
1020 4390 1423 4470 reverentia,
1476 4390 1628 4458 sine
1715 4389 1942 4458 -hristo
1990 4388 2290 4477 denique
2340 4389 2735 4474 Christiani.
2787 4391 3111 4462 Parvulis

542 4468 1108 4555 christianorum,
1167 4476 1414 4547 Christi
1463 4478 1601 4547 vita
1647 4477 2266 4560 intercludebatur,
2309 4478 2478 4549 dum
2515 4478 2846 4570 baptismi
2880 4480 3113 4571 gratia
