3308 5004
595 345 725 410 516
1184 364 1264 412 m:
1310 365 1368 412 s.
1421 361 1756 412 armanno
1800 352 1947 410 m.
1998 360 2386 410 omnm..
2735 343 2923 411 AUG.
2974 345 3063 410 2⁰

508 468 591 518 ex
635 448 897 536 quibus
942 469 1165 536 usque
1212 447 1417 518 hodie
1487 447 1917 518 monimenta
1982 446 2274 516 certiora
2339 452 2705 536 superesse
2757 465 3073 519 noscun-

512 551 647 619 tur,
697 549 763 607 et
808 538 879 607 in
929 536 1233 608 Ecclesia
1281 536 1650 616 Orientali,
1704 547 1771 606 et
1829 534 2021 628 apud
2069 535 2251 606 soles
2312 535 2659 606 occiduos·
2707 536 3073 625 Hyberno-

509 647 694 706 rum,
744 640 810 697 et
856 648 898 695 a
946 626 1234 697 meridie
1280 626 1353 696 in
1393 625 1879 697 remotissimis
1938 624 2204 695 finibus
2264 625 2788 715 Hispaniarum,
2851 639 2922 697 et
2979 627 3074 697 ab

510 714 834 803 aquilone
880 716 951 785 in
1001 715 1255 786 insulis
1299 736 1481 804 quae
1580 714 1773 786 rocul
1819 725 2008 796 sunt,
2060 714 2308 784 Daciae
2354 714 2781 802 Svediaeque
2831 715 3076 807 opinio

509 804 662 895 ejus
707 804 1159 876 celeberrima
1206 803 1361 876 fuit.
1414 808 1535 874 Cre
1589 827 1702 874 ras
1758 803 2075 891 undique
2132 803 2271 873 reci
2324 803 2509 874 iebat
2566 803 2895 894 epistolas
2923 859 2940 886 ,
3005 816 3078 874 et

510 892 863 964 reddebat.
917 892 1234 981 Undique
1279 894 1343 964 ei
1391 894 1591 965 xenia
1629 893 2105 974 mittebantur,
2144 913 2246 961 un
2301 894 2465 981 ique
2498 893 2652 983 ejus
2684 893 3075 966 benedictio

509 979 895 1073 petebatur.
948 988 1299 1054 Postremo
1336 983 1539 1071 quasi
1571 980 1732 1053 vitis
1762 981 2392 1062 abundantissima,
2439 981 2596 1070 ejus
2632 982 2872 1074 opinio
2905 1005 3077 1054 suos

510 1070 824 1160 undique
870 1071 1191 1164 palmites
1238 1072 1679 1163 propagavit,
1732 1082 2016 1161 excepto
2060 1070 2246 1159 quod
2297 1071 2370 1140 in
2419 1083 2673 1141 terram
2720 1073 3074 1164 serosoty-

509 1160 873 1243 mitanam,
926 1162 1247 1250 quamvis
1294 1161 1491 1231 locus
1533 1172 1716 1231 esset
1759 1183 1803 1230 a
1850 1166 2032 1250 Rege
2078 1170 2388 1251 paratus,
2440 1160 2530 1230 ob
2578 1161 2906 1232 incursus
2947 1184 3073 1254 pa-

509 1271 853 1338 ganorum
886 1263 952 1320 et
984 1250 1165 1320 aeris
1196 1250 1410 1320 intem
1506 1250 1704 1331 riem,
1748 1270 1887 1319 non
1917 1249 2263 1338 acquievit
2293 1250 2564 1319 mittere
2593 1247 2840 1320 fratres
2875 1272 3064 1322 suos.

507 1343 741 1426 Neque
774 1361 932 1409 vero
963 1339 1350 1442 Episcopus
1388 1340 1413 1408 i
1444 1339 1507 1408 le
1543 1339 2010 1430 incongruum
2053 1336 2319 1425 aliquid
2360 1359 2741 1429 usurpasse
2771 1338 3065 1422 videtur,

516 1428 638 1514 qui
674 1440 828 1520 post
861 1450 1136 1499 sacrum
1176 1450 1332 1516 e1us
1368 1428 1661 1509 obitum,
1698 1427 1871 1497 dum
1902 1426 2147 1497 fratres
2175 1427 2672 1508 consolaretur,
2708 1428 2889 1498 inter
2919 1450 3072 1498 eae-

513 1528 656 1585 tera
702 1517 835 1586 hoc
880 1538 1157 1604 quoque
1191 1518 1263 1587 in
1297 1517 1522 1619 ipsius
1557 1530 1967 1607 prosecutus
1993 1529 2097 1586 est
2125 1515 2449 1586 laudem:
2486 1516 2651 1605 quia
2684 1517 2754 1586 in
2786 1538 3069 1589 omnem

509 1616 763 1675 terram
795 1605 1000 1675 exivit
1030 1628 1245 1676 sonus
1274 1627 1450 1695 eJuS,
1496 1618 1564 1676 et
1594 1606 1665 1675 in
1699 1605 1877 1675 fines
1905 1605 2098 1676 orbis
2137 1619 2355 1675 terrae
2387 1606 2593 1676 verba
2631 1605 2850 1676 illius.

598 1697 637 1782 ξ
670 1699 825 1767 25.
863 1695 1196 1765 Vincebat
1226 1705 1453 1764 tamen
1489 1694 1991 1765 sublimitatem
2025 1694 2355 1776 nominis,
2392 1694 2754 1766 humilitas
2790 1695 3068 1767 cordis:

510 1803 638 1853 nec
686 1795 954 1853 tantum
1009 1795 1270 1873 poterat
1318 1784 1688 1854 universus
1736 1783 2047 1853 mundus
2085 1804 2245 1854 eum
2288 1783 2574 1873 erigere,
2620 1798 2960 1871 quantum
2995 1807 3075 1855 se

508 1872 661 1961 ipse
707 1871 1005 1959 dejicere
1052 1871 1267 1941 solus.
1321 1877 1653 1943 Summus
1702 1872 2152 1962 reputabatur
2198 1872 2287 1942 ab
2332 1872 2686 1955 omnibuS,
2742 1872 3073 1944 infimum

512 1960 662 2050 ipse
711 1981 784 2029 se
833 1972 1200 2050 reputans:
1252 1973 1320 2031 et
1364 1983 1574 2047 quem
1623 1961 1760 2031 sibi
1805 1981 2071 2039 omnes,
2125 1963 2275 2051 ipse
2314 1983 2387 2030 se
2426 1963 2691 2032 nemini
2729 1962 3076 2053 praefere-

512 2049 653 2118 bat.
708 2049 1015 2137 Denique
1061 2050 1243 2119 sicut
1290 2050 1491 2120 nobis
1538 2071 1653 2118 sae
1704 2050 1818 2119 ius
1864 2043 2227 2130 fatebatur,
2284 2052 2464 2121 inter
2511 2072 2824 2120 summos
2854 2073 3073 2140 quos-

510 2158 649 2224 que
694 2137 990 2208 honores
1035 2151 1103 2208 et
1147 2137 1412 2209 favores
1460 2159 1649 2230 popu
1680 2160 1880 2209 orum
1929 2140 2034 2209 vel
2084 2139 2498 2209 sublimium
2558 2161 3016 2230 personarum
3052 2197 3068 2218 ,

511 2225 807 2296 alterum
857 2227 991 2298 sibi
1040 2240 1399 2299 mutuatus
1445 2227 1797 2297 hominem
1850 2228 2236 2310 videbatur,
2275 2250 2484 2316 seque
2525 2229 2754 2320 potius
2787 2240 3075 2319 reputa-

509 2315 629 2386 bat
665 2316 1046 2397 absentem,
1097 2315 1278 2386 velut
1305 2316 1654 2405 quoddam
1696 2318 2051 2388 somnium
2086 2339 2206 2387 sus
2258 2318 2504 2387 icatuS.
2546 2319 2672 2388 Ubi
2705 2339 2865 2388 vero
2896 2318 3077 2388 sim—

563 2403 833 2475 liciores
879 2406 945 2476 ei
991 2405 1256 2487 fratre5‚
1309 2418 1388 2476 ut
1431 2405 1706 2487 assolet,
1759 2406 2160 2476 fiducialius
2236 2419 2678 2495 oquerentur,
2730 2420 2797 2477 et
2841 2407 3078 2479 amica

509 2426 747 2565 ficeret
792 2516 1067 2586 semper
1103 2494 1505 2567 humilitate
1551 2494 1727 2576 frui,
1782 2496 1880 2566 ibi
1929 2518 2001 2566 se
2051 2495 2398 2567 invenisse
2445 2495 2828 2588 gaudebat,
2880 2510 2949 2566 et
2995 2497 3073 2567 in

509 2584 864 2674 propriam
916 2585 1176 2656 redisse
1207 2607 1601 2675 personam.
1648 2590 1894 2654 Innata
1931 2586 1996 2654 ei
2036 2606 2091 2655 a.
2119 2606 2332 2674 puero
2369 2585 2810 2667 verecundia,
2845 2608 3077 2673 usque

511 2672 598 2742 ad
649 2672 832 2743 diem
887 2674 1343 2763 perseveravit
1388 2688 1797 2745 extremum.
1855 2673 2023 2743 Inde
2071 2686 2239 2755 erat,
2294 2674 2481 2762 quod
2530 2675 2690 2744 licet
2738 2687 2875 2745 tam
2918 2699 3075 2747 ma-

511 2783 694 2852 gnus
742 2776 919 2832 esset
965 2776 1031 2832 et
1075 2762 1388 2834 excelsus
1435 2765 1507 2833 in
1557 2764 1766 2834 verbo
1816 2762 2100 2853 gloriae,
2155 2784 2518 2850 nunquam
2572 2777 2826 2845 tamen,
2888 2765 3074 2836 sicut

510 2872 717 2941 saepe
762 2851 1160 2922 audivimus
1205 2874 1365 2922 eum
1420 2863 1948 2943 protestantem,
2001 2852 2072 2921 in
2123 2852 2509 2941 quamlibet
2556 2853 2810 2923 humili
2869 2867 3069 2923 coetu

512 2940 662 3009 sine
712 2954 900 3010 metu
946 2952 1013 3010 et
1060 2941 1437 3011 reverentia
1488 2943 1773 3011 verbum
1823 2940 2019 3023 fecit,
2075 2952 2297 3011 tacere
2345 2941 2570 3033 magis
2619 2942 3055 3022 desiderans,

512 3028 647 3098 nisi
679 3029 1139 3099 conscientiae
1171 3031 1490 3120 propriae
1530 3029 1837 3100 stimulis
1881 3044 2268 3121 urgeretur,
2316 3053 2477 3100 cum
2527 3031 2775 3101 timore
2828 3030 2937 3100 Dei
2994 3041 3064 3099 et

513 3115 849 3186 charitate
887 3117 1208 3187 fraterna.

600 3207 637 3291 ξ
675 3210 837 3277 26.
876 3207 1277 3277 Patientiam
1310 3208 1463 3297 ejus
1504 3207 1805 3277 maxime
1832 3208 2116 3295 quidem
2149 3208 2524 3278 Dominicis
2559 3208 2853 3298 flagellis
2877 3230 3067 3278 exer-

511 3292 791 3363 citatam
842 3296 1165 3366 novimus
1212 3307 1278 3365 et
1326 3297 1730 3386 probatam:
1781 3298 1903 3384 qui
1954 3297 2285 3366 nimirum
2339 3297 2427 3367 ab
2473 3298 2626 3388 ipso
2683 3320 2854 3367 suae
2903 3319 3072 3369 con-

512 3381 849 3452 versionis
896 3383 1094 3453 initio
1141 3406 1362 3471 usque
1396 3383 1481 3453 ad
1514 3384 1699 3453 diem
1736 3406 1970 3455 sacrae
2002 3385 2455 3476 depositionis
2488 3398 2674 3456 tanta
2704 3387 3066 3469 sustinuit,

511 3482 590 3540 ut
635 3470 772 3541 vita
819 3471 991 3559 ejuS,
1045 3473 1155 3542 his
1201 3474 1322 3560 qui
1371 3485 1723 3556 noverant,
1780 3495 1917 3543 non
1971 3474 2104 3543 nisi
2152 3474 2494 3562 quaedam
2545 3477 2787 3546 mortis
2836 3490 3069 3565 prote·

515 3559 678 3629 latio
727 3559 1092 3630 videretur.
1144 3562 1495 3631 Caeterum
1538 3583 1702 3652 erga
1742 3562 2059 3632 homines
2095 3585 2395 3652 quoque,
2437 3565 2563 3634 etsi
2599 3565 2820 3634 rarior
2856 3566 2919 3635 ei
2949 3585 3071 3635 oc-

512 3650 702 3719 casio
752 3650 1022 3720 minora
1065 3649 1352 3721 forsitan
1406 3650 1774 3740 patientiae
1804 3707 1820 3734 ,
1924 3652 2096 3722 otuit
2141 3654 2607 3753 experimenta
2664 3666 3018 3745 praestare
3048 3710 3065 3736 ,

510 3738 890 3808 dicendum
941 3752 1166 3809 tamen
1219 3738 1322 3809 vel
1373 3739 1690 3820 breviter,
1748 3762 1833 3810 ne
1933 3742 2092 3831 uJus
2131 3741 2413 3830 quidem
2454 3744 2867 3834 apparuisse
2904 3764 3071 3815 eum

512 3828 786 3899 virtutis
835 3829 1245 3898 immunem.
1303 3833 1379 3898 Et
1425 3829 1592 3916 quia
1640 3851 1862 3918 genus
1910 3829 2039 3900 hoc
2089 3831 2456 3922 patientiae
2503 3831 2750 3902 solitus
2788 3843 2936 3902 erat
2967 3833 3073 3902 di-

510 3938 666 3986 cere
716 3918 1134 4007 tripartitum
1164 3917 1221 3996 *‚
1277 3917 1592 3989 videlicet
1637 3918 1723 3988 ad
1776 3919 2141 3989 verborum
2182 3920 2501 4009 injuriaS,
2544 3920 2629 3990 ad
2665 3921 2927 3992 damna
2962 3944 3075 3992 re-

514 4027 697 4088 rum,
749 4019 814 4075 et
864 4008 949 4075 ad
998 4008 1309 4098 corporis
1357 4006 1766 4079 laesionem:
1821 4008 1905 4078 de
1953 4009 2253 4111 singulis
2302 4009 2581 4099 singula
2621 4010 2861 4079 saltem
2908 4033 3073 4101 pro-

516 4116 860 4183 ponamus
928 4095 1286 4187 exempla,
1352 4118 1529 4185 quae
1593 4098 1870 4168 interim
1945 4100 2147 4170 nobis
2214 4113 2612 4170 occurrunt.
2686 4100 3074 4190 Scripserat
3142 4132 3155 4137 ¹

519 4182 894 4271 aliquando
929 4186 1042 4256 Dei
1078 4185 1386 4256 famulus
1428 4186 1512 4256 ad
1547 4186 1963 4278 Episcopum
1999 4188 2301 4275 aliquem
2335 4187 2406 4224 *¹*
2445 4188 2530 4259 de
2568 4189 2767 4260 curia
2801 4202 2864 4259 et
2903 4211 3075 4260 con-

517 4272 675 4343 silio
715 4273 942 4364 Regis,
982 4296 1272 4346 monens
1300 4296 1460 4345 eum
1498 4297 1708 4367 super
1744 4278 2165 4365 quibusdam
2215 4278 2509 4369 negotiis
2558 4279 2722 4371 Regi
2774 4279 3074 4350 suadere

572 4435 598 4460 ¹⁸
629 4435 747 4474 Nota
766 4431 1060 4483 tripu-utum
1078 4434 1313 4485 patentiae
1336 4448 1500 4487 genus.

572 4488 628 4516 *⁸
657 4489 684 4529 J
688 4488 904 4528 calenum
923 4490 1090 4530 Antist.
1110 4490 1348 4532 Suession-
1368 4493 1453 4533 Est
1470 4488 1615 4542 Epist.
1635 4493 1729 4535 223.
