3308 5004
157 338 361 404 ΑΗΘ.
416 338 502 404 225
851 389 856 398 ,
949 355 1029 404 nx
1075 356 1134 404 s.
1187 355 1689 405 autumnum
1733 355 1954 406 Arosr.
2509 341 2641 406 577

152 441 458 511 inferior
504 461 634 530 ego
681 460 886 510 sum:
940 439 1540 511 Bartholomaeum
1602 441 1789 511 enim
1864 441 2316 526 habitatorem
2382 443 2723 532 possideo.

155 534 426 601 Omnes
468 527 740 600 insulae
767 528 938 597 mihi
980 529 1449 620 gratulemini,
1486 551 1730 600 omnes
1761 532 1994 610 urbes,
2035 552 2211 618 quac
2246 530 2511 619 ubique
2537 533 2727 615 estiS,

153 640 448 690 mecum
499 640 642 687 una
689 615 1008 687 exultate.
1064 623 1140 687 In
1192 619 1387 689 vobis
1421 618 1799 689 multorum
1843 633 2240 691 sanctorum
2275 642 2574 711 corpora
2614 644 2732 713 po-

157 708 303 777 sita
334 720 537 779 sunt:
571 707 752 776 mihi
784 707 953 776 satis
990 719 1093 776 est
1129 729 1317 777 unus
1358 729 1483 797 pro
1515 709 1867 778 omnibus.
2450 724 2461 736 ·

263 800 302 884 ἓ
346 803 441 868 θ.
497 797 653 875 Sed,
705 818 746 864 o
797 795 1214 878 beatissime,
1267 807 1332 866 et
1370 795 1627 866 divinis
1659 803 1750 866 An
1805 797 1932 866 elis
1975 819 2099 886 par
2138 797 2360 869 sactus
2393 799 2732 889 Apostole,

159 886 334 972 quis
355 900 479 954 tua
513 884 865 975 praeclara
904 884 1080 955 facta
1115 907 1236 975 pro
1268 885 1602 976 dignitate
1637 819 1994 956 laudaret?
2031 886 2199 969 Quis
2233 887 2566 976 pericula,
2613 910 2740 978 pro

157 975 441 1045 Christo
489 997 527 1041 a
578 987 641 1044 te
690 985 1033 1063 suscepta,
1088 995 1498 1044 enumerare
1547 979 1826 1064 posset?
1864 980 2052 1058 Quae
2083 997 2243 1045 cum
2279 975 2590 1064 quotidie
2619 1000 2737 1048 su-

153 1063 381 1142 bires,
419 1086 458 1132 a
494 1062 804 1133 tristibus
838 1062 1168 1153 periculis
1204 1062 1525 1132 mortales
1567 1064 1899 1133 liberasti.
1946 1069 2047 1133 Tu
2080 1086 2234 1133 vere
2274 1064 2371 1142 sal
2419 1065 2592 1136 illud
2633 1088 2732 1148 eS‚

211 1151 358 1222 uod
408 1151 615 1222 corda
663 1151 807 1231 illa,
858 1173 1037 1239 quae
1067 1164 1514 1232 evanuerant,
1560 1164 1765 1240 atque
1806 1152 2111 1242 insipida
2140 1167 2524 1235 evaserant,
2571 1175 2731 1224 con·

151 1174 444 1311 divisit:
496 1252 561 1312 et
609 1239 921 1309 inscitiae
968 1239 1313 1310 salsedine
1364 1255 1679 1330 purgata,
1740 1241 2172 1331 putredinem
2222 1264 2303 1312 ex
2352 1243 2728 1314 multorum

150 1331 465 1400 deorum
512 1329 999 1420 superstitione
1044 1342 1495 1410 contractam,
1549 1331 1973 1421 expurgasti.
2028 1337 2128 1401 Tu
2173 1353 2248 1402 es
2290 1331 2622 1402 rationale
2652 1331 2735 1403 i1-.

152 1419 294 1490 lud
347 1415 635 1500 flumen,
688 1440 768 1487 ex
815 1415 1051 1487 divina
1097 1417 1258 1488 sede
1290 1416 1700 1509 profectum,
1734 1419 2111 1507 juncorum
2157 1419 2439 1510 plenum
2473 1433 2733 1492 torren-

151 1522 310 1580 tem
361 1507 678 1588 abluens,
736 1505 1079 1577 Ecclesiae
1126 1529 1283 1577 vero
1317 1508 1548 1578 sulcos
1579 1506 1878 1598 replenS,
1921 1509 2277 1600 pravitatis
2316 1511 2501 1580 rivos
2527 1511 2738 1582 exsic-

152 1619 343 1669 cans
372 1652 391 1678 ,
446 1597 671 1686 ipsius
718 1595 1017 1683 denique
1065 1607 1283 1666 terrae
1332 1596 1576 1666 faciem
1641 1597 1965 1688 irrigans.
2025 1603 2126 1667 Tu
2176 1620 2252 1668 es
2304 1600 2561 1690 sagena
2616 1599 2782 1673 illa.

149 1686 623 1767 solidissima,
674 1706 854 1774 quae
901 1684 1271 1755 rationales
1320 1685 1569 1776 pisceS,
1610 1685 1680 1753 in
1716 1687 1971 1757 erroris
2013 1684 2358 1778 profundo
2392 1700 2732 1770 natantes,

151 1774 788 1866 comprehendisti,
841 1795 1095 1862 eosque
1142 1796 1485 1863 supernae
1536 1774 1634 1844 illi
1673 1797 1951 1847 mensae
1988 1776 2354 1846 obsonium
2393 1776 2732 1847 obtulisti.

153 1870 270 1935 Tu
322 1886 398 1944 es
444 1885 734 1934 aureum
770 1862 943 1932 illud
975 1862 1495 1943 candelabrum,
1538 1864 1608 1932 in
1642 1885 1781 1951 quo
1813 1864 2142 1954 paracleti
2184 1865 2482 1955 Spiritus
2518 1866 2737 1957 ignis,

154 1965 508 2040 tanquam
560 1951 668 2021 fax
712 1952 1081 2040 quaedam,
1133 1952 1530 2033 adveniens,
1588 1953 1999 2042 multiplicis
2033 1952 2198 2023 -vitii
2245 1953 2513 2025 zizania
2550 1977 2741 2025 com·

155 2042 429 2120 bussit,
481 2053 546 2111 et
582 2041 854 2111 divinae
886 2041 1305 2131 cognitionis
1338 2040 1778 2131 splendorem
1820 2043 2073 2112 emisit.
2120 2048 2219 2113 Tu
2257 2065 2332 2115 es
2371 2042 2590 2113 divini
2630 2064 2739 2114 so-

155 2131 259 2201 lis
295 2128 573 2200 lucidus
607 2129 871 2211 radiuS,
912 2130 1032 2217 qui
1064 2153 1105 2200 a
1137 2151 1415 2200 summo
1446 2129 1636 2202 coelo
1670 2131 1891 2218 usqu'e
1923 2132 2010 2201 ad
2043 2144 2419 2201 extremum
2459 2154 2757 2224 percur-‚

160 2240 365 2298 rens,
402 2231 464 2289 et
497 2219 750 2289 erroris
787 2219 1100 2290 tenebras
1133 2219 1584 2301 imminuens,
1629 2233 1695 2288 et
1727 2221 1813 2288 iis
1852 2220 1971 2307 qui
2006 2219 2341 2290 sedebant
2380 2220 2450 2290 in
2489 2221 2737 2292 umbra

162 2308 445 2388 mortis,
498 2307 628 2379 hoc
674 2318 798 2388 est,
852 2308 922 2376 in
977 2307 1180 2377 malis
1231 2307 1626 2389 lethalibus,
1674 2308 1832 2378 efful
1930 2330 2036 2389 ns,
2083 2330 2205 2399 per
2237 2308 2584 2379 lavacrum
2627 2333 2736 2380 re-

161 2398 664 2487 generationis,
702 2398 816 2477 Dei
850 2395 1056 2475 filios,
1100 2396 1423 2466 mortales
1458 2397 1776 2466 homines
1808 2420 1845 2466 e
1872 2397 2115 2468 fecisti.
2156 2402 2252 2466 Tu
2285 2419 2360 2466 es
2396 2398 2737 2486 pretiosus

158 2486 287 2557 ille
341 2485 545 2577 lapiS,
600 2486 688 2556 ab
735 2485 1057 2576 angulari
1107 2484 1337 2576 lapide
1372 2485 1491 2556 illo
1529 2487 1810 2568 missuS,
1853 2487 1919 2555 in
1953 2502 2095 2574 quo*
2126 2484 2500 2556 Ecclesiam
2546 2486 2736 2558 Chri-

158 2590 325 2647 stus
375 2577 525 2665 ipse
572 2574 984 2652 aedificavit,
1036 2597 1214 2663 quae
1263 2574 1457 2644 nullo
1505 2586 1816 2662 unquam
1884 2587 2191 2665 tempore
2243 2576 2566 2662 quassari
2619 2587 2741 2647 aut

155 2666 453 2737 concuti
504 2665 770 2755 poterit.
824 2669 925 2733 Tu
970 2686 1044 2733 es
1096 2664 1552 2754 purissimum
1608 2663 1778 2733 illud
1830 2686 2109 2744 aurum,
2163 2676 2230 2733 et
2269 2662 2589 2734 coelestis
2622 2665 2740 2735 Dei

155 2754 758 2845 pretiosissimum
809 2774 1094 2833 munuS,
1149 2753 1327 2824 lucis
1375 2752 1726 2834 columna,
1781 2752 2127 2823 Ecclesiae
2166 2753 2737 2836 fundamentum,

158 2849 203 2914 S
266 2844 479 2913 iritus
527 2842 757 2912 Sancti
802 2840 1286 2921 diversorium,
1343 2840 1975 2931 magniloquentiae
2026 2863 2296 2931 praeco,
2369 2842 2609 2930 aquila
2670 2842 2742 2911 in

157 2866 396 3002 astum
431 2930 693 3013 volanS,
739 2952 950 3001 suave
986 2953 1246 3000 canens
1287 2929 1608 3011 luscinia,
1646 2929 1961 3001 coelestis
1994 2929 2256 3012 cicada,
2298 2929 2592 3022 angelus
2626 2929 2746 3001 de·

157 3023 387 3110 nique
435 3019 505 3088 in
559 3019 867 3090 humano
915 3041 1200 3109 corpore
1241 3040 1545 3099 versans,
1582 3041 1795 3089 aurea
1828 3019 2179 3100 columna,
2217 3019 2417 3090 stella
2450 3018 2743 3090 lucidis·

159 3113 378 3190 sima,
434 3108 688 3179 florens
735 3108 1125 3198 paradisus,
1180 3107 1479 3197 Spiritus
1536 3110 1770 3178 Sancti
1830 3108 2337 3197 myrothecium
2398 3109 2741 3199 (unquen-

157 3203 355 3271 taria
408 3198 654 3286 theca),
705 3198 1208 3289 aegrotantium
1264 3196 1598 3278 medicuS,
1652 3198 1928 3281 divinae
1989 3198 2251 3287 gratiae
2315 3199 2504 3279 tuba,
2576 3198 2736 3268 vitis

158 3285 740 3368 foecundissima,
793 3287 942 3357 olea
991 3285 1367 3367 fructifera,
1420 3287 1908 3357 fluctuantium
1959 3300 2222 3378 portua,
2293 3287 2737 3377 peccantium

213 3391 538 3457 atronuS,
590 3374 1016 3446 defessorum
1067 3375 1418 3457 recreatio,
1471 3396 1964 3466 oppressorum
2017 3374 2390 3466 refugium,
2431 3375 2737 3445 miracu-

162 3401 408 3537 lbrum
460 3464 636 3545 fonS,
691 3464 1107 3535 daemonum
1162 3464 1573 3566 profugatiO,
1628 3463 2105 3554 Apostolorum
2158 3464 2401 3555 gloria,
2446 3463 2739 3554 Angelo-

171 3578 332 3627 rum
386 3554 587 3635 civiS,
639 3554 762 3641 qui
807 3552 1166 3644 Prophetis
1211 3552 1603 3632 sublimior,
1660 3566 1727 3623 et
1777 3567 2158 3643 martyrum
2203 3575 2488 3624 consors
2518 3552 2733 3636 fuisti,

170 3646 328 3735 ejus
374 3643 681 3730 denique
728 3641 1028 3734 gloriaef
1062 3663 1242 3730 quae
1287 3641 1653 3712 revelanda
1701 3656 1825 3724 est,
1875 3642 2244 3743 particeps,
2284 3642 2740 3732 sempiterno-

173 3753 330 3802 rum
387 3735 732 3804 bonorum
785 3731 1048 3812 haeres,
1104 3730 1350 3801 mundi
1389 3730 1653 3814 lumen,
1702 3752 2018 3802 omnium
2050 3731 2160 3821 (ut
2197 3730 2599 3803 summatim
2636 3729 2740 3799 di-

176 3829 363 3906 cam)
401 3824 746 3892 bonorum
791 3819 1190 3891 thesaurus.
1478 3868 1482 3875 .

265 3911 304 3995 ξ
337 3915 503 3984 1⁰.
558 3916 795 3998 Itaque
827 3908 1034 3989 salve,
1076 3907 1613 3990 Bartholomaee,
1653 3907 1848 3981 illius
1889 3909 2126 4000 magni
2160 3908 2446 3979 tonitrui
2479 3906 2738 3997 fulgur,

183 3999 368 4081 quod
419 4001 492 4069 in
545 4011 691 4070 rota
739 3997 987 4068 mundi
1033 3997 1246 4087 hujus
1294 3997 1707 4088 apparuisti,
1763 4009 1829 4067 et
1877 3997 2221 4067 idolorum
2275 3996 2615 4068 insaniam
2663 4017 2744 4066 ac

190 4099 453 4157 noctem
506 4087 876 4158 extinxisti.
933 4085 1150 4167 Salve,
1201 4085 1744 4166 Bartholomaee,
1801 4084 1919 4155 ille
1961 4085 2260 4177 Spiritus
2302 4085 2530 4156 Sancti
2564 4084 2746 4155 cala·

189 4192 312 4242 mu
394 4176 711 4247 celeriter
755 4175 1091 4256 scribenS,
1142 4174 1264 4261 qui
1314 4173 1534 4263 legem
1585 4175 1656 4244 in
1711 4173 1966 4245 tabulis
2011 4174 2244 4246 cordis
2275 4173 2746 4265 pulcherrime

191 4195 659 4356 dessnpsisti:
715 4270 800 4334 Le
850 4286 985 4344 em,
1042 4262 1354 4351 inquam,
1411 4262 1602 4333 illam
1656 4285 1790 4334 non
1843 4275 2161 4346 veterem,
2217 4264 2337 4334 sed
2388 4261 2585 4333 valde
2625 4283 2743 4331 no·

190 4370 369 4419 vam.
421 4354 615 4424 Salve
661 4360 815 4425 Bart
872 4352 1198 4434 olomaee,
1247 4352 1542 4443 potentis
1570 4351 1770 4422 Verbi
1819 4352 2066 4444 sagitta
2096 4352 2527 4435 acutissima,⁴
2562 4372 2740 4439 quae

198 4436 498 4510 hostium
569 4442 779 4514 corda
844 4441 1265 4523 vulnerasti,
1342 4439 1764 4512 daemonum
1846 4464 1968 4533 per
2038 4445 2267 4514 aerem
2341 4441 2742 4533 vagantium

349 4548 589 4607 surius
619 4579 641 4592 ·
683 4548 844 4609 Vitae
887 4545 991 4608 SS.
1025 4578 1048 4591 ·
1072 4546 1199 4606 Vol.
1224 4546 1383 4609 VIII.
2500 4548 2577 4605 37
