3308 5004
667 323 794 395 544
1241 346 1320 393 ns
1368 345 1426 393 s.
1477 343 2001 393 saansaan-aas.
2052 341 2438 394 murati..
2799 325 2991 394 RUG·
3048 326 3159 394 20

578 432 884 522 vestigiis
913 441 1051 501 tota
1080 428 1470 500 humilitate
1526 441 1979 520 prostratu5,·
2012 430 2296 521 rogabat
2342 443 2409 500 et
2442 429 2872 512 obsecrabat,
2931 442 3015 500 ut
3062 449 3157 501 se

581 521 789 591 tantis
857 519 1259 609 dignaretur
1321 539 1672 610 opponere
1717 520 1968 604 maliS,
2030 521 2289 607 quibus
2356 518 2527 588 alter
2584 539 2788 590 nemo
2836 519 3158 590 modum

580 630 782 699 posse
821 629 1076 698 ponere
1108 606 1472 678 videretur.
1509 609 1839 679 Dominus
1867 620 2123 689 autem,
2157 609 2339 678 sicut
2378 623 2655 698 semper
2692 607 3157 679 fidelixservi

581 699 690 770 sui
728 695 1068 766 direxerat
1115 697 1296 778 vias,
1356 708 1422 766 et
1485 697 1555 764 in
1599 696 1993 788 praecipuis
2036 697 2431 784 quibusque
2480 697 2719 766 causis
2765 696 3155 787 aptissimo

580 786 1022 857 usus-fuerat
1069 784 1552 866 instrumento,
1590 807 1672 856 ex
1692 786 1945 876 paucis
1982 798 2141 856 ante
2163 786 2413 856 diebus
2444 785 2953 876 aegritudinem
2976 807 3157 856 cor-

581 876 769 965 poris
798 876 952 964 ejus
998 873 1436 960 aliquatenus
1484 874 1842 944 relevarat.
2224 941 2229 950 ,
2574 921 2575 926 1
2662 909 2669 916 ·

668 967 705 1052 ξ
752 969 841 1037 4.
872 962 1140 1047 Quibus
1171 962 1419 1033 diebus
1449 984 1608 1033 cum
1644 963 1731 1033 ad
1761 963 1991 1033 literas
2019 961 2431 1033 venerabilis
2455 963 2771 1054 Hugonis
2792 963 3161 1034 Ostiensis

581 1054 900 1143 Episcopi
950 1051 1374 1134 rescriberet,
1428 1052 1563 1122 ait:
1618 1074 1656 1118 «
1686 1057 1934 1122 Verum
1968 1065 2092 1133 est,
2137 1051 2320 1139 quod
2360 1050 2678 1122 audistis.
2731 1050 3159 1124 Infirmatus

582 1161 734 1210 sum
767 1163 991 1228 usque
1038 1141 1122 1209 ad
1174 1153 1489 1211 mortem:
1527 1140 1644 1209 sed
1700 1142 2000 1221 interim,
2058 1152 2137 1211 ut
2183 1139 2426 1221 sentio,
2482 1139 2569 1210 ad
2622 1153 3160 1210 mortemffrevo-

581 1242 801 1311 catus,
847 1244 1050 1316 atque
1084 1229 1236 1310 hoc,
1268 1241 1344 1298 ut
1372 1252 1482 1298 me
1514 1230 1758 1322 sentio,
1797 1251 1934 1299 non
1969 1229 2159 1299 diu.»
2198 1231 2413 1298 Vitam
2444 1229 2707 1320 quippe
2746 1229 3149 1310 mortalem,

582 1331 873 1388 mortem
925 1318 1171 1407 magis,
1222 1339 1432 1405 quam
1465 1318 1675 1387 vitam
1727 1332 2078 1409 reputans,
2121 1339 2255 1387 non
2292 1339 2331 1386 a
2367 1332 2606 1399 morte,
2660 1317 2785 1388 sed·
2827 1316 2915 1386 ad
2946 1340 3155 1387 mor-

588 1419 720 1477 tem
776 1420 1162 1476 revocatum
1198 1428 1270 1476 se
1300 1407 1656 1487 sentiebat,
1691 1429 1850 1476 cum
1903 1408 1991 1477 ab
2020 1408 2207 1477 exitu
2254 1419 2707 1498 revocaretur,
2750 1406 2908 1476 licet
2942 1428 3153 1497 prae·

588 1496 891 1566 sentiens
953 1517 1087 1565 non
1139 1494 1404 1565 diutius
1451 1495 1936 1565 differendum.
1999 1501 2078 1565 Et
2123 1495 2254 1565 hoc
2316 1495 2598 1582 quidem
2647 1496 3155 1586 saepius-erga

588 1604 747 1653 eum
801 1584 1228 1674 providentia
1296 1585 1529 1653 divina
1578 1584 1968 1674 disposuit,
2024 1587 2096 1653 in
2154 1585 2365 1673 cujus
2417 1605 2632 1653 manu
2695 1582 2947 1675 placita
2990 1598 3156 1656 erat

585 1673 824 1742 anima
872 1673 1083 1752 illius,
1135 1685 1214 1742 ut
1259 1674 1525 1761 quoties
1571 1694 1734 1742 eum
1784 1674 2070 1763 grandis
2108 1674 2340 1761 aliqua
2376 1674 2747 1744 necessitas
2791 1688 3141 1755 evocaret,

585 1761 883 1831 vincenti
932 1761 1169 1830 omnia
1214 1763 1446 1831 animo
1493 1762 1673 1833 vires
1718 1763 2030 1853 corporis
2091 1784 2224 1832 non
2294 1761 2641 1843 deessent,
2717 1761 3151 1833 mirantibus

587 1851 709 1936 qui
761 1850 1104 1931 videbant,
1157 1872 1317 1920 eum
1387 1862 1452 1920 et
1500 1852 1818 1921 robustos
1881 1851 2196 1920 homines
2252 1851 2322 1919 in
2373 1851 2731 1921 tolerantia
2778 1872 3144 1943 superare.

587 1938 885 2028 Expletis
916 1960 1214 2024 namque
1248 1940 1538 2029 negotiis
1567 1994 1582 2021 ,
1639 1939 1930 2010 velutin
1987 1961 2060 2008 se
2108 1938 2413 2020 rediens,
2470 1938 2978 2030 multiplicibus
3030 1941 3151 2009 in-

587 2026 1034 2097 firmitatibus
1085 2027 1458 2109 laborabat,
1514 2039 1593 2099 ut
1637 2029 1749 2098 vix
1796 2029 2047 2098 viveret
2094 2027 2398 2109 feriatus,
2442 2029 2562 2116 qui
2611 2043 2993 2118 occupatus
3020 2030 3148 2099 de-

589 2115 793 2184 ficere
843 2111 1211 2186 nesciebat.
1263 2118 1384 2186 Cui
1432 2118 1502 2185 in
1562 2139 1766 2208 opere
1832 2117 2207 2188 novissimo
2254 2130 2392 2187 tam
2445 2117 2825 2188 manifeste:
2860 2129 3147 2206 tamque

588 2205 956 2294 magnifice
1001 2203 1236 2275 divina
1282 2205 1503 2276 adfuit
1550 2207 1791 2286 virtus,
1843 2220 1920 2277 ut
1966 2229 2046 2275 ex
2098 2205 2451 2276 laboribus
2511 2206 2688 2276 vires
2733 2227 2987 2296 capere
3036 2208 3143 2276 vi·-

589 2293 888 2362 deretur.
942 2294 1201 2363 Accidit
1247 2308 1519 2376 autem,
1571 2315 1732 2365 cum
1785 2296 1853 2363 in
1970 2293 2250 2364 raedicti
2325 2294 2641 2365 Mosellae
2690 2294 2885 2367 fluvii
2942 2295 3145 2365 litore

590 2382 1054 2453 residentibus
1112 2382 1437 2453 hincinde
1477 2384 1813 2474 partibus,
1860 2317 2087 2453 figatis
2138 2383 2471 2454 mediator
2510 2397 2780 2473 rogaret
2823 2405 3004 2471 quae
3050 2384 3140 2455 ad

590 2493 827 2563 pacem
876 2481 1093 2552 erant,
1147 2485 1224 2543 ut
1264 2494 1422 2564 pars
1469 2473 1678 2544 altera
1733 2472 1945 2542 nimis
1974 2494 2177 2563 aegre
2208 2471 2434 2555 ferret,
2472 2472 2657 2560 quod
2706 2472 3137 2565 exigebatur:

587 2582 668 2630 ex
702 2573 887 2631 tanta
920 2561 1259 2649 siquidem
1313 2562 1613 2632 bostium
1668 2574 1894 2653 strage
1921 2562 2245 2644 ferocior,
2305 2574 2370 2632 et
2420 2560 2815 2643 humiliari,-
2870 2575 2950 2633 ut
2995 2574 3145 2634 erat

590 2672 890 2731 necesse,
947 2672 1082 2720 non
1133 2651 1524 2721 sustinens:
1569 2651 1801 2722 subito
1846 2650 2170 2738 denique,
2211 2663 2559 2739 tamquam
2599 2651 2839 2742 agitati
2893 2650 3127 2733 furiis,

591 2736 1080 2819 discesserunt,
1115 2739 1338 2808 virum
1375 2741 1490 2810 Dei
1528 2740 2012 2821 insalutatum,
2050 2740 2268 2809 solam
2302 2760 2462 2809 vero
2488 2740 2777 2810 caeteris
2806 2741 3143 2811 omnibus

591 2828 1058 2915 relinquentes
1089 2827 1634 2917 desperationem
1677 2829 1886 2919 pacis.
1925 2834 2057 2899 Nec
2105 2850 2271 2898 sane
2314 2848 2396 2898 ex
2441 2839 2845 2919 contemptu
2875 2829 3134 2915 alique,

593 2916 709 2985 sed
744 2939 825 2986 ex
876 2929 1062 2987 metu
1092 2918 1508 2986 reverentiae
1538 2917 1695 3006 ejus
1742 2918 1959 2987 iniere
1988 2918 2251 3008 fugam.
2307 2917 2376 2986 Si
2426 2916 2660 2988 uidem
2696 2918 3124 2999 verebantur,

596 3023 681 3073 ne
730 3005 1198 3095 praesentium
1244 3006 1625 3092 quamlibet
1673 3006 2026 3096 improbas
2075 3018 2337 3076 mentes
2409 3005 2584 3076 acile
2630 3007 2939 3085 flecteret,
2994 3004 3132 3074 mi-

594 3113 730 3161 nus
782 3092 1319 3172 considerantes,
1373 3095 1541 3182 quid
1610 3095 1731 3164 ille
1779 3117 1900 3186 per
1946 3096 2270 3188 spiritum
2336 3116 2680 3184 nusquam
2733 3095 3076 3166 absentem
3109 3149 3129 3176 ,

595 3195 824 3271 posset
868 3182 1071 3251 etiam
1121 3182 1192 3250 in
1248 3183 1588 3253 absentes.
2308 3232 2316 3240 -

680 3272 717 3355 ἓ
754 3276 842 3342 ὅ.
893 3276 1045 3339 Jam
1086 3285 1464 3342 conventus
1489 3273 1558 3341 in
1590 3293 1843 3360 magno
1870 3272 2146 3342 turbine
2184 3271 2596 3354 solvebatur,
2632 3271 2776 3342 sola
2810 3271 3142 3361 utrinque

595 3358 1112 3428 meditabantur
1157 3381 1391 3441 arma,
1452 3360 1598 3430 sola
1653 3360 1925 3431 inibant
1971 3360 2262 3432 consilia
2310 3360 2771 3451 malignandi:
2822 3383 2985 3431 cum
3036 3360 3143 3431 vir

595 3458 902 3528 sanctuS,
939 3469 1055 3517 eos
1102 3448 1223 3536 qui
1254 3469 1486 3518 secum
1524 3461 1873 3531 venerant,
1926 3450 2322 3520 consolatus
2365 3449 2609 3520 fratres
2633 3503 2655 3532 ,
2709 3472 2748 3516 et
2776 3455 2868 3521 Ne
2903 3451 3144 3522 turbe·

595 3535 793 3615 mini,
848 3536 1110 3693 ίηὲιιίῐε
1158 3536 1314 3606 licet
1342 3538 1526 3607 enim
1565 3559 1688 3629 per
1745 3539 1999 3610 multas
2049 3536 2511 3621 difficultates,
2564 3539 2849 3608 omnino
2910 3550 3140 3609 tamen

594 3645 726 3714 pax
774 3625 922 3694 desi
975 3636 1162 3695 erata
1219 3626 1637 3715 proveniet.»
1688 3628 1954 3709 Quibus
1999 3628 2228 3708 etiam,
2281 3627 2469 3698 unde
2514 3626 2583 3697 id
2633 3639 2885 3705 nosset,
2940 3628 3145 3698 inno-

594 3713 747 3794 tuit,
800 3712 1083 3784 dicens:
1137 3714 1496 3785 «Videbar
1570 3716 1745 3785 mihi
1812 3738 1934 3807 per
1986 3729 2413 3805 nocturnum,
2478 3737 2796 3808 soporem
2860 3717 3143 3788 Missam

593 3802 940 3872 celebrare
969 3802 1370 3875 solemnem.
1417 3809 1723 3892 Cumque
1756 3803 2021 3894 expleta
2057 3804 2503 3896 paulominus
2546 3805 2854 3876 oratione
2886 3806 3142 3897 prima,

593 3892 990 3962 recordarer
1017 3890 1415 3981 Angelicum
1466 3916 1546 3963 ex
1577 3915 1766 3964 more
1804 3894 2183 3975 canticum,
2226 3894 2294 3962 id
2326 3908 2451 3976 est,
2489 3896 2721 3966 Gloria
2748 3897 2821 3964 in
2858 3896 3149 3966 eoeceleis

593 3985 748 4062 Deo,
790 3980 1195 4070 praecedere
1240 3981 1587 4064 debuisse,
1620 3981 1896 4064 erubui,
1934 3996 2001 4053 et
2027 3982 2210 4069 quod
2247 3981 2503 4054 oblitus
2537 3983 2932 4065 omiseram,
2970 3989 3150 4053 Can·-

593 4068 806 4139 ticum
858 4070 1219 4151 inchoanS‚
1291 4072 1650 4143 vobiscum
1699 4071 1956 4161 pariter
2010 4071 2096 4141 ad
2156 4071 2366 4141 finem
2421 4094 2506 4143 us
2554 4094 2647 4144 ue
2707 4073 3149 4164 complevi.»

589 4157 738 4226 Jam
794 4159 1098 4229 medium
1150 4159 1372 4229 noctis
1398 4160 1785 4242 transierat,
1813 4183 1972 4232 cum
2026 4160 2128 4230 vir
2162 4171 2457 4232 ¹sanctus
2548 4183 2589 4231 e
2631 4160 3151 4254 praedictorum

598 4248 1047 4335 poenitudine
1072 4248 1471 4340 principum
1500 4249 1839 4341 legatione
1868 4261 2210 4342 suscepta,
2239 4250 2553 4352 jucunde
2581 4252 2750 4322 satis
2774 4272 3153 4321 conversus

591 4333 675 4402 ad
713 4355 841 4435 nos
868 4358 882 4403 :
938 4359 973 4402 «
1011 4338 1418 4427 Agnoscite,
1483 4339 1625 4420 ait,
1679 4341 2062 4430 promissae
2108 4340 2302 4409 vobis
2348 4339 2699 4409 canendae
2762 4338 3025 4431 gloriae
3082 4351 3150 4410 et

595 4435 844 4492 cantici
898 4426 1090 4514 pacis
1138 4428 1809 4518 praeparationem.»
1844 4429 2124 4500 Interim
2155 4449 2322 4520 ergo
2370 4428 2681 4519 partibus
2722 4429 3144 4511 convocatis,
