3308 5004
271 368 464 437 mo.
517 367 607 434 20
986 383 1068 431 nr.
1113 384 1169 432 s.
1223 383 1556 433 numano
1602 384 1747 432 Aac.
1798 383 2184 433 emananti..
2615 371 2731 436 51⁴

359 473 398 560 ξ
446 475 592 544 15.
646 467 800 539 Fuit
844 468 916 539 in
952 468 1202 540 diebus
1252 468 1391 539 illis
1423 473 1665 540 Petrus
1695 468 2129 551 Aballardus,
2177 469 2508 562 magister
2535 472 2834 563 insignis

267 573 339 632 ct
383 558 881 631 celeberrimus
927 557 1000 628 in
1039 558 1369 648 opinione
1400 557 1752 640 scientiae,
1792 557 1909 630 sed
1944 558 2030 629 de
2065 559 2201 629 fide
2243 560 2500 646 perfide
2549 561 2637 633 do
2692 584 2834 633 ma-

272 649 517 721 tizans.
555 649 770 735 Cujus
803 668 964 718 cum
1002 647 1461 738 blasphemiis
1492 646 1701 737 plena
1736 647 2170 737 gravissimis
2210 649 2491 720 volitare
2520 672 2617 722 un
2671 656 2835 739 ique

272 739 531 828 scripta
578 736 1011 827 coepissent,
1066 735 1389 827 profanas
1454 736 1804 806 novitates·
1858 758 2104 807 vocum
2153 747 2220 806 et
2278 758 2615 811 sensuum
2681 761 2835 811 exe-

273 828 444 898 crati
492 826 620 896 viri
667 825 922 896 eruditi
962 837 1169 913 atque
1221 823 1483 906 fideleS,
1536 824 1623 894 ad
1678 824 2031 896 hominem
2072 825 2185 895 Dei
2233 826 2640 900 retulerunt.
2698 830 2833 915 Qui

272 916 604 985 nimirum
660 913 864 986 solita
926 914 1347 1005 benignitate
1392 925 1460 983 et
1506 913 1810 986 bonitate
1859 913 2264 986 desiderans
2323 938 2625 988 errorem
2677 941 2831 989 cor-

271 1005 430 1096 rigi,
471 1004 825 1074 hominem
863 1024 995 1073 non
1032 1001 1392 1083 confundi,
1438 1015 1696 1072 secreta
1732 1001 1929 1072 illum
1971 1002 2447 1075 admonitione
2479 1008 2823 1078 convenit.

270 1098 437 1164 Curn
485 1114 625 1181 quo
665 1092 877 1162 etiam
931 1105 1068 1161 tam
1114 1091 1775 1178 m0deStO,‘ttfl¹nque
1824 1090 2324 1163 rationabiliter
2369 1094 2531 1185 egit,
2587 1109 2662 1166 ut
2712 1094 2830 1166 ille

266 1203 544 1270 quoque
589 1192 1078 1272 compunctus»,
1130 1179 1219 1249 ad
1255 1180 1477 1270 ipsius
1515 1179 1881 1251 arbitrium
1917 1193 2389 1252 correcturum
2435 1205 2506 1254 se
2543 1185 2831 1274 promit-

272 1283 443 1341 teret
479 1271 828 1341 universa.
866 1273 1217 1340 Caeterum
1254 1291 1416 1339 cum
1448 1269 1844 1340 recessisset
1883 1269 1970 1338 ab
2018 1291 2097 1339 eo
2147 1274 2387 1342 Petrus
2420 1271 2630 1354 idem,
2668 1295 2832 1344 con-

265 1359 446 1430 siliis
480 1357 877 1431 stimulatus
926 1358 1208 1445 iniquis,
1261 1370 1327 1427 et
1361 1358 1428 1425 in
1484 1358 1624 1428 enii
1668 1359 1782 1428 sui
1833 1357 2098 1430 viribus
2142 1358 2581 1449 plurimoque
2628 1383 2831 1433 exer-

265 1448 430 1518 citio
476 1446 883 1539 disputandi
947 1446 1313 1516 infeliciter
1372 1446 1420 1516 fi
1472 1468 1597 1517 ens
1633 1500 1652 1528 ‚
1719 1446 1962 1517 resiliit
2008 1470 2049 1517 a
2113 1449 2461 1538 proposito
2532 1452 2823 1522 saniori.

267 1541 608 1628 Expetens
654 1536 956 1624 denique
1003 1540 1468 1606 Senonensem
1520 1536 2155 1626 metropolitanum,
2190 1559 2270 1607 eo
2299 1537 2487 1626 quod
2528 1539 2597 1608 in
2640 1539 2832 1628 ejus-

266 1626 425 1696 dem
475 1624 766 1697 ecclesia
804 1624 1300 1696 celebrandum
1357 1623 1528 1695 foret
1577 1626 1647 1694 in
1703 1625 2011 1714 proximo
2069 1627 2335 1716 grande
2394 1628 2769 1699 concilium
2803 1683 2821 1712 ,

263 1713 832 1786 claravallensem
868 1725 1197 1784 causatur
1234 1713 1561 1783 Abbatem
1596 1713 1745 1784 suis
1773 1715 1838 1783 in
1872 1713 2146 1785 occulto
2191 1715 2550 1787 detrahere
2579 1716 2822 1788 libris:

264 1803 596 1892 additque
637 1815 966 1893 paratum
1014 1824 1088 1874 se
1118 1824 1270 1873 esse
1318 1803 1388 1872 in
1439 1801 1722 1893 publico
1769 1825 1896 1873 sua
1945 1802 2312 1875 defendere
2351 1806 2655 1896 scripta,
2720 1829 2828 1877 ro-

261 1911 441 1983 gans
470 1903 547 1962 ut
597 1891 988 1982 praedictus
1034 1890 1258 1962 Abbas
1297 1891 1639 1973 dicturuS,
1695 1891 1752 1961 si
1784 1891 1952 1979 quid
1988 1892 2291 1976 baberet,
2326 1892 2412 1963 ad
2445 1895 2826 1967 concilium

268 1993 648 2051 vocaretur.
705 1986 984 2051 Factum
1033 1992 1160 2062 est,
1212 1992 1290 2050 ut
1342 1979 1756 2071 postulavit:
1811 1981 1927 2051 sed
1982 1995 2263 2054 vocatus
2302 1983 2551 2066 Abbas,
2593 1984 2831 2056 venire

272 2070 547 2160 penitus
597 2069 954 2149 recusavit,
1008 2091 1216 2139 suum
1254 2068 1385 2139 hoc
1435 2090 1570 2138 non
1614 2091 1767 2142 esse
1806 2071 2251 2140 renuncians.
2290 2077 2528 2143 Postea
2565 2084 2820 2155 tamen,

270 2178 682 2249 magnorum
719 2159 1025 2228 virorum
1069 2158 1349 2229 monitis
1384 2158 1627 2239 flexus,
1667 2181 1749 2228 ne
1784 2159 2097 2230 videlicet
2128 2183 2209 2230 ex
2246 2160 2468 2250 ipsius
2515 2162 2828 2233 absentia

270 2258 338 2316 et
375 2246 777 2319 scandalum
831 2247 1089 2337 populo
1118 2300 1134 2327 ,
1187 2259 1254 2316 et
1298 2268 1564 2317 cornua
1610 2261 1999 2318 crescerent
2042 2249 2437 2319 adversario
2467 2304 2484 2331 ,
2538 2250 2826 2321 demum

272 2356 555 2436 pergere
584 2335 952 2424 acquievit,
993 2335 1209 2406 tristis
1236 2334 1520 2423 quidem
1563 2357 1690 2405 nec
1723 2336 1871 2406 sine
1899 2337 2229 2427 lacrymis
2260 2360 2610 2420 annuens,
2645 2340 2827 2411 sicut

266 2444 337 2494 ιιι
396 2425 686 2527 epistola
733 2425 907 2507 (ord.
973 2424 1134 2514 ⁴90)
1180 2424 1266 2493 ad
1309 2424 1795 2495 Innocentium
1858 2431 2114 2516 Papam
2164 2426 2312 2515 ipse
2348 2439 2657 2509 testatur,
2703 2428 2827 2498 ubi

264 2513 544 2603 plenius
593 2513 1035 2600 lucidiusque
1064 2536 1271 2584 omne
1321 2514 1675 2605 negotium
1730 2515 2193 2604 prosequitur.

353 2605 394 2691 δ
429 2609 582 2677 16.
613 2602 822 2673 Affuii
846 2601 1017 2682 dies,
1053 2615 1120 2672 et
1147 2603 1450 2673 Ecclesia
1482 2603 1763 2693 copiosa
1799 2604 2139 2684 convenit,
2183 2603 2304 2675 ubi
2330 2627 2371 2674 a
2412 2605 2529 2675 Dei
2561 2604 2825 2676 famulo

262 2692 443 2761 Petri
490 2691 683 2761 illius
733 2692 801 2761 in
854 2690 1164 2760 medium
1213 2693 1471 2783 scripta
1521 2692 1780 2782 prolata
1843 2705 2026 2774 sunt,
2096 2706 2162 2764 et
2215 2695 2474 2763 erroris
2514 2694 2822 2782 capitula

257 2779 646 2870 designata.
702 2785 985 2849 Demum
1037 2778 1140 2849 illi
1187 2781 1374 2870 optio
1421 2780 1578 2851 data
1626 2793 1752 2861 est,
1805 2794 1927 2851 aut
1973 2804 2099 2852 sua
2145 2804 2296 2852 esse
2330 2781 2660 2873 negandi,
2700 2796 2823 2855 aut

255 2889 559 2938 errorem
598 2868 953 2938 humiliter
981 2870 1400 2959 corrigendi,
1435 2882 1556 2939 aut
1580 2870 2070 2959 respondendi,
2103 2871 2164 2940 si
2194 2884 2444 2962 posset,
2481 2871 2822 2960 objicien-

255 2957 369 3026 dis
417 2957 550 3028 sibi
600 2957 984 3027 rationibus
1032 2959 1287 3048 pariter
1333 2970 1400 3028 et
1446 2972 1845 3029 sanctorum
1904 2965 2181 3030 Patrum
2239 2960 2678 3031 testimoniis,
2741 2965 2821 3032 At

258 3045 377 3115 ille
425 3067 552 3117 nec
598 3045 832 3117 volens
880 3046 1305 3137 resipiscere,
1364 3068 1487 3117 nec
1537 3048 1772 3119 valens
1813 3048 2128 3119 resistere
2166 3051 2549 3139 sapientiae
2577 3063 2645 3120 et
2676 3050 2822 3140 spi.-

259 3133 425 3204 ritui
455 3134 577 3222 qui
612 3134 1043 3222 loquebatur,
1082 3148 1160 3204 ut
1190 3151 1465 3226 tempus
1498 3136 1886 3218 redimeret,
1934 3136 2166 3207 sedem
2197 3139 2654 3227 Apostolicam
2692 3162 2821 3230 ap-

260 3223 563 3313 pellavit.
616 3223 744 3294 Sed
791 3236 858 3294 et
907 3238 1139 3314 postea
1186 3225 1274 3294 ab
1320 3224 1598 3317 egregio
1660 3224 1778 3294 illo
1830 3225 2210 3297 catholicae
2259 3227 2423 3297 fidei
2479 3228 2815 3299 advocato

257 3313 589 3395 monitus,
643 3326 720 3384 ut
767 3313 869 3384 vel
910 3314 1085 3403 jam,
1140 3315 1367 3384 sciens
1415 3315 1485 3383 in
1543 3335 1909 3406 personam
1963 3338 2164 3386 suam
2213 3315 2391 3386 nihil
2431 3317 2812 3407 agendum,

255 3401 701 3491 responderet
750 3414 883 3471 tarn
936 3402 1149 3473 libere
1195 3425 1406 3490 quam
1449 3424 1713 3484 secure,
1753 3403 2148 3475 audiendus
2178 3417 2448 3475 tantum
2484 3421 2549 3477 et
2590 3405 2818 3477 feren-

253 3488 415 3571 duS,
469 3490 598 3561 hoc
643 3511 920 3579 quoque
964 3491 1388 3583 omnimodis
1437 3492 1798 3563 recusavit.
1855 3494 2022 3564 Nam
2071 3507 2138 3566 et
2166 3495 2529 3567 confessus
2556 3509 2658 3566 est
2690 3517 2812 3596 po-

252 3590 397 3649 stea
445 3580 613 3659 suis,
665 3579 832 3667 quia
876 3601 957 3648 ea
1006 3580 1196 3662 hora,
1254 3581 1551 3651 maxima
1598 3580 1992 3668 quidemex
2029 3596 2242 3673 parte,
2282 3585 2616 3655 memoria
2655 3606 2810 3685 ejus

254 3666 529 3738 turbata
575 3667 805 3749 fuerit,
859 3668 1032 3737 ratio
1079 3669 1502 3759 caligaverit,
1548 3686 1614 3739 et
1646 3670 1930 3742 interior
1959 3672 2213 3774 fugerit
2241 3695 2516 3743 sensus.
2556 3672 2815 3743 Nihilo-

254 3757 492 3827 minus
540 3770 769 3826 tamen
818 3755 1144 3839 Ecclesia,
1196 3779 1377 3845 quae
1422 3774 1859 3841 convenerat,
1902 3760 2169 3832 dimisit
2210 3762 2588 3843 hominem,
2628 3759 2815 3831 rnul-

250 3846 456 3915 ctavit
501 3845 1112 3927 abominationem,
1166 3868 1208 3916 a
1257 3868 1550 3937 persona
1599 3850 1982 3930 abstinens,
2046 3850 2167 3919 sed
2231 3848 2556 3939 dogmata
2600 3871 2814 3940 prava

253 3934 751 4005 condemnans
804 3933 1094 4017 Quando
1144 3958 1300 4005 vero
1347 3941 1588 4007 Petrus
1626 3937 1745 4006 ille
1783 3936 2130 4027 refugium
2167 3939 2506 4008 inveniret
2541 3938 2609 4006 in
2647 3938 2810 4008 sede

256 4023 455 4105 Petri,
508 4035 646 4094 tam
697 4022 900 4114 longe
945 4022 1294 4095 dissidens
1340 4048 1380 4094 a
1421 4024 1555 4095 fide
1594 4025 1819 4097 Petri?
1858 4031 1935 4095 Et
1973 4026 2204 4115 ipsum
2249 4048 2412 4116 ergo
2452 4039 2809 4097 auctorem

255 4110 493 4182 eadem
528 4113 868 4183 sententia
900 4135 1061 4183 cum
1089 4113 1439 4183 erroribus
1470 4115 1617 4185 suis
1651 4114 2082 4205 Apostolicus
2111 4115 2386 4185 Praesul
2421 4114 2803 4199 involvenS,

259 4198 819 4290 haereticumque
864 4203 1323 4286 denuncianS,
1376 4203 1634 4294 scripta
1684 4202 2030 4286 incendic,
2085 4204 2492 4294 scriptorem
2534 4204 2810 4277 silentio

259 4289 766 4361 condemnavit.
1566 4298 1577 4312 '

344 4379 383 4464 ξ
427 4382 558 4454 12.
615 4381 768 4451 Fuit
806 4382 967 4452 item
1003 4381 1439 4462 GillebertuS,
1476 4402 1683 4468 quem
1719 4380 2292 4471 cognominavere
2327 4388 2801 4465 Porretanum,

253 4465 681 4538 Pictavorur'n
731 4471 1135 4564 EpiscopuS,
1189 4472 1259 4541 in
1301 4470 1518 4541 sacris
1550 4470 1750 4542 libris
1792 4472 2171 4562 plurimum
2206 4474 2640 4555 exercitatus,
2681 4473 2801 4546 sed
