<?xml version="1.0" encoding="UTF-8"?>
<!DOCTYPE html PUBLIC "-//W3C//DTD XHTML 1.0 Transitional//EN"
    "http://www.w3.org/TR/xhtml1/DTD/xhtml1-transitional.dtd">
<html xmlns="http://www.w3.org/1999/xhtml" xml:lang="en" lang="en">
 <head>
  <title>
</title>
<meta http-equiv="Content-Type" content="text/html;charset=utf-8" />
  <meta name='ocr-system' content='tesseract 3.04.00' />
  <meta name='ocr-capabilities' content='ocr_page ocr_carea ocr_par ocr_line ocrx_word'/>
</head>
<body>
  <div class='ocr_page' id='page_1' title='image "./historiaeseuvit01lippgoog_0181.png"; bbox 0 0 3308 5004; ppageno 0'>
   <div class='ocr_carea' id='block_1_1' title="bbox 192 299 2597 370">
    <p class='ocr_par' dir='ltr' id='par_1_1' title="bbox 192 299 2597 370">
     <span class='ocr_line' id='line_1_1' title="bbox 192 299 2597 370; baseline -0 0"><span class='ocrx_word' id='word_1_1' title='bbox 192 299 348 370; x_wconf 75' lang='lat' dir='ltr'><strong>Aue.</strong></span> <span class='ocrx_word' id='word_1_2' title='bbox 391 301 428 370; x_wconf 74' lang='grc' dir='ltr'><em>ὃ</em></span> <span class='ocrx_word' id='word_1_3' title='bbox 948 318 1033 368; x_wconf 70' lang='lat' dir='ltr'><strong>nn</strong></span> <span class='ocrx_word' id='word_1_4' title='bbox 1075 318 1132 367; x_wconf 77' lang='lat' dir='ltr'><strong>s·</strong></span> <span class='ocrx_word' id='word_1_5' title='bbox 1182 319 1352 367; x_wconf 67' lang='lat' dir='ltr'><strong>Arna</strong></span> <span class='ocrx_word' id='word_1_6' title='bbox 1397 319 1473 367; x_wconf 81' lang='lat' dir='ltr'><strong>tu·</strong></span> <span class='ocrx_word' id='word_1_7' title='bbox 1519 317 1721 368; x_wconf 76' lang='lat' dir='ltr'><strong>secus</strong></span> <span class='ocrx_word' id='word_1_8' title='bbox 1767 313 1888 368; x_wconf 73' lang='lat' dir='ltr'><strong>uu.</strong></span> <span class='ocrx_word' id='word_1_9' title='bbox 2471 300 2597 369; x_wconf 69' lang='lat'><strong>467</strong></span> 
     </span>
    </p>
   </div>
   <div class='ocr_carea' id='block_1_2' title="bbox 152 398 2800 4402">
    <p class='ocr_par' dir='ltr' id='par_1_2' title="bbox 190 398 2689 591">
     <span class='ocr_line' id='line_1_2' title="bbox 190 398 2689 475; baseline 0.001 -3"><span class='ocrx_word' id='word_1_10' title='bbox 190 401 335 473; x_wconf 77' lang='lat' dir='ltr'><strong>serre</strong></span> <span class='ocrx_word' id='word_1_11' title='bbox 370 422 497 471; x_wconf 89' lang='lat' dir='ltr'><strong>non</strong></span> <span class='ocrx_word' id='word_1_12' title='bbox 547 398 830 472; x_wconf 84' lang='lat' dir='ltr'><strong>audeas.</strong></span> <span class='ocrx_word' id='word_1_13' title='bbox 882 403 1077 473; x_wconf 85' lang='lat' dir='ltr'><strong>Tunc</strong></span> <span class='ocrx_word' id='word_1_14' title='bbox 1124 401 1419 474; x_wconf 90' lang='lat' dir='ltr'><strong>daemon</strong></span> <span class='ocrx_word' id='word_1_15' title='bbox 1477 401 1827 475; x_wconf 84' lang='lat' dir='ltr'><strong>ululatum</strong></span> <span class='ocrx_word' id='word_1_16' title='bbox 1887 401 2315 474; x_wconf 85' lang='lat' dir='ltr'><strong>teterrimum</strong></span> <span class='ocrx_word' id='word_1_17' title='bbox 2364 401 2689 475; x_wconf 85' lang='lat' dir='ltr'><strong>emittens</strong></span> 
     </span>
     <span class='ocr_line' id='line_1_3' title="bbox 191 490 1016 591; baseline -0.002 -30"><span class='ocrx_word' id='word_1_18' title='bbox 191 512 484 578; x_wconf 85' lang='lat' dir='ltr'><strong>nusquam</strong></span> <span class='ocrx_word' id='word_1_19' title='bbox 525 490 919 591; x_wconf 87' lang='lat' dir='ltr'><strong>comparuit.</strong></span> <span class='ocrx_word' id='word_1_20' title='bbox 957 490 1016 559; x_wconf 69' lang='lat'><strong>¹⁵.</strong></span> 
     </span>
    </p>

    <p class='ocr_par' dir='ltr' id='par_1_3' title="bbox 152 579 2800 2892">
     <span class='ocr_line' id='line_1_4' title="bbox 257 579 2692 680; baseline 0.001 -29"><span class='ocrx_word' id='word_1_21' title='bbox 257 581 393 667; x_wconf 63' lang='lat'><strong>§2</strong></span> <span class='ocrx_word' id='word_1_22' title='bbox 442 584 597 651; x_wconf 90' lang='lat' dir='ltr'><strong>Post</strong></span> <span class='ocrx_word' id='word_1_23' title='bbox 649 600 803 669; x_wconf 61' lang='lat' dir='ltr'><strong>ejus</strong></span> <span class='ocrx_word' id='word_1_24' title='bbox 849 600 1193 651; x_wconf 75' lang='lat' dir='ltr'>recessum</span> <span class='ocrx_word' id='word_1_25' title='bbox 1256 592 1541 651; x_wconf 77' lang='lat' dir='ltr'><strong>sauctus</strong></span> <span class='ocrx_word' id='word_1_26' title='bbox 1596 579 1980 680; x_wconf 77' lang='lat' dir='ltr'><strong>Episcopus</strong></span> <span class='ocrx_word' id='word_1_27' title='bbox 2034 579 2246 668; x_wconf 86' lang='lat' dir='ltr'><strong>jussit</strong></span> <span class='ocrx_word' id='word_1_28' title='bbox 2294 580 2692 671; x_wconf 80' lang='lat' dir='ltr'><strong>jejunantes</strong></span> 
     </span>
     <span class='ocr_line' id='line_1_5' title="bbox 177 667 2688 759; baseline 0.001 -22"><span class='ocrx_word' id='word_1_29' title='bbox 177 667 475 740; x_wconf 75' lang='lat' dir='ltr'><strong>foetninas</strong></span> <span class='ocrx_word' id='word_1_30' title='bbox 521 667 815 740; x_wconf 84' lang='lat' dir='ltr'><strong>reficere·</strong></span> <span class='ocrx_word' id='word_1_31' title='bbox 846 690 1136 759; x_wconf 82' lang='lat' dir='ltr'><strong>corpora</strong></span> <span class='ocrx_word' id='word_1_32' title='bbox 1184 692 1334 751; x_wconf 88' lang='lat' dir='ltr'><strong>sua,</strong></span> <span class='ocrx_word' id='word_1_33' title='bbox 1389 669 1621 740; x_wconf 82' lang='lat' dir='ltr'><strong>Afram</strong></span> <span class='ocrx_word' id='word_1_34' title='bbox 1667 681 1735 738; x_wconf 90' lang='lat' dir='ltr'><strong>et</strong></span> <span class='ocrx_word' id='word_1_35' title='bbox 1780 667 2117 739; x_wconf 65' lang='lat' dir='ltr'><strong>Hilarium</strong></span> <span class='ocrx_word' id='word_1_36' title='bbox 2169 683 2484 750; x_wconf 85' lang='lat' dir='ltr'><strong>matrem,</strong></span> <span class='ocrx_word' id='word_1_37' title='bbox 2526 691 2688 740; x_wconf 85' lang='lat' dir='ltr'><strong>cum</strong></span> 
     </span>
     <span class='ocr_line' id='line_1_6' title="bbox 179 755 2692 848; baseline 0.001 -21"><span class='ocrx_word' id='word_1_38' title='bbox 179 756 394 847; x_wconf 77' lang='lat' dir='ltr'>puellis</span> <span class='ocrx_word' id='word_1_39' title='bbox 430 756 599 827; x_wconf 89' lang='lat' dir='ltr'><strong>suis.</strong></span> <span class='ocrx_word' id='word_1_40' title='bbox 654 755 821 828; x_wconf 90' lang='lat' dir='ltr'><strong>Illae</strong></span> <span class='ocrx_word' id='word_1_41' title='bbox 869 779 1026 828; x_wconf 88' lang='lat' dir='ltr'><strong>vero</strong></span> <span class='ocrx_word' id='word_1_42' title='bbox 1076 770 1447 834; x_wconf 83' lang='lat' dir='ltr'><strong>trementes</strong></span> <span class='ocrx_word' id='word_1_43' title='bbox 1482 770 1762 848; x_wconf 84' lang='lat' dir='ltr'><strong>propter</strong></span> <span class='ocrx_word' id='word_1_44' title='bbox 1790 779 1871 828; x_wconf 86' lang='lat' dir='ltr'><strong>ea</strong></span> <span class='ocrx_word' id='word_1_45' title='bbox 1903 778 2082 845; x_wconf 88' lang='lat' dir='ltr'><strong>quae</strong></span> <span class='ocrx_word' id='word_1_46' title='bbox 2117 756 2429 829; x_wconf 81' lang='lat' dir='ltr'><strong>viderant</strong></span> <span class='ocrx_word' id='word_1_47' title='bbox 2465 769 2532 829; x_wconf 86' lang='lat' dir='ltr'><strong>et</strong></span> <span class='ocrx_word' id='word_1_48' title='bbox 2562 779 2692 829; x_wconf 77' lang='lat' dir='ltr'><strong>au·-</strong></span> 
     </span>
     <span class='ocr_line' id='line_1_7' title="bbox 178 844 2692 936; baseline 0.001 -22"><span class='ocrx_word' id='word_1_49' title='bbox 178 845 431 923; x_wconf 75' lang='lat' dir='ltr'><strong>dierant.</strong></span> <span class='ocrx_word' id='word_1_50' title='bbox 484 867 644 916; x_wconf 87' lang='lat' dir='ltr'><strong>cum</strong></span> <span class='ocrx_word' id='word_1_51' title='bbox 689 844 990 936; x_wconf 77' lang='lat' dir='ltr'><strong>profusis</strong></span> <span class='ocrx_word' id='word_1_52' title='bbox 1022 845 1353 936; x_wconf 77' lang='lat' dir='ltr'><strong>lacrymis</strong></span> <span class='ocrx_word' id='word_1_53' title='bbox 1401 845 1601 917; x_wconf 86' lang='lat' dir='ltr'><strong>humi</strong></span> <span class='ocrx_word' id='word_1_54' title='bbox 1636 858 2037 936; x_wconf 87' lang='lat' dir='ltr'><strong>prostratae,</strong></span> <span class='ocrx_word' id='word_1_55' title='bbox 2084 868 2124 915; x_wconf 91' lang='lat' dir='ltr'><strong>a</strong></span> <span class='ocrx_word' id='word_1_56' title='bbox 2166 847 2453 918; x_wconf 88' lang='lat' dir='ltr'><strong>Domino</strong></span> <span class='ocrx_word' id='word_1_57' title='bbox 2493 846 2692 917; x_wconf 83' lang='lat' dir='ltr'><strong>auxi-</strong></span> 
     </span>
     <span class='ocr_line' id='line_1_8' title="bbox 182 932 2692 1026; baseline 0.001 -22"><span class='ocrx_word' id='word_1_58' title='bbox 182 932 317 1004; x_wconf 88' lang='lat' dir='ltr'>lium</span> <span class='ocrx_word' id='word_1_59' title='bbox 353 933 812 1024; x_wconf 86' lang='lat' dir='ltr'><strong>postulabant.</strong></span> <span class='ocrx_word' id='word_1_60' title='bbox 866 940 994 1005; x_wconf 87' lang='lat' dir='ltr'><strong>Eas</strong></span> <span class='ocrx_word' id='word_1_61' title='bbox 1027 957 1184 1005; x_wconf 86' lang='lat' dir='ltr'><strong>vero</strong></span> <span class='ocrx_word' id='word_1_62' title='bbox 1230 950 1514 1006; x_wconf 90' lang='lat' dir='ltr'><strong>sanctus</strong></span> <span class='ocrx_word' id='word_1_63' title='bbox 1544 934 1927 1026; x_wconf 75' lang='lat' dir='ltr'>Episcopus</span> <span class='ocrx_word' id='word_1_64' title='bbox 2024 935 2296 1006; x_wconf 91' lang='lat' dir='ltr'><strong>recibus</strong></span> <span class='ocrx_word' id='word_1_65' title='bbox 2343 947 2410 1008; x_wconf 86' lang='lat' dir='ltr'><strong>et</strong></span> <span class='ocrx_word' id='word_1_66' title='bbox 2446 935 2692 1008; x_wconf 77' lang='lat' dir='ltr'><strong>admo-</strong></span> 
     </span>
     <span class='ocr_line' id='line_1_9' title="bbox 182 1022 2690 1114; baseline 0.001 -23"><span class='ocrx_word' id='word_1_67' title='bbox 182 1024 531 1096; x_wconf 88' lang='lat' dir='ltr'><strong>nitionibus</strong></span> <span class='ocrx_word' id='word_1_68' title='bbox 593 1023 742 1095; x_wconf 89' lang='lat' dir='ltr'><strong>suis</strong></span> <span class='ocrx_word' id='word_1_69' title='bbox 778 1024 1073 1114; x_wconf 82' lang='lat' dir='ltr'><strong>egregie</strong></span> <span class='ocrx_word' id='word_1_70' title='bbox 1135 1024 1586 1104; x_wconf 77' lang='lat' dir='ltr'><strong>confortavit,</strong></span> <span class='ocrx_word' id='word_1_71' title='bbox 1652 1046 1815 1093; x_wconf 90' lang='lat' dir='ltr'><strong>cum</strong></span> <span class='ocrx_word' id='word_1_72' title='bbox 1876 1027 1963 1093; x_wconf 85' lang='lat' dir='ltr'><strong>Fe</strong></span> <span class='ocrx_word' id='word_1_73' title='bbox 1995 1023 2097 1092; x_wconf 89' lang='lat' dir='ltr'><strong>ice</strong></span> <span class='ocrx_word' id='word_1_74' title='bbox 2160 1023 2459 1095; x_wconf 88' lang='lat' dir='ltr'><strong>Diacono</strong></span> <span class='ocrx_word' id='word_1_75' title='bbox 2514 1022 2690 1096; x_wconf 84' lang='lat' dir='ltr'><strong>nibil</strong></span> 
     </span>
     <span class='ocr_line' id='line_1_10' title="bbox 178 1111 2691 1203; baseline 0.002 -22"><span class='ocrx_word' id='word_1_76' title='bbox 178 1111 515 1182; x_wconf 76' lang='lat' dir='ltr'><strong>alimoniae</strong></span> <span class='ocrx_word' id='word_1_77' title='bbox 561 1133 871 1192; x_wconf 87' lang='lat' dir='ltr'><strong>sumens,</strong></span> <span class='ocrx_word' id='word_1_78' title='bbox 906 1112 1021 1182; x_wconf 79' lang='lat' dir='ltr'><strong>sed</strong></span> <span class='ocrx_word' id='word_1_79' title='bbox 1053 1125 1189 1184; x_wconf 88' lang='lat' dir='ltr'><strong>tota</strong></span> <span class='ocrx_word' id='word_1_80' title='bbox 1216 1126 1409 1185; x_wconf 85' lang='lat' dir='ltr'><strong>nocte</strong></span> <span class='ocrx_word' id='word_1_81' title='bbox 1435 1113 1506 1184; x_wconf 87' lang='lat' dir='ltr'><strong>in</strong></span> <span class='ocrx_word' id='word_1_82' title='bbox 1532 1112 1827 1203; x_wconf 80' lang='lat' dir='ltr'><strong>jejunio,</strong></span> <span class='ocrx_word' id='word_1_83' title='bbox 1870 1111 2258 1201; x_wconf 89' lang='lat' dir='ltr'><strong>psalmodia</strong></span> <span class='ocrx_word' id='word_1_84' title='bbox 2284 1125 2352 1183; x_wconf 88' lang='lat' dir='ltr'><strong>et</strong></span> <span class='ocrx_word' id='word_1_85' title='bbox 2382 1113 2691 1185; x_wconf 72' lang='lat' dir='ltr'><strong>oratione</strong></span> 
     </span>
     <span class='ocr_line' id='line_1_11' title="bbox 176 1200 2690 1290; baseline 0 -19"><span class='ocrx_word' id='word_1_86' title='bbox 176 1204 612 1290; x_wconf 79' lang='lat' dir='ltr'><strong>perseverans.</strong></span> <span class='ocrx_word' id='word_1_87' title='bbox 665 1201 1053 1272; x_wconf 86' lang='lat' dir='ltr'><strong>Permultos</strong></span> <span class='ocrx_word' id='word_1_88' title='bbox 1080 1215 1311 1273; x_wconf 86' lang='lat' dir='ltr'><strong>autem</strong></span> <span class='ocrx_word' id='word_1_89' title='bbox 1360 1202 1509 1272; x_wconf 89' lang='lat' dir='ltr'><strong>dies</strong></span> <span class='ocrx_word' id='word_1_90' title='bbox 1560 1203 1802 1274; x_wconf 81' lang='lat' dir='ltr'><strong>beatus</strong></span> <span class='ocrx_word' id='word_1_91' title='bbox 1833 1200 2195 1272; x_wconf 77' lang='lat' dir='ltr'><strong>Narcissus</strong></span> <span class='ocrx_word' id='word_1_92' title='bbox 2242 1200 2524 1272; x_wconf 83' lang='lat' dir='ltr'><strong>verbum</strong></span> <span class='ocrx_word' id='word_1_93' title='bbox 2571 1201 2690 1272; x_wconf 88' lang='lat' dir='ltr'><strong>Dei</strong></span> 
     </span>
     <span class='ocr_line' id='line_1_12' title="bbox 174 1288 2690 1381; baseline 0.001 -23"><span class='ocrx_word' id='word_1_94' title='bbox 174 1288 374 1360; x_wconf 87' lang='lat' dir='ltr'><strong>docuit</strong></span> <span class='ocrx_word' id='word_1_95' title='bbox 411 1295 782 1380; x_wconf 77' lang='lat' dir='ltr'><strong>Augustae,</strong></span> <span class='ocrx_word' id='word_1_96' title='bbox 811 1302 878 1360; x_wconf 85' lang='lat' dir='ltr'><strong>et</strong></span> <span class='ocrx_word' id='word_1_97' title='bbox 899 1289 1295 1381; x_wconf 88' lang='lat' dir='ltr'><strong>complures</strong></span> <span class='ocrx_word' id='word_1_98' title='bbox 1323 1290 1639 1362; x_wconf 86' lang='lat' dir='ltr'><strong>ethnicos</strong></span> <span class='ocrx_word' id='word_1_99' title='bbox 1668 1290 1741 1359; x_wconf 91' lang='lat' dir='ltr'><strong>in</strong></span> <span class='ocrx_word' id='word_1_100' title='bbox 1776 1290 1984 1360; x_wconf 89' lang='lat' dir='ltr'><strong>domo</strong></span> <span class='ocrx_word' id='word_1_101' title='bbox 2021 1289 2323 1360; x_wconf 86' lang='lat' dir='ltr'><strong>Hilariae</strong></span> <span class='ocrx_word' id='word_1_102' title='bbox 2357 1288 2690 1361; x_wconf 86' lang='lat' dir='ltr'><strong>convertit</strong></span> 
     </span>
     <span class='ocr_line' id='line_1_13' title="bbox 172 1377 2691 1469; baseline -0 -19"><span class='ocrx_word' id='word_1_103' title='bbox 172 1378 658 1458; x_wconf 78' lang='lat' dir='ltr'><strong>adnominum,</strong></span> <span class='ocrx_word' id='word_1_104' title='bbox 716 1379 840 1465; x_wconf 84' lang='lat' dir='ltr'><strong>qui</strong></span> <span class='ocrx_word' id='word_1_105' title='bbox 886 1378 1067 1451; x_wconf 88' lang='lat' dir='ltr'><strong>clam</strong></span> <span class='ocrx_word' id='word_1_106' title='bbox 1117 1379 1201 1449; x_wconf 90' lang='lat' dir='ltr'><strong>ad</strong></span> <span class='ocrx_word' id='word_1_107' title='bbox 1252 1401 1414 1451; x_wconf 90' lang='lat' dir='ltr'><strong>eum</strong></span> <span class='ocrx_word' id='word_1_108' title='bbox 1464 1379 1826 1450; x_wconf 83' lang='lat' dir='ltr'><strong>veniebant</strong></span> <span class='ocrx_word' id='word_1_109' title='bbox 1878 1400 2042 1469; x_wconf 89' lang='lat' dir='ltr'><strong>prae</strong></span> <span class='ocrx_word' id='word_1_110' title='bbox 2081 1377 2322 1449; x_wconf 87' lang='lat' dir='ltr'><strong>timore</strong></span> <span class='ocrx_word' id='word_1_111' title='bbox 2372 1399 2691 1468; x_wconf 86' lang='lat' dir='ltr'><strong>persecu·</strong></span> 
     </span>
     <span class='ocr_line' id='line_1_14' title="bbox 175 1466 2693 1558; baseline 0.001 -23"><span class='ocrx_word' id='word_1_112' title='bbox 175 1479 392 1540; x_wconf 84' lang='lat' dir='ltr'><strong>torum.</strong></span> <span class='ocrx_word' id='word_1_113' title='bbox 445 1467 798 1558; x_wconf 86' lang='lat' dir='ltr'><strong>Baptizata</strong></span> <span class='ocrx_word' id='word_1_114' title='bbox 830 1481 1058 1539; x_wconf 87' lang='lat' dir='ltr'><strong>autem</strong></span> <span class='ocrx_word' id='word_1_115' title='bbox 1091 1480 1195 1541; x_wconf 88' lang='lat' dir='ltr'><strong>est</strong></span> <span class='ocrx_word' id='word_1_116' title='bbox 1239 1467 1502 1539; x_wconf 85' lang='lat' dir='ltr'><strong>Hilaria</strong></span> <span class='ocrx_word' id='word_1_117' title='bbox 1548 1491 1708 1539; x_wconf 88' lang='lat' dir='ltr'><strong>cum</strong></span> <span class='ocrx_word' id='word_1_118' title='bbox 1759 1467 1918 1539; x_wconf 80' lang='lat' dir='ltr'><strong>Afra</strong></span> <span class='ocrx_word' id='word_1_119' title='bbox 1969 1467 2115 1538; x_wconf 88' lang='lat' dir='ltr'><strong>filia</strong></span> <span class='ocrx_word' id='word_1_120' title='bbox 2155 1489 2284 1538; x_wconf 85' lang='lat' dir='ltr'><strong>sua</strong></span> <span class='ocrx_word' id='word_1_121' title='bbox 2332 1480 2402 1537; x_wconf 90' lang='lat' dir='ltr'><strong>et</strong></span> <span class='ocrx_word' id='word_1_122' title='bbox 2441 1466 2693 1558; x_wconf 79' lang='lat' dir='ltr'><strong>puellis</strong></span> 
     </span>
     <span class='ocr_line' id='line_1_15' title="bbox 172 1555 2686 1647; baseline 0 -21"><span class='ocrx_word' id='word_1_123' title='bbox 172 1555 295 1646; x_wconf 80' lang='lat' dir='ltr'><strong>ejus</strong></span> <span class='ocrx_word' id='word_1_124' title='bbox 340 1557 586 1646; x_wconf 82' lang='lat' dir='ltr'><strong>Digna,</strong></span> <span class='ocrx_word' id='word_1_125' title='bbox 624 1556 986 1632; x_wconf 82' lang='lat' dir='ltr'><strong>Eunomia,</strong></span> <span class='ocrx_word' id='word_1_126' title='bbox 1023 1570 1090 1628; x_wconf 87' lang='lat' dir='ltr'><strong>et</strong></span> <span class='ocrx_word' id='word_1_127' title='bbox 1129 1558 1477 1647; x_wconf 87' lang='lat' dir='ltr'><strong>Eutropia,</strong></span> <span class='ocrx_word' id='word_1_128' title='bbox 1528 1572 1593 1627; x_wconf 89' lang='lat' dir='ltr'><strong>et</strong></span> <span class='ocrx_word' id='word_1_129' title='bbox 1641 1579 1803 1628; x_wconf 92' lang='lat' dir='ltr'><strong>cum</strong></span> <span class='ocrx_word' id='word_1_130' title='bbox 1840 1556 2030 1628; x_wconf 87' lang='lat' dir='ltr'><strong>omni</strong></span> <span class='ocrx_word' id='word_1_131' title='bbox 2077 1556 2486 1647; x_wconf 81' lang='lat' dir='ltr'><strong>cognatione</strong></span> <span class='ocrx_word' id='word_1_132' title='bbox 2534 1578 2686 1637; x_wconf 86' lang='lat' dir='ltr'><strong>sua,</strong></span> 
     </span>
     <span class='ocr_line' id='line_1_16' title="bbox 168 1643 2695 1732; baseline 0 -17"><span class='ocrx_word' id='word_1_133' title='bbox 168 1647 549 1732; x_wconf 81' lang='lat' dir='ltr'><strong>cunctisque</strong></span> <span class='ocrx_word' id='word_1_134' title='bbox 594 1646 841 1718; x_wconf 86' lang='lat' dir='ltr'><strong>amicis</strong></span> <span class='ocrx_word' id='word_1_135' title='bbox 904 1646 1094 1717; x_wconf 79' lang='lat' dir='ltr'><strong>suis:</strong></span> <span class='ocrx_word' id='word_1_136' title='bbox 1165 1659 1230 1718; x_wconf 83' lang='lat' dir='ltr'><strong>et</strong></span> <span class='ocrx_word' id='word_1_137' title='bbox 1290 1660 1574 1718; x_wconf 89' lang='lat' dir='ltr'><strong>sanctus</strong></span> <span class='ocrx_word' id='word_1_138' title='bbox 1620 1646 1982 1717; x_wconf 81' lang='lat' dir='ltr'><strong>Narcissus</strong></span> <span class='ocrx_word' id='word_1_139' title='bbox 2046 1645 2333 1716; x_wconf 91' lang='lat' dir='ltr'><strong>domum</strong></span> <span class='ocrx_word' id='word_1_140' title='bbox 2392 1643 2695 1716; x_wconf 81' lang='lat' dir='ltr'><strong>Hilariae</strong></span> 
     </span>
     <span class='ocr_line' id='line_1_17' title="bbox 170 1733 2695 1816; baseline 0 -14"><span class='ocrx_word' id='word_1_141' title='bbox 170 1734 434 1805; x_wconf 86' lang='lat' dir='ltr'><strong>mutavit</strong></span> <span class='ocrx_word' id='word_1_142' title='bbox 482 1734 552 1804; x_wconf 91' lang='lat' dir='ltr'><strong>in</strong></span> <span class='ocrx_word' id='word_1_143' title='bbox 603 1733 1012 1816; x_wconf 72' lang='lat' dir='ltr'><strong>eeclesiam,</strong></span> <span class='ocrx_word' id='word_1_144' title='bbox 1070 1734 1401 1807; x_wconf 85' lang='lat' dir='ltr'><strong>dedicans</strong></span> <span class='ocrx_word' id='word_1_145' title='bbox 1464 1757 1615 1806; x_wconf 85' lang='lat' dir='ltr'><strong>eam</strong></span> <span class='ocrx_word' id='word_1_146' title='bbox 1667 1736 1737 1805; x_wconf 93' lang='lat' dir='ltr'><strong>in</strong></span> <span class='ocrx_word' id='word_1_147' title='bbox 1781 1735 2118 1804; x_wconf 81' lang='lat' dir='ltr'><strong>honorem</strong></span> <span class='ocrx_word' id='word_1_148' title='bbox 2183 1733 2408 1805; x_wconf 84' lang='lat' dir='ltr'><strong>sancti</strong></span> <span class='ocrx_word' id='word_1_149' title='bbox 2465 1733 2695 1804; x_wconf 86' lang='lat' dir='ltr'><strong>Salva·-</strong></span> 
     </span>
     <span class='ocr_line' id='line_1_18' title="bbox 166 1821 2692 1914; baseline 0.002 -24"><span class='ocrx_word' id='word_1_150' title='bbox 166 1824 348 1903; x_wconf 82' lang='lat' dir='ltr'><strong>toris,</strong></span> <span class='ocrx_word' id='word_1_151' title='bbox 425 1835 497 1894; x_wconf 92' lang='lat' dir='ltr'><strong>et</strong></span> <span class='ocrx_word' id='word_1_152' title='bbox 540 1836 820 1894; x_wconf 86' lang='lat' dir='ltr'><strong>sanctae</strong></span> <span class='ocrx_word' id='word_1_153' title='bbox 870 1823 1119 1894; x_wconf 81' lang='lat' dir='ltr'><strong>Mariae</strong></span> <span class='ocrx_word' id='word_1_154' title='bbox 1166 1824 1406 1894; x_wconf 85' lang='lat' dir='ltr'><strong>matris</strong></span> <span class='ocrx_word' id='word_1_155' title='bbox 1472 1825 1647 1914; x_wconf 86' lang='lat' dir='ltr'><strong>ejus.</strong></span> <span class='ocrx_word' id='word_1_156' title='bbox 1701 1823 2129 1911; x_wconf 76' lang='lat' dir='ltr'><strong>collectaque</strong></span> <span class='ocrx_word' id='word_1_157' title='bbox 2183 1822 2330 1896; x_wconf 88' lang='lat' dir='ltr'><strong>illic</strong></span> <span class='ocrx_word' id='word_1_158' title='bbox 2397 1821 2692 1895; x_wconf 70' lang='lat' dir='ltr'><strong>ecclesia</strong></span> 
     </span>
     <span class='ocr_line' id='line_1_19' title="bbox 161 1910 2686 2004; baseline 0.001 -24"><span class='ocrx_word' id='word_1_159' title='bbox 161 1910 479 1993; x_wconf 87' lang='lat' dir='ltr'><strong>fidelium,</strong></span> <span class='ocrx_word' id='word_1_160' title='bbox 531 1911 873 1983; x_wconf 83' lang='lat' dir='ltr'><strong>ordinavit</strong></span> <span class='ocrx_word' id='word_1_161' title='bbox 920 1912 1021 1983; x_wconf 89' lang='lat' dir='ltr'><strong>eis</strong></span> <span class='ocrx_word' id='word_1_162' title='bbox 1068 1911 1484 2004; x_wconf 84' lang='lat' dir='ltr'><strong>Episcopum</strong></span> <span class='ocrx_word' id='word_1_163' title='bbox 1528 1913 1960 2003; x_wconf 82' lang='lat' dir='ltr'><strong>Dionysium,</strong></span> <span class='ocrx_word' id='word_1_164' title='bbox 1998 1911 2427 1983; x_wconf 82' lang='lat' dir='ltr'><strong>avunculum</strong></span> <span class='ocrx_word' id='word_1_165' title='bbox 2466 1911 2686 1995; x_wconf 77' lang='lat' dir='ltr'><strong>Afrae,</strong></span> 
     </span>
     <span class='ocr_line' id='line_1_20' title="bbox 160 2000 2694 2091; baseline 0.001 -22"><span class='ocrx_word' id='word_1_166' title='bbox 160 2000 263 2085; x_wconf 84' lang='lat' dir='ltr'><strong>qui</strong></span> <span class='ocrx_word' id='word_1_167' title='bbox 309 2015 546 2091; x_wconf 88' lang='lat' dir='ltr'><strong>postea</strong></span> <span class='ocrx_word' id='word_1_168' title='bbox 586 2000 842 2072; x_wconf 87' lang='lat' dir='ltr'><strong>multas</strong></span> <span class='ocrx_word' id='word_1_169' title='bbox 890 2001 1164 2073; x_wconf 86' lang='lat' dir='ltr'><strong>animas</strong></span> <span class='ocrx_word' id='word_1_170' title='bbox 1211 2001 1520 2072; x_wconf 87' lang='lat' dir='ltr'><strong>lucratus</strong></span> <span class='ocrx_word' id='word_1_171' title='bbox 1565 2014 1670 2072; x_wconf 88' lang='lat' dir='ltr'><strong>est</strong></span> <span class='ocrx_word' id='word_1_172' title='bbox 1710 2001 1974 2071; x_wconf 82' lang='lat' dir='ltr'><strong>Christo</strong></span> <span class='ocrx_word' id='word_1_173' title='bbox 2008 2056 2024 2082; x_wconf 94' lang='lat'><strong>‚</strong></span> <span class='ocrx_word' id='word_1_174' title='bbox 2084 2013 2150 2071; x_wconf 85' lang='lat' dir='ltr'><strong>et</strong></span> <span class='ocrx_word' id='word_1_175' title='bbox 2196 2000 2458 2072; x_wconf 82' lang='lat' dir='ltr'><strong>ibidem</strong></span> <span class='ocrx_word' id='word_1_176' title='bbox 2509 2022 2694 2071; x_wconf 58' lang='lat' dir='ltr'><strong>mar*</strong></span> 
     </span>
     <span class='ocr_line' id='line_1_21' title="bbox 160 2089 2692 2181; baseline 0.001 -23"><span class='ocrx_word' id='word_1_177' title='bbox 160 2091 314 2178; x_wconf 82' lang='lat' dir='ltr'><strong>tyrio</strong></span> <span class='ocrx_word' id='word_1_178' title='bbox 356 2103 731 2161; x_wconf 78' lang='lat' dir='ltr'><strong>coronatus</strong></span> <span class='ocrx_word' id='word_1_179' title='bbox 773 2101 899 2163; x_wconf 92' lang='lat' dir='ltr'><strong>est.</strong></span> <span class='ocrx_word' id='word_1_180' title='bbox 955 2093 1247 2160; x_wconf 87' lang='lat' dir='ltr'><strong>Sanctus</strong></span> <span class='ocrx_word' id='word_1_181' title='bbox 1306 2112 1467 2163; x_wconf 82' lang='lat' dir='ltr'><strong>vero</strong></span> <span class='ocrx_word' id='word_1_182' title='bbox 1512 2090 1875 2161; x_wconf 83' lang='lat' dir='ltr'><strong>Narcissus</strong></span> <span class='ocrx_word' id='word_1_183' title='bbox 1923 2089 2346 2180; x_wconf 84' lang='lat' dir='ltr'><strong>Episcopus,</strong></span> <span class='ocrx_word' id='word_1_184' title='bbox 2421 2089 2692 2181; x_wconf 83' lang='lat' dir='ltr'><strong>primus</strong></span> 
     </span>
     <span class='ocr_line' id='line_1_22' title="bbox 158 2178 2691 2269; baseline 0.001 -21"><span class='ocrx_word' id='word_1_185' title='bbox 158 2179 362 2267; x_wconf 85' lang='lat' dir='ltr'><strong>gentis</strong></span> <span class='ocrx_word' id='word_1_186' title='bbox 410 2179 613 2250; x_wconf 77' lang='lat' dir='ltr'><strong>illius,</strong></span> <span class='ocrx_word' id='word_1_187' title='bbox 651 2178 1051 2268; x_wconf 74' lang='lat' dir='ltr'><strong>Apostolus,</strong></span> <span class='ocrx_word' id='word_1_188' title='bbox 1107 2179 1311 2251; x_wconf 86' lang='lat' dir='ltr'><strong>rebus</strong></span> <span class='ocrx_word' id='word_1_189' title='bbox 1358 2179 1687 2250; x_wconf 89' lang='lat' dir='ltr'><strong>omnibus</strong></span> <span class='ocrx_word' id='word_1_190' title='bbox 1737 2178 2052 2269; x_wconf 77' lang='lat' dir='ltr'><strong>perfectis</strong></span> <span class='ocrx_word' id='word_1_191' title='bbox 2096 2191 2163 2248; x_wconf 90' lang='lat' dir='ltr'><strong>et</strong></span> <span class='ocrx_word' id='word_1_192' title='bbox 2211 2180 2383 2250; x_wconf 83' lang='lat' dir='ltr'><strong>bene</strong></span> <span class='ocrx_word' id='word_1_193' title='bbox 2430 2178 2691 2250; x_wconf 70' lang='lat' dir='ltr'><strong>consti·-</strong></span> 
     </span>
     <span class='ocr_line' id='line_1_23' title="bbox 160 2266 2800 2368; baseline -0 -33"><span class='ocrx_word' id='word_1_194' title='bbox 160 2268 324 2348; x_wconf 87' lang='lat' dir='ltr'><strong>tutis,</strong></span> <span class='ocrx_word' id='word_1_195' title='bbox 374 2289 559 2355; x_wconf 88' lang='lat' dir='ltr'><strong>quae</strong></span> <span class='ocrx_word' id='word_1_196' title='bbox 600 2267 715 2338; x_wconf 79' lang='lat' dir='ltr'><strong>Dei</strong></span> <span class='ocrx_word' id='word_1_197' title='bbox 746 2279 964 2348; x_wconf 83' lang='lat' dir='ltr'><strong>erant.</strong></span> <span class='ocrx_word' id='word_1_198' title='bbox 1011 2280 1162 2368; x_wconf 84' lang='lat' dir='ltr'><strong>post</strong></span> <span class='ocrx_word' id='word_1_199' title='bbox 1210 2289 1450 2338; x_wconf 81' lang='lat' dir='ltr'><strong>novem</strong></span> <span class='ocrx_word' id='word_1_200' title='bbox 1502 2289 1775 2339; x_wconf 82' lang='lat' dir='ltr'><strong>menses</strong></span> <span class='ocrx_word' id='word_1_201' title='bbox 1809 2268 1877 2337; x_wconf 90' lang='lat' dir='ltr'><strong>in</strong></span> <span class='ocrx_word' id='word_1_202' title='bbox 1923 2266 2329 2357; x_wconf 81' lang='lat' dir='ltr'><strong>Hispaniam</strong></span> <span class='ocrx_word' id='word_1_203' title='bbox 2366 2267 2571 2337; x_wconf 88' lang='lat' dir='ltr'><strong>rediit</strong></span> <span class='ocrx_word' id='word_1_204' title='bbox 2599 2267 2687 2339; x_wconf 83' lang='lat' dir='ltr'><strong>ad</strong></span> <span class='ocrx_word' id='word_1_205' title='bbox 2789 2321 2800 2334; x_wconf 58' lang='lat'><strong>,</strong></span> 
     </span>
     <span class='ocr_line' id='line_1_24' title="bbox 156 2355 2686 2448; baseline 0.002 -25"><span class='ocrx_word' id='word_1_206' title='bbox 156 2356 478 2427; x_wconf 82' lang='lat' dir='ltr'><strong>civitatem</strong></span> <span class='ocrx_word' id='word_1_207' title='bbox 522 2356 964 2427; x_wconf 76' lang='lat' dir='ltr'><strong>Get-undam:</strong></span> <span class='ocrx_word' id='word_1_208' title='bbox 1016 2378 1086 2424; x_wconf 75' lang='lat' dir='ltr'><strong>in</strong></span> <span class='ocrx_word' id='word_1_209' title='bbox 1147 2378 1289 2445; x_wconf 89' lang='lat' dir='ltr'><strong>qua</strong></span> <span class='ocrx_word' id='word_1_210' title='bbox 1333 2355 1632 2428; x_wconf 86' lang='lat' dir='ltr'><strong>multum</strong></span> <span class='ocrx_word' id='word_1_211' title='bbox 1683 2356 2018 2448; x_wconf 87' lang='lat' dir='ltr'><strong>populum</strong></span> <span class='ocrx_word' id='word_1_212' title='bbox 2064 2357 2274 2426; x_wconf 89' lang='lat' dir='ltr'><strong>trium</strong></span> <span class='ocrx_word' id='word_1_213' title='bbox 2335 2356 2686 2427; x_wconf 79' lang='lat' dir='ltr'><strong>mensium</strong></span> 
     </span>
     <span class='ocr_line' id='line_1_25' title="bbox 156 2444 2682 2535; baseline 0 -21"><span class='ocrx_word' id='word_1_214' title='bbox 156 2447 355 2535; x_wconf 89' lang='lat' dir='ltr'><strong>spatio</strong></span> <span class='ocrx_word' id='word_1_215' title='bbox 416 2445 707 2518; x_wconf 87' lang='lat' dir='ltr'><strong>Domino</strong></span> <span class='ocrx_word' id='word_1_216' title='bbox 765 2445 1175 2534; x_wconf 85' lang='lat' dir='ltr'><strong>acquisivit,</strong></span> <span class='ocrx_word' id='word_1_217' title='bbox 1228 2459 1293 2516; x_wconf 84' lang='lat' dir='ltr'><strong>et</strong></span> <span class='ocrx_word' id='word_1_218' title='bbox 1341 2446 1428 2517; x_wconf 82' lang='lat' dir='ltr'><strong>ita</strong></span> <span class='ocrx_word' id='word_1_219' title='bbox 1474 2445 1758 2517; x_wconf 92' lang='lat' dir='ltr'><strong>demum</strong></span> <span class='ocrx_word' id='word_1_220' title='bbox 1812 2445 1897 2515; x_wconf 90' lang='lat' dir='ltr'><strong>ad</strong></span> <span class='ocrx_word' id='word_1_221' title='bbox 1951 2445 2263 2533; x_wconf 83' lang='lat' dir='ltr'><strong>martyrii</strong></span> <span class='ocrx_word' id='word_1_222' title='bbox 2324 2444 2627 2534; x_wconf 86' lang='lat' dir='ltr'><strong>palmam</strong></span> <span class='ocrx_word' id='word_1_223' title='bbox 2659 2498 2682 2526; x_wconf 85' lang='lat'><strong>,</strong></span> 
     </span>
     <span class='ocr_line' id='line_1_26' title="bbox 154 2533 2687 2625; baseline 0.001 -22"><span class='ocrx_word' id='word_1_224' title='bbox 154 2556 292 2605; x_wconf 87' lang='lat' dir='ltr'><strong>cum</strong></span> <span class='ocrx_word' id='word_1_225' title='bbox 343 2547 585 2607; x_wconf 86' lang='lat' dir='ltr'><strong>sancto</strong></span> <span class='ocrx_word' id='word_1_226' title='bbox 618 2536 914 2606; x_wconf 85' lang='lat' dir='ltr'><strong>Diacono</strong></span> <span class='ocrx_word' id='word_1_227' title='bbox 948 2556 1076 2606; x_wconf 89' lang='lat' dir='ltr'><strong>suo</strong></span> <span class='ocrx_word' id='word_1_228' title='bbox 1107 2534 1347 2613; x_wconf 81' lang='lat' dir='ltr'><strong>Felice,</strong></span> <span class='ocrx_word' id='word_1_229' title='bbox 1389 2534 1677 2607; x_wconf 84' lang='lat' dir='ltr'><strong>feliciter</strong></span> <span class='ocrx_word' id='word_1_230' title='bbox 1711 2534 2040 2625; x_wconf 86' lang='lat' dir='ltr'><strong>pervenit.</strong></span> <span class='ocrx_word' id='word_1_231' title='bbox 2088 2534 2298 2624; x_wconf 84' lang='lat' dir='ltr'><strong>Cuj-us</strong></span> <span class='ocrx_word' id='word_1_232' title='bbox 2342 2533 2687 2625; x_wconf 86' lang='lat' dir='ltr'><strong>passionis</strong></span> 
     </span>
     <span class='ocr_line' id='line_1_27' title="bbox 152 2621 2690 2716; baseline 0 -23"><span class='ocrx_word' id='word_1_233' title='bbox 152 2635 208 2693; x_wconf 88' lang='lat' dir='ltr'><strong>et</strong></span> <span class='ocrx_word' id='word_1_234' title='bbox 246 2625 491 2716; x_wconf 84' lang='lat' dir='ltr'><strong>agonis</strong></span> <span class='ocrx_word' id='word_1_235' title='bbox 538 2624 783 2694; x_wconf 89' lang='lat' dir='ltr'><strong>seriem</strong></span> <span class='ocrx_word' id='word_1_236' title='bbox 837 2626 1115 2715; x_wconf 89' lang='lat' dir='ltr'><strong>proprio</strong></span> <span class='ocrx_word' id='word_1_237' title='bbox 1165 2623 1395 2695; x_wconf 81' lang='lat' dir='ltr'><strong>libello</strong></span> <span class='ocrx_word' id='word_1_238' title='bbox 1445 2623 1998 2704; x_wconf 74' lang='lat' dir='ltr'><strong>describendam,</strong></span> <span class='ocrx_word' id='word_1_239' title='bbox 2054 2622 2168 2693; x_wconf 90' lang='lat' dir='ltr'><strong>hic</strong></span> <span class='ocrx_word' id='word_1_240' title='bbox 2204 2621 2690 2713; x_wconf 68' lang='lat' dir='ltr'><strong>praetermitti-v</strong></span> 
     </span>
     <span class='ocr_line' id='line_1_28' title="bbox 153 2711 2684 2803; baseline 0.001 -21"><span class='ocrx_word' id='word_1_241' title='bbox 153 2732 333 2783; x_wconf 76' lang='lat' dir='ltr'><strong>inus:</strong></span> <span class='ocrx_word' id='word_1_242' title='bbox 389 2734 597 2803; x_wconf 87' lang='lat' dir='ltr'><strong>porro</strong></span> <span class='ocrx_word' id='word_1_243' title='bbox 630 2711 934 2783; x_wconf 82' lang='lat' dir='ltr'><strong>fructum</strong></span> <span class='ocrx_word' id='word_1_244' title='bbox 975 2712 1329 2784; x_wconf 80' lang='lat' dir='ltr'><strong>doctrinae</strong></span> <span class='ocrx_word' id='word_1_245' title='bbox 1357 2712 1517 2803; x_wconf 84' lang='lat' dir='ltr'><strong>ejus.</strong></span> <span class='ocrx_word' id='word_1_246' title='bbox 1557 2715 1627 2783; x_wconf 87' lang='lat' dir='ltr'><strong>in</strong></span> <span class='ocrx_word' id='word_1_247' title='bbox 1676 2712 1832 2782; x_wconf 82' lang='lat' dir='ltr'><strong>Afra</strong></span> <span class='ocrx_word' id='word_1_248' title='bbox 1871 2724 1937 2782; x_wconf 91' lang='lat' dir='ltr'><strong>et</strong></span> <span class='ocrx_word' id='word_1_249' title='bbox 1982 2711 2477 2783; x_wconf 84' lang='lat' dir='ltr'><strong>consodalibus</strong></span> <span class='ocrx_word' id='word_1_250' title='bbox 2508 2711 2684 2801; x_wconf 82' lang='lat' dir='ltr'><strong>ejus,</strong></span> 
     </span>
     <span class='ocr_line' id='line_1_29' title="bbox 153 2800 2390 2892; baseline 0.001 -23"><span class='ocrx_word' id='word_1_251' title='bbox 153 2803 268 2870; x_wconf 88' lang='lat' dir='ltr'><strong>Deo</strong></span> <span class='ocrx_word' id='word_1_252' title='bbox 310 2813 688 2882; x_wconf 86' lang='lat' dir='ltr'><strong>annuente,</strong></span> <span class='ocrx_word' id='word_1_253' title='bbox 736 2814 941 2891; x_wconf 89' lang='lat' dir='ltr'><strong>prout</strong></span> <span class='ocrx_word' id='word_1_254' title='bbox 975 2824 1372 2892; x_wconf 73' lang='lat' dir='ltr'><strong>possumne,</strong></span> <span class='ocrx_word' id='word_1_255' title='bbox 1409 2801 1893 2892; x_wconf 82' lang='lat' dir='ltr'><strong>explicandam</strong></span> <span class='ocrx_word' id='word_1_256' title='bbox 1936 2800 2390 2890; x_wconf 89' lang='lat' dir='ltr'><strong>suscipimus.</strong></span> 
     </span>
    </p>

    <p class='ocr_par' dir='ltr' id='par_1_4' title="bbox 152 2889 2693 4402">
     <span class='ocr_line' id='line_1_30' title="bbox 221 2889 2686 2981; baseline -0.002 -18"><span class='ocrx_word' id='word_1_257' title='bbox 221 2893 257 2977; x_wconf 67' lang='grc' dir='ltr'><strong>ξ</strong></span> <span class='ocrx_word' id='word_1_258' title='bbox 300 2895 382 2963; x_wconf 72' lang='lat' dir='ltr'><strong>S.</strong></span> <span class='ocrx_word' id='word_1_259' title='bbox 440 2889 797 2962; x_wconf 88' lang='lat' dir='ltr'><strong>Saeviebat</strong></span> <span class='ocrx_word' id='word_1_260' title='bbox 841 2894 1189 2981; x_wconf 78' lang='lat' dir='ltr'><strong>Augustae</strong></span> <span class='ocrx_word' id='word_1_261' title='bbox 1217 2891 1649 2962; x_wconf 82' lang='lat' dir='ltr'><strong>atrocissima</strong></span> <span class='ocrx_word' id='word_1_262' title='bbox 1683 2889 2227 2961; x_wconf 85' lang='lat' dir='ltr'><strong>Christianorum</strong></span> <span class='ocrx_word' id='word_1_263' title='bbox 2275 2889 2686 2979; x_wconf 84' lang='lat' dir='ltr'><strong>persecutio,</strong></span> 
     </span>
     <span class='ocr_line' id='line_1_31' title="bbox 152 2976 2691 3070; baseline 0.002 -25"><span class='ocrx_word' id='word_1_264' title='bbox 152 2988 205 3045; x_wconf 87' lang='lat' dir='ltr'><strong>et</strong></span> <span class='ocrx_word' id='word_1_265' title='bbox 242 3001 487 3049; x_wconf 89' lang='lat' dir='ltr'><strong>omnes</strong></span> <span class='ocrx_word' id='word_1_266' title='bbox 534 2980 750 3051; x_wconf 90' lang='lat' dir='ltr'><strong>unius</strong></span> <span class='ocrx_word' id='word_1_267' title='bbox 795 2979 914 3050; x_wconf 88' lang='lat' dir='ltr'><strong>Dei</strong></span> <span class='ocrx_word' id='word_1_268' title='bbox 959 2979 1256 3051; x_wconf 84' lang='lat' dir='ltr'><strong>cultores</strong></span> <span class='ocrx_word' id='word_1_269' title='bbox 1300 3001 1420 3070; x_wconf 91' lang='lat' dir='ltr'><strong>pro</strong></span> <span class='ocrx_word' id='word_1_270' title='bbox 1466 2980 1717 3050; x_wconf 84' lang='lat' dir='ltr'><strong>Christi</strong></span> <span class='ocrx_word' id='word_1_271' title='bbox 1752 2978 2033 3049; x_wconf 89' lang='lat' dir='ltr'><strong>nomine</strong></span> <span class='ocrx_word' id='word_1_272' title='bbox 2074 2978 2281 3048; x_wconf 85' lang='lat' dir='ltr'><strong>variis</strong></span> <span class='ocrx_word' id='word_1_273' title='bbox 2321 2976 2691 3069; x_wconf 81' lang='lat' dir='ltr'><strong>suppliciis</strong></span> 
     </span>
     <span class='ocr_line' id='line_1_32' title="bbox 153 3065 2691 3154; baseline 0.002 -21"><span class='ocrx_word' id='word_1_274' title='bbox 153 3066 414 3149; x_wconf 83' lang='lat' dir='ltr'><strong>afflicti,</strong></span> <span class='ocrx_word' id='word_1_275' title='bbox 470 3067 564 3138; x_wconf 89' lang='lat' dir='ltr'><strong>ad</strong></span> <span class='ocrx_word' id='word_1_276' title='bbox 610 3067 953 3139; x_wconf 87' lang='lat' dir='ltr'><strong>sacrificia</strong></span> <span class='ocrx_word' id='word_1_277' title='bbox 1018 3068 1487 3139; x_wconf 78' lang='lat' dir='ltr'><strong>trahebantur.</strong></span> <span class='ocrx_word' id='word_1_278' title='bbox 1557 3074 1732 3138; x_wconf 90' lang='lat' dir='ltr'><strong>Tum</strong></span> <span class='ocrx_word' id='word_1_279' title='bbox 1779 3089 1936 3138; x_wconf 82' lang='lat' dir='ltr'><strong>vero</strong></span> <span class='ocrx_word' id='word_1_280' title='bbox 1981 3066 2189 3137; x_wconf 86' lang='lat' dir='ltr'><strong>etiam</strong></span> <span class='ocrx_word' id='word_1_281' title='bbox 2239 3065 2394 3136; x_wconf 80' lang='lat' dir='ltr'><strong>Afra</strong></span> <span class='ocrx_word' id='word_1_282' title='bbox 2427 3121 2446 3148; x_wconf 93' lang='lat'><strong>,</strong></span> <span class='ocrx_word' id='word_1_283' title='bbox 2511 3087 2691 3154; x_wconf 85' lang='lat' dir='ltr'><strong>quae</strong></span> 
     </span>
     <span class='ocr_line' id='line_1_33' title="bbox 152 3153 2689 3256; baseline 0.002 -32"><span class='ocrx_word' id='word_1_284' title='bbox 152 3153 273 3240; x_wconf 81' lang='lat' dir='ltr'><strong>jam</strong></span> <span class='ocrx_word' id='word_1_285' title='bbox 300 3156 583 3246; x_wconf 87' lang='lat' dir='ltr'><strong>publice</strong></span> <span class='ocrx_word' id='word_1_286' title='bbox 606 3171 881 3246; x_wconf 64' lang='lat' dir='ltr'><strong>psopter</strong></span> <span class='ocrx_word' id='word_1_287' title='bbox 908 3157 1327 3228; x_wconf 83' lang='lat' dir='ltr'><strong>meretricias</strong></span> <span class='ocrx_word' id='word_1_288' title='bbox 1352 3157 1657 3227; x_wconf 86' lang='lat' dir='ltr'><strong>actiones</strong></span> <span class='ocrx_word' id='word_1_289' title='bbox 1679 3169 1837 3228; x_wconf 79' lang='lat' dir='ltr'><strong>nota</strong></span> <span class='ocrx_word' id='word_1_290' title='bbox 1857 3167 2025 3237; x_wconf 86' lang='lat' dir='ltr'><strong>erat,</strong></span> <span class='ocrx_word' id='word_1_291' title='bbox 2050 3178 2089 3225; x_wconf 92' lang='lat' dir='ltr'><strong>a</strong></span> <span class='ocrx_word' id='word_1_292' title='bbox 2129 3156 2689 3256; x_wconf 81' lang='lat' dir='ltr'><strong>persecutoribus</strong></span> 
     </span>
     <span class='ocr_line' id='line_1_34' title="bbox 155 3243 2688 3337; baseline 0 -24"><span class='ocrx_word' id='word_1_293' title='bbox 155 3246 638 3337; x_wconf 81' lang='lat' dir='ltr'><strong>comprehensa</strong></span> <span class='ocrx_word' id='word_1_294' title='bbox 684 3259 827 3316; x_wconf 83' lang='lat' dir='ltr'><strong>est:</strong></span> <span class='ocrx_word' id='word_1_295' title='bbox 879 3268 1181 3333; x_wconf 87' lang='lat' dir='ltr'><strong>cumque</strong></span> <span class='ocrx_word' id='word_1_296' title='bbox 1211 3259 1389 3317; x_wconf 88' lang='lat' dir='ltr'><strong>esset</strong></span> <span class='ocrx_word' id='word_1_297' title='bbox 1433 3245 1663 3317; x_wconf 87' lang='lat' dir='ltr'><strong>oblata</strong></span> <span class='ocrx_word' id='word_1_298' title='bbox 1694 3245 1946 3334; x_wconf 86' lang='lat' dir='ltr'><strong>judici,</strong></span> <span class='ocrx_word' id='word_1_299' title='bbox 2001 3243 2247 3314; x_wconf 80' lang='lat' dir='ltr'><strong>abillo</strong></span> <span class='ocrx_word' id='word_1_300' title='bbox 2287 3244 2548 3335; x_wconf 85' lang='lat' dir='ltr'><strong>agnita,</strong></span> <span class='ocrx_word' id='word_1_301' title='bbox 2587 3245 2688 3315; x_wconf 87' lang='lat' dir='ltr'><strong>sic</strong></span> 
     </span>
     <span class='ocr_line' id='line_1_35' title="bbox 156 3332 2690 3422; baseline 0.002 -23"><span class='ocrx_word' id='word_1_302' title='bbox 156 3334 550 3422; x_wconf 87' lang='lat' dir='ltr'><strong>compellata</strong></span> <span class='ocrx_word' id='word_1_303' title='bbox 594 3347 733 3404; x_wconf 87' lang='lat' dir='ltr'><strong>est:</strong></span> <span class='ocrx_word' id='word_1_304' title='bbox 789 3334 905 3404; x_wconf 91' lang='lat' dir='ltr'><strong>Dic</strong></span> <span class='ocrx_word' id='word_1_305' title='bbox 947 3334 1116 3404; x_wconf 83' lang='lat' dir='ltr'><strong>mihi</strong></span> <span class='ocrx_word' id='word_1_306' title='bbox 1152 3334 1329 3417; x_wconf 78' lang='lat' dir='ltr'><strong>Afra,</strong></span> <span class='ocrx_word' id='word_1_307' title='bbox 1381 3334 1716 3422; x_wconf 86' lang='lat' dir='ltr'><strong>quidnam</strong></span> <span class='ocrx_word' id='word_1_308' title='bbox 1771 3334 1868 3403; x_wconf 89' lang='lat' dir='ltr'><strong>rei</strong></span> <span class='ocrx_word' id='word_1_309' title='bbox 1916 3332 2170 3404; x_wconf 89' lang='lat' dir='ltr'><strong>accidit</strong></span> <span class='ocrx_word' id='word_1_310' title='bbox 2211 3333 2356 3413; x_wconf 92' lang='lat' dir='ltr'><strong>tibi,</strong></span> <span class='ocrx_word' id='word_1_311' title='bbox 2395 3345 2476 3402; x_wconf 86' lang='lat' dir='ltr'><strong>ut</strong></span> <span class='ocrx_word' id='word_1_312' title='bbox 2509 3344 2690 3421; x_wconf 88' lang='lat' dir='ltr'><strong>post·</strong></span> 
     </span>
     <span class='ocr_line' id='line_1_36' title="bbox 157 3417 2690 3514; baseline 0 -24"><span class='ocrx_word' id='word_1_313' title='bbox 157 3417 389 3493; x_wconf 83' lang='lat' dir='ltr'><strong>habitis</strong></span> <span class='ocrx_word' id='word_1_314' title='bbox 425 3422 645 3495; x_wconf 89' lang='lat' dir='ltr'><strong>sacris</strong></span> <span class='ocrx_word' id='word_1_315' title='bbox 692 3422 991 3502; x_wconf 80' lang='lat' dir='ltr'><strong>Veneris,</strong></span> <span class='ocrx_word' id='word_1_316' title='bbox 1041 3424 1112 3493; x_wconf 89' lang='lat' dir='ltr'><strong>in</strong></span> <span class='ocrx_word' id='word_1_317' title='bbox 1148 3445 1390 3496; x_wconf 87' lang='lat' dir='ltr'><strong>novam</strong></span> <span class='ocrx_word' id='word_1_318' title='bbox 1429 3423 1983 3514; x_wconf 86' lang='lat' dir='ltr'><strong>superstitionem</strong></span> <span class='ocrx_word' id='word_1_319' title='bbox 2039 3438 2101 3492; x_wconf 85' lang='lat' dir='ltr'><strong>te</strong></span> <span class='ocrx_word' id='word_1_320' title='bbox 2147 3423 2339 3493; x_wconf 90' lang='lat' dir='ltr'><strong>sinas</strong></span> <span class='ocrx_word' id='word_1_321' title='bbox 2384 3421 2690 3493; x_wconf 76' lang='lat' dir='ltr'><strong>abduci?</strong></span> 
     </span>
     <span class='ocr_line' id='line_1_37' title="bbox 160 3510 2691 3608; baseline 0.002 -32"><span class='ocrx_word' id='word_1_322' title='bbox 160 3512 267 3608; x_wconf 76' lang='lat' dir='ltr'><strong>Cur</strong></span> <span class='ocrx_word' id='word_1_323' title='bbox 312 3534 455 3582; x_wconf 90' lang='lat' dir='ltr'><strong>non</strong></span> <span class='ocrx_word' id='word_1_324' title='bbox 509 3512 738 3601; x_wconf 90' lang='lat' dir='ltr'><strong>potius</strong></span> <span class='ocrx_word' id='word_1_325' title='bbox 784 3512 1134 3584; x_wconf 80' lang='lat' dir='ltr'><strong>sacrificas</strong></span> <span class='ocrx_word' id='word_1_326' title='bbox 1164 3567 1180 3593; x_wconf 88' lang='lat'><strong>,</strong></span> <span class='ocrx_word' id='word_1_327' title='bbox 1231 3535 1443 3600; x_wconf 87' lang='lat' dir='ltr'><strong>quam</strong></span> <span class='ocrx_word' id='word_1_328' title='bbox 1495 3534 1603 3583; x_wconf 90' lang='lat' dir='ltr'><strong>me</strong></span> <span class='ocrx_word' id='word_1_329' title='bbox 1649 3512 1934 3598; x_wconf 88' lang='lat' dir='ltr'><strong>jubente</strong></span> <span class='ocrx_word' id='word_1_330' title='bbox 1978 3511 2050 3580; x_wconf 94' lang='lat' dir='ltr'><strong>in</strong></span> <span class='ocrx_word' id='word_1_331' title='bbox 2104 3510 2465 3582; x_wconf 86' lang='lat' dir='ltr'><strong>tormentis</strong></span> <span class='ocrx_word' id='word_1_332' title='bbox 2522 3510 2691 3580; x_wconf 82' lang='lat' dir='ltr'><strong>defi·</strong></span> 
     </span>
     <span class='ocr_line' id='line_1_38' title="bbox 160 3599 2687 3687; baseline 0.001 -22"><span class='ocrx_word' id='word_1_333' title='bbox 160 3604 325 3672; x_wconf 80' lang='lat' dir='ltr'><strong>ctas?</strong></span> <span class='ocrx_word' id='word_1_334' title='bbox 373 3599 776 3671; x_wconf 75' lang='lat' dir='ltr'><strong>consultius</strong></span> <span class='ocrx_word' id='word_1_335' title='bbox 824 3623 987 3671; x_wconf 88' lang='lat' dir='ltr'><strong>sane</strong></span> <span class='ocrx_word' id='word_1_336' title='bbox 1036 3601 1157 3673; x_wconf 89' lang='lat' dir='ltr'><strong>tibi</strong></span> <span class='ocrx_word' id='word_1_337' title='bbox 1192 3600 1395 3673; x_wconf 82' lang='lat' dir='ltr'><strong>fuerit</strong></span> <span class='ocrx_word' id='word_1_338' title='bbox 1433 3623 1592 3671; x_wconf 91' lang='lat' dir='ltr'><strong>cum</strong></span> <span class='ocrx_word' id='word_1_339' title='bbox 1636 3601 1897 3672; x_wconf 88' lang='lat' dir='ltr'><strong>honore</strong></span> <span class='ocrx_word' id='word_1_340' title='bbox 1946 3600 2168 3671; x_wconf 85' lang='lat' dir='ltr'><strong>vivere</strong></span> <span class='ocrx_word' id='word_1_341' title='bbox 2197 3654 2213 3681; x_wconf 91' lang='lat'><strong>,</strong></span> <span class='ocrx_word' id='word_1_342' title='bbox 2267 3621 2475 3687; x_wconf 88' lang='lat' dir='ltr'><strong>quam</strong></span> <span class='ocrx_word' id='word_1_343' title='bbox 2526 3621 2687 3669; x_wconf 90' lang='lat' dir='ltr'><strong>cum</strong></span> 
     </span>
     <span class='ocr_line' id='line_1_39' title="bbox 165 3687 2690 3780; baseline 0.001 -26"><span class='ocrx_word' id='word_1_344' title='bbox 165 3706 389 3780; x_wconf 78' lang='lat' dir='ltr'><strong>magna</strong></span> <span class='ocrx_word' id='word_1_345' title='bbox 422 3689 810 3778; x_wconf 83' lang='lat' dir='ltr'><strong>ignominia</strong></span> <span class='ocrx_word' id='word_1_346' title='bbox 845 3689 1162 3761; x_wconf 83' lang='lat' dir='ltr'><strong>interfici.</strong></span> <span class='ocrx_word' id='word_1_347' title='bbox 1199 3689 1355 3762; x_wconf 81' lang='lat' dir='ltr'><strong>Afra</strong></span> <span class='ocrx_word' id='word_1_348' title='bbox 1396 3690 1751 3780; x_wconf 90' lang='lat' dir='ltr'><strong>respondit</strong></span> <span class='ocrx_word' id='word_1_349' title='bbox 1784 3714 1799 3760; x_wconf 68' lang='grc' dir='ltr'><strong><em>ι</em></strong></span> <span class='ocrx_word' id='word_1_350' title='bbox 1855 3712 1892 3757; x_wconf 82' lang='lat'>«</span> <span class='ocrx_word' id='word_1_351' title='bbox 1921 3687 2291 3761; x_wconf 86' lang='lat' dir='ltr'><strong>Sufficiunt</strong></span> <span class='ocrx_word' id='word_1_352' title='bbox 2331 3688 2505 3758; x_wconf 87' lang='lat' dir='ltr'><strong>mihi</strong></span> <span class='ocrx_word' id='word_1_353' title='bbox 2535 3710 2690 3778; x_wconf 89' lang='lat' dir='ltr'><strong>pec·</strong></span> 
     </span>
     <span class='ocr_line' id='line_1_40' title="bbox 164 3775 2692 3879; baseline -0 -32"><span class='ocrx_word' id='word_1_354' title='bbox 164 3790 277 3871; x_wconf 66' lang='lat' dir='ltr'><strong>cata</strong></span> <span class='ocrx_word' id='word_1_355' title='bbox 314 3801 503 3859; x_wconf 87' lang='lat' dir='ltr'><strong>mea,</strong></span> <span class='ocrx_word' id='word_1_356' title='bbox 541 3799 722 3871; x_wconf 68' lang='lat' dir='ltr'><strong>quae</strong></span> <span class='ocrx_word' id='word_1_357' title='bbox 770 3778 1198 3868; x_wconf 84' lang='lat' dir='ltr'><strong>perpetravi,</strong></span> <span class='ocrx_word' id='word_1_358' title='bbox 1262 3780 1593 3869; x_wconf 81' lang='lat' dir='ltr'><strong>ignorans</strong></span> <span class='ocrx_word' id='word_1_359' title='bbox 1642 3784 1883 3849; x_wconf 91' lang='lat' dir='ltr'><strong>Deum.</strong></span> <span class='ocrx_word' id='word_1_360' title='bbox 1934 3783 2173 3864; x_wconf 86' lang='lat' dir='ltr'><strong>Itaque</strong></span> <span class='ocrx_word' id='word_1_361' title='bbox 2226 3775 2408 3879; x_wconf 86' lang='lat' dir='ltr'><strong>quod</strong></span> <span class='ocrx_word' id='word_1_362' title='bbox 2460 3790 2533 3846; x_wconf 88' lang='lat' dir='ltr'><strong>tu</strong></span> <span class='ocrx_word' id='word_1_363' title='bbox 2581 3796 2692 3846; x_wconf 88' lang='lat' dir='ltr'><strong>me</strong></span> 
     </span>
     <span class='ocr_line' id='line_1_41' title="bbox 161 3864 2684 3957; baseline -0.001 -22"><span class='ocrx_word' id='word_1_364' title='bbox 161 3866 326 3948; x_wconf 76' lang='lat' dir='ltr'><strong>jubes</strong></span> <span class='ocrx_word' id='word_1_365' title='bbox 376 3867 630 3944; x_wconf 88' lang='lat' dir='ltr'><strong>facere,</strong></span> <span class='ocrx_word' id='word_1_366' title='bbox 674 3865 742 3935; x_wconf 91' lang='lat' dir='ltr'><strong>id</strong></span> <span class='ocrx_word' id='word_1_367' title='bbox 781 3888 907 3957; x_wconf 78' lang='lat' dir='ltr'><strong>ego</strong></span> <span class='ocrx_word' id='word_1_368' title='bbox 940 3888 1299 3955; x_wconf 86' lang='lat' dir='ltr'><strong>nunquam</strong></span> <span class='ocrx_word' id='word_1_369' title='bbox 1351 3867 1619 3937; x_wconf 84' lang='lat' dir='ltr'><strong>factura</strong></span> <span class='ocrx_word' id='word_1_370' title='bbox 1666 3889 1851 3938; x_wconf 89' lang='lat' dir='ltr'><strong>sum.</strong></span> <span class='ocrx_word' id='word_1_371' title='bbox 1889 3890 1928 3933; x_wconf 87' lang='lat'><strong>»</strong></span> <span class='ocrx_word' id='word_1_372' title='bbox 1975 3866 2194 3952; x_wconf 87' lang='lat' dir='ltr'><strong>Gajus</strong></span> <span class='ocrx_word' id='word_1_373' title='bbox 2233 3864 2451 3952; x_wconf 81' lang='lat' dir='ltr'><strong>Judex</strong></span> <span class='ocrx_word' id='word_1_374' title='bbox 2482 3864 2684 3933; x_wconf 79' lang='lat' dir='ltr'><strong>dixit:</strong></span> 
     </span>
     <span class='ocr_line' id='line_1_42' title="bbox 170 3951 2688 4054; baseline -0.002 -28"><span class='ocrx_word' id='word_1_375' title='bbox 170 3956 389 4027; x_wconf 74' lang='lat' dir='ltr'><strong>Accede</strong></span> <span class='ocrx_word' id='word_1_376' title='bbox 423 3955 517 4027; x_wconf 86' lang='lat' dir='ltr'><strong>ad</strong></span> <span class='ocrx_word' id='word_1_377' title='bbox 549 3954 997 4044; x_wconf 85' lang='lat' dir='ltr'><strong>Capitolium,</strong></span> <span class='ocrx_word' id='word_1_378' title='bbox 1049 3970 1117 4026; x_wconf 89' lang='lat' dir='ltr'><strong>et</strong></span> <span class='ocrx_word' id='word_1_379' title='bbox 1162 3956 1498 4027; x_wconf 85' lang='lat' dir='ltr'><strong>sacrifica.</strong></span> <span class='ocrx_word' id='word_1_380' title='bbox 1553 3955 1709 4027; x_wconf 77' lang='lat' dir='ltr'><strong>Afra</strong></span> <span class='ocrx_word' id='word_1_381' title='bbox 1758 3954 2150 4044; x_wconf 87' lang='lat' dir='ltr'><strong>respondit:</strong></span> <span class='ocrx_word' id='word_1_382' title='bbox 2207 3976 2244 4021; x_wconf 85' lang='lat'>«</span> <span class='ocrx_word' id='word_1_383' title='bbox 2279 3951 2688 4054; x_wconf 76' lang='lat' dir='ltr'><strong>Capitolium</strong></span> 
     </span>
     <span class='ocr_line' id='line_1_43' title="bbox 173 4040 2693 4132; baseline 0.001 -23"><span class='ocrx_word' id='word_1_384' title='bbox 173 4059 366 4116; x_wconf 82' lang='lat' dir='ltr'><strong>meum</strong></span> <span class='ocrx_word' id='word_1_385' title='bbox 423 4043 738 4116; x_wconf 86' lang='lat' dir='ltr'><strong>Christus</strong></span> <span class='ocrx_word' id='word_1_386' title='bbox 781 4056 924 4125; x_wconf 83' lang='lat' dir='ltr'><strong>est,</strong></span> <span class='ocrx_word' id='word_1_387' title='bbox 965 4047 1090 4132; x_wconf 88' lang='lat' dir='ltr'><strong>qui</strong></span> <span class='ocrx_word' id='word_1_388' title='bbox 1142 4045 1312 4116; x_wconf 90' lang='lat' dir='ltr'><strong>mihi</strong></span> <span class='ocrx_word' id='word_1_389' title='bbox 1359 4045 1447 4116; x_wconf 93' lang='lat' dir='ltr'><strong>ob</strong></span> <span class='ocrx_word' id='word_1_390' title='bbox 1507 4044 1748 4115; x_wconf 89' lang='lat' dir='ltr'><strong>oculos</strong></span> <span class='ocrx_word' id='word_1_391' title='bbox 1814 4056 2169 4123; x_wconf 87' lang='lat' dir='ltr'><strong>versatur,</strong></span> <span class='ocrx_word' id='word_1_392' title='bbox 2222 4064 2338 4112; x_wconf 83' lang='lat' dir='ltr'><strong>cut</strong></span> <span class='ocrx_word' id='word_1_393' title='bbox 2384 4040 2693 4129; x_wconf 78' lang='lat' dir='ltr'><strong>quotidie</strong></span> 
     </span>
     <span class='ocr_line' id='line_1_44' title="bbox 174 4130 2691 4222; baseline -0.002 -17"><span class='ocrx_word' id='word_1_394' title='bbox 174 4145 415 4213; x_wconf 67' lang='lat' dir='ltr'><strong>peccata</strong></span> <span class='ocrx_word' id='word_1_395' title='bbox 463 4146 535 4203; x_wconf 89' lang='lat' dir='ltr'><strong>et</strong></span> <span class='ocrx_word' id='word_1_396' title='bbox 576 4131 874 4207; x_wconf 83' lang='lat' dir='ltr'><strong>crimina</strong></span> <span class='ocrx_word' id='word_1_397' title='bbox 933 4155 1089 4204; x_wconf 86' lang='lat' dir='ltr'><strong>mea.</strong></span> <span class='ocrx_word' id='word_1_398' title='bbox 1142 4133 1492 4204; x_wconf 84' lang='lat' dir='ltr'><strong>confiteor.</strong></span> <span class='ocrx_word' id='word_1_399' title='bbox 1547 4139 1625 4203; x_wconf 88' lang='lat' dir='ltr'><strong>Et</strong></span> <span class='ocrx_word' id='word_1_400' title='bbox 1671 4131 1840 4222; x_wconf 87' lang='lat' dir='ltr'><strong>quia</strong></span> <span class='ocrx_word' id='word_1_401' title='bbox 1896 4131 2187 4222; x_wconf 85' lang='lat' dir='ltr'><strong>indigna</strong></span> <span class='ocrx_word' id='word_1_402' title='bbox 2242 4152 2396 4200; x_wconf 91' lang='lat' dir='ltr'><strong>sum</strong></span> <span class='ocrx_word' id='word_1_403' title='bbox 2437 4184 2452 4212; x_wconf 91' lang='lat'><strong>,</strong></span> <span class='ocrx_word' id='word_1_404' title='bbox 2506 4142 2583 4201; x_wconf 88' lang='lat' dir='ltr'><strong>ut</strong></span> <span class='ocrx_word' id='word_1_405' title='bbox 2626 4130 2691 4200; x_wconf 92' lang='lat' dir='ltr'><strong>ei</strong></span> 
     </span>
     <span class='ocr_line' id='line_1_45' title="bbox 170 4218 2684 4313; baseline 0.001 -28"><span class='ocrx_word' id='word_1_406' title='bbox 170 4222 560 4293; x_wconf 80' lang='lat' dir='ltr'><strong>sacrificium</strong></span> <span class='ocrx_word' id='word_1_407' title='bbox 610 4221 1135 4293; x_wconf 84' lang='lat' dir='ltr'><strong>immaculatum</strong></span> <span class='ocrx_word' id='word_1_408' title='bbox 1188 4222 1495 4304; x_wconf 65' lang='lat' dir='ltr'><strong>offirma,</strong></span> <span class='ocrx_word' id='word_1_409' title='bbox 1552 4223 1917 4313; x_wconf 88' lang='lat' dir='ltr'><strong>meipsam,</strong></span> <span class='ocrx_word' id='word_1_410' title='bbox 1972 4222 2132 4291; x_wconf 87' lang='lat' dir='ltr'><strong>licet</strong></span> <span class='ocrx_word' id='word_1_411' title='bbox 2185 4218 2634 4310; x_wconf 85' lang='lat' dir='ltr'><strong>peccatricem</strong></span> <span class='ocrx_word' id='word_1_412' title='bbox 2669 4273 2684 4302; x_wconf 90' lang='lat'><strong>,</strong></span> 
     </span>
     <span class='ocr_line' id='line_1_46' title="bbox 165 4308 2683 4402; baseline 0 -24"><span class='ocrx_word' id='word_1_413' title='bbox 165 4323 265 4393; x_wconf 82' lang='lat' dir='ltr'><strong>pro</strong></span> <span class='ocrx_word' id='word_1_414' title='bbox 305 4312 470 4400; x_wconf 85' lang='lat' dir='ltr'><strong>ejus</strong></span> <span class='ocrx_word' id='word_1_415' title='bbox 508 4309 791 4383; x_wconf 77' lang='lat' dir='ltr'><strong>nomine</strong></span> <span class='ocrx_word' id='word_1_416' title='bbox 834 4311 1041 4402; x_wconf 83' lang='lat' dir='ltr'><strong>cupio</strong></span> <span class='ocrx_word' id='word_1_417' title='bbox 1092 4311 1504 4393; x_wconf 81' lang='lat' dir='ltr'><strong>sacrificare,</strong></span> <span class='ocrx_word' id='word_1_418' title='bbox 1557 4326 1635 4384; x_wconf 90' lang='lat' dir='ltr'><strong>ut</strong></span> <span class='ocrx_word' id='word_1_419' title='bbox 1686 4334 1941 4402; x_wconf 79' lang='lat' dir='ltr'><strong>corpus</strong></span> <span class='ocrx_word' id='word_1_420' title='bbox 1997 4331 2119 4401; x_wconf 89' lang='lat' dir='ltr'><strong>per</strong></span> <span class='ocrx_word' id='word_1_421' title='bbox 2165 4308 2351 4398; x_wconf 91' lang='lat' dir='ltr'><strong>quod</strong></span> <span class='ocrx_word' id='word_1_422' title='bbox 2386 4309 2683 4401; x_wconf 86' lang='lat' dir='ltr'><strong>peccavi,</strong></span> 
     </span>
    </p>
   </div>
   <div class='ocr_carea' id='block_1_3' title="bbox 203 4434 1527 4493">
    <p class='ocr_par' dir='ltr' id='par_1_5' title="bbox 203 4434 1527 4493">
     <span class='ocr_line' id='line_1_47' title="bbox 203 4434 1527 4493; baseline 0.002 -14"><span class='ocrx_word' id='word_1_423' title='bbox 203 4434 227 4460; x_wconf 79' lang='lat'>⁸</span> <span class='ocrx_word' id='word_1_424' title='bbox 250 4437 484 4480; x_wconf 64' lang='lat' dir='ltr'><strong>heluam</strong></span> <span class='ocrx_word' id='word_1_425' title='bbox 496 4439 800 4490; x_wconf 62' lang='lat' dir='ltr'><strong>ineptumque</strong></span> <span class='ocrx_word' id='word_1_426' title='bbox 816 4436 1236 4493; x_wconf 64' lang='lat' dir='ltr'><strong>interpolationem</strong></span> <span class='ocrx_word' id='word_1_427' title='bbox 1250 4438 1527 4481; x_wconf 58' lang='lat' dir='ltr'><strong>abun-lmus.</strong></span> 
     </span>
    </p>
   </div>
  </div>
 </body>
</html>
