3308 5004
218 386 393 458 AUG.
447 389 530 455 ⁴3
1083 407 1162 454 nn
1208 408 1265 456 s.
1309 404 1615 455 cassano
1662 406 1853 455 nar.
2338 338 2341 341 Ι
2522 391 2651 457 295

213 487 713 558 ειῐηιιείωῑιιω
765 507 988 578 genus
1026 487 1342 578 martyrii
1390 487 1735 579 insignem
1781 493 1914 558 Deo
1960 499 2332 578 martyrem
2391 509 2747 560 consecra-

218 580 317 647 vit.
366 577 648 647 Videtur
693 589 925 647 autem
974 576 1145 646 haec
1193 576 1510 667 martyrii
1557 576 1825 667 species
1872 576 1954 646 ad
1989 576 2520 647 similitudinem
2556 599 2746 648 com-

219 665 606 755 parandam,
661 664 837 735 nulli
883 664 1132 735 melius
1178 687 1382 755 posse
1429 687 1835 756 congruere,
1888 688 2098 754 quam
2165 666 2303 758 ipsi
2350 666 2520 759 Regi
2567 689 2750 737 mar·

220 765 428 842 tyrum
478 759 612 824 Deo
659 754 1017 824 salvatori.
1069 759 1234 825 Nam
1296 767 1363 825 et
1409 754 1527 824 ille
1579 778 1621 825 a
1670 756 1816 825 suis
1869 755 2242 847 discipulis
2299 756 2575 826 occisus
2618 769 2743 837 est,

217 843 504 931 ludaeis}
530 842 870 925 videlicet,
938 842 1194 931 quibus
1242 856 1606 945 praecepta
1666 843 1980 935 decalogi
2037 843 2320 935 proprio
2358 843 2575 936 digito
2634 844 2751 914 de-

216 934 452 1022 scripta
474 931 870 1015 tradiderat,
900 952 1073 1021 quos
1120 934 1574 1003 caeremontis
1600 933 1772 1015 suiS,
1808 932 2450 1020 sacriflciorumque
2498 933 2749 1004 ritibus

219 1019 636 1101 instruxerat,
670 1041 845 1108 quos
891 1033 1070 1091 certe
1101 1020 1186 1090 ad
1215 1042 1490 1091 omnem
1541 1021 1816 1092 vivendi
1855 1020 2364 1103 rectitudinem,
2393 1032 2745 1109 tamquam

217 1120 467 1180 teneros
515 1110 647 1181 sub
685 1109 1058 1201 disciplina
1089 1130 1341 1200 pueros
1364 1109 1876 1182 informaverat.
1925 1111 2114 1182 Sicut
2145 1114 2293 1201 ipse
2341 1130 2465 1202 per
2493 1111 2744 1181 Isaiam

211 1197 284 1287 (1,
329 1198 398 1289 2)
440 1198 644 1269 dicit:
689 1201 902 1269 Filios
925 1200 1222 1269 enutrivi
1252 1209 1315 1269 et
1348 1202 1683 1281 emaltavi,
1717 1202 1856 1292 ipsi
1897 1211 2124 1271 autem
2168 1223 2202 1269 s
2286 1210 2562 1270 everunt
2609 1222 2738 1270 me.

214 1290 361 1358 Nam
412 1299 479 1358 et
534 1287 636 1357 illi
676 1286 990 1358 carnales
1046 1288 1393 1358 Israelitae
1440 1309 1814 1379 puerorum
1869 1290 2149 1359 nomine
2238 1289 2379 1380 igni
2429 1288 2742 1371 fuerant,

210 1375 324 1462 qui
350 1375 676 1447 mandata
711 1376 730 1445 l
826 1377 907 1458 is,
944 1377 1579 1467 Prophetarumque
1604 1378 1957 1469 mysteria,
1993 1399 2127 1447 non
2180 1377 2381 1448 senili
2416 1377 2748 1479 gravitate

139 1520 147 1531 .
259 1467 619 1645 ensa(b13nt,
675 1487 746 1537 se
856 1466 1087 1536 omnia
1166 1466 1531 1558 superficie
1600 1480 1803 1538 tenus
1850 1489 1930 1538 ac
1986 1467 2344 1559 pueriliter
2411 1465 2749 1558 1ntellige-

253 1568 360 1624 ant
436 1578 532 1625 a.
2418 1586 2422 1590 ·

457 1820 942 1904 EJUSDEM
996 1821 1068 1902 S.
1114 1820 1575 1902 CASSIANI
1629 1821 1951 1902 MART.
2007 1819 2486 1902 HISTORIA

234 2040 275 2085 A
317 2039 572 2097 QUODA!
617 2039 894 2097 ANTIQUO
942 2038 1281 2088 SCRIPTORE
1326 2040 1404 2087 Ex
1451 2039 1804 2089 Pnumtn'rlo
1838 2040 2035 2090 PnosA
2069 2041 2358 2102 menum,
2392 2040 2583 2091 cums
2615 2040 2756 2098 QUI-

291 2146 410 2194 mm
459 2148 622 2194 BBDA
671 2146 1084 2194 vnnmutmus
1137 2147 1408 2194 unumst·
1458 2147 1523 2194 m
1576 2147 1860 2196 PROLOGO
1906 2148 1975 2197 IN
2021 2148 2214 2196 vlu!
2260 2149 2316 2196 S.
2368 2148 2606 2197 FELICIS
2637 2147 2756 2197 No-

293 2252 460 2313 um,
515 2254 628 2301 sm)
674 2252 889 2303 Noun
934 2253 1087 2302 tuus
1131 2252 1260 2302 NON
1306 2254 1626 2313 nemun,
1672 2254 1855 2303 stem·
1899 2252 2020 2303 NEC
2067 2252 2506 2304 Pnnvnwsws
2553 2255 2751 2304 comtx

288 2359 391 2407 IS.
442 2359 613 2409 mum
660 2358 824 2409 HAEC
870 2359 1346 2409 ntscmpsmus.

289 2535 324 2621 ξ
372 2540 448 2607 1.
502 2533 915 2606 Prudentius
961 2534 1018 2616 ⁴,
1073 2534 1253 2605 sicut
1301 2546 1539 2604 notum
1590 2546 1716 2617 est,
1768 2534 1874 2604 vir
1922 2533 2309 2627 religiosus,
2368 2535 2531 2605 fidei
2579 2535 2750 2627 dog-

211 2635 387 2693 mata
483 2625 773 2694 oematis
831 2623 1034 2693 etiam
1090 2623 1529 2710 jucunditate
1575 2626 2072 2694 commendans
2106 2680 2121 2706 ,
2175 2637 2239 2694 et
2295 2624 2426 2694 hoc
2474 2646 2749 2712 quoque

207 2709 286 2779 ad
335 2645 602 2783 cultum
656 2712 1009 2802 religionis
1055 2713 1468 2804 adjungens,
1519 2725 1597 2784 ut
1644 2725 2158 2784 antecessorum
2193 2718 2568 2804 Martyrum
2605 2736 2751 2783 cer-

209 2801 461 2871 tamina
527 2822 722 2871 sacra
786 2813 1263 2893 percurreret:
1334 2802 1795 2872 venerandam
1848 2802 2153 2873 Cassiani
2204 2803 2529 2893 martyris
2597 2823 2751 2892 pas-

210 2888 467 2959 sionem
521 2890 653 2960 sub
700 2890 832 2959 hoc
877 2890 1119 2961 ordine
1163 2890 1378 2961 v'oluit
1424 2891 1509 2960 ad
1570 2891 1987 2982 posteritatis
2056 2893 2460 2962 memoriam
2513 2912 2750 2981 perve-

209 2977 376 3048 nire.
428 2983 649 3063 Quam
717 2980 871 3049 ideo
944 2980 1165 3050 visum
1232 2992 1334 3051 est
1391 2981 1750 3051 communi
1812 3002 2127 3052 sermone
2187 2980 2621 3063 describere,
2675 2991 2752 3051 ut

247 3087 374 3137 uae
420 3078 745 3139 tenentur
802 3067 1020 3149 libris,
1075 3080 1595 3139 recenserentur
1649 3081 1716 3139 et
1763 3069 2065 3161 populis,
2104 3083 2169 3141 et
2218 3070 2541 3140 scientiae
2590 3081 2752 3140 nota

249 3169 584 3239 octorum,
637 3156 927 3229 auribus
975 3179 1251 3247 quoque
1297 3159 1611 3229 omnium
1667 3180 1801 3228 non
1851 3172 2080 3229 essent
2125 3159 2355 3251 ignota
2404 3157 2744 3229 fidelium.

209 3245 410 3334 GuJus
459 3245 615 3315 ideo
662 3246 734 3315 in
789 3248 1130 3336 praesenti
1180 3247 1470 3318 lectione
1519 3269 1769 3316 nomen
1820 3247 2154 3319 insertum
2205 3261 2329 3329 est,
2366 3260 2444 3318 ut
2484 3248 2752 3338 passio-

209 3350 353 3402 nem
406 3334 625 3404 sancti
694 3337 1019 3425 martyris
1083 3336 1387 3408 Cassiani
1421 3391 1436 3416 ,
1490 3356 1699 3423 quam
1753 3336 2119 3408 traditione
2165 3336 2506 3419 colimus,
2578 3336 2749 3407 tanti

208 3438 472 3511 quoque
519 3423 650 3492 viri
697 3424 1248 3495 commendatam
1301 3426 1703 3496 auctoritate
1751 3426 2139 3496 credamus.
2194 3431 2359 3496 Nam
2404 3425 2562 3496 licet
2608 3448 2752 3495 me-

212 3509 325 3580 rita
373 3514 529 3582 e’us
575 3513 826 3583 virtute
875 3513 1304 3604 prodantur,
1356 3527 1420 3584 et
1467 3516 1802 3585 Dominus
1866 3528 2096 3585 noster
2164 3528 2476 3585 sanctum
2538 3536 2746 3585 suum

211 3601 382 3697 quoti
441 3602 603 3671 iana
650 3602 801 3692 ejus
848 3602 1244 3693 operatione
1292 3602 1673 3695 glorificet:
1722 3624 2076 3693 nunquam
2114 3616 2337 3673 tamen
2381 3603 2747 3693 religiosus

215 3704 305 3754 vtr
347 3691 766 3761 Prudentius
817 3691 1160 3781 passionis
1207 3692 1358 3783 ejus
1405 3692 1719 3763 ordinem
1764 3715 1887 3784 per
1923 3716 1995 3764 se
2044 3691 2370 3763 voluisset
2416 3692 2744 3783 agnosci,

216 3774 334 3844 nisi
381 3778 590 3848 fidem
640 3780 1054 3871 oportuisset
1115 3780 1456 3851 adhiberi.
1535 3782 1824 3872 Scripsit
1879 3804 2043 3872 ergo
2109 3803 2424 3851 sermone
2471 3802 2750 3870 compe-

218 3866 387 3944 tenti,
440 3869 615 3938 dum
665 3867 851 3960 apud
893 3868 1186 3939 Cornelii
1218 3875 1463 3940 Forum
1502 3875 1567 3940 S.
1602 3871 2033 3952 Cassianum,
2073 3870 2445 3940 venerabili
2477 3867 2749 3938 tumulo

220 3950 604 4039 advolutus,
655 3969 922 4040 oraret,
975 3972 1235 4030 erectos
1296 3959 1378 4028 ad
1444 3958 1713 4029 coelum
1782 3958 2021 4030 oculos
2085 3981 2297 4040 sum,
2373 3959 2442 4028 in
2506 3957 2751 4047 hujus-

220 4043 382 4114 modi
454 4046 835 4138 imaginem
886 4048 1208 4137 martyris
1257 4046 1609 4129 incidisse,
1677 4048 1745 4116 in
1798 4069 1934 4136 qua
1982 4048 2130 4139 ipse
2185 4058 2363 4119 esset
2412 4047 2749 4119 laceratus

271 4260 326 4305 Μ)
342 4262 585 4304 Puteum
605 4263 798 4314 gloriosi
816 4275 904 4314 pro
923 4261 1110 4306 chri-to
1132 4262 1409 4305 certaminis
1426 4265 1520 4305 mit
1552 4266 1720 4305 Forum
1755 4265 1946 4306 cornel-'t
1979 4264 2081 4304 sive
2099 4264 2258 4316 Syllae.
2276 4263 2390 4305 urb·
2410 4261 2649 4310 Aemiliae.
2666 4265 2750 4304 P·-

214 4313 411 4354 venum
429 4315 557 4356 inter
575 4319 624 4357 et
642 4318 919 4363 Bononiam
941 4319 1010 4359 etc
1037 4318 1275 4368 appellat·
1306 4329 1333 4358 ι
1364 4320 1512 4358 Lucio
1548 4319 1767 4360 cornelio
1801 4319 1929 4367 Syll·
1946 4314 2184 4358 niet-tore
2206 4315 2289 4367 qui
2309 4318 2427 4358 inibi
2444 4319 2597 4359 {orum
2618 4316 2749 4357 inatt-

216 4363 364 4406 tuertt
387 4378 482 4409 non
511 4371 648 4410 modo
670 4372 727 4412 ud
744 4373 994 4418 nundina,
1021 4382 1188 4413 verum
1207 4373 1350 4413 etim
1371 4373 1429 4412 ad
1447 4373 1536 4412 δυο
1550 4374 1817 4414 dicendum.
1838 4369 2128 4412 Hodiernum
2147 4372 2330 4414 Inous
2359 4382 2527 4413 nomen
2546 4372 2751 4412 obtinuit

216 4416 272 4456 *b
294 4420 403 4461 Aroe
424 4432 568 4472 quam
584 4424 890 4474 Longobnrdt,
911 4428 1033 4467 teste
1047 4427 1197 4467 Paulo
1218 4423 1439 4476 Diacono,
1457 4426 1630 4466 Imolu
1668 4422 1953 4466 vocitabant.
1972 4423 2127 4466 Sacris
2147 4426 2196 4466 et
2216 4422 2439 4467 civilibus
2458 4427 2610 4467 Fastis
2631 4424 2749 4466 anti·

217 4471 371 4518 quitus
387 4477 433 4514 et
458 4476 711 4518 hodiedum
730 4488 824 4519 non
844 4480 1047 4520 obscuro
1066 4482 1143 4521 ent
1163 4480 1345 4520 avitos.

265 4523 290 4549 ⁸
319 4525 380 4567 De
407 4538 462 4570 eo
490 4532 543 4570 tn
570 4531 674 4572 Sur.
694 4532 795 4572 Vol.
819 4542 884 4580 nt.
912 4544 956 4583 p.
977 4535 1070 4576 ⁶65.
