3308 5004
591 282 632 347 8
1206 289 1290 341 ns
1337 291 1600 341 carmus
1645 288 1725 339 m·
1771 291 2001 340 emmo
2045 292 2104 341 s.
2155 289 2342 341 vanu
2765 274 2951 343 AUG.
3007 278 3033 342 l

498 378 620 467 qui
670 399 792 468 pro
822 374 1101 446 nomine
1122 374 1298 446 Jesu
1336 371 1590 442 multas
1628 372 2051 460 ignominias
2084 384 2450 462 pateretur.
2482 368 2663 445 Licet
2694 395 2776 443 ex
2804 375 3042 445 eodem

498 468 677 538 libro
702 465 990 547 discere,
1027 486 1236 549 quam
1265 461 1481 532 libera
1512 463 1821 532 oratione
1847 462 2033 550 apud
2055 462 2358 532 Judaeos
2378 483 2582 552 saepe
2611 484 2783 532 usus
2809 463 3039 535 suerit:

496 569 563 627 et
606 552 1194 644 quemadmodum
1244 552 1392 642 ipse
1455 550 1666 620 idiota
1714 572 1796 621 ex
1855 550 2177 621 illiterato
2225 572 2340 621 ore
2411 573 2763 622 sermones
2809 554 3045 624 divina

499 644 838 737 sapientia
876 642 1157 712 refertos
1196 639 1595 732 protulerit:
1640 651 1718 710 ut
1748 640 2070 732 precibus
2103 639 2250 710 suis
2287 653 2535 710 terram
2568 643 3036 733 commoverit,

496 757 577 806 ac
638 733 953 812 turbam,
1023 752 1201 819 quae
1247 728 1415 799 illuc
1462 743 1896 811 convenerat,
1951 729 2037 800 ad
2089 728 2337 799 Christi
2404 728 2610 798 fidem
2661 732 3039 802 attraxerit.

498 828 703 903 Haec,
760 822 1068 908 inquam,
1098 832 1164 890 et
1189 840 1667 908 quaecumque
1697 819 1833 887 alia
1873 817 2203 908 deinceps
2254 840 2500 910 passus
2536 832 2639 890 est
2684 832 2750 889 et
2796 821 3040 902 effecit,

498 935 657 983 cum
713 924 847 981 tam
900 908 1117 979 multa
1164 910 1326 988 sint,
1381 920 1458 978 ut
1505 905 1706 977 facile
1754 908 2021 976 narrari
2088 929 2226 977 non
2303 907 2610 998 possint,
2664 910 2880 978 oratio
2930 932 3049 980 no-

501 1013 644 1072 stra
705 998 1105 1069 summatim
1173 996 1690 1087 perstringen3‚
1745 995 1832 1066 ad
1895 1018 2117 1066 unum
2184 995 2354 1067 illud
2410 996 2796 1086 periculum
2850 1021 3049 1068 enar·

501 1089 798 1160 randum
827 1109 900 1157 se
937 1086 1238 1157 conferet
1267 1085 1580 1155 omnium
1623 1084 2141 1174 gravissimum,
2181 1097 2247 1155 et
2280 1085 2490 1155 vitatu
2522 1084 3042 1169 difficillimum,

503 1201 664 1249 nam
707 1178 775 1246 in
824 1198 903 1246 eo
949 1174 1363 1265 effugiendo,
1417 1172 1651 1243 divino
1691 1175 1989 1260 quodam
2031 1174 2366 1244 miraculo
2419 1196 2596 1263 opus
2642 1174 2796 1244 fuit.
2862 1179 3049 1259 Quae

503 1289 611 1339 res
657 1279 721 1336 et
753 1265 1041 1335 multam
1095 1263 1517 1333 ,iudaeorum
1578 1262 1910 1333 adversus
1958 1263 2355 1354 Apostolum
2403 1263 2930 1351 immanitatem,
2983 1279 3047 1335 et

502 1355 720 1425 divini
751 1353 996 1423 auxilii
1043 1352 1457 1421 celeritatem
1509 1350 1909 1421 declaravit.

593 1453 631 1527 ἓ
681 1450 771 1515 6.
828 1441 1128 1532 Herodes
1176 1440 1291 1510 ille
1337 1439 1487 1527 ejus
1535 1440 1661 1508 viri
1713 1440 2124 1531 progenies,
2197 1441 2315 1528 qui
2385 1441 2651 1531 primus
2695 1442 3046 1532 Jerosoly-

507 1554 775 1602 morum
812 1536 951 1600 Rex
998 1528 1151 1610 fuit,
1214 1551 1375 1599 cum
1424 1551 1462 1597 e
1504 1528 1800 1599 Judaico
1858 1530 2120 1599 semine
2168 1542 2391 1599 ortum
2443 1529 2764 1611 duceret,
2818 1545 2885 1601 et
2927 1538 3051 1602 Ju-

505 1622 783 1691 daicum
834 1619 1099 1689 cultum
1154 1631 1429 1699 teneret,
1481 1617 1625 1687 zelo
1674 1617 1974 1705 quodam
2033 1618 2455 1689 excitabatur
2502 1619 2586 1688 ad
2639 1620 2896 1709 patrias
2945 1621 3050 1689 in-

503 1710 892 1780 stitutiones
930 1731 1009 1777 ac
1045 1706 1229 1798 leges
1266 1705 1756 1786 defendendas,
1811 1728 2067 1793 easque
2112 1707 2393 1778 dissolvi
2441 1730 2575 1777 non
2627 1708 3039 1797 patiebatur,

501 1820 678 1886 quae
724 1797 1200 1888 Apostolorum
1250 1795 1563 1865 doctrina
1623 1794 1770 1866 tolli
1817 1819 1896 1866 ac
1963 1795 2277 1867 funditus
2336 1798 2545 1866 everti
2603 1798 3034 1868 videbantur.

503 1887 627 1957 Ille
671 1887 884 1978 igitur
954 1884 1375 1955 Judaeorum
1453 1885 1810 1955 iracundis
1859 1885 2145 1955 vocibus
2193 1885 2712 1966 inflammatuS,
2771 1900 2846 1957 ut
2911 1887 3050 1959 illis

554 1988 778 2047 ratum
808 1974 1078 2055 faceret,
1132 1973 1433 2043 furorem
1480 1997 1559 2044 ac
1593 1973 1854 2045 rabiem
1906 1974 1978 2043 in
2019 1973 2373 2064 Apostolos
2422 1975 2608 2063 ipsos
2674 1976 2897 2076 magis
2951 1976 3051 2045 es-

503 1999 830 2144 }undens,
868 2063 1167 2153 primum
1205 2064 1540 2133 Jacobum
1592 2062 1870 2132 fratrem
1897 2062 2180 2132 loannis
2230 2061 2460 2154 gladio
2506 2063 2865 2135 interfecit.
2903 2069 3049 2148 Quo

504 2154 656 2223 loco
688 2153 961 2222 divinae
1016 2150 1249 2221 literae
1304 2153 1455 2221 e‘us
1503 2151 1823 2221 ferociam
1888 2164 2093 2240 atque
2141 2151 2717 2221 inhumanitatem
2768 2175 2849 2223 eo
2898 2155 3047 2244 ipso

505 2242 1013 2332 significarunt,
1049 2241 1230 2329 quod
1292 2175 1523 2332 gladio
1562 2240 1959 2331 Apostolum
1990 2241 2322 2310 Jacobum
2372 2241 2459 2309 ab
2491 2262 2569 2311 eo
2607 2241 3042 2312 interfectum

506 2330 771 2401 dicunt.
826 2336 1088 2400 Poterat
1140 2330 1324 2399 enim
1390 2330 1524 2400 alio
1568 2330 1806 2400 mortis
1864 2351 2110 2419 genere
2158 2329 2552 2418 Apostolum
2604 2331 3043 2412 interimere,

507 2419 610 2489 vel
660 2419 1083 2490 cruciatibus
1132 2418 1332 2489 morti
1383 2419 1734 2489 similibus
1774 2419 2135 2510 subjicere.
2192 2419 2317 2488 Sed
2370 2432 2447 2489 ut
2486 2419 2776 2490 Herodis
2826 2443 3044 2501 mens,

508 2509 670 2580 seris
694 2510 898 2580 etiam
933 2509 1102 2598 ipsis
1136 2509 1530 2589 immanior,
1569 2509 1866 2599 Apostoli
1902 2531 2056 2579 vero
2080 2509 2311 2579 Jacobi
2337 2509 2620 2579 animus
2645 2510 2731 2579 ad
2768 2510 3048 2580 caedem

505 2598 699 2668 illam
730 2598 1165 2669 subeundam
1208 2598 1676 2684 aequissimus
1722 2611 2276 2688 cognosceretur,
2307 2598 2528 2668 instar
2558 2600 2704 2668 ovis
2738 2620 2912 2684 quae
2961 2598 3048 2668 ad

505 2687 784 2757 caedem
828 2687 1143 2767 trahitur,
1185 2686 1417 2776 gladio
1451 2686 1873 2767 intersectuS,
1928 2687 2339 2776 martyrium
2385 2686 2674 2775 perfecte
2721 2687 2913 2758 obiit.
2952 2693 3053 2757 Ita

505 2777 722 2867 igitur
754 2798 946 2845 sacer
995 2774 1295 2846 Jacobus
1354 2788 1881 2846 consummatus
1939 2775 2091 2857 fuit,
2145 2788 2210 2845 et
2258 2777 2569 2865 martyrii
2622 2789 2834 2846 morte
2883 2784 3054 2866 Apo-

506 2864 823 2934 stolicum
877 2886 1162 2934 cursum
1228 2864 1706 2955 consignavit,
1758 2864 2042 2934 calicem
2093 2866 2385 2946 bibens,
2465 2888 2665 2951 quem
2718 2865 2881 2935 olim
2936 2865 3051 2934 Dei

508 2954 842 3044 sapientia
884 2951 985 3021 illi
1022 2952 1401 3022 bibendum
1455 2953 1922 3043 praedixerat,
1975 2966 2041 3023 et
2101 2954 2379 3044 proprio
2442 2954 2783 3045 sanguine
2832 2954 3055 3045 bapti-

505 3043 808 3113 zandum
860 3056 1062 3111 antea
1110 3041 1639 3133 significaverat.
2236 3061 2254 3077 ·
2541 3052 2551 3071 “

597 3134 633 3218 ξ
680 3135 757 3202 2.
824 3136 992 3201 Cum
1048 3144 1274 3200 autem
1328 3130 1583 3201 videret
1638 3143 1910 3222 gratum
1961 3153 2109 3203 esse
2161 3131 2446 3202 Judaeis
2507 3132 2692 3219 quod
2755 3130 3046 3213 faceret,

508 3234 855 3312 praeterea
901 3233 967 3289 et
1014 3224 1285 3289 Petrum
1361 3220 1592 3311 ipsum
1665 3241 1910 3308 capere
1979 3242 2017 3289 a
2070 3242 2350 3309 gressus
2414 3234 2539 3291 est.
2595 3227 2809 3303 Quem
2888 3243 3053 3290 cum

508 3311 822 3396 cepisset,
879 3308 947 3377 in
989 3329 1328 3378 carcerem
1370 3309 1686 3399 conjecit,
1723 3323 1789 3378 et
1829 3309 2002 3379 tradi
2060 3311 2108 3379 it
2155 3323 2452 3396 quatuor
2478 3309 3055 3396 quaternionibus

510 3396 836 3478 militum,
889 3397 1008 3484 qui
1057 3419 1216 3467 eum
1253 3412 1619 3479 servarent,
1666 3419 1745 3467 eo
1792 3397 1974 3485 quod
2010 3411 2240 3470 essent
2273 3398 2420 3468 dies
2467 3406 2900 3479 szmorum,
2942 3420 3056 3468 vo-

508 3486 660 3556 lens
711 3499 861 3577 post
893 3487 1155 3557 Pascha
1205 3487 1582 3576 producere
1621 3509 1781 3555 eum
1836 3487 2114 3577 populo,
2169 3488 2508 3560 Omnibus
2553 3471 2669 3557 his
2727 3487 3057 3558 historiae

509 3575 803 3665 scriptor
853 3575 1077 3646 verbis
1110 3598 1282 3646 usus
1319 3589 1444 3656 est,
1497 3589 1575 3646 ut
1612 3576 1902 3645 Herodis
1950 3576 2017 3644 in
2054 3576 2472 3647 effundendo
2518 3577 2859 3667 sanguine
2907 3592 3056 3648 stu-

507 3663 703 3733 dium
740 3719 755 3745 ,
808 3664 1095 3754 ejusque
1144 3665 1212 3733 in
1284 3664 1618 3755 patranda
1674 3664 1881 3734 caede
1959 3664 2379 3755 voluptatem
2450 3667 2791 3736 innueret.
2872 3666 3055 3736 Nihil

504 3752 718 3833 enim,
770 3753 953 3839 quod
995 3754 1265 3841 justum
1314 3766 1513 3835 esset,
1568 3766 1726 3823 ante
1772 3753 2013 3825 oculos
2051 3755 2475 3846 propositum
2507 3755 2823 3837 habebat,
2877 3754 3053 3824 nihil

497 3840 871 3911 honestum
921 3855 1043 3912 aut
1092 3842 1465 3924 laudabile,
1505 3843 1624 3912 sed
1660 3864 1837 3931 quae
1885 3844 2154 3915 nationi
2200 3866 2365 3914 suae
2411 3857 2619 3933 grata¹
2643 3866 2794 3914 esse
2848 3843 3052 3913 intel-

500 3930 779 4021 ligebat,
817 3952 1133 4019 quaeque
1163 3931 1249 4000 ad
1304 3931 1663 4021 profanam
1695 3931 2122 4002 Judaeorum
2161 3933 2581 4003 voluntatem
2608 3932 3050 4002 alliciendam

506 4019 929 4108 spectabant,
986 4043 1068 4089 ea
1117 4032 1381 4090 tantum
1434 4021 1521 4090 ab
1568 4020 1688 4090 illo
1737 4019 2145 4093 dicebantur
2187 4035 2253 4092 et
2299 4021 2579 4092 fiebant.
2633 4020 2825 4105 Quod
2862 4021 3048 4091 enim

507 4107 906 4198 Apostolum
945 4110 1178 4209 ipsum
1213 4110 1529 4192 tenuerit,
1573 4123 1638 4180 et
1676 4110 1746 4178 in
1780 4132 2054 4180 carcere
2086 4111 2618 4181 custodiendum
2668 4109 3050 4191 tradiderit,

511 4209 940 4298 mortemque
966 4221 1189 4288 ipsam
1222 4214 1647 4289 praesentem
1678 4199 2133 4283 constituerit,
2171 4213 2385 4270 totum
2419 4199 2549 4270 hoc
2577 4221 2657 4270 eo
2678 4199 3050 4289 spectabat,

515 4298 595 4354 ut
638 4285 953 4355 Juda1cis
1002 4289 1173 4358 votis
1221 4288 1387 4358 satis
1455 4287 1742 4358 omnino
1798 4287 2071 4360 faceret.
2127 4294 2432 4376 Namque
2500 4288 2836 4378 putabant
2881 4287 3057 4357 illud

507 4372 853 4459 futurum,
890 4388 970 4446 ut
1015 4376 1075 4447 si
1121 4382 1397 4447 Petrum
1457 4376 1857 4468 Apostolum
1905 4378 1991 4449 de
2038 4378 2266 4448 medio
2321 4378 2807 4460 sustulissent,
2860 4376 3059 4447 facile
