<?xml version="1.0" encoding="UTF-8"?>
<!DOCTYPE html PUBLIC "-//W3C//DTD XHTML 1.0 Transitional//EN"
    "http://www.w3.org/TR/xhtml1/DTD/xhtml1-transitional.dtd">
<html xmlns="http://www.w3.org/1999/xhtml" xml:lang="en" lang="en">
 <head>
  <title>
</title>
<meta http-equiv="Content-Type" content="text/html;charset=utf-8" />
  <meta name='ocr-system' content='tesseract 3.04.00' />
  <meta name='ocr-capabilities' content='ocr_page ocr_carea ocr_par ocr_line ocrx_word'/>
</head>
<body>
  <div class='ocr_page' id='page_1' title='image "./historiaeseuvit01lippgoog_0583.png"; bbox 0 0 3308 5004; ppageno 0'>
   <div class='ocr_carea' id='block_1_1' title="bbox 172 294 2658 367">
    <p class='ocr_par' dir='ltr' id='par_1_1' title="bbox 172 294 2658 367">
     <span class='ocr_line' id='line_1_1' title="bbox 172 294 2658 367; baseline -0.003 -1"><span class='ocrx_word' id='word_1_1' title='bbox 172 299 378 367; x_wconf 77' lang='lat' dir='ltr'><strong>AUG.</strong></span> <span class='ocrx_word' id='word_1_2' title='bbox 419 299 517 364; x_wconf 78' lang='lat'>‘20</span> <span class='ocrx_word' id='word_1_3' title='bbox 876 316 956 363; x_wconf 72' lang='lat' dir='ltr'>nn</span> <span class='ocrx_word' id='word_1_4' title='bbox 1001 313 1059 362; x_wconf 88' lang='lat' dir='ltr'>s.</span> <span class='ocrx_word' id='word_1_5' title='bbox 1113 313 1442 362; x_wconf 64' lang='lat' dir='ltr'>amnuo</span> <span class='ocrx_word' id='word_1_6' title='bbox 1490 314 1636 361; x_wconf 70' lang='lat' dir='ltr'>Ana.</span> <span class='ocrx_word' id='word_1_7' title='bbox 1687 310 2076 361; x_wconf 62' lang='lat' dir='ltr'>eunuch.</span> <span class='ocrx_word' id='word_1_8' title='bbox 2530 294 2658 359; x_wconf 74' lang='lat'>549</span> 
     </span>
    </p>
   </div>
   <div class='ocr_carea' id='block_1_2' title="bbox 173 393 2771 4486">
    <p class='ocr_par' dir='ltr' id='par_1_2' title="bbox 173 393 2769 2977">
     <span class='ocr_line' id='line_1_2' title="bbox 173 393 2746 495; baseline -0.003 -23"><span class='ocrx_word' id='word_1_9' title='bbox 173 402 516 495; x_wconf 87' lang='lat' dir='ltr'>platanus</span> <span class='ocrx_word' id='word_1_10' title='bbox 553 400 866 471; x_wconf 84' lang='lat' dir='ltr'>exaltata.</span> <span class='ocrx_word' id='word_1_11' title='bbox 921 405 1050 470; x_wconf 81' lang='lat' dir='ltr'>Vas</span> <span class='ocrx_word' id='word_1_12' title='bbox 1095 398 1452 469; x_wconf 80' lang='lat' dir='ltr'>electionis</span> <span class='ocrx_word' id='word_1_13' title='bbox 1484 411 1550 466; x_wconf 89' lang='lat' dir='ltr'>et</span> <span class='ocrx_word' id='word_1_14' title='bbox 1581 419 1702 467; x_wconf 88' lang='lat' dir='ltr'>vas</span> <span class='ocrx_word' id='word_1_15' title='bbox 1734 396 2021 467; x_wconf 91' lang='lat' dir='ltr'>honoris</span> <span class='ocrx_word' id='word_1_16' title='bbox 2057 395 2127 464; x_wconf 90' lang='lat' dir='ltr'>in</span> <span class='ocrx_word' id='word_1_17' title='bbox 2170 395 2378 466; x_wconf 92' lang='lat' dir='ltr'>domo</span> <span class='ocrx_word' id='word_1_18' title='bbox 2426 393 2575 463; x_wconf 72' lang='lat' dir='ltr'>Deiz</span> <span class='ocrx_word' id='word_1_19' title='bbox 2630 416 2746 464; x_wconf 83' lang='lat' dir='ltr'>vas</span> 
     </span>
     <span class='ocr_line' id='line_1_3' title="bbox 173 482 2747 578; baseline -0.003 -16"><span class='ocrx_word' id='word_1_20' title='bbox 173 491 340 562; x_wconf 88' lang='lat' dir='ltr'>auri</span> <span class='ocrx_word' id='word_1_21' title='bbox 399 489 750 570; x_wconf 89' lang='lat' dir='ltr'>solidum,</span> <span class='ocrx_word' id='word_1_22' title='bbox 802 501 1123 559; x_wconf 89' lang='lat' dir='ltr'>ornatum</span> <span class='ocrx_word' id='word_1_23' title='bbox 1172 487 1363 557; x_wconf 92' lang='lat' dir='ltr'>omni</span> <span class='ocrx_word' id='word_1_24' title='bbox 1412 485 1644 578; x_wconf 87' lang='lat' dir='ltr'>lapide</span> <span class='ocrx_word' id='word_1_25' title='bbox 1685 485 1984 576; x_wconf 89' lang='lat' dir='ltr'>pretioso</span> <span class='ocrx_word' id='word_1_26' title='bbox 2017 538 2033 567; x_wconf 89' lang='lat'>,</span> <span class='ocrx_word' id='word_1_27' title='bbox 2087 483 2225 553; x_wconf 85' lang='lat' dir='ltr'>fide</span> <span class='ocrx_word' id='word_1_28' title='bbox 2273 496 2338 554; x_wconf 90' lang='lat' dir='ltr'>et</span> <span class='ocrx_word' id='word_1_29' title='bbox 2386 482 2747 555; x_wconf 77' lang='lat' dir='ltr'>sanctitate</span> 
     </span>
     <span class='ocr_line' id='line_1_4' title="bbox 173 572 2751 664; baseline -0.003 -13"><span class='ocrx_word' id='word_1_30' title='bbox 173 579 515 660; x_wconf 88' lang='lat' dir='ltr'>solidum,</span> <span class='ocrx_word' id='word_1_31' title='bbox 567 590 633 648; x_wconf 87' lang='lat' dir='ltr'>et</span> <span class='ocrx_word' id='word_1_32' title='bbox 681 578 888 649; x_wconf 87' lang='lat' dir='ltr'>variis</span> <span class='ocrx_word' id='word_1_33' title='bbox 932 576 1472 648; x_wconf 82' lang='lat' dir='ltr'>charismatibus</span> <span class='ocrx_word' id='word_1_34' title='bbox 1522 587 1878 662; x_wconf 87' lang='lat' dir='ltr'>tamquam</span> <span class='ocrx_word' id='word_1_35' title='bbox 1922 572 2222 664; x_wconf 87' lang='lat' dir='ltr'>gemmis</span> <span class='ocrx_word' id='word_1_36' title='bbox 2262 585 2610 643; x_wconf 88' lang='lat' dir='ltr'>ornatum.</span> <span class='ocrx_word' id='word_1_37' title='bbox 2649 578 2751 642; x_wconf 91' lang='lat' dir='ltr'>Tu</span> 
     </span>
     <span class='ocr_line' id='line_1_5' title="bbox 173 661 2750 754; baseline -0.003 -14"><span class='ocrx_word' id='word_1_38' title='bbox 173 663 530 740; x_wconf 76' lang='lat' dir='ltr'>Ecclesiae</span> <span class='ocrx_word' id='word_1_39' title='bbox 577 680 852 738; x_wconf 87' lang='lat' dir='ltr'>sanctae</span> <span class='ocrx_word' id='word_1_40' title='bbox 889 666 1264 737; x_wconf 82' lang='lat' dir='ltr'>fortissima</span> <span class='ocrx_word' id='word_1_41' title='bbox 1294 662 2007 754; x_wconf 81' lang='lat' dir='ltr'>splendidissimaque</span> <span class='ocrx_word' id='word_1_42' title='bbox 2036 661 2387 741; x_wconf 86' lang='lat' dir='ltr'>columna,</span> <span class='ocrx_word' id='word_1_43' title='bbox 2429 673 2503 731; x_wconf 90' lang='lat' dir='ltr'>tu</span> <span class='ocrx_word' id='word_1_44' title='bbox 2547 661 2750 733; x_wconf 90' lang='lat' dir='ltr'>vehe-</span> 
     </span>
     <span class='ocr_line' id='line_1_6' title="bbox 179 750 2750 843; baseline -0.003 -17"><span class='ocrx_word' id='word_1_45' title='bbox 179 780 386 827; x_wconf 85' lang='lat' dir='ltr'>mens</span> <span class='ocrx_word' id='word_1_46' title='bbox 433 757 600 826; x_wconf 90' lang='lat' dir='ltr'>tuba</span> <span class='ocrx_word' id='word_1_47' title='bbox 649 757 787 834; x_wconf 90' lang='lat' dir='ltr'>Dei,</span> <span class='ocrx_word' id='word_1_48' title='bbox 841 769 916 826; x_wconf 89' lang='lat' dir='ltr'>tu</span> <span class='ocrx_word' id='word_1_49' title='bbox 962 754 1450 826; x_wconf 89' lang='lat' dir='ltr'>dulcissimum</span> <span class='ocrx_word' id='word_1_50' title='bbox 1503 754 1734 823; x_wconf 90' lang='lat' dir='ltr'>Sancti</span> <span class='ocrx_word' id='word_1_51' title='bbox 1789 751 2092 843; x_wconf 86' lang='lat' dir='ltr'>Spiritus</span> <span class='ocrx_word' id='word_1_52' title='bbox 2149 772 2491 839; x_wconf 82' lang='lat' dir='ltr'>organum</span> <span class='ocrx_word' id='word_1_53' title='bbox 2525 805 2540 832; x_wconf 99' lang='lat'>,</span> <span class='ocrx_word' id='word_1_54' title='bbox 2600 750 2750 840; x_wconf 91' lang='lat' dir='ltr'>pios</span> 
     </span>
     <span class='ocr_line' id='line_1_7' title="bbox 179 838 2751 932; baseline -0.003 -16"><span class='ocrx_word' id='word_1_55' title='bbox 179 846 585 927; x_wconf 89' lang='lat' dir='ltr'>oblectans,</span> <span class='ocrx_word' id='word_1_56' title='bbox 637 844 911 914; x_wconf 81' lang='lat' dir='ltr'>desides</span> <span class='ocrx_word' id='word_1_57' title='bbox 957 845 1263 914; x_wconf 82' lang='lat' dir='ltr'>excitans</span> <span class='ocrx_word' id='word_1_58' title='bbox 1295 897 1311 924; x_wconf 93' lang='lat'>,</span> <span class='ocrx_word' id='word_1_59' title='bbox 1365 841 1629 913; x_wconf 86' lang='lat' dir='ltr'>debiles</span> <span class='ocrx_word' id='word_1_60' title='bbox 1684 855 1987 932; x_wconf 83' lang='lat' dir='ltr'>portanS.</span> <span class='ocrx_word' id='word_1_61' title='bbox 2046 838 2262 928; x_wconf 88' lang='lat' dir='ltr'>Cujus</span> <span class='ocrx_word' id='word_1_62' title='bbox 2314 838 2751 910; x_wconf 87' lang='lat' dir='ltr'>medicinalis</span> 
     </span>
     <span class='ocr_line' id='line_1_8' title="bbox 185 927 2747 1023; baseline -0.003 -18"><span class='ocrx_word' id='word_1_63' title='bbox 185 957 444 1005; x_wconf 89' lang='lat' dir='ltr'>manus</span> <span class='ocrx_word' id='word_1_64' title='bbox 490 947 556 1004; x_wconf 89' lang='lat' dir='ltr'>et</span> <span class='ocrx_word' id='word_1_65' title='bbox 605 934 890 1023; x_wconf 86' lang='lat' dir='ltr'>lingua,</span> <span class='ocrx_word' id='word_1_66' title='bbox 955 933 1233 1003; x_wconf 90' lang='lat' dir='ltr'>morbos</span> <span class='ocrx_word' id='word_1_67' title='bbox 1272 944 1565 1018; x_wconf 90' lang='lat' dir='ltr'>utraque</span> <span class='ocrx_word' id='word_1_68' title='bbox 1612 929 1925 1010; x_wconf 90' lang='lat' dir='ltr'>curabat,</span> <span class='ocrx_word' id='word_1_69' title='bbox 1982 927 2101 998; x_wconf 89' lang='lat' dir='ltr'>illa</span> <span class='ocrx_word' id='word_1_70' title='bbox 2151 950 2565 1018; x_wconf 91' lang='lat' dir='ltr'>corporum,</span> <span class='ocrx_word' id='word_1_71' title='bbox 2622 929 2747 997; x_wconf 88' lang='lat' dir='ltr'>ista</span> 
     </span>
     <span class='ocr_line' id='line_1_9' title="bbox 185 1015 2751 1113; baseline -0.003 -21"><span class='ocrx_word' id='word_1_72' title='bbox 185 1045 492 1095; x_wconf 92' lang='lat' dir='ltr'>morum.</span> <span class='ocrx_word' id='word_1_73' title='bbox 548 1023 756 1113; x_wconf 89' lang='lat' dir='ltr'>Cujus</span> <span class='ocrx_word' id='word_1_74' title='bbox 803 1036 946 1093; x_wconf 87' lang='lat' dir='ltr'>erat</span> <span class='ocrx_word' id='word_1_75' title='bbox 993 1020 1287 1111; x_wconf 84' lang='lat' dir='ltr'>simplex</span> <span class='ocrx_word' id='word_1_76' title='bbox 1336 1019 1619 1090; x_wconf 89' lang='lat' dir='ltr'>habitus</span> <span class='ocrx_word' id='word_1_77' title='bbox 1651 1073 1668 1101; x_wconf 93' lang='lat'>,</span> <span class='ocrx_word' id='word_1_78' title='bbox 1722 1019 2015 1109; x_wconf 83' lang='lat' dir='ltr'>simplex</span> <span class='ocrx_word' id='word_1_79' title='bbox 2064 1016 2299 1088; x_wconf 91' lang='lat' dir='ltr'>vultus</span> <span class='ocrx_word' id='word_1_80' title='bbox 2361 1015 2586 1089; x_wconf 90' lang='lat' dir='ltr'>dulcis</span> <span class='ocrx_word' id='word_1_81' title='bbox 2649 1016 2751 1086; x_wconf 85' lang='lat' dir='ltr'>sa-</span> 
     </span>
     <span class='ocr_line' id='line_1_10' title="bbox 184 1104 2749 1202; baseline -0.004 -20"><span class='ocrx_word' id='word_1_82' title='bbox 184 1113 334 1182; x_wconf 89' lang='lat' dir='ltr'>cies</span> <span class='ocrx_word' id='word_1_83' title='bbox 364 1167 379 1194; x_wconf 93' lang='lat'>,</span> <span class='ocrx_word' id='word_1_84' title='bbox 431 1113 775 1202; x_wconf 87' lang='lat' dir='ltr'>gratiosus</span> <span class='ocrx_word' id='word_1_85' title='bbox 840 1110 1233 1200; x_wconf 68' lang='lat' dir='ltr'>adspectus</span> <span class='ocrx_word' id='word_1_86' title='bbox 1290 1109 1500 1197; x_wconf 86' lang='lat' dir='ltr'>Cujus</span> <span class='ocrx_word' id='word_1_87' title='bbox 1551 1107 1854 1195; x_wconf 89' lang='lat' dir='ltr'>denique</span> <span class='ocrx_word' id='word_1_88' title='bbox 1903 1107 2040 1176; x_wconf 87' lang='lat' dir='ltr'>vita</span> <span class='ocrx_word' id='word_1_89' title='bbox 2088 1104 2440 1175; x_wconf 80' lang='lat' dir='ltr'>fructuosa</span> <span class='ocrx_word' id='word_1_90' title='bbox 2471 1160 2486 1186; x_wconf 97' lang='lat'>,</span> <span class='ocrx_word' id='word_1_91' title='bbox 2541 1105 2749 1194; x_wconf 87' lang='lat' dir='ltr'>cujus</span> 
     </span>
     <span class='ocr_line' id='line_1_11' title="bbox 188 1193 2769 1291; baseline -0.003 -22"><span class='ocrx_word' id='word_1_92' title='bbox 188 1223 378 1271; x_wconf 91' lang='lat' dir='ltr'>mors</span> <span class='ocrx_word' id='word_1_93' title='bbox 422 1200 774 1291; x_wconf 77' lang='lat' dir='ltr'>&#39;pretiosaz</span> <span class='ocrx_word' id='word_1_94' title='bbox 828 1200 990 1286; x_wconf 90' lang='lat' dir='ltr'>quia</span> <span class='ocrx_word' id='word_1_95' title='bbox 1043 1198 1165 1269; x_wconf 88' lang='lat' dir='ltr'>tibi</span> <span class='ocrx_word' id='word_1_96' title='bbox 1220 1219 1494 1286; x_wconf 84' lang='lat' dir='ltr'>quoque</span> <span class='ocrx_word' id='word_1_97' title='bbox 1559 1197 1875 1267; x_wconf 86' lang='lat' dir='ltr'>Christus</span> <span class='ocrx_word' id='word_1_98' title='bbox 1925 1196 2149 1264; x_wconf 88' lang='lat' dir='ltr'>vivere</span> <span class='ocrx_word' id='word_1_99' title='bbox 2212 1193 2343 1264; x_wconf 85' lang='lat' dir='ltr'>suit</span> <span class='ocrx_word' id='word_1_100' title='bbox 2377 1249 2392 1274; x_wconf 92' lang='lat'>,</span> <span class='ocrx_word' id='word_1_101' title='bbox 2460 1206 2524 1264; x_wconf 93' lang='lat' dir='ltr'>et</span> <span class='ocrx_word' id='word_1_102' title='bbox 2577 1194 2769 1264; x_wconf 68' lang='lat' dir='ltr'>mori⁴</span> 
     </span>
     <span class='ocr_line' id='line_1_12' title="bbox 187 1282 2750 1372; baseline -0.003 -12"><span class='ocrx_word' id='word_1_103' title='bbox 187 1291 493 1361; x_wconf 89' lang='lat' dir='ltr'>lucrum.</span> <span class='ocrx_word' id='word_1_104' title='bbox 548 1289 741 1372; x_wconf 88' lang='lat' dir='ltr'>Quod</span> <span class='ocrx_word' id='word_1_105' title='bbox 811 1290 871 1358; x_wconf 91' lang='lat' dir='ltr'>si</span> <span class='ocrx_word' id='word_1_106' title='bbox 921 1288 1119 1358; x_wconf 91' lang='lat' dir='ltr'>nobis</span> <span class='ocrx_word' id='word_1_107' title='bbox 1167 1287 1461 1357; x_wconf 88' lang='lat' dir='ltr'>alterum</span> <span class='ocrx_word' id='word_1_108' title='bbox 1536 1284 1849 1356; x_wconf 87' lang='lat' dir='ltr'>fortassis</span> <span class='ocrx_word' id='word_1_109' title='bbox 1909 1283 2152 1355; x_wconf 88' lang='lat' dir='ltr'>utilius</span> <span class='ocrx_word' id='word_1_110' title='bbox 2188 1337 2204 1362; x_wconf 92' lang='lat'>,</span> <span class='ocrx_word' id='word_1_111' title='bbox 2279 1282 2394 1353; x_wconf 92' lang='lat' dir='ltr'>sed</span> <span class='ocrx_word' id='word_1_112' title='bbox 2454 1283 2750 1353; x_wconf 84' lang='lat' dir='ltr'>alterum</span> 
     </span>
     <span class='ocr_line' id='line_1_13' title="bbox 190 1372 2754 1464; baseline -0.003 -16"><span class='ocrx_word' id='word_1_113' title='bbox 190 1378 416 1448; x_wconf 90' lang='lat' dir='ltr'>multo</span> <span class='ocrx_word' id='word_1_114' title='bbox 467 1378 717 1447; x_wconf 90' lang='lat' dir='ltr'>melius</span> <span class='ocrx_word' id='word_1_115' title='bbox 763 1378 911 1447; x_wconf 90' lang='lat' dir='ltr'>tibi.</span> <span class='ocrx_word' id='word_1_116' title='bbox 965 1382 1042 1447; x_wconf 88' lang='lat' dir='ltr'>Et</span> <span class='ocrx_word' id='word_1_117' title='bbox 1087 1376 1271 1464; x_wconf 90' lang='lat' dir='ltr'>quod</span> <span class='ocrx_word' id='word_1_118' title='bbox 1318 1376 1440 1445; x_wconf 90' lang='lat' dir='ltr'>tibi</span> <span class='ocrx_word' id='word_1_119' title='bbox 1500 1386 1636 1444; x_wconf 88' lang='lat' dir='ltr'>tam</span> <span class='ocrx_word' id='word_1_120' title='bbox 1696 1373 2140 1445; x_wconf 90' lang='lat' dir='ltr'>commodum</span> <span class='ocrx_word' id='word_1_121' title='bbox 2180 1427 2196 1453; x_wconf 92' lang='lat'>,</span> <span class='ocrx_word' id='word_1_122' title='bbox 2252 1372 2476 1454; x_wconf 78' lang='lat' dir='ltr'>nobiS,</span> <span class='ocrx_word' id='word_1_123' title='bbox 2533 1372 2591 1442; x_wconf 91' lang='lat' dir='ltr'>si</span> <span class='ocrx_word' id='word_1_124' title='bbox 2641 1372 2754 1463; x_wconf 92' lang='lat' dir='ltr'>pie</span> 
     </span>
     <span class='ocr_line' id='line_1_14' title="bbox 189 1461 2751 1558; baseline -0.003 -20"><span class='ocrx_word' id='word_1_125' title='bbox 189 1467 534 1558; x_wconf 88' lang='lat' dir='ltr'>sapimus,</span> <span class='ocrx_word' id='word_1_126' title='bbox 575 1489 710 1537; x_wconf 93' lang='lat' dir='ltr'>non</span> <span class='ocrx_word' id='word_1_127' title='bbox 749 1477 966 1555; x_wconf 89' lang='lat' dir='ltr'>potest</span> <span class='ocrx_word' id='word_1_128' title='bbox 1000 1486 1134 1535; x_wconf 92' lang='lat' dir='ltr'>non</span> <span class='ocrx_word' id='word_1_129' title='bbox 1175 1486 1326 1535; x_wconf 89' lang='lat' dir='ltr'>esse</span> <span class='ocrx_word' id='word_1_130' title='bbox 1363 1462 1791 1554; x_wconf 83' lang='lat' dir='ltr'>jucundum.</span> <span class='ocrx_word' id='word_1_131' title='bbox 1850 1467 2199 1532; x_wconf 80' lang='lat' dir='ltr'>Caeterum</span> <span class='ocrx_word' id='word_1_132' title='bbox 2241 1461 2367 1530; x_wconf 88' lang='lat' dir='ltr'>etsi</span> <span class='ocrx_word' id='word_1_133' title='bbox 2422 1462 2615 1551; x_wconf 89' lang='lat' dir='ltr'>pium</span> <span class='ocrx_word' id='word_1_134' title='bbox 2647 1473 2751 1531; x_wconf 90' lang='lat' dir='ltr'>est</span> 
     </span>
     <span class='ocr_line' id='line_1_15' title="bbox 188 1548 2749 1647; baseline -0.003 -21"><span class='ocrx_word' id='word_1_135' title='bbox 188 1555 627 1647; x_wconf 85' lang='lat' dir='ltr'>congaudere</span> <span class='ocrx_word' id='word_1_136' title='bbox 677 1555 822 1635; x_wconf 93' lang='lat' dir='ltr'>tibi,</span> <span class='ocrx_word' id='word_1_137' title='bbox 880 1566 1068 1645; x_wconf 89' lang='lat' dir='ltr'>pater</span> <span class='ocrx_word' id='word_1_138' title='bbox 1115 1554 1316 1635; x_wconf 84' lang='lat' dir='ltr'>bone,</span> <span class='ocrx_word' id='word_1_139' title='bbox 1367 1553 1490 1642; x_wconf 92' lang='lat' dir='ltr'>qui</span> <span class='ocrx_word' id='word_1_140' title='bbox 1531 1552 1596 1620; x_wconf 93' lang='lat' dir='ltr'>in</span> <span class='ocrx_word' id='word_1_141' title='bbox 1634 1550 1975 1643; x_wconf 88' lang='lat' dir='ltr'>gaudium</span> <span class='ocrx_word' id='word_1_142' title='bbox 2022 1550 2288 1620; x_wconf 90' lang='lat' dir='ltr'>Domini</span> <span class='ocrx_word' id='word_1_143' title='bbox 2325 1551 2421 1619; x_wconf 91' lang='lat' dir='ltr'>tui</span> <span class='ocrx_word' id='word_1_144' title='bbox 2459 1548 2749 1619; x_wconf 85' lang='lat' dir='ltr'>feliciter</span> 
     </span>
     <span class='ocr_line' id='line_1_16' title="bbox 190 1638 2746 1741; baseline -0.003 -27"><span class='ocrx_word' id='word_1_145' title='bbox 190 1644 534 1715; x_wconf 87' lang='lat' dir='ltr'>introisti:</span> <span class='ocrx_word' id='word_1_146' title='bbox 591 1665 723 1712; x_wconf 89' lang='lat' dir='ltr'>non</span> <span class='ocrx_word' id='word_1_147' title='bbox 777 1658 1004 1714; x_wconf 90' lang='lat' dir='ltr'>tamen</span> <span class='ocrx_word' id='word_1_148' title='bbox 1058 1642 1353 1732; x_wconf 92' lang='lat' dir='ltr'>impium</span> <span class='ocrx_word' id='word_1_149' title='bbox 1418 1662 1629 1732; x_wconf 92' lang='lat' dir='ltr'>super</span> <span class='ocrx_word' id='word_1_150' title='bbox 1680 1641 1999 1741; x_wconf 86' lang='lat' dir='ltr'>nosipsos</span> <span class='ocrx_word' id='word_1_151' title='bbox 2048 1638 2210 1708; x_wconf 85' lang='lat' dir='ltr'>flere</span> <span class='ocrx_word' id='word_1_152' title='bbox 2243 1693 2259 1720; x_wconf 93' lang='lat'>,</span> <span class='ocrx_word' id='word_1_153' title='bbox 2312 1661 2486 1726; x_wconf 91' lang='lat' dir='ltr'>quos</span> <span class='ocrx_word' id='word_1_154' title='bbox 2535 1638 2746 1707; x_wconf 89' lang='lat' dir='ltr'>nimi-</span> 
     </span>
     <span class='ocr_line' id='line_1_17' title="bbox 191 1727 2752 1824; baseline -0.004 -21"><span class='ocrx_word' id='word_1_155' title='bbox 191 1755 375 1814; x_wconf 90' lang='lat' dir='ltr'>rum,</span> <span class='ocrx_word' id='word_1_156' title='bbox 411 1733 705 1803; x_wconf 90' lang='lat' dir='ltr'>abeunte</span> <span class='ocrx_word' id='word_1_157' title='bbox 739 1746 822 1814; x_wconf 89' lang='lat' dir='ltr'>te,</span> <span class='ocrx_word' id='word_1_158' title='bbox 860 1731 1058 1803; x_wconf 76' lang='lat' dir='ltr'>solito</span> <span class='ocrx_word' id='word_1_159' title='bbox 1087 1732 1368 1824; x_wconf 86' lang='lat' dir='ltr'>gravius</span> <span class='ocrx_word' id='word_1_160' title='bbox 1390 1731 1634 1800; x_wconf 90' lang='lat' dir='ltr'>horror</span> <span class='ocrx_word' id='word_1_161' title='bbox 1668 1751 1992 1820; x_wconf 82' lang='lat' dir='ltr'>geminus</span> <span class='ocrx_word' id='word_1_162' title='bbox 2034 1728 2377 1798; x_wconf 88' lang='lat' dir='ltr'>circumse</span> <span class='ocrx_word' id='word_1_163' title='bbox 2430 1728 2539 1809; x_wconf 89' lang='lat' dir='ltr'>sit,</span> <span class='ocrx_word' id='word_1_164' title='bbox 2581 1727 2752 1797; x_wconf 89' lang='lat' dir='ltr'>dum</span> 
     </span>
     <span class='ocr_line' id='line_1_18' title="bbox 192 1816 2747 1908; baseline -0.003 -17"><span class='ocrx_word' id='word_1_165' title='bbox 192 1823 397 1893; x_wconf 90' lang='lat' dir='ltr'>nobis</span> <span class='ocrx_word' id='word_1_166' title='bbox 443 1833 546 1892; x_wconf 89' lang='lat' dir='ltr'>est</span> <span class='ocrx_word' id='word_1_167' title='bbox 593 1822 728 1891; x_wconf 88' lang='lat' dir='ltr'>vita</span> <span class='ocrx_word' id='word_1_168' title='bbox 777 1821 1018 1901; x_wconf 89' lang='lat' dir='ltr'>taedio,</span> <span class='ocrx_word' id='word_1_169' title='bbox 1077 1842 1260 1891; x_wconf 89' lang='lat' dir='ltr'>mors</span> <span class='ocrx_word' id='word_1_170' title='bbox 1309 1818 1560 1889; x_wconf 89' lang='lat' dir='ltr'>timori.</span> <span class='ocrx_word' id='word_1_171' title='bbox 1628 1818 1769 1888; x_wconf 89' lang='lat' dir='ltr'>Etsi</span> <span class='ocrx_word' id='word_1_172' title='bbox 1826 1817 2018 1908; x_wconf 89' lang='lat' dir='ltr'>pium</span> <span class='ocrx_word' id='word_1_173' title='bbox 2089 1837 2362 1906; x_wconf 89' lang='lat' dir='ltr'>congau</span> <span class='ocrx_word' id='word_1_174' title='bbox 2416 1839 2526 1886; x_wconf 92' lang='lat' dir='ltr'>ere</span> <span class='ocrx_word' id='word_1_175' title='bbox 2578 1816 2747 1894; x_wconf 92' lang='lat' dir='ltr'>tibi,</span> 
     </span>
     <span class='ocr_line' id='line_1_19' title="bbox 192 1904 2754 1998; baseline -0.003 -18"><span class='ocrx_word' id='word_1_176' title='bbox 192 1910 316 1998; x_wconf 91' lang='lat' dir='ltr'>qui</span> <span class='ocrx_word' id='word_1_177' title='bbox 347 1911 543 1980; x_wconf 88' lang='lat' dir='ltr'>beato</span> <span class='ocrx_word' id='word_1_178' title='bbox 573 1910 863 1980; x_wconf 88' lang='lat' dir='ltr'>transitu</span> <span class='ocrx_word' id='word_1_179' title='bbox 899 1908 1158 1990; x_wconf 89' lang='lat' dir='ltr'>mortis,</span> <span class='ocrx_word' id='word_1_180' title='bbox 1195 1907 1283 1979; x_wconf 89' lang='lat' dir='ltr'>ad</span> <span class='ocrx_word' id='word_1_181' title='bbox 1314 1921 1682 1979; x_wconf 88' lang='lat' dir='ltr'>torrentem</span> <span class='ocrx_word' id='word_1_182' title='bbox 1719 1905 2119 1996; x_wconf 78' lang='lat' dir='ltr'>voluptatiS,</span> <span class='ocrx_word' id='word_1_183' title='bbox 2168 1927 2374 1992; x_wconf 89' lang='lat' dir='ltr'>quem</span> <span class='ocrx_word' id='word_1_184' title='bbox 2412 1904 2754 1975; x_wconf 85' lang='lat' dir='ltr'>ardender</span> 
     </span>
     <span class='ocr_line' id='line_1_20' title="bbox 197 1994 2748 2083; baseline -0.003 -15"><span class='ocrx_word' id='word_1_185' title='bbox 197 1999 517 2079; x_wconf 83' lang='lat' dir='ltr'>sitiebas,</span> <span class='ocrx_word' id='word_1_186' title='bbox 578 1999 968 2069; x_wconf 86' lang='lat' dir='ltr'>accessisti:</span> <span class='ocrx_word' id='word_1_187' title='bbox 1024 2011 1327 2068; x_wconf 85' lang='lat' dir='ltr'>nostram</span> <span class='ocrx_word' id='word_1_188' title='bbox 1381 2011 1604 2067; x_wconf 89' lang='lat' dir='ltr'>tamen</span> <span class='ocrx_word' id='word_1_189' title='bbox 1660 1996 1873 2065; x_wconf 90' lang='lat' dir='ltr'>vicem</span> <span class='ocrx_word' id='word_1_190' title='bbox 1930 1994 2160 2065; x_wconf 89' lang='lat' dir='ltr'>dolere</span> <span class='ocrx_word' id='word_1_191' title='bbox 2213 2016 2347 2065; x_wconf 91' lang='lat' dir='ltr'>non</span> <span class='ocrx_word' id='word_1_192' title='bbox 2404 1994 2696 2083; x_wconf 91' lang='lat' dir='ltr'>impium</span> <span class='ocrx_word' id='word_1_193' title='bbox 2732 2046 2748 2071; x_wconf 90' lang='lat'>,</span> 
     </span>
     <span class='ocr_line' id='line_1_21' title="bbox 202 2081 2748 2177; baseline -0.003 -20"><span class='ocrx_word' id='word_1_194' title='bbox 202 2087 459 2176; x_wconf 90' lang='lat' dir='ltr'>quibus</span> <span class='ocrx_word' id='word_1_195' title='bbox 489 2100 554 2157; x_wconf 90' lang='lat' dir='ltr'>et</span> <span class='ocrx_word' id='word_1_196' title='bbox 591 2088 859 2157; x_wconf 90' lang='lat' dir='ltr'>vivendi</span> <span class='ocrx_word' id='word_1_197' title='bbox 906 2087 1136 2156; x_wconf 92' lang='lat' dir='ltr'>omnis</span> <span class='ocrx_word' id='word_1_198' title='bbox 1187 2085 1444 2177; x_wconf 90' lang='lat' dir='ltr'>pariter</span> <span class='ocrx_word' id='word_1_199' title='bbox 1469 2098 1571 2156; x_wconf 90' lang='lat' dir='ltr'>est</span> <span class='ocrx_word' id='word_1_200' title='bbox 1603 2084 1878 2155; x_wconf 89' lang='lat' dir='ltr'>sublata</span> <span class='ocrx_word' id='word_1_201' title='bbox 1926 2083 2254 2157; x_wconf 86' lang='lat' dir='ltr'>suavitas.</span> <span class='ocrx_word' id='word_1_202' title='bbox 2296 2095 2363 2152; x_wconf 89' lang='lat' dir='ltr'>et</span> <span class='ocrx_word' id='word_1_203' title='bbox 2407 2081 2748 2152; x_wconf 86' lang='lat' dir='ltr'>moriendi</span> 
     </span>
     <span class='ocr_line' id='line_1_22' title="bbox 202 2170 2745 2265; baseline 0 -21"><span class='ocrx_word' id='word_1_204' title='bbox 202 2175 496 2245; x_wconf 88' lang='lat' dir='ltr'>necdum</span> <span class='ocrx_word' id='word_1_205' title='bbox 555 2176 802 2247; x_wconf 86' lang='lat' dir='ltr'>collata</span> <span class='ocrx_word' id='word_1_206' title='bbox 865 2176 1223 2247; x_wconf 88' lang='lat' dir='ltr'>securitas.</span> <span class='ocrx_word' id='word_1_207' title='bbox 1291 2174 1430 2262; x_wconf 78' lang='lat' dir='ltr'>Etsi</span> <span class='ocrx_word' id='word_1_208' title='bbox 1481 2174 1593 2265; x_wconf 90' lang='lat' dir='ltr'>pia</span> <span class='ocrx_word' id='word_1_209' title='bbox 1646 2174 1768 2243; x_wconf 90' lang='lat' dir='ltr'>tibi</span> <span class='ocrx_word' id='word_1_210' title='bbox 1831 2171 2258 2262; x_wconf 85' lang='lat' dir='ltr'>impenditur</span> <span class='ocrx_word' id='word_1_211' title='bbox 2322 2170 2745 2263; x_wconf 75' lang='lat' dir='ltr'>gratulatio,</span> 
     </span>
     <span class='ocr_line' id='line_1_23' title="bbox 202 2259 2752 2355; baseline -0.002 -21"><span class='ocrx_word' id='word_1_212' title='bbox 202 2264 359 2334; x_wconf 79' lang='lat' dir='ltr'>felix</span> <span class='ocrx_word' id='word_1_213' title='bbox 404 2264 657 2345; x_wconf 90' lang='lat' dir='ltr'>anima,</span> <span class='ocrx_word' id='word_1_214' title='bbox 695 2287 871 2353; x_wconf 89' lang='lat' dir='ltr'>quae</span> <span class='ocrx_word' id='word_1_215' title='bbox 922 2265 987 2333; x_wconf 91' lang='lat' dir='ltr'>in</span> <span class='ocrx_word' id='word_1_216' title='bbox 1024 2262 1452 2355; x_wconf 86' lang='lat' dir='ltr'>plenitudine</span> <span class='ocrx_word' id='word_1_217' title='bbox 1500 2262 1678 2333; x_wconf 89' lang='lat' dir='ltr'>lucis</span> <span class='ocrx_word' id='word_1_218' title='bbox 1723 2261 2027 2331; x_wconf 86' lang='lat' dir='ltr'>exultas:</span> <span class='ocrx_word' id='word_1_219' title='bbox 2085 2281 2219 2329; x_wconf 92' lang='lat' dir='ltr'>non</span> <span class='ocrx_word' id='word_1_220' title='bbox 2263 2273 2493 2330; x_wconf 91' lang='lat' dir='ltr'>tamen</span> <span class='ocrx_word' id='word_1_221' title='bbox 2530 2259 2752 2347; x_wconf 90' lang='lat' dir='ltr'>impia</span> 
     </span>
     <span class='ocr_line' id='line_1_24' title="bbox 204 2348 2754 2443; baseline -0.003 -21"><span class='ocrx_word' id='word_1_222' title='bbox 204 2375 411 2443; x_wconf 87' lang='lat' dir='ltr'>super</span> <span class='ocrx_word' id='word_1_223' title='bbox 457 2376 582 2424; x_wconf 86' lang='lat' dir='ltr'>nos</span> <span class='ocrx_word' id='word_1_224' title='bbox 642 2353 1024 2423; x_wconf 88' lang='lat' dir='ltr'>assumitur</span> <span class='ocrx_word' id='word_1_225' title='bbox 1072 2352 1466 2422; x_wconf 88' lang='lat' dir='ltr'>lamentatio</span> <span class='ocrx_word' id='word_1_226' title='bbox 1496 2405 1513 2433; x_wconf 92' lang='lat'>,</span> <span class='ocrx_word' id='word_1_227' title='bbox 1565 2351 1687 2440; x_wconf 92' lang='lat' dir='ltr'>qui</span> <span class='ocrx_word' id='word_1_228' title='bbox 1740 2349 1955 2420; x_wconf 90' lang='lat' dir='ltr'>relicti</span> <span class='ocrx_word' id='word_1_229' title='bbox 2006 2371 2295 2418; x_wconf 89' lang='lat' dir='ltr'>sumus:</span> <span class='ocrx_word' id='word_1_230' title='bbox 2353 2360 2503 2439; x_wconf 88' lang='lat' dir='ltr'>post</span> <span class='ocrx_word' id='word_1_231' title='bbox 2554 2348 2754 2418; x_wconf 91' lang='lat' dir='ltr'>miri-</span> 
     </span>
     <span class='ocr_line' id='line_1_25' title="bbox 201 2436 2751 2532; baseline -0.002 -19"><span class='ocrx_word' id='word_1_232' title='bbox 201 2441 426 2525; x_wconf 85' lang='lat' dir='ltr'>ficam,</span> <span class='ocrx_word' id='word_1_233' title='bbox 490 2444 558 2512; x_wconf 89' lang='lat' dir='ltr'>in</span> <span class='ocrx_word' id='word_1_234' title='bbox 609 2465 746 2532; x_wconf 89' lang='lat' dir='ltr'>qua</span> <span class='ocrx_word' id='word_1_235' title='bbox 796 2442 1129 2513; x_wconf 90' lang='lat' dir='ltr'>hactenus</span> <span class='ocrx_word' id='word_1_236' title='bbox 1175 2440 1661 2521; x_wconf 84' lang='lat' dir='ltr'>exultavimus,</span> <span class='ocrx_word' id='word_1_237' title='bbox 1716 2438 2133 2517; x_wconf 87' lang='lat' dir='ltr'>claritatem,</span> <span class='ocrx_word' id='word_1_238' title='bbox 2194 2437 2471 2508; x_wconf 86' lang='lat' dir='ltr'>horrere</span> <span class='ocrx_word' id='word_1_239' title='bbox 2525 2436 2751 2527; x_wconf 89' lang='lat' dir='ltr'>magis</span> 
     </span>
     <span class='ocr_line' id='line_1_26' title="bbox 200 2526 2752 2622; baseline -0.002 -22"><span class='ocrx_word' id='word_1_240' title='bbox 200 2533 513 2602; x_wconf 88' lang='lat' dir='ltr'>tenebras</span> <span class='ocrx_word' id='word_1_241' title='bbox 560 2533 1073 2603; x_wconf 88' lang='lat' dir='ltr'>subintrantes:</span> <span class='ocrx_word' id='word_1_242' title='bbox 1129 2528 1279 2622; x_wconf 86' lang='lat' dir='ltr'>post</span> <span class='ocrx_word' id='word_1_243' title='bbox 1325 2552 1557 2611; x_wconf 90' lang='lat' dir='ltr'>aurea,</span> <span class='ocrx_word' id='word_1_244' title='bbox 1609 2551 1788 2617; x_wconf 88' lang='lat' dir='ltr'>quae</span> <span class='ocrx_word' id='word_1_245' title='bbox 1841 2527 2045 2618; x_wconf 88' lang='lat' dir='ltr'>paulo</span> <span class='ocrx_word' id='word_1_246' title='bbox 2075 2539 2234 2595; x_wconf 90' lang='lat' dir='ltr'>ante</span> <span class='ocrx_word' id='word_1_247' title='bbox 2268 2526 2594 2606; x_wconf 87' lang='lat' dir='ltr'>vidimus,</span> <span class='ocrx_word' id='word_1_248' title='bbox 2643 2547 2752 2596; x_wconf 91' lang='lat' dir='ltr'>se-</span> 
     </span>
     <span class='ocr_line' id='line_1_27' title="bbox 195 2613 2754 2712; baseline -0.002 -23"><span class='ocrx_word' id='word_1_249' title='bbox 195 2621 375 2701; x_wconf 86' lang='lat' dir='ltr'>cula,</span> <span class='ocrx_word' id='word_1_250' title='bbox 431 2622 712 2712; x_wconf 84' lang='lat' dir='ltr'>gravius</span> <span class='ocrx_word' id='word_1_251' title='bbox 758 2620 934 2690; x_wconf 86' lang='lat' dir='ltr'>ferre</span> <span class='ocrx_word' id='word_1_252' title='bbox 979 2620 1108 2690; x_wconf 91' lang='lat' dir='ltr'>hoc</span> <span class='ocrx_word' id='word_1_253' title='bbox 1159 2620 1362 2709; x_wconf 89' lang='lat' dir='ltr'>plane</span> <span class='ocrx_word' id='word_1_254' title='bbox 1411 2619 1758 2699; x_wconf 76' lang='lat' dir='ltr'>ferreum,</span> <span class='ocrx_word' id='word_1_255' title='bbox 1812 2615 1998 2704; x_wconf 91' lang='lat' dir='ltr'>quod</span> <span class='ocrx_word' id='word_1_256' title='bbox 2050 2615 2408 2686; x_wconf 85' lang='lat' dir='ltr'>successit.</span> <span class='ocrx_word' id='word_1_257' title='bbox 2466 2613 2597 2685; x_wconf 91' lang='lat' dir='ltr'>Sed</span> <span class='ocrx_word' id='word_1_258' title='bbox 2648 2636 2754 2684; x_wconf 89' lang='lat' dir='ltr'>re-</span> 
     </span>
     <span class='ocr_line' id='line_1_28' title="bbox 198 2704 2754 2798; baseline -0.002 -20"><span class='ocrx_word' id='word_1_259' title='bbox 198 2710 558 2780; x_wconf 86' lang='lat' dir='ltr'>flectamus</span> <span class='ocrx_word' id='word_1_260' title='bbox 605 2708 862 2798; x_wconf 90' lang='lat' dir='ltr'>stylum</span> <span class='ocrx_word' id='word_1_261' title='bbox 913 2708 995 2779; x_wconf 90' lang='lat' dir='ltr'>ad</span> <span class='ocrx_word' id='word_1_262' title='bbox 1046 2708 1363 2779; x_wconf 89' lang='lat' dir='ltr'>ordinem</span> <span class='ocrx_word' id='word_1_263' title='bbox 1415 2706 1870 2787; x_wconf 88' lang='lat' dir='ltr'>narrationis,</span> <span class='ocrx_word' id='word_1_264' title='bbox 1931 2718 1997 2775; x_wconf 89' lang='lat' dir='ltr'>et</span> <span class='ocrx_word' id='word_1_265' title='bbox 2048 2717 2437 2795; x_wconf 88' lang='lat' dir='ltr'>paternum,</span> <span class='ocrx_word' id='word_1_266' title='bbox 2494 2704 2754 2791; x_wconf 90' lang='lat' dir='ltr'>quibus</span> 
     </span>
     <span class='ocr_line' id='line_1_29' title="bbox 199 2792 2744 2889; baseline -0.005 -20"><span class='ocrx_word' id='word_1_267' title='bbox 199 2819 595 2889; x_wconf 90' lang='lat' dir='ltr'>possumus,</span> <span class='ocrx_word' id='word_1_268' title='bbox 649 2800 823 2868; x_wconf 85' lang='lat' dir='ltr'>votis</span> <span class='ocrx_word' id='word_1_269' title='bbox 867 2799 1125 2868; x_wconf 85' lang='lat' dir='ltr'>exitum</span> <span class='ocrx_word' id='word_1_270' title='bbox 1221 2818 1694 2884; x_wconf 88' lang='lat' dir='ltr'>rosequamur,</span> <span class='ocrx_word' id='word_1_271' title='bbox 1753 2794 2013 2865; x_wconf 83' lang='lat' dir='ltr'>exitum</span> <span class='ocrx_word' id='word_1_272' title='bbox 2068 2792 2267 2862; x_wconf 89' lang='lat' dir='ltr'>nobis</span> <span class='ocrx_word' id='word_1_273' title='bbox 2315 2792 2744 2884; x_wconf 83' lang='lat' dir='ltr'>lugubrem:</span> 
     </span>
     <span class='ocr_line' id='line_1_30' title="bbox 199 2886 1339 2977; baseline -0.004 -21"><span class='ocrx_word' id='word_1_274' title='bbox 199 2908 357 2956; x_wconf 90' lang='lat' dir='ltr'>nam</span> <span class='ocrx_word' id='word_1_275' title='bbox 393 2886 494 2955; x_wconf 91' lang='lat' dir='ltr'>illi</span> <span class='ocrx_word' id='word_1_276' title='bbox 545 2887 773 2977; x_wconf 89' lang='lat' dir='ltr'>potius</span> <span class='ocrx_word' id='word_1_277' title='bbox 824 2886 1173 2977; x_wconf 89' lang='lat' dir='ltr'>triumpha</span> <span class='ocrx_word' id='word_1_278' title='bbox 1206 2908 1339 2957; x_wconf 90' lang='lat' dir='ltr'>em.</span> 
     </span>
    </p>

    <p class='ocr_par' dir='ltr' id='par_1_3' title="bbox 198 2968 2771 4486">
     <span class='ocr_line' id='line_1_31' title="bbox 259 2968 2749 3067; baseline -0.004 -19"><span class='ocrx_word' id='word_1_279' title='bbox 259 2977 327 3067; x_wconf 65' lang='lat'>&gt;5</span> <span class='ocrx_word' id='word_1_280' title='bbox 373 2980 516 3048; x_wconf 61' lang='lat'>11.</span> <span class='ocrx_word' id='word_1_281' title='bbox 567 2980 733 3046; x_wconf 77' lang='lat' dir='ltr'>Ante</span> <span class='ocrx_word' id='word_1_282' title='bbox 799 2976 1012 3067; x_wconf 87' lang='lat' dir='ltr'>patris</span> <span class='ocrx_word' id='word_1_283' title='bbox 1061 2975 1272 3065; x_wconf 89' lang='lat' dir='ltr'>hujus</span> <span class='ocrx_word' id='word_1_284' title='bbox 1330 2995 1687 3044; x_wconf 84' lang='lat' dir='ltr'>excessum</span> <span class='ocrx_word' id='word_1_285' title='bbox 1737 2971 2139 3043; x_wconf 89' lang='lat' dir='ltr'>accedentes</span> <span class='ocrx_word' id='word_1_286' title='bbox 2207 2969 2291 3039; x_wconf 90' lang='lat' dir='ltr'>ad</span> <span class='ocrx_word' id='word_1_287' title='bbox 2360 2992 2520 3040; x_wconf 91' lang='lat' dir='ltr'>eum</span> <span class='ocrx_word' id='word_1_288' title='bbox 2573 2968 2749 3055; x_wconf 89' lang='lat' dir='ltr'>filii,</span> 
     </span>
     <span class='ocr_line' id='line_1_32' title="bbox 198 3059 2753 3156; baseline -0.003 -21"><span class='ocrx_word' id='word_1_289' title='bbox 198 3086 371 3153; x_wconf 88' lang='lat' dir='ltr'>quos</span> <span class='ocrx_word' id='word_1_290' title='bbox 419 3085 539 3154; x_wconf 87' lang='lat' dir='ltr'>per</span> <span class='ocrx_word' id='word_1_291' title='bbox 604 3065 1047 3156; x_wconf 88' lang='lat' dir='ltr'>Evangelium</span> <span class='ocrx_word' id='word_1_292' title='bbox 1115 3065 1263 3153; x_wconf 92' lang='lat' dir='ltr'>ipse</span> <span class='ocrx_word' id='word_1_293' title='bbox 1310 3072 1692 3153; x_wconf 84' lang='lat' dir='ltr'>genuerat,</span> <span class='ocrx_word' id='word_1_294' title='bbox 1762 3059 2154 3152; x_wconf 83' lang='lat' dir='ltr'>piissimum</span> <span class='ocrx_word' id='word_1_295' title='bbox 2219 3059 2370 3150; x_wconf 87' lang='lat' dir='ltr'>ejus</span> <span class='ocrx_word' id='word_1_296' title='bbox 2434 3060 2753 3128; x_wconf 91' lang='lat' dir='ltr'>animum</span> 
     </span>
     <span class='ocr_line' id='line_1_33' title="bbox 201 3147 2750 3244; baseline -0.004 -20"><span class='ocrx_word' id='word_1_297' title='bbox 201 3152 632 3241; x_wconf 88' lang='lat' dir='ltr'>lacrymabili</span> <span class='ocrx_word' id='word_1_298' title='bbox 703 3153 1208 3244; x_wconf 89' lang='lat' dir='ltr'>supplicatione</span> <span class='ocrx_word' id='word_1_299' title='bbox 1259 3152 1682 3243; x_wconf 89' lang='lat' dir='ltr'>pulsabant,</span> <span class='ocrx_word' id='word_1_300' title='bbox 1745 3162 1811 3220; x_wconf 91' lang='lat' dir='ltr'>et</span> <span class='ocrx_word' id='word_1_301' title='bbox 1876 3148 2044 3218; x_wconf 87' lang='lat' dir='ltr'>haec</span> <span class='ocrx_word' id='word_1_302' title='bbox 2093 3159 2297 3236; x_wconf 86' lang='lat' dir='ltr'>atque</span> <span class='ocrx_word' id='word_1_303' title='bbox 2346 3147 2750 3240; x_wconf 85' lang='lat' dir='ltr'>hujusmodi</span> 
     </span>
     <span class='ocr_line' id='line_1_34' title="bbox 204 3237 2759 3330; baseline -0.003 -18"><span class='ocrx_word' id='word_1_304' title='bbox 204 3240 704 3330; x_wconf 87' lang='lat' dir='ltr'>loquebantur:</span> <span class='ocrx_word' id='word_1_305' title='bbox 774 3239 1121 3329; x_wconf 87' lang='lat' dir='ltr'>Numquid</span> <span class='ocrx_word' id='word_1_306' title='bbox 1189 3262 1324 3311; x_wconf 90' lang='lat' dir='ltr'>non</span> <span class='ocrx_word' id='word_1_307' title='bbox 1380 3240 1737 3310; x_wconf 89' lang='lat' dir='ltr'>misereris</span> <span class='ocrx_word' id='word_1_308' title='bbox 1807 3238 1968 3308; x_wconf 88' lang='lat' dir='ltr'>huic</span> <span class='ocrx_word' id='word_1_309' title='bbox 2038 3237 2451 3307; x_wconf 88' lang='lat' dir='ltr'>monasterio</span> <span class='ocrx_word' id='word_1_310' title='bbox 2517 3240 2759 3328; x_wconf 81' lang='lat' dir='ltr'>pater?</span> 
     </span>
     <span class='ocr_line' id='line_1_35' title="bbox 200 3325 2758 3421; baseline -0.003 -19"><span class='ocrx_word' id='word_1_311' title='bbox 200 3330 547 3419; x_wconf 82' lang='lat' dir='ltr'>Numquid</span> <span class='ocrx_word' id='word_1_312' title='bbox 601 3352 734 3401; x_wconf 92' lang='lat' dir='ltr'>non</span> <span class='ocrx_word' id='word_1_313' title='bbox 786 3329 1202 3421; x_wconf 79' lang='lat' dir='ltr'>compateris</span> <span class='ocrx_word' id='word_1_314' title='bbox 1251 3328 1472 3410; x_wconf 81' lang='lat' dir='ltr'>nobiS,</span> <span class='ocrx_word' id='word_1_315' title='bbox 1524 3350 1700 3416; x_wconf 89' lang='lat' dir='ltr'>quos</span> <span class='ocrx_word' id='word_1_316' title='bbox 1759 3340 1945 3398; x_wconf 89' lang='lat' dir='ltr'>tanto</span> <span class='ocrx_word' id='word_1_317' title='bbox 1996 3325 2266 3416; x_wconf 86' lang='lat' dir='ltr'>pietatis</span> <span class='ocrx_word' id='word_1_318' title='bbox 2313 3326 2563 3396; x_wconf 82' lang='lat' dir='ltr'>affectu</span> <span class='ocrx_word' id='word_1_319' title='bbox 2614 3347 2758 3395; x_wconf 91' lang='lat' dir='ltr'>ma-</span> 
     </span>
     <span class='ocr_line' id='line_1_36' title="bbox 206 3413 2757 3509; baseline -0.003 -18"><span class='ocrx_word' id='word_1_320' title='bbox 206 3420 418 3491; x_wconf 81' lang='lat' dir='ltr'>ternis</span> <span class='ocrx_word' id='word_1_321' title='bbox 466 3418 732 3490; x_wconf 88' lang='lat' dir='ltr'>lactasti</span> <span class='ocrx_word' id='word_1_322' title='bbox 786 3419 1161 3500; x_wconf 77' lang='lat' dir='ltr'>uberibuS,</span> <span class='ocrx_word' id='word_1_323' title='bbox 1217 3430 1501 3509; x_wconf 84' lang='lat' dir='ltr'>paterna</span> <span class='ocrx_word' id='word_1_324' title='bbox 1547 3416 2017 3488; x_wconf 89' lang='lat' dir='ltr'>consolatione</span> <span class='ocrx_word' id='word_1_325' title='bbox 2063 3414 2351 3485; x_wconf 76' lang='lat' dir='ltr'>fovisti?</span> <span class='ocrx_word' id='word_1_326' title='bbox 2400 3413 2757 3498; x_wconf 86' lang='lat' dir='ltr'>Quomodo</span> 
     </span>
     <span class='ocr_line' id='line_1_37' title="bbox 205 3502 2756 3610; baseline -0.002 -31"><span class='ocrx_word' id='word_1_327' title='bbox 205 3509 303 3580; x_wconf 88' lang='lat' dir='ltr'>sic</span> <span class='ocrx_word' id='word_1_328' title='bbox 349 3508 637 3610; x_wconf 85' lang='lat' dir='ltr'>exponis</span> <span class='ocrx_word' id='word_1_329' title='bbox 685 3508 955 3578; x_wconf 87' lang='lat' dir='ltr'>labores</span> <span class='ocrx_word' id='word_1_330' title='bbox 1003 3521 1180 3588; x_wconf 89' lang='lat' dir='ltr'>tuos,</span> <span class='ocrx_word' id='word_1_331' title='bbox 1248 3529 1423 3596; x_wconf 90' lang='lat' dir='ltr'>quos</span> <span class='ocrx_word' id='word_1_332' title='bbox 1475 3507 1543 3575; x_wconf 93' lang='lat' dir='ltr'>in</span> <span class='ocrx_word' id='word_1_333' title='bbox 1584 3505 1732 3576; x_wconf 88' lang='lat' dir='ltr'>loco</span> <span class='ocrx_word' id='word_1_334' title='bbox 1780 3506 1907 3576; x_wconf 93' lang='lat' dir='ltr'>hoc</span> <span class='ocrx_word' id='word_1_335' title='bbox 1959 3504 2338 3575; x_wconf 76' lang='lat' dir='ltr'>laborasti?</span> <span class='ocrx_word' id='word_1_336' title='bbox 2396 3502 2756 3587; x_wconf 88' lang='lat' dir='ltr'>Quomodo</span> 
     </span>
     <span class='ocr_line' id='line_1_38' title="bbox 207 3593 2752 3684; baseline -0.002 -17"><span class='ocrx_word' id='word_1_337' title='bbox 207 3611 341 3667; x_wconf 87' lang='lat' dir='ltr'>tam</span> <span class='ocrx_word' id='word_1_338' title='bbox 393 3597 680 3668; x_wconf 77' lang='lat' dir='ltr'>dilectos</span> <span class='ocrx_word' id='word_1_339' title='bbox 730 3598 1063 3668; x_wconf 86' lang='lat' dir='ltr'>hactenus</span> <span class='ocrx_word' id='word_1_340' title='bbox 1110 3596 1295 3667; x_wconf 86' lang='lat' dir='ltr'>filios</span> <span class='ocrx_word' id='word_1_341' title='bbox 1339 3595 1441 3666; x_wconf 90' lang='lat' dir='ltr'>sic</span> <span class='ocrx_word' id='word_1_342' title='bbox 1495 3594 1886 3683; x_wconf 76' lang='lat' dir='ltr'>relinquis?</span> <span class='ocrx_word' id='word_1_343' title='bbox 1932 3599 2123 3664; x_wconf 91' lang='lat' dir='ltr'>Tunc</span> <span class='ocrx_word' id='word_1_344' title='bbox 2171 3593 2344 3663; x_wconf 88' lang='lat' dir='ltr'>flens</span> <span class='ocrx_word' id='word_1_345' title='bbox 2394 3593 2543 3684; x_wconf 89' lang='lat' dir='ltr'>ipse</span> <span class='ocrx_word' id='word_1_346' title='bbox 2589 3614 2752 3662; x_wconf 89' lang='lat' dir='ltr'>cum</span> 
     </span>
     <span class='ocr_line' id='line_1_39' title="bbox 203 3682 2758 3772; baseline -0.003 -17"><span class='ocrx_word' id='word_1_347' title='bbox 203 3685 551 3763; x_wconf 85' lang='lat' dir='ltr'>flentibus,</span> <span class='ocrx_word' id='word_1_348' title='bbox 607 3699 672 3755; x_wconf 89' lang='lat' dir='ltr'>et</span> <span class='ocrx_word' id='word_1_349' title='bbox 717 3685 1156 3757; x_wconf 90' lang='lat' dir='ltr'>columbinos</span> <span class='ocrx_word' id='word_1_350' title='bbox 1203 3686 1272 3754; x_wconf 93' lang='lat' dir='ltr'>in</span> <span class='ocrx_word' id='word_1_351' title='bbox 1322 3683 1589 3755; x_wconf 91' lang='lat' dir='ltr'>coelum</span> <span class='ocrx_word' id='word_1_352' title='bbox 1638 3683 1881 3754; x_wconf 89' lang='lat' dir='ltr'>oculos</span> <span class='ocrx_word' id='word_1_353' title='bbox 1941 3682 2299 3772; x_wconf 86' lang='lat' dir='ltr'>porrigens</span> <span class='ocrx_word' id='word_1_354' title='bbox 2328 3734 2345 3763; x_wconf 94' lang='lat'>,</span> <span class='ocrx_word' id='word_1_355' title='bbox 2397 3704 2477 3750; x_wconf 89' lang='lat' dir='ltr'>ac</span> <span class='ocrx_word' id='word_1_356' title='bbox 2528 3692 2758 3750; x_wconf 87' lang='lat' dir='ltr'>mente</span> 
     </span>
     <span class='ocr_line' id='line_1_40' title="bbox 205 3770 2759 3874; baseline -0.003 -29"><span class='ocrx_word' id='word_1_357' title='bbox 205 3787 338 3845; x_wconf 89' lang='lat' dir='ltr'>tota</span> <span class='ocrx_word' id='word_1_358' title='bbox 386 3773 845 3865; x_wconf 82' lang='lat' dir='ltr'>Apostolicum</span> <span class='ocrx_word' id='word_1_359' title='bbox 907 3774 1104 3844; x_wconf 92' lang='lat' dir='ltr'>illum</span> <span class='ocrx_word' id='word_1_360' title='bbox 1157 3773 1478 3865; x_wconf 87' lang='lat' dir='ltr'>spiritum</span> <span class='ocrx_word' id='word_1_361' title='bbox 1530 3772 1934 3874; x_wconf 84' lang='lat' dir='ltr'>concipiens</span> <span class='ocrx_word' id='word_1_362' title='bbox 1966 3825 1983 3852; x_wconf 95' lang='lat'>,</span> <span class='ocrx_word' id='word_1_363' title='bbox 2051 3770 2429 3843; x_wconf 89' lang='lat' dir='ltr'>testabatur</span> <span class='ocrx_word' id='word_1_364' title='bbox 2487 3791 2560 3839; x_wconf 93' lang='lat' dir='ltr'>se</span> <span class='ocrx_word' id='word_1_365' title='bbox 2607 3790 2759 3838; x_wconf 90' lang='lat' dir='ltr'>esse</span> 
     </span>
     <span class='ocr_line' id='line_1_41' title="bbox 204 3858 2755 3953; baseline -0.003 -21"><span class='ocrx_word' id='word_1_366' title='bbox 204 3876 620 3934; x_wconf 86' lang='lat' dir='ltr'>coarctatum</span> <span class='ocrx_word' id='word_1_367' title='bbox 656 3884 694 3933; x_wconf 92' lang='lat' dir='ltr'>e</span> <span class='ocrx_word' id='word_1_368' title='bbox 730 3863 1029 3943; x_wconf 90' lang='lat' dir='ltr'>duobus,</span> <span class='ocrx_word' id='word_1_369' title='bbox 1087 3875 1150 3933; x_wconf 91' lang='lat' dir='ltr'>et</span> <span class='ocrx_word' id='word_1_370' title='bbox 1195 3861 1364 3951; x_wconf 90' lang='lat' dir='ltr'>quid</span> <span class='ocrx_word' id='word_1_371' title='bbox 1404 3861 1693 3952; x_wconf 89' lang='lat' dir='ltr'>eligeret</span> <span class='ocrx_word' id='word_1_372' title='bbox 1727 3871 2183 3953; x_wconf 80' lang='lat' dir='ltr'>ignorantem,</span> <span class='ocrx_word' id='word_1_373' title='bbox 2224 3858 2497 3928; x_wconf 87' lang='lat' dir='ltr'>divinae</span> <span class='ocrx_word' id='word_1_374' title='bbox 2540 3869 2755 3928; x_wconf 90' lang='lat' dir='ltr'>totum</span> 
     </span>
     <span class='ocr_line' id='line_1_42' title="bbox 207 3946 2759 4043; baseline -0.002 -22"><span class='ocrx_word' id='word_1_375' title='bbox 207 3951 488 4022; x_wconf 89' lang='lat' dir='ltr'>arbitrio</span> <span class='ocrx_word' id='word_1_376' title='bbox 545 3952 849 4022; x_wconf 90' lang='lat' dir='ltr'>tribuere</span> <span class='ocrx_word' id='word_1_377' title='bbox 920 3952 1210 4043; x_wconf 88' lang='lat' dir='ltr'>pietatis.</span> <span class='ocrx_word' id='word_1_378' title='bbox 1283 3956 1448 4021; x_wconf 86' lang='lat' dir='ltr'>Nam</span> <span class='ocrx_word' id='word_1_379' title='bbox 1501 3964 1567 4020; x_wconf 92' lang='lat' dir='ltr'>et</span> <span class='ocrx_word' id='word_1_380' title='bbox 1629 3950 1792 4020; x_wconf 90' lang='lat' dir='ltr'>hinc</span> <span class='ocrx_word' id='word_1_381' title='bbox 1858 3961 2139 4039; x_wconf 88' lang='lat' dir='ltr'>paterna</span> <span class='ocrx_word' id='word_1_382' title='bbox 2202 3946 2402 4017; x_wconf 90' lang='lat' dir='ltr'>illum</span> <span class='ocrx_word' id='word_1_383' title='bbox 2466 3969 2553 4017; x_wconf 91' lang='lat' dir='ltr'>ur</span> <span class='ocrx_word' id='word_1_384' title='bbox 2601 3946 2759 4016; x_wconf 90' lang='lat' dir='ltr'>ebat</span> 
     </span>
     <span class='ocr_line' id='line_1_43' title="bbox 209 4035 2771 4129; baseline -0.001 -21"><span class='ocrx_word' id='word_1_385' title='bbox 209 4038 550 4121; x_wconf 85' lang='lat' dir='ltr'>charitas,</span> <span class='ocrx_word' id='word_1_386' title='bbox 608 4040 909 4111; x_wconf 85' lang='lat' dir='ltr'>liliorum</span> <span class='ocrx_word' id='word_1_387' title='bbox 966 4041 1140 4111; x_wconf 84' lang='lat' dir='ltr'>votis</span> <span class='ocrx_word' id='word_1_388' title='bbox 1187 4061 1519 4120; x_wconf 88' lang='lat' dir='ltr'>annuere,</span> <span class='ocrx_word' id='word_1_389' title='bbox 1573 4051 1651 4109; x_wconf 90' lang='lat' dir='ltr'>ut</span> <span class='ocrx_word' id='word_1_390' title='bbox 1702 4050 2056 4109; x_wconf 87' lang='lat' dir='ltr'>maneret:</span> <span class='ocrx_word' id='word_1_391' title='bbox 2108 4048 2174 4106; x_wconf 92' lang='lat' dir='ltr'>et</span> <span class='ocrx_word' id='word_1_392' title='bbox 2224 4035 2384 4105; x_wconf 90' lang='lat' dir='ltr'>inde</span> <span class='ocrx_word' id='word_1_393' title='bbox 2446 4049 2548 4105; x_wconf 88' lang='lat' dir='ltr'>tra</span> <span class='ocrx_word' id='word_1_394' title='bbox 2602 4035 2771 4129; x_wconf 64' lang='lat' dir='ltr'>ebat=</span> 
     </span>
     <span class='ocr_line' id='line_1_44' title="bbox 207 4123 2759 4221; baseline -0.002 -23"><span class='ocrx_word' id='word_1_395' title='bbox 207 4127 452 4200; x_wconf 86' lang='lat' dir='ltr'>Christi</span> <span class='ocrx_word' id='word_1_396' title='bbox 501 4129 948 4210; x_wconf 88' lang='lat' dir='ltr'>desiderium,</span> <span class='ocrx_word' id='word_1_397' title='bbox 1000 4142 1077 4199; x_wconf 89' lang='lat' dir='ltr'>ut</span> <span class='ocrx_word' id='word_1_398' title='bbox 1119 4130 1470 4221; x_wconf 82' lang='lat' dir='ltr'>migraret.</span> <span class='ocrx_word' id='word_1_399' title='bbox 1525 4127 1647 4198; x_wconf 91' lang='lat' dir='ltr'>Cui</span> <span class='ocrx_word' id='word_1_400' title='bbox 1700 4140 1925 4197; x_wconf 90' lang='lat' dir='ltr'>tamen</span> <span class='ocrx_word' id='word_1_401' title='bbox 1961 4127 2049 4197; x_wconf 88' lang='lat' dir='ltr'>ab</span> <span class='ocrx_word' id='word_1_402' title='bbox 2078 4125 2244 4195; x_wconf 88' lang='lat' dir='ltr'>olim</span> <span class='ocrx_word' id='word_1_403' title='bbox 2271 4125 2418 4216; x_wconf 89' lang='lat' dir='ltr'>jam</span> <span class='ocrx_word' id='word_1_404' title='bbox 2453 4138 2518 4194; x_wconf 89' lang='lat' dir='ltr'>et</span> <span class='ocrx_word' id='word_1_405' title='bbox 2550 4123 2759 4194; x_wconf 87' lang='lat' dir='ltr'>altius</span> 
     </span>
     <span class='ocr_line' id='line_1_45' title="bbox 214 4212 2758 4319; baseline -0 -33"><span class='ocrx_word' id='word_1_406' title='bbox 214 4216 514 4288; x_wconf 86' lang='lat' dir='ltr'>radicata</span> <span class='ocrx_word' id='word_1_407' title='bbox 549 4220 615 4288; x_wconf 90' lang='lat' dir='ltr'>in</span> <span class='ocrx_word' id='word_1_408' title='bbox 655 4232 922 4310; x_wconf 83' lang='lat' dir='ltr'>pectore</span> <span class='ocrx_word' id='word_1_409' title='bbox 950 4218 1101 4319; x_wconf 85' lang='lat' dir='ltr'>ejus</span> <span class='ocrx_word' id='word_1_410' title='bbox 1135 4216 1487 4287; x_wconf 84' lang='lat' dir='ltr'>humilitas</span> <span class='ocrx_word' id='word_1_411' title='bbox 1523 4228 1984 4306; x_wconf 86' lang='lat' dir='ltr'>persuaserat,</span> <span class='ocrx_word' id='word_1_412' title='bbox 2023 4229 2101 4285; x_wconf 91' lang='lat' dir='ltr'>ut</span> <span class='ocrx_word' id='word_1_413' title='bbox 2136 4236 2216 4284; x_wconf 83' lang='lat' dir='ltr'>ex</span> <span class='ocrx_word' id='word_1_414' title='bbox 2247 4213 2490 4285; x_wconf 91' lang='lat' dir='ltr'>intimo</span> <span class='ocrx_word' id='word_1_415' title='bbox 2529 4212 2758 4307; x_wconf 78' lang='lat' dir='ltr'>cordis</span> 
     </span>
     <span class='ocr_line' id='line_1_46' title="bbox 208 4303 2759 4384; baseline -0.002 -7"><span class='ocrx_word' id='word_1_416' title='bbox 208 4306 455 4377; x_wconf 82' lang='lat' dir='ltr'>affectu</span> <span class='ocrx_word' id='word_1_417' title='bbox 504 4329 775 4378; x_wconf 90' lang='lat' dir='ltr'>servum</span> <span class='ocrx_word' id='word_1_418' title='bbox 827 4308 1144 4377; x_wconf 79' lang='lat' dir='ltr'>inutilem</span> <span class='ocrx_word' id='word_1_419' title='bbox 1195 4328 1268 4376; x_wconf 90' lang='lat' dir='ltr'>se</span> <span class='ocrx_word' id='word_1_420' title='bbox 1314 4327 1463 4377; x_wconf 90' lang='lat' dir='ltr'>esse</span> <span class='ocrx_word' id='word_1_421' title='bbox 1511 4305 1792 4384; x_wconf 89' lang='lat' dir='ltr'>diceret,</span> <span class='ocrx_word' id='word_1_422' title='bbox 1845 4319 1910 4376; x_wconf 87' lang='lat' dir='ltr'>et</span> <span class='ocrx_word' id='word_1_423' title='bbox 1956 4305 2268 4374; x_wconf 87' lang='lat' dir='ltr'>arborem</span> <span class='ocrx_word' id='word_1_424' title='bbox 2307 4303 2605 4374; x_wconf 90' lang='lat' dir='ltr'>sterilem</span> <span class='ocrx_word' id='word_1_425' title='bbox 2650 4324 2759 4372; x_wconf 88' lang='lat' dir='ltr'>re-</span> 
     </span>
     <span class='ocr_line' id='line_1_47' title="bbox 214 4392 2755 4486; baseline -0.001 -23"><span class='ocrx_word' id='word_1_426' title='bbox 214 4408 505 4486; x_wconf 88' lang='lat' dir='ltr'>putaret,</span> <span class='ocrx_word' id='word_1_427' title='bbox 558 4419 636 4466; x_wconf 84' lang='lat' dir='ltr'>ex</span> <span class='ocrx_word' id='word_1_428' title='bbox 686 4396 891 4486; x_wconf 91' lang='lat' dir='ltr'>cujus</span> <span class='ocrx_word' id='word_1_429' title='bbox 933 4397 1067 4466; x_wconf 76' lang='lat' dir='ltr'>vita</span> <span class='ocrx_word' id='word_1_430' title='bbox 1117 4395 1358 4466; x_wconf 88' lang='lat' dir='ltr'>nullus</span> <span class='ocrx_word' id='word_1_431' title='bbox 1406 4394 1538 4465; x_wconf 90' lang='lat' dir='ltr'>sibi</span> <span class='ocrx_word' id='word_1_432' title='bbox 1588 4394 1880 4477; x_wconf 84' lang='lat' dir='ltr'>fructus,</span> <span class='ocrx_word' id='word_1_433' title='bbox 1935 4393 2172 4463; x_wconf 89' lang='lat' dir='ltr'>nullus</span> <span class='ocrx_word' id='word_1_434' title='bbox 2204 4392 2398 4463; x_wconf 89' lang='lat' dir='ltr'>alteri</span> <span class='ocrx_word' id='word_1_435' title='bbox 2428 4393 2755 4479; x_wconf 90' lang='lat' dir='ltr'>cuiquam</span> 
     </span>
    </p>
   </div>
  </div>
 </body>
</html>
