3308 5004
166 256 350 325 Atto.
401 258 488 324 29
776 276 844 325 nt
890 273 1089 325 rsssro
1129 249 1464 326 naconu‘.
1519 279 1575 326 s.
1627 279 1853 327 somn.
1908 281 2092 328 sarr.
2391 282 2402 294 ·
2500 239 2630 330 ’1⁴3'

164 377 537 438 carcerem,
572 357 944 428 Herodiadi
968 370 1196 428 autem
1226 357 1594 449 gratiorem
1624 360 1945 450 praebuit-
1967 360 2421 445 audientiam,
2455 373 2522 433 et
2549 361 2719 433 libe-

164 468 311 520 ram
349 445 540 516 dedit
573 459 969 536 potesta-tem
1007 447 1117 518 sui
1154 447 1478 538 explendi
1516 446 1869 521 desiderii.

238 538 470 624 §1⁰-
509 538 861 606 Caeterum
897 537 1223 624 Baptista,
1260 548 1337 606 ut
1368 536 1491 624 qui
1518 551 1698 608 esset
1739 537 2095 628 propheta,
2135 538 2238 608 vel
2283 539 2513 628 poti-us
2559 561 2716 630 pro-

165 624 369 716 pbeta
404 625 743 713 superior,
783 646 944 695 cum
978 646 1225 716 praeco
1279 625 1576 697 novisset
1609 648 1683 696 se
1707 648 1831 718 per
1860 626 2198 697 Herodem
2239 627 2523 714 quidem
2563 651 2721 699 mox

164 735 313 784 esse
341 734 788 785 excessurum
838 734 920 782 ex
968 713 1232 783 homini
1290 737 1396 797 us,
1451 737 1617 784 suos
1662 728 1891 786 autem
1924 714 2313 807 discipulos
2365 716 2716 789 hominem

164 803 444 890 quidem
500 803 723 874 solum
761 801 1155 879 existimare
1186 825 1336 874 esse
1384 803 1759 886 Christum,
1796 805 2027 895 ipsum
2072 826 2229 880 vero
2260 827 2411 876 esse
2443 805 2710 877 Christo

167 892 372 982 longo
403 891 764 963 intervallo
795 892 1359 981 praestantiorem
1397 915 1414 960 ε
1468 891 1670 963 vellet
1698 908 1928 964 autem
1981 892 2113 964 hoc
2160 894 2506 985 corrigere
2529 895 2719 984 judi-

166 981 377 1062 cium,
423 995 501 1054 ut
531 980 714 1069 quod
753 1002 888 1049 non
929 993 1106 1050 recte
1136 981 1439 1063 baberet,
1492 982 1822 1069 quoniam
1865 1004 2087 1070 neque
2134 982 2572 1054 desiderabat
2608 1006 2718 1054 as-

167 1072 642 1150 sentationem,
699 1090 922 1156 neque
962 1083 1230 1161 praeter
1285 1070 1633 1140 veritatem
1671 1071 1936 1142 volebat
1984 1072 2220 1142 ornari
2250 1071 2508 1163 gloria:
2548 1072 2713 1160 quid

164 1159 380 1230 facit?
428 1165 596 1232 Cum
630 1157 747 1228 ille
775 1157 1093 1248 elegisset
1125 1157 1303 1230 duos
1341 1181 1421 1228 ex
1460 1159 1611 1232 suis
1643 1158 2035 1251 discipulis,
2083 1161 2291 1231 mittit
2319 1160 2404 1230 ad
2440 1167 2704 1236 Jesum‚

161 1249 285 1338 qui
323 1260 689 1340 rogarent:
748 1253 841 1318 Tu
886 1270 976 1329 ex,
1028 1250 1499 1339 quiveram-us
1547 1271 1639 1330 es,
1678 1272 1769 1320 an
1820 1251 2040 1319 alium
2094 1252 2718 1342 empeccamus2Et

163 1339 295 1408 hoc
325 1339 565 1410 statuit
595 1337 839 1417 facere,
877 1357 1013 1405 non
1050 1338 1197 1425 ipse
1245 1336 1481 1407 volens
1519 1336 1808 1418 discere,
1845 1337 1966 1408 sed
1999 1337 2155 1408 illos
2186 1338 2415 1409 doceri
2457 1340 2709 1430 potius.

163 1427 524 1511 Quomodo
556 1427 743 1497 enim
784 1446 965 1516 opus
1012 1425 1366 1496 habuisset
1412 1425 1700 1508 discere,
1754 1449 1958 1514 quem
2021 1431 2425 1499 noverat'ex
2472 1442 2666 1498 utero
2698 1483 2713 1508 ,

163 1527 539 1603 antequam
588 1537 668 1585 ex
700 1535 782 1584 eo
821 1513 1149 1605 prodiret,
1202 1525 1269 1583 et
1312 1536 1519 1602 quem
1571 1514 1817 1587 doctus
1864 1538 1904 1585 a
1944 1520 2137 1586 Patre
2166 1570 2183 1597 ,
2235 1530 2469 1607 aperte
2517 1538 2716 1608 prae-

162 1604 419 1675 dicavit
460 1606 530 1675 in
567 1603 951 1675 omnibus?
999 1603 1287 1686 Quibus,
1340 1625 1499 1674 cum
1544 1604 1917 1686 venissent,
1970 1618 2036 1674 et
2089 1604 2258 1676 haec
2297 1605 2564 1676 Christo
2611 1604 2718 1675 di-

159 1694 446 1776 xissent,
487 1693 604 1763 ille
632 1692 913 1781 quidem
986 1692 1249 1763 rimum
1279 1691 1546 1762 nullam
1582 1691 1700 1762 dat
1735 1692 1975 1784 lingua
2012 1695 2559 1784 responsionem,
2598 1694 2714 1764 sed

161 1781 364 1854 factis
400 1782 631 1874 potius
673 1714 1099 1872 respondens
1130 1836 1146 1864 ,
1206 1802 1279 1850 se
1328 1781 1560 1872 ipsum
1616 1803 1766 1852 esse
1814 1781 2134 1864 ostendit,
2177 1805 2381 1870 quem
2430 1804 2719 1872 quaere-

164 1872 361 1952 bant,
415 1871 773 1964 signorum
810 1868 1318 1961 magnitudine,
1353 1869 1684 1957 quoniam
1725 1893 1804 1940 ea
1840 1871 1992 1972 ipsa
2041 1871 2208 1942 hora
2256 1871 2478 1942 multa
2508 1872 2717 1962 ‘signa

166 1959 461 2029 fecerat:
514 1958 765 2030 deinde
809 1981 971 2029 vero
1026 1959 1231 2028 etiam
1300 1981 1421 2050 per
1480 1959 1686 2029 verba
1745 1959 2086 2049 adjiciens
2145 1962 2728 2052 responsionem:

164 2053 446 2123 Euntes,
501 2047 924 2128 renunciate,
985 2047 1235 2137 inquit,
1285 2048 1539 2118 Joanni
1577 2071 1658 2118 ea
1704 2071 1879 2136 quae
1918 2049 2236 2131 audistiS,
2282 2063 2348 2120 et
2399 2071 2579 2138 quae
2625 2050 2722 2118 vi-

164 2136 388 2206 distis.
437 2142 785 2221 Quaenam
837 2147 1065 2206 antem
1102 2159 1181 2206 ea
1230 2138 1443 2208 sunt?
1490 2141 1859 2208 Caecorum
1895 2139 2250 2220 correctiO,
2287 2136 2714 2228 leprosorum

168 2224 579 2307 mundatio,
632 2223 1005 2295 surdorum
1058 2225 1369 2308 auditio,
1434 2237 1865 2296 mortuorum
1925 2227 2372 2296 resurrectio:
2423 2239 2489 2297 et
2534 2249 2712 2315 quae

166 2313 497 2403 deinceps
522 2325 1068 2400 consequuntur.
1104 2319 1387 2404 Propter
1413 2336 1591 2401 quae
1623 2314 1856 2384 divine
1895 2314 2296 2405 subjungit:
2348 2321 2434 2385 Et
2488 2317 2721 2385 beatus

163 2414 287 2484 est,
325 2405 601 2496 quinon
629 2406 841 2494 suerit
873 2404 1384 2473 scandalizatus
1416 2405 1487 2472 in
1517 2427 1643 2473 me.
1690 2402 1866 2486 Quid
1920 2403 2050 2473 hoc
2087 2403 2352 2485 dicens,
2389 2417 2510 2474 aut
2544 2404 2711 2491 quicl

162 2491 403 2563 volens
440 2493 855 2564 ostendere?
903 2491 1096 2575 Quod
1130 2492 1231 2563 vel
1267 2492 1419 2583 ejus
1453 2492 1827 2584 supercilia
1868 2491 1978 2583 (ut
2009 2491 2104 2562 ait
2149 2491 2430 2563 divinus
2478 2493 2721 2578 David)

157 2584 563 2654 examinant
608 2582 792 2653 filios
824 2581 1216 2662 hominum,
1262 2595 1328 2651 et
1363 2603 1542 2669 quae
1568 2583 1660 2652 ab
1698 2583 1800 2652 eis
1832 2582 2185 2672 agitantur
2233 2582 2302 2651 in
2354 2582 2708 2662 cordibuS‚

152 2671 315 2829 οἰῖξ,
346 2672 585 2829 οἶῑιΙοε
619 2671 909 2741 minime
964 2670 1330 2762 effugiunt.
1385 2670 1528 2759 Ipsi
1577 2671 1766 2740 enim
1806 2682 2039 2761 aperte
2070 2682 2291 2753 erant,
2345 2671 2466 2759 qui
2516 2694 2718 2744 scan-

212 2782 249 2830 a
285 2783 385 2829 iza
439 2773 669 2831 antur.

253 2850 290 2934 ἓ
316 2852 448 2921 n.
487 2853 853 2936 Postquam
883 2860 1113 2918 autem
1141 2847 1189 2917 ii
1222 2845 1588 2917 rediissent
1610 2845 1697 2916 ad
1722 2846 2121 2937 Baptistam,
2146 2846 2380 2919 volens
2406 2849 2716 2920 Christus

148 2935 252 3007 iis
285 2957 559 3024 quoque
607 2937 909 3019 mederi,
941 2959 1119 3025 quae
1155 2937 1393 3006 turbae
1440 2934 2023 3006 circumsistentis
2071 2936 2386 3007 animum
2439 2951 2712 3028 pertur-

150 3024 450 3095 babant.
483 3025 661 3116 (Jam
692 3026 875 3096 enim
911 3040 1092 3095 recte
1122 3046 1192 3095 se
1218 3025 1566 3095 habebant
1596 3025 1884 3095 Joannis
1907 3024 2293 3114 discipuli).
2332 3027 2717 3096 Verisimile

147 3135 469 3200 namque
514 3127 658 3187 erat
698 3115 969 3185 turbam
1003 3112 1381 3195 dubitasse,
1434 3135 1602 3182 num
1637 3113 1807 3184 haec
1855 3112 2038 3183 dicta
2084 3126 2314 3184 essent
2364 3137 2405 3185 a
2450 3120 2717 3185 Joanne

146 3202 583 3291 ambigente,
639 3217 873 3273 utrum
916 3203 975 3271 is
1005 3203 1095 3272 sit
1125 3202 1247 3289 qui
1282 3210 1486 3282 venit,
1538 3224 1623 3272 an
1662 3200 1878 3271 alium
1929 3201 2100 3272 sorte
2130 3215 2485 3292 expectare
2515 3226 2718 3294 opor-

147 3302 327 3371 teat,
372 3302 448 3360 ut
477 3292 598 3378 qui
638 3292 738 3362 vel
783 3302 1060 3382 propter
1098 3311 1441 3361 carcerem
1476 3289 1563 3363 ,in
1616 3304 1872 3361 metum
1923 3290 2307 3371 incidisset,
2354 3291 2455 3361 vel
2504 3293 2709 3362 etiam

143 3380 586 3484 poenitentia
633 3380 889 3451 ductus
940 3390 1120 3450 ⁴esset
1177 3401 1414 3449 eorum
1456 3401 1636 3466 quae
1680 3381 1871 3470 prius
1918 3379 2104 3449 dicta
2149 3379 2468 3452 fuerant:
2525 3386 2664 3451 Has
2696 3437 2711 3461 ,

140 3490 478 3556 mquam,
530 3466 994 3540 dubitationes
1050 3468 1362 3539 Christus
1416 3469 1817 3559 corrigens:
1873 3468 2050 3550 Quid
2100 3469 2379 3550 existis,
2433 3470 2704 3558 inquit.

140 3558 392 3628 visum
449 3557 521 3627 in
571 3557 917 3628 desertum
947 3560 979 3625 ‘P
1026 3557 1444 3627 Arundinem
1500 3571 1698 3627 vento
1746 3555 2072 3647 agitatam
2102 3561 2134 3626 ‘P
2180 3562 2308 3628 Aut
2353 3560 2539 3641 eum,
2594 3560 2714 3647 qui

140 3657 267 3718 est
319 3647 390 3715 in
452 3646 782 3717 mollibus
830 3646 1191 3718 vestibus?
1238 3646 1338 3715 vel
1393 3646 1798 3737 prophetam
1863 3650 2192 3716 tantum?
2256 3652 2438 3718 Haec
2483 3661 2710 3718 autem

146 3746 323 3827 post
380 3734 885 3826 discipulorum
956 3735 1242 3806 loannis
1312 3736 1772 3805 reversionem
1809 3789 1825 3816 ,
1881 3735 2061 3805 sicut
2107 3734 2437 3807 diximus.
2490 3742 2718 3824 Neque

149 3823 354 3892 enim
403 3825 504 3894 eis
546 3824 1023 3915 praesentibus
1070 3824 1339 3895 volebat
1400 3823 1642 3894 laudes
1689 3836 2048 3893 contexere
2097 3825 2440 3915 Baptistae
2470 3879 2489 3906 ,
2543 3847 2716 3914 quo-

138 3910 357 3980 ·niam
399 3914 813 3984 assentantis
860 3912 1087 4002 potius
1121 3968 1136 3993 ,
1187 3935 1397 4001 quam
1451 3935 1603 3982 vera
1657 3912 1952 3984 dicentis
1980 3967 1998 3993 ,
2049 3914 2442 4001 existimata
2487 3927 2719 3984 essent

214 4021 344 4069 uae
379 4001 559 4072 dicta
602 4014 787 4073 sunt.
839 4000 932 4071 Ad
980 4002 1151 4090 quid
1201 4023 1363 4092 ergo
1401 4000 1797 4093 exemplum
1841 4001 2236 4085 arundinis,
2288 4025 2466 4090 quae
2514 4018 2716 4072 vento

189 4086 371 4157 acile
400 4092 742 4182 agitatur,
796 4112 1009 4178 quam
1051 4103 1127 4161 ut
1154 4090 1477 4160 ostendat
1526 4090 1876 4160 hominem
1929 4090 2199 4161 facilem
2242 4104 2308 4161 et
2359 4091 2712 4170 mobilem,

150 4177 352 4247 venti
384 4201 737 4271 campum,
790 4192 868 4252 ut
898 4192 1000 4249 est
1030 4180 1099 4247 in
1135 4179 1529 4269 proverbio:
1581 4190 1647 4248 et
1697 4192 2020 4261 mentem,
2073 4202 2253 4267 quae
2299 4178 2500 4251 facile
2549 4180 2711 4250 duci

145 4277 238 4337 et
271 4270 713 4340 transmutari
752 4282 992 4360 potest,
1038 4290 1216 4355 quae
1249 4269 1455 4338 servit
1493 4280 1624 4338 tem
1639 4269 1946 4358 poribus,
1990 4281 2055 4338 et
2082 4269 2217 4339 cito
2242 4269 2332 4339 ab
2363 4270 2463 4339 eis
2493 4282 2720 4340 trans-

140 4355 439 4429 fertur?
483 4363 627 4430 Non
666 4380 831 4449 ergo
881 4380 922 4426 a
979 4359 1205 4448 priore
1261 4356 1383 4427 illa
1432 4370 1659 4427 mente
1712 4369 1777 4427 et
1817 4357 2155 4430 sententia
2203 4357 2567 4429 traductus
2613 4370 2716 4428 est
