3308 5004
666 335 795 401 564
1338 351 1418 399 oz
1465 351 1522 398 s.
1577 347 2022 399 suraotnano
2066 347 2359 398 namu:
2789 327 2977 396 AUG.
3037 327 3137 394 22

573 438 753 509 datis
789 435 1026 507 multis
1073 436 1504 516 muneribus,
1605 456 1795 505 acem
1845 447 1912 505 et
1956 433 2369 505 commercia
2404 434 2491 504 ab
2547 432 2849 504 obsessis
2895 432 3141 522 impe-

576 539 870 597 trarunt.
923 524 998 596 Id
1049 546 1204 596 vero
1250 525 1409 613 quis
1454 457 1721 596 dussitet
1751 523 1977 594 sancti
2022 521 2363 614 praesulis
2410 536 2476 593 et
2520 521 2934 594 confessoris
2973 542 3143 590 me-

574 616 728 687 ritis
778 620 985 684 Deum
1048 613 1490 706 praestitisse,
1540 626 1618 684 ut
1677 634 1833 683 mox
1888 612 1976 683 ab
2023 613 2175 703 ejus
2237 612 2557 714 passione
2602 611 2832 682 hostes
2878 630 3143 680 omnes

575 705 663 775 ab
695 702 1050 777 obsidione
1088 702 1562 773 discederent?
1607 701 1806 773 Plebs
1829 722 1986 772 vero
2031 700 2431 792 egrediendi
2478 701 2754 772 tandem
2805 699 3139 770 libertate

575 794 811 884 potita,
849 790 1009 862 ilico
1054 790 1139 862 ad
1191 793 1714 883 Episcopum-et
1748 791 2205 862 consessorem
2249 787 3132 881 gratulabundafiaccurrit.

575 882 832 970 aliique
868 881 1019 972 ejus
1065 880 1360 972 genibus
1405 879 1899 963 advolvuntur,
1937 878 2058 948 alii
2105 902 2232 950 suo
2278 901 2394 949 ore
2431 879 2583 981 ejus
2614 900 2811 949 sacro
2846 879 3137 968 corpori

575 972 837 1041 inflicta
887 970 1163 1060 lingunt
1210 969 1534 1052 vulnera,
1588 968 1888 1056 denique
1933 969 2022 1039 ab
2076 968 2406 1039 omnibus
2453 990 2525 1039 1n
2588 967 2795 1039 domo
2851 967 3139 1036 Domini

576 1082 700 1150 pro
749 1073 975 1130 tantae
1026 1059 1485 1130 miserationis
1546 1058 1883 1128 beneficio
1932 1059 2000 1128 in
2054 1078 2426 1127 commune
2478 1058 2740 1149 gratiae
2787 1068 3130 1146 aguntur.

575 1153 823 1219 Beatus
879 1168 1036 1217 vero
1098 1148 1447 1218 consessor
1484 1146 1893 1234 aliquandiu
1959 1160 2193 1239 postea
2241 1147 2497 1217 mansit
2555 1147 2627 1216 in
2675 1165 3005 1235 corpore:
3064 1157 3138 1215 at

576 1251 806 1307 tamen
845 1237 984 1307 illis
1030 1237 1520 1307 cruciamentis
1565 1249 1958 1324 quassatus,
2018 1258 2154 1305 non
2206 1235 2422 1305 multo
2464 1246 2616 1326 post
2645 1257 2683 1304 e
2729 1234 2962 1305 seculo
3017 1255 3137 1304 ex-

576 1328 851 1408 cedens,
891 1325 973 1395 ad
1027 1324 1315 1417 gloriam
1365 1340 1431 1396 ct
1462 1325 1691 1398 sedem
1743 1325 1879 1414 ipsi
1933 1325 2232 1395 debitam
2266 1325 2786 1483 -οοιηηιίῗενίῑ,
2842 1328 2920 1393 Et
2955 1324 3137 1411 quia

580 1437 704 1505 per
744 1415 809 1484 id
864 1428 1158 1505 tempus,
1198 1427 1273 1486 ut
1304 1414 1631 1495 diximuS,
1672 1413 2003 1485 adversus
2050 1413 2470 1485 Christianos
2517 1436 2566 1484 u
2621 1414 2779 1501 ique
2828 1412 3136 1482 fervebat

579 1504 986 1594 persecutio,
1028 1518 1095 1573 et
1141 1517 1327 1574 tanta
1373 1517 1518 1574 erat
1566 1517 2080 1605 persecutorum
2136 1503 2382 1583 rabies,
2422 1516 2500 1573 ut
2548 1524 2676 1574 nec
2726 1514 3128 1573 sanctorum

581 1594 934 1664 cineribus
964 1606 1340 1682 parcerent,
1371 1614 1546 1681 quos
1572 1593 2027 1682 injustissime
2058 1591 2460 1683 puniebant,
2498 1592 2858 1662 assistente
2887 1603 3134 1659 sancto

582 1682 883 1753 antistite
932 1704 1081 1762 suo,
1114 1681 1482 1752 salubriori
1515 1682 1666 1772 ejus
1698 1680 1988 1751 consilio
2019 1681 2152 1762 usi,
2190 1680 2586 1772 sepulturae
2626 1681 2777 1771 ejus
2809 1691 3132 1768 cryptam

581 1772 654 1840 in
703 1770 852 1840 loco
886 1770 1332 1841 subterraneo
1362 1771 1759 1852 effecerunt,
1790 1770 1861 1839 in
1892 1791 2109 1856 eaque
2141 1782 2459 1841 sanctum
2500 1790 2755 1861 corpus
2781 1769 2934 1859 ejus
2965 1787 3133 1837 cum

583 1882 859 1929 summa
891 1861 1324 1929 veneratione
1369 1859 1874 1929 condiderunt:
1927 1859 2049 1929 ubi
2099 1858 2432 1929 Dominus
2472 1863 2649 1929 Deus
2703 1871 2934 1929 noster
2995 1857 3136 1926 vir-

583 1961 809 2018 tutum
860 1971 1145 2019 suarum
1198 1948 1528 2018 beneficia
1578 1970 1752 2038 pene
1796 1948 2127 2035 quotidie,
2174 1949 2392 2019 sancti
2447 1948 2770 2038 martyris
2820 1945 2935 2016 sui
2985 1944 3137 2016 suf-

583 2036 1015 2127 fragantibus
1064 2038 1349 2120 meritiS,
1386 2037 1706 2108 exhibere
1738 2037 2089 2128 dignatur.

1037 2272 1164 2397 DE
1231 2297 1310 2398 S.
1380 2295 2117 2399 SYMPHORIANO
2185 2297 2678 2400 MARTYRE

585 2540 667 2586 Ex
713 2539 1011 2596 ANTIQUIS
1072 2540 1212 2588 MSS.
1266 2539 1762 2588 ExssnPLARmUS.
1816 2539 2247 2587 CONSENTIUNT
2294 2539 2745 2588 varnsnssmlt
2809 2540 3138 2589 ulturno-

672 2644 890 2693 LosslA:
967 2646 1043 2693 m·
1111 2644 1380 2694 mimum·
1446 2646 1785 2694 msromlut
1866 2646 2066 2694 umus
2132 2647 2488 2696 Gnssssonlus
2550 2645 2983 2707 TURONENSIS,
3055 2627 3136 2696 de

676 2733 907 2802 Gloria
943 2734 1426 2820 consessorum,
1480 2755 1629 2823 cap.
1681 2741 1786 2803 77.
1825 2751 2067 2802 sruun
2115 2754 2175 2801 F.
2231 2754 2625 2803 munitarius
2651 2752 2881 2803 somus
2910 2756 3133 2804 rassin

674 2860 982 2909 nonnum,
1028 2858 1376 2909 axromvn.

1227 3014 1480 3070 Passus
1521 3013 1704 3071 circa
1745 3016 1881 3072 179.
1916 3046 1991 3057 —
2035 3015 2197 3072 Nat.
2227 3015 2497 3073 Gallus.

675 3194 713 3279 ξ
761 3197 835 3264 1.
890 3194 1249 3264 Aureliano
1279 3195 1311 3229 ⁸
1353 3193 1667 3285 principe
1713 3194 2043 3266 adversus
2077 3196 2541 3267 Christianum
2587 3218 2834 3268 nomen
2898 3220 3117 3289 perse-

590 3282 888 3351 cutionis
936 3282 1155 3352 diram
1200 3283 1567 3374 procellam
1619 3283 1976 3360 excitante.
2031 3298 2095 3355 et
2158 3285 2241 3354 ad
2292 3284 2702 3355 abolendam
2755 3286 3132 3358 Catholicae

591 3368 764 3458 legis
813 3370 1239 3462 religionem,
1296 3371 1569 3461 imperii
1635 3374 1744 3439 sui
1794 3371 2064 3443 decreta
2121 3387 2592 3456 convertente,
2652 3376 3134 3468 Augustoduni

493 3534 494 3537 Ἴ
587 3459 878 3562 (Autan)
921 3473 1066 3530 erat
1105 3460 1678 3550 symphorianus
1725 3462 1954 3531 Fausti
2009 3462 2261 3533 nobilis
2310 3464 2433 3533 viri
2493 3463 2705 3546 filius,
2754 3465 3135 3535 Christiana

590 3548 852 3617 tamilla
887 3563 1103 3630 ortu5‚
1167 3548 1382 3618 literis
1435 3562 1501 3618 et
1543 3549 1851 3620 moribus
1892 3551 2100 3641 probe
2150 3552 2529 3634 institutus,
2595 3554 2687 3623 ita
2733 3566 2811 3624 ut
2876 3555 3138 3645 primae

589 3639 830 3707 aetatis
863 3637 1182 3707 florentes
1215 3659 1454 3717 annos,
1502 3659 1746 3707 senum
1787 3660 2010 3709 mores
2038 3655 2104 3710 et
2129 3642 2528 3732 gravitatem
2568 3664 2731 3733 prae
2779 3665 2852 3713 se
2884 3643 3132 3721 serens,

591 3726 1078 3795 immaculatae
1128 3727 1377 3795 mentis
1408 3727 1803 3797 sinceritate
1841 3743 2220 3820 superaret.
2258 3730 2579 3818 Is'itaque
2604 3752 2765 3801 cum
2809 3732 3138 3822 pueritiae

589 3827 653 3883 et
687 3815 1187 3887 adolescentiae
1235 3815 1434 3885 metis
1486 3819 2030 3907 praetergressis,
2060 3819 2146 3888 ad
2196 3818 2417 3889 virilis
2448 3819 2689 3889 aetatis
2722 3821 2936 3892 robur
2979 3843 3132 3911 per-

589 3906 908 3984 venisset,
964 3916 1220 3974 tantam
1271 3904 1600 3974 virtutum
1638 3927 1921 3975 suarum
1959 3906 2286 3978 omnibus
2335 3909 2536 3979 bonis
2575 3931 2767 3999 spem
2823 3909 3007 3985 fecit.
3063 3923 3143 3978 ut

592 4014 751 4062 eum
789 3994 953 4063 boni
985 4014 1225 4063 omnes
1263 3994 1409 4083 jam
1447 4016 1604 4065 cum
1642 3996 1967 4085 supernis
2006 3996 2375 4068 virtutibus
2417 3999 2815 4068 meritorum
2863 4021 3140 4069 consor-

591 4082 763 4152 tium
820 4081 1070 4152 habere
1119 4097 1484 4173 putarent,
1539 4083 1749 4170 idque
1797 4105 1932 4155 non
2001 4086 2152 4155 sine
2219 4085 2675 4157 admiratione
2737 4100 3133 4158 statuerent.

594 4170 990 4271 Illustrabat
1035 4172 1219 4241 enim
1270 4194 1427 4242 eum
1471 4172 1785 4244 coelestis
1818 4174 2191 4264 sapientiae
2222 4175 2654 4265 spiritalibus
2689 4178 2985 4267 gemmis
3030 4199 3140 4246 or-

595 4273 755 4328 nata
812 4260 1242 4350 simplicum,
1298 4274 1364 4331 et
1412 4262 1557 4352 ipse
1609 4262 1878 4352 justum
1934 4264 2107 4334 vitae
2164 4265 2506 4335 tramitem
2558 4279 2840 4348 tenens,
2920 4265 3141 4337 felicis

646 4404 670 4430 *¹
703 4405 880 4464 Aurelio
907 4402 1102 4455 (Marco)
1133 4407 1382 4455 legendnm
1410 4409 1568 4447 monet
1596 4407 1876 4448 Ruina-tius
1896 4409 1977 4458 qul
1997 4409 2125 4455 haec.
2144 4406 2266 4450 aliua
2287 4407 2397 4451 licet
2419 4409 2651 4459 lectionis,
2669 4412 2783 4453 Acta
2802 4409 2925 4453 iuter
2957 4412 3138 4453 Sincera

594 4462 843 4499 recensuit.
865 4460 1007 4499 Juxta
1025 4460 1146 4499 hanc
1167 4461 1517 4507 correctionem,
1537 4462 1754 4511 murts-ru
1774 4464 1975 4504 aetatem
1994 4461 2392 4513 praenotavimus.
