3308 5004
207 344 410 414 AUG.
449 347 548 412 ‚30
1064 368 1142 412 na
1191 368 1247 413 s.
1303 365 1463 413 nosA
1514 365 1680 412 vinc.
1738 366 1868 411 Lm.
2543 348 2671 414 767

206 455 457 521 Rosam
489 448 860 531 accederet,
891 462 955 520 et
983 450 1224 520 melior
1260 451 1350 521 ab
1378 471 1459 519 ea
1508 470 1646 519 non
1676 449 2041 519 recederet.
2081 450 2365 520 Mariam
2400 450 2486 521 de
2512 456 2750 521 Mesta.

204 538 632 629 impatientis
662 561 742 608 ac
794 538 1190 628 praecipitis
1213 537 1616 609 iracundiae
1670 538 1972 629 pugnaci
2004 539 2243 609 morbo
2281 539 2430 628 jam
2484 541 2759 611 sibimet

201 630 336 719 ipsi
384 650 464 697 ex
528 627 862 697 diuturna
908 628 1412 698 consuetudine
1460 628 1709 698 factam
1789 627 2336 708 intolerabilem,
2397 630 2763 719 patientiae

202 740 281 787 ac
331 716 893 787 mansuetudinis
941 717 1365 807 aphorismis
1398 718 1499 787 sic
1531 717 1881 798 instruxit,
1923 730 1999 786 ut
2036 716 2124 787 ab
2158 716 2277 786 illa
2326 718 2758 788 emendatior

203 828 282 876 ac
321 806 552 876 mitior
591 806 734 875 visa
783 804 1013 887 suerin
1046 826 1265 895 eoque
1314 806 1499 876 brevi
1534 806 1601 874 in
1639 805 2008 896 patientiae
2043 806 2406 896 gymnasio
2434 806 2747 896 profecit,

202 909 280 966 ut
295 897 441 986 jam
501 917 542 964 a
592 899 724 964 Deo
762 892 944 965 ultro
979 894 1140 984 plus
1189 917 1268 965 ac
1319 895 1476 986 plus
1516 894 1949 965 adversitatis
2010 894 2406 985 postularet.
2464 895 2761 986 Religio-

204 1007 355 1056 sum
405 1005 565 1053 cum
618 983 859 1053 mortis
933 984 1313 1074 angoribus
1385 983 1649 1075 trepide
1714 1006 1794 1053 ac
1868 984 2254 1074 periculose
2326 983 2754 1063 luctantem,

203 1074 567 1145 urentibus
615 1071 965 1163 scrupulis
997 1086 1337 1155 vexatum,
1393 1074 1492 1143 sic
1530 1073 1713 1164 juvit
1764 1073 2224 1163 promissione
2264 1094 2552 1145 suarum
2604 1094 2759 1163 pre—-

203 1183 391 1243 cum,
443 1174 509 1231 et
553 1161 1020 1231 exhortatione
1053 1184 1134 1231 ac
1191 1163 1561 1252 sponsione
1622 1162 2172 1252 participationis
2219 1184 2507 1233 suarum
2563 1162 2760 1232 satis·

202 1250 608 1330 factionum,
641 1263 720 1320 ut
750 1250 1108 1321 confestim
1148 1273 1356 1342 pavor
1390 1251 1605 1321 laetae
1652 1253 1798 1340 spei
1837 1252 2064 1322 locum
2107 1251 2413 1323 cesserit:
2467 1252 2591 1338 qui
2646 1272 2759 1341 po-

205 1352 370 1421 stea,
427 1339 851 1409 salutaribus
917 1341 1366 1410 sacramentis
1427 1341 1779 1421 munitus,
1853 1341 2115 1430 ingenti
2182 1340 2429 1410 salutis
2498 1340 2754 1410 fiducia

206 1429 559 1520 placidum
609 1440 674 1497 et
705 1449 1028 1501 serenum
1070 1429 1388 1518 spiritum
1427 1429 1728 1499 reddidit
1760 1430 2081 1509 Creatori;
2135 1428 2219 1499 de
2266 1431 2473 1531 quus
2522 1429 2752 1498 anima

203 1530 436 1621 postea
471 1523 647 1587 Rosa
681 1515 1036 1587 nunciavit
1081 1540 1243 1588 cum
1304 1541 1384 1588 ea
1448 1516 1736 1588 feliciter
1783 1540 1864 1587 ac
1913 1517 2210 1609 benigne
2259 1541 2370 1609 agi
2399 1573 2414 1599 ,
2472 1518 2757 1605 jamque

203 1608 392 1766 illlam
431 1606 693 1708 regioni
744 1605 922 1676 lucis
967 1606 1391 1698 adscriptam
1433 1604 1571 1676 frui
1622 1607 1910 1698 perenni
1951 1611 2359 1677 Sanctorum
2412 1606 2758 1676 felicitatis

204 1719 277 1768 re
311 1719 366 1765 ri
418 1718 583 1766 erio.

293 1720 542 1872 §38ss
595 1781 951 1854 Ordinavit
1005 1782 1209 1854 etiam
1262 1783 1595 1854 Dominus
1626 1783 1696 1851 in
1747 1805 1826 1854 ea
1875 1783 2278 1853 charitatem
2329 1784 2401 1853 in
2440 1804 2757 1873 corpora-

204 1873 391 1943 libus
440 1873 953 1943 misericordiae
1022 1873 1350 1961 operibus
1419 1872 1681 1961 quibus
1748 1873 2094 1963 proximos
2146 1872 2395 1964 juvare
2462 1871 2749 1942 studuit.

200 1968 371 2034 Nam
408 1962 608 2054 inops
658 1962 827 2032 haec
878 1961 1091 2053 virgO,
1158 1961 1434 2031 sibimet
1495 1963 1884 2031 necessaria
1941 1961 2380 2042 subtrahens,
2435 1961 2759 2063 dispersit

203 2050 530 2138 deditque
578 2052 1029 2142 pauperibus.
1075 2054 1151 2120 Ut
1187 2051 1372 2120 enim
1400 2049 1709 2121 occultae
1754 2050 2127 2139 cujusdam
2172 2051 2563 2122 necessitati
2593 2051 2725 2121 sub

203 2141 488 2222 veniret,
540 2151 691 2209 octo
739 2139 1012 2210 dierum
1041 2139 1474 2220 alimoniam,
1511 2139 1658 2210 solo
1709 2162 1886 2230 pane
1919 2151 1985 2209 et
2022 2163 2062 2210 a
2115 2142 2203 2209 ua
2238 2152 2583 2221 contenta,
2622 2140 2751 2210 sibi

201 2251 330 2319 pro
377 2229 643 2319 egentis
691 2228 1006 2298 subsidio
1039 2228 1353 2298 detraxit.
1409 2228 1666 2309 Telam,
1711 2252 1752 2298 a
1791 2230 2083 2319 genitori
2140 2253 2222 2299 us
2267 2230 2423 2316 eJus
2472 2251 2594 2318 pro
2649 2233 2752 2300 sui

203 2316 723 2408 aegritudinum
776 2317 1303 2388 necessitatibus
1350 2338 1775 2399 concessam,
1816 2317 2002 2387 illico
2036 2318 2214 2388 inter
2244 2317 2421 2388 duas
2456 2318 2757 2407 virgine<

203 2407 454 2478 virtute
501 2418 567 2477 et
613 2426 862 2497 genere
911 2406 1223 2487 nobileS,
1295 2419 1592 2476 extreme
1658 2418 1885 2476 tamen
1938 2427 2194 2497 egenas
2257 2405 2515 2476 divisit.
2572 2410 2757 2475 Dono

202 2495 395 2568 dedit
442 2496 779 2586 Montojae
812 2552 827 2578 ,
880 2495 1366 2587 pauperrimae
1426 2496 1738 2587 virgini,
1794 2494 2088 2567 alterum
2137 2518 2218 2566 ex
2298 2494 2530 2586 palliis
2576 2518 2755 2584 quaae·

201 2597 423 2656 mater
473 2584 869 2676 possidebat
910 2640 925 2667 ‚
982 2584 1385 2677 praedicens
1443 2586 1505 2654 ei
1556 2584 1699 2654 fore
1747 2597 1823 2654 ut
1869 2584 2026 2656 aliis
2076 2586 2272 2656 novis
2319 2584 2467 2656 loco
2517 2585 2757 2655 veteris

204 2675 702 2765 provideretur3
758 2674 942 2762 quod
994 2673 1405 2745 mirabiliter
1436 2696 1507 2743 re
1555 2674 1731 2764 ipsa,
1778 2688 1853 2744 ut
1884 2674 2075 2765 virgo
2113 2675 2751 2775 praenunciaverat.

199 2765 448 2834 evenit.
501 2764 847 2835 Divinitus
883 2763 1241 2834 admonita
1284 2769 1628 2833 Joannam
1690 2762 1776 2833 de
1822 2763 2177 2834 Bobadilia
2228 2763 2563 2865 virginem
2630 2784 2755 2833 no-

200 2852 411 2923 bilem
462 2852 582 2922 sed
655 2852 1050 2923 derelictam
1113 2874 1286 2934 esse,
1340 2874 1549 2944 quam
1619 2873 1825 2922 vorax
1895 2853 2026 2942 sub
2077 2852 2464 2922 mammilla
2511 2872 2759 2922 cancer

203 2941 582 3029 torquebat,
618 2954 705 3024 et,
760 2943 1074 3012 tardante
1108 2940 1435 3020 remedio,
1470 2941 1755 3010 exitium
1802 2941 2220 3023 minabatur,
2258 2941 2447 3011 domi
2482 2940 2749 3031 recipit.

200 3043 674 3102 menstruum.
716 3029 1079 3101 locationis
1149 3042 1505 3119 sumptum
1558 3044 1623 3099 et
1699 3028 2241 3100 medicaminum
2320 3031 2621 3120 pretium
2693 3031 2752 3097 ei

201 3119 524 3212 providit,
548 3131 616 3190 et
663 3132 817 3210 post
849 3119 1113 3207 aliquot
1146 3140 1417 3190 menses
1449 3119 1711 3208 integre
1743 3140 1981 3187 sanam
2020 3119 2341 3199 restituit,
2368 3116 2498 3189 hoc
2530 3140 2750 3188 unun·

200 3208 542 3278 dolentem
594 3209 780 3296 quod
831 3229 970 3278 non
1010 3221 1239 3299 posset
1287 3208 1652 3295 (obstante
1701 3207 1837 3277 fide
1895 3207 2110 3296 data)
2158 3207 2447 3298 virginis
2493 3206 2717 3276 benefi

200 3298 389 3369 cium
441 3298 512 3365 in
600 3299 724 3368 rati
775 3297 993 3374 animi
1059 3297 1469 3385 obsequium
1525 3319 1603 3367 ea
1652 3296 1919 3367 vivente
1965 3295 2195 3386 palam
2245 3296 2518 3367 referre.
2573 3295 2751 3366 Nihil

197 3387 263 3457 ei
294 3321 685 3489 jucundgius
731 3386 1130 3477 contingere
1179 3397 1462 3476 poterat,
1515 3408 1726 3474 quam
1778 3386 1836 3455 si
1886 3407 1927 3456 a
1980 3397 2196 3456 matre
2246 3383 2757 3476 permitteretur

199 3496 541 3564 cujusque
587 3473 1006 3545 conditionis
1074 3497 1327 3566 egenas
1396 3487 1516 3544 aut
1587 3474 1849 3544 morbis
1898 3473 2187 3545 afflictas
2257 3474 2586 3545 mulieres
2640 3495 2757 3564 pa-

203 3566 422 3635 ternis
461 3563 713 3634 inferre
759 3564 1050 3636 aedibus
1098 3576 1176 3634 ut
1223 3563 1364 3633 illic
1414 3563 1561 3634 suis
1624 3563 1953 3634 manibus
2011 3563 2291 3635 assidue
2332 3565 2757 3633 ministraret

204 3653 726 3744 languentibus;
775 3653 1033 3741 quibus
1079 3653 1164 3722 de
1210 3673 1649 3740 quacumque
1682 3673 1754 3721 re
1789 3651 1875 3721 ad
1920 3652 2174 3721 victum
2209 3666 2275 3722 et
2322 3652 2749 3722 medicamen

201 3742 593 3814 necessaria
640 3756 869 3812 exacte
890 3742 1249 3833 providere
1279 3741 1569 3812 studuit.
1607 3746 1793 3811 Inter
1841 3740 1965 3812 has
1999 3740 2353 3813 mendicas
2387 3740 2582 3810 nulla
2614 3755 2758 3810 erat

204 3845 343 3902 tam
395 3830 849 3902 intolerabilis
873 3844 1157 3921 aspectu
1204 3843 1325 3901 aut
1370 3830 1622 3901 foetore
1673 3829 2067 3909 horribilis,
2135 3852 2346 3924 quam
2395 3834 2577 3900 Rosa
2614 3828 2752 3898 ·de-

201 3920 476 4012 dignari
532 3918 631 3989 vel
670 3942 834 4010 prae
881 3925 1138 3990 nausea
1187 3920 1485 3991 aversari
1535 3934 1789 4011 posset.
1843 3919 2190 3990 Omnibus
2239 3916 2604 4000 medelam,
2654 3917 2755 3988 fa-

203 4010 548 4080 mulatum
583 4022 651 4080 et
694 4031 934 4080 curam
986 4010 1332 4080 afferebat.

291 4099 327 4185 ξ
373 4103 522 4171 82.
578 4098 977 4201 Indignanti
1028 4099 1254 4179 matri,
1299 4109 1574 4189 propter
1619 4096 2154 4188 graveolentiam
2191 4094 2455 4166 mucidi
2492 4095 2754 4195 putoris

205 4207 246 4253 a
278 4190 456 4256 Rosa
497 4188 564 4256 in
599 4189 902 4260 vestibus
928 4209 1008 4257 ex
1040 4189 1209 4257 cura
1235 4187 1554 4256 infirmae
1580 4198 2027 4267 contractam,
2052 4207 2158 4257 res
2211 4184 2429 4254 ondit:
2463 4183 2753 4254 «Christi

205 4273 431 4344 bonus
476 4277 647 4347 odor
685 4298 930 4347 sumus
977 4276 1146 4347 dum
1182 4276 1660 4346 ministramus
1718 4275 2058 4356 infirmis;
2111 4297 2148 4344 c
2203 4274 2421 4344 aritas
2462 4273 2751 4341 delicata

205 4383 344 4431 non
386 4377 510 4446 est,
584 4388 710 4437 nec
758 4364 1149 4459 proximum
1207 4363 1556 4434 fastidit.»
1606 4364 1867 4434 Invicto
1917 4363 2153 4434 animo
2185 4418 2201 4445 ,
2255 4363 2366 4433 vix
2414 4359 2755 4431 imitabile

204 4472 373 4523 suae
423 4466 696 4526 sanctae
745 4455 1115 4547 magistrae
1161 4452 1556 4545 exemplum
1605 4453 1885 4536 secuta,
1940 4452 2015 4523 iu
2083 4451 2373 4526 aedibus
2422 4448 2755 4522 Isabellae
