3308 5004
131 299 323 367 AUG.
377 300 465 366 28
999 319 1079 365 nt
1125 319 1182 366 s.
1232 318 1500 368 summo
1548 319 1846 366 uanum}
2155 291 2164 296 ’
2469 303 2599 369 699

84 485 89 490 ἡ
132 400 482 481 sacerdos,
517 414 855 488 quantum
906 402 1177 472 lucente
1224 403 1502 472 veritate
1560 402 1788 472 videre
1841 403 2267 486 concedi-tur,
2337 418 2560 476 rectae
2607 428 2689 476 ac

131 513 342 563 sanae
390 491 575 571 fidei,
615 491 761 581 spei
793 506 857 559 et
905 490 1261 561 charitatis
1308 491 1689 561 catholicae
1717 490 2058 562 Ecclesiae
2107 494 2355 564 vixisse
2391 493 2690 564 manife-

135 593 381 653 statur.
433 580 624 664 Quod
678 594 1085 671 agnoscunt,
1138 581 1258 667 qui
1307 581 1629 651 eumdem
1671 581 1756 650 de
1802 581 2058 653 divinis
2110 583 2522 653 scribentem
2592 584 2691 654 le-

132 683 372 760 gentes
409 668 801 757 prosiciunt.
858 668 984 738 Sed
1033 692 1160 771 ego
1207 671 1503 740 arbitror
1546 670 1701 760 plus
1734 692 1810 739 ex
1858 691 1938 740 eo
1976 671 2304 759 proficere
2348 673 2680 761 potuisse.

133 760 254 846 qui
307 780 466 828 eum
517 771 583 827 et
633 758 1019 845 loquentem
1071 782 1141 827 in
1192 759 1480 828 ecclesia
1541 774 1966 848 praesentem
2018 759 2260 829 audire
2307 774 2373 829 et
2455 760 2690 832 videre

138 860 531 948 potuerunt,
571 860 636 917 et
667 848 817 936 ejus
870 848 1263 936 praesertim
1306 848 1481 917 inter
1532 848 1847 917 homines
1899 849 2488 918 conversationem
2545 870 2681 920 non

137 950 649 1027 ignoraverunt.
709 941 861 1005 Erat
899 936 1083 1005 enim
1123 958 1256 1006 non
1289 936 1513 1006 solum
1562 937 1879 1006 eruditus
1913 937 2140 1006 scriba
2176 938 2243 1005 in
2292 960 2504 1028 regno
2532 960 2689 1008 coe-

136 1024 388 1105 lorum,
433 1025 518 1094 de
570 1025 889 1095 thesauro
925 1047 1049 1094 suo
1093 1025 1444 1113 proferens
1498 1048 1669 1095 nova
1716 1041 1781 1094 et
1822 1038 2068 1108 vetera,
2122 1040 2187 1095 et
2238 1049 2423 1096 unus
2471 1048 2685 1116 nego-

135 1114 456 1184 tiatorum
488 1167 504 1193 ,
548 1115 668 1200 qui
731 1115 1076 1183 inventam
1132 1115 1496 1203 pretiosam
1575 1116 2057 1206 margaritam,
2101 1138 2281 1203 quae
2333 1115 2675 1198 habebat,

136 1203 453 1282 venditis,
499 1203 968 1291 comparavit:
1011 1205 1457 1273 verumetiam
1494 1227 1572 1272 ex
1610 1204 1694 1272 iis
1722 1204 1963 1281 extitit,
2000 1204 2082 1274 ad
2127 1227 2306 1291 quos
2347 1206 2684 1293 scriptum

133 1305 279 1361 est:
333 1293 442 1363 Sic
484 1296 546 1361 lo
594 1294 841 1361 ut’mini
894 1301 956 1361 et
998 1295 1106 1360 -sic
1151 1294 1357 1382 facite
1393 1294 1595 1378 (Jac.
1648 1317 1722 1362 111
1745 1292 1795 1379 ):
1832 1306 1897 1362 et
1942 1293 2028 1361 de
2065 1295 2330 1380 quibus
2380 1293 2689 1363 Salvator

135 1380 303 1449 dicit
334 1404 349 1445 ι
391 1316 799 1470 Οιιίῗεεενίε,
838 1391 901 1449 et
934 1381 1225 1451 docuerit
1253 1384 1349 1450 sic
1384 1383 1702 1462 homines,
1756 1382 1865 1450 ltc'c
1909 1405 2200 1471 maynus
2227 1384 2577 1452 vocabitur
2613 1384 2689 1451 in

132 1493 339 1560 reqno
367 1474 721 1538 coelorum.
780 1475 933 1538 Peto
982 1484 1208 1539 autem
1278 1470 1630 1560 impendio
1700 1484 1988 1539 vestram
2062 1467 2510 1550 charitatem,
2566 1471 2691 1557 qui

136 1559 306 1627 haec
339 1563 593 1646 scripta
665 1558 909 1649 legitis,
955 1573 1031 1628 ut
1082 1581 1349 1627 mecum
1417 1559 1870 1647 omnipotenti
1930 1564 2056 1628 Deo
2106 1560 2363 1648 gratias
2412 1561 2675 1650 agam,

142 1650 647 1734 Dominamque
680 1647 1123 1726 benedicatis,
1177 1648 1298 1735 qui
1351 1649 1588 1717 tribuit
1643 1648 1815 1716 mihi
1873 1648 2321 1728 intellectum,
2375 1661 2451 1717 ut
2516 1649 2682 1717 haec

139 1736 209 1804 in
251 1737 561 1805 notitiam
613 1750 678 1805 et
738 1738 1196 1823 praesentium
1241 1749 1304 1804 et
1361 1737 1749 1805 absentium
1808 1738 2186 1826 praesentis
2249 1737 2578 1826 temporis
2625 1749 2691 1806 et

133 1823 346 1894 futuri
381 1825 770 1900 hominum.
828 1839 891 1894 et
941 1825 1180 1893 vellem
1232 1824 1518 1901 deferre,
1572 1839 1637 1894 et
1692 1824 2056 1895 valuissem
2097 1848 2124 1893 τ·
2172 1838 2238 1893 et
2288 1848 2558 1894 mecum
2604 1848 2685 1895 ac

140 1936 262 2003 pro
309 1935 415 1981 me
446 1915 675 1992 oreiiS,
716 1927 792 1983 ut
827 1913 1017 1982 illius
1064 1914 1363 2000 quodam
1419 1915 1567 1993 viri,
1622 1937 1782 1983 cum
1834 1936 1970 2000 quo
2001 1915 2205 1983 annis
2237 1913 2451 1982 ferme
2520 1935 2691 2000 qua-

139 2001 459 2090 draginta
511 2003 621 2070 Dei
673 2002 852 2070 dono
883 2004 1144 2088 absque
1192 2025 1431 2072 amara
1469 2003 1610 2071 ulla
1641 2003 2070 2071 dissensione
2125 2003 2561 2074 familiariter
2610 2021 2689 2072 ac

140 2089 438 2160 dulciter
472 2091 627 2167 vixi,
668 2107 728 2158 et
763 2092 827 2158 in
874 2091 1000 2160 hoc
1050 2093 1281 2160 seculo
1312 2092 1695 2161 aemulator
1718 2106 1782 2161 et
1816 2093 2119 2161 imitator
2148 2093 2459 2173 existam,
2516 2106 2581 2161 et
2618 2092 2686 2159 i'n

143 2178 375 2248 futuro
401 2179 891 2270 omnipotentis
937 2180 1044 2248 Dei
1080 2181 1440 2270 promissis
1472 2203 1628 2250 cuin
1667 2181 1904 2249 eodem
1949 2179 2281 2270 perfruar,
2320 2186 2527 2249 Amen
2552 2181 2683 2270 (a).

694 2474 857 2595 'DE
933 2494 1014 2595 S.
1085 2493 1522 2597 JULlANO
1608 2481 2102 2593 MARTYRE

908 2712 967 2757 B.
1023 2709 1373 2757 GRBGORlUS
1419 2708 1652 2755 TURON.
1703 2708 1901 2756 muse.

816 2889 1009 2944 Circa
1052 2903 1205 2944 ann-
1253 2889 1390 2942 304
1418 2915 1494 2928 —
1522 2886 1683 2943 Nat.
1730 2886 1999 2945 Gallus.

227 3073 262 3157 ἓ
310 3077 385 3141 1.
441 3074 762 3159 Magnum
832 3072 901 3139 in
957 3070 1155 3139 nobis
1211 3069 1726 3156 quodammodo
1789 3068 2175 3158 igniculum
2228 3068 2309 3136 ad
2375 3068 2690 3156 justitiae

136 3181 305 3230 suae
340 3158 863 3247 adipiscendum
917 3160 1254 3237 semitam,
1318 3159 1530 3246 pietas
1570 3158 1804 3226 divina
1838 3158 2421 3239 succendit‚‘cum
2473 3157 2684 3227 dicit:

133 3250 335 3319 Oculi
362 3250 625 3316 Domini
649 3272 849 3338 super
891 3252 1125 3339 justos,
1167 3258 1229 3315 et
1260 3270 1457 3315 aures
1505 3249 1658 3337 ejus.
1689 3249 1780 3316 ad
1817 3268 2045 3336 preces
2102 3269 2332 3316 eorum
2359 3248 2499 3336 (Ps.
2540 3247 2684 3336 33).

137 3337 545 3415 Ostendam,
598 3337 778 3423 quod
823 3339 940 3423 qui
977 3336 1318 3425 justitiam
1368 3359 1448 3403 ex
1499 3349 1631 3404 toto
1680 3337 1884 3405 corde
1934 3335 2268 3415 dilexerit,
2322 3357 2481 3405 cum
2539 3357 2687 3425 pre-

134 3441 336 3495 catus
369 3426 592 3507 fuerit,
647 3426 973 3494 audiatur
1009 3448 1047 3494 a
1112 3426 1417 3494 Domino,
1490 3426 1757 3493 Utinam
1817 3425 2113 3511 quisque
2167 3437 2482 3493 nostrum‘
2526 3447 2687 3494 cum

136 3515 306 3584 haec
359 3530 615 3584 tentare
663 3518 983 3602 coeperit,
1039 3515 1265 3582 statim
1313 3515 1558 3604 spretis
1624 3514 1870 3582 mundi
1920 3513 2292 3594 scandalis,
2361 3514 2691 3605 neglectis

134 3604 721 3693 concupiscentiis
772 3605 986 3684 vaniS,
1026 3602 1508 3690 derelictisque
1564 3604 1827 3671 semitis
1877 3602 2128 3692 pravis,
2167 3603 2476 3692 justitiae
2510 3602 2689 3670 viam

187 3747 251 3798 (α)
282 3748 324 3788 Β.
351 3745 602 3796 Augustini
633 3756 807 3795 coi-pus
836 3745 1049 3797 Hippone>
1080 3748 1170 3786 fuit
1201 3749 1463 3797 sepultum:
1494 3748 1575 3786 sed
1597 3757 1702 3785 cum
1725 3746 1949 3789 Wandnli,
1967 3747 2128 3794 paullo
2149 3747 2254 3794 poet
2275 3748 2377 3794 cjiie
2400 3742 2594 3787 obitum.
2616 3755 2693 3783 ur·

131 3802 239 3841 bem
268 3803 400 3842 ittam
430 3808 756 3849 occupassent.
788 3806 834 3841 ct
864 3803 1217 3841 'frasamuudus
1247 3811 1410 3840 eorum
1448 3811 1529 3840 rex
1564 3801 1831 3842 catholicon
1866 3801 2098 3840 Ecclesiae
2133 3801 2373 3840 ministros
2404 3806 2615 3838 extorres
2643 3799 2694 3837 in

137 3854 399 3895 Sardiniam
431 3857 630 3904 pell-:ret
660 3854 784 3905 (vide
816 3857 917 3893 Sur.
938 3856 986 3893 in
1017 3857 1108 3892 Vita
1132 3857 1173 3893 S.
1198 3855 1448 3903 Fulgentii,
1470 3855 1567 3893 Vol.
1593 3865 1604 3893 1
1627 3865 1651 3893 a
1679 3865 1778 3902 pag.
1801 3856 1884 3901 24),
1905 3853 2162 3902 Episcopus
2185 3853 2384 3902 Hippon.
2404 3861 2448 3891 et
2472 3850 2551 3890 alii
2572 3861 2694 3891 com·

134 3908 298 3958 plures
329 3909 598 3949 Numidicae
630 3906 896 3957 provinciae
927 3909 1210 3951 aursei-dotes,
1240 3906 1364 3947 inter
1394 3908 1511 3946 alias
1543 3908 1617 3946 SS.
1638 3908 1898 3955 Reliquias.
1921 3908 2070 3946 multa
2091 3916 2210 3955 quae
2231 3908 2288 3945 ad
2309 3907 2352 3945 S.
2380 3907 2569 3955 August.
2587 3914 2688 3952 per·

138 3963 391 4008 munerant,
422 3970 469 4002 et
496 3964 647 4010 ipsius
670 3963 1013 4011 pretiosissima
1033 3972 1142 4000 ossa.
1165 3972 1324 4000 secum
1346 3965 1391 3999 in
1412 3960 1538 4000 exilii
1564 3962 1786 4000 solatium
1809 3961 1994 4000 occulte
2011 3962 2301 4000 detulerunt.
2332 3958 2559 4007 Quievere
2578 3959 2693 3998 haec

136 4015 187 4053 in
218 4016 427 4056 sardinia
458 4028 604 4056 annos
635 4018 825 4055 circiter
847 4018 1109 4057 bisce-utos:
1138 4015 1283 4053 donec
1308 4014 1550 4054 Saracenis
1574 4014 1778 4053 insulam
1800 4011 2150 4061 diripientibus.
2170 4012 2489 4061 Liutpraudus
2515 4014 2692 4061 Longo-

135 4068 389 4111 bnrdorum
418 4082 499 4111 rex
527 4080 716 4110 sacrum
743 4079 912 4119 corpus
942 4079 1108 4116 magno
1137 4072 1239 4107 auri
1272 4070 1475 4116 pondere
1497 4080 1521 4108 e
1545 4070 1851 4108 barbarorum
1877 4068 2093 4107 manibus
2115 4066 2392 4109 vindicavit,
2412 4070 2460 4106 et
2476 4066 2693 4105 Ticinum

139 4123 317 4173 (Papia)
345 4125 815 4164 honorificentissime
845 4124 1140 4165 translatum.
1170 4125 1216 4161 iu
1248 4123 1473 4166 ecclesia.
1516 4124 1557 4160 in
1594 4124 1706 4160 conlo
1743 4134 1877 4160 «turco
1920 4120 2074 4165 (licta.
2112 4121 2440 4160 collocandum
2479 4118 2690 4165 curavit.

134 4185 260 4214 anno
293 4186 487 4217 cccxxv.
522 4180 691 4218 Hostes
720 4182 774 4216 ut
796 4179 977 4221 lateret.
998 4174 1345 4215 studiosissime
1368 4176 1474 4215 dein
1495 4176 1768 4214 obstructus
1789 4176 1995 4215 lateritio
2018 4184 2160 4223 opere
2189 4175 2399 4213 thesauri
2420 4175 2554 4212 locus
2575 4169 2692 4220 ipsis

133 4227 321 4269 civibus
349 4230 425 4271 din
458 4236 629 4271 mansit.
659 4234 915 4281 ignoratus.
945 4232 1104 4272 donec.
1134 4230 1331 4277 disjecto
1354 4230 1410 4268 ad
1432 4234 1649 4268 vetustae
1673 4235 1862 4277 cryptae
1887 4230 2283 4267 restaurationem
2303 4238 2454 4270 muro.
2474 4228 2691 4266 detectus

131 4286 208 4321 est
241 4285 287 4321 in
318 4290 535 4332 argentea
564 4296 714 4333 capsa.
745 4296 865 4323 anno
894 4293 1092 4326 §mcxcn
1121 4284 1222 4322 Kal.
1257 4282 1485 4321 Octobris.
1521 4282 1812 4321 Conecdente
1845 4283 2072 4329 Gregorio
2103 4284 2182 4329 Pp.
2205 4281 2321 4325 XVI,
2341 4281 2518 4319 ossium
2542 4281 2582 4318 S.
2605 4282 2691 4318 Au·

129 4338 313 4386 gustini
344 4341 570 4379 nonnulla
599 4342 647 4378 iu
668 4340 899 4387 Algeriam
921 4340 1033 4375 suut
1052 4338 1221 4381 delata..
1244 4342 1294 4374 ut
1316 4340 1590 4375 renovatum
1613 4334 1728 4379 illic.
1751 4337 2036 4374 Francorum
2059 4333 2228 4374 bellica
2250 4335 2438 4373 virtute.
2458 4333 2692 4372 metent-e

126 4401 296 4440 agrum
328 4391 521 4432 exuviae.-
550 4394 836 4432 foecundent
856 4388 1020 4439 ineis-ti
1041 4388 1256 4430 Doctoris
1279 4387 1360 4438 qni
1382 4399 1460 4429 ecs
1480 4387 1743 4437 antiquitus
1766 4389 1946 4429 Atticae
1969 4390 2134 4438 plagas
2153 4390 2284 4427 tanta
2302 4384 2536 4436 sapientis
2557 4397 2689 4426 exco-

131 4444 241 4491 tuit,
264 4446 335 4486 tot
358 4444 531 4497 rigavit
550 4447 817 4497 sudoribus.
