3308 5004
210 185 398 253 AUG.
451 186 537 252 29
827 202 898 252 m
940 199 1138 250 rxsro
1185 201 1522 250 utentur.
1576 202 1630 250 s.
1685 201 1912 251 somn.
1962 204 2143 252 sur.
2541 187 2661 255 7⁴⁴

211 297 279 354 et
327 282 705 375 Lysanias:
756 303 915 352 cum
970 283 1194 371 prima
1256 281 1538 369 quidem
1590 284 1958 353 tetrarchia
2013 281 2192 356 esset
2251 284 2556 369 Judaea,
2608 308 2761 358 eam

213 386 446 443 autem
513 372 1030 442 administraret
1088 370 1511 452 Archelaus,
1564 371 1683 459 qui
1749 384 1895 444 erat
1955 374 2225 463 primus
2284 375 2462 446 inter
2523 375 2760 447 filios:

212 483 514 549 cumque
550 461 883 531 omnibus
921 473 1190 550 sceptro
1237 465 1549 531 Romano
1585 460 1852 531 collum
1897 461 2404 533 inclinantibus
2436 476 2587 555 post
2621 464 2765 567 pri-

214 573 400 621 mam
452 550 1015 640 descriptionem,
1070 549 1421 637 ducesque
1458 563 1525 618 et
1580 549 2279 640 praesides‚-quibus
2321 554 2768 644 Reipublicae

215 662 383 710 cura
450 639 959 720 mandabatur,
1014 643 1228 710 Roma
1294 638 1798 727 accipientibus
1836 693 1852 720 ,
1924 641 2207 709 Pontius
2269 640 2531 712 Pilatus
2599 655 2769 713 tunc

222 749 496 832 praeses
535 741 713 798 esset
756 726 1080 807 Judaeae,
1133 726 1255 815 qui
1294 728 1623 814 quoniam
1658 727 1929 798 Tiberio
1961 730 2230 799 Caesari
2267 743 2415 799 erat
2444 731 2762 814 intimus,

220 819 371 887 ideo
407 817 795 908 praemium
846 838 1019 886 suae
1059 817 1126 885 in
1186 837 1344 886 eum
1396 816 1766 897 amicitiae,
1826 817 2005 886 hanc
2056 831 2416 911 acceperat
2469 819 2765 890 admini-

120 913 125 916 ⁴
220 907 614 978 strationem
649 906 1039 995 (oportebat
1084 904 1296 986 enim,
1350 926 1510 975 cum
1556 907 1851 976 venisset
1898 905 2231 989 Christus,
2271 909 2387 978 cui
2423 907 2768 998 imperare

144 1045 150 1052 -
219 1010 362 1066 erat
413 994 819 1086 repositum,
869 1006 949 1064 ut
984 994 1081 1064 ait
1133 993 1488 1084 propbeta,
1543 1016 1812 1064 cessare
1852 995 2204 1086 principes
2255 1018 2334 1066 ex
2366 995 2625 1086 Juda):
2685 1001 2764 1068 Et

218 1084 559 1156 Galilaeae
591 1083 871 1171 quidem
925 1084 1262 1152 tetrarcha
1314 1096 1492 1153 esset
1542 1083 1867 1165 Herodes,
1913 1097 1989 1153 ut
2028 1105 2302 1155 sacrum
2345 1085 2514 1155 dicit
2549 1091 2766 1155 Evan-

218 1174 502 1265 gelium:
538 1172 904 1262 Philippus
935 1185 1165 1242 autem
1201 1173 1352 1262 ejus
1399 1171 1608 1242 frater
1643 1184 1823 1242 esset
1852 1173 2189 1243 tetrarcha
2220 1174 2518 1265 (oportet
2544 1175 2760 1257 enim,

220 1276 573 1349 tamquam
604 1273 1010 1331 ornamento
1039 1260 1298 1347 aliquo,
1340 1261 1510 1351 ipsis
1549 1261 1649 1330 uti
1684 1261 2008 1350 eloquiis)
2040 1267 2349 1336 Ituraeae
2372 1276 2438 1332 et
2465 1263 2768 1355 regionis

217 1350 774 1421 Trachonitidis:
836 1363 903 1420 et
941 1350 1267 1439 Lysanias
1297 1404 1312 1428 ,
1371 1349 1723 1421 Abilinae:
1780 1351 1912 1422 sub
1949 1351 2415 1432 ,Pontificibus
2461 1357 2656 1422 Anna
2701 1363 2770 1424 et

219 1440 523 1530 Caipha,
575 1445 879 1509 ,loannes
927 1437 1289 1508 definitum
1342 1452 1710 1528 expectans
1760 1453 2032 1531 tempus
2097 1444 2205 1525 (ut
2264 1463 2459 1510 sacra
2523 1441 2771 1513 dicunt

221 1529 529 1617 eloquia)
565 1549 704 1615 quo
736 1549 806 1597 se
840 1527 1073 1598 Israeli
1108 1527 1516 1608 ostenderet,
1558 1529 1957 1599 morabatur
1988 1529 2219 1599 adhuc
2254 1530 2323 1599 in
2363 1530 2764 1612 solitudine.

218 1616 427 1706 quam
469 1617 802 1687 habitavit
841 1617 949 1686 vix
998 1617 1268 1686 solutus
1315 1638 1357 1685 a
1402 1616 1636 1687 fasciis
1667 1671 1687 1697 ,
1717 1639 2059 1687 ⁴exercens
2092 1619 2297 1688 vitam
2341 1617 2761 1720 Angelicam,

219 1722 287 1778 et
339 1708 624 1777 liberam
660 1706 748 1775 ab
805 1706 1135 1776 omnibus
1189 1706 1709 1794 impedimentis
1757 1721 1822 1776 et
1869 1707 2059 1777 omni
2120 1706 2570 1794 supellectile.
2623 1712 2770 1778 Non

221 1797 409 1866 enim
448 1808 643 1873 tecte,
691 1817 827 1865 non
871 1797 1133 1875 mensa,
1181 1816 1402 1882 neque
1441 1795 1676 1882 aliquo
1722 1794 1860 1864 alio
1899 1795 2327 1886 hujusmodi,
2383 1796 2762 1890 indigebat.

222 1890 365 1954 Non
417 1898 668 1953 terram
720 1884 959 1965 aravit,
1016 1905 1150 1954 non
1188 1883 1460 1954 sulcum
1499 1884 1876 1975 proscidit:
1933 1906 2066 1955 non
2111 1883 2181 1953 in
2223 1885 2477 1954 sudore
2509 1885 2765 1967 vultus,

221 1994 431 2062 quam
465 1972 745 2060 quidem
784 1994 1008 2042 meam
1058 1985 1123 2043 et
1158 1974 1714 2062 paternam-novi
1751 1994 2069 2064 poenam,
2124 1995 2368 2064 panem
2419 1972 2764 2043 comedit:

223 2062 341 2132 sed
394 2062 718 2131 arborum
770 2061 1050 2148 quidem
1102 2083 1418 2131 summae
1466 2061 1745 2132 frondes
1807 2062 2214 2132 alimentum
2269 2063 2650 2152 parabant:
2702 2073 2772 2134 et

227 2151 390 2242 pilis
427 2164 654 2220 autem
719 2149 966 2221 cameli
1023 2150 1193 2220 rude
1238 2163 1306 2219 et
1351 2151 1501 2221 sine
1552 2163 1726 2242 arte·
1756 2151 2143 2220 confectum
2187 2151 2520 2221 induebat
2565 2151 2771 2221 vesti-

226 2251 563 2320 mentum,
600 2251 679 2309 ut
709 2261 849 2319 eos,
890 2239 1012 2326 qui
1044 2250 1239 2308 erant
1283 2239 1352 2307 in
1393 2238 1678 2321 mundo,
1722 2239 1807 2308 ad
1840 2261 2015 2326 quos
2047 2260 2182 2308 non
2220 2239 2313 2308 ita
2363 2240 2582 2322 multo
2619 2250 2773 2331 post

222 2328 431 2409 venit,
475 2328 746 2398 doceret
777 2328 1000 2398 victus
1033 2328 1458 2410 tenuitatem,
1510 2339 1576 2397 et
1623 2329 2011 2408 instrueret,
2055 2339 2132 2397 ut
2179 2339 2245 2398 et
2301 2327 2606 2417 humana
2652 2326 2773 2398 de-

223 2419 591 2576 spicerent,
623 2430 688 2488 et
719 2438 898 2498 eam,
937 2439 1116 2506 quae
1146 2438 1377 2492 revera
1409 2428 1554 2486 erat
1592 2415 1777 2509 apud
1813 2415 2159 2505 antiquOS,
2197 2429 2593 2486 exercerent·
2626 2415 2772 2488 fru-

271 2531 307 2577 a
343 2520 600 2577 itatem.
1366 2524 1374 2532 ·
1635 2552 1647 2561 -
2309 2561 2314 2567 .

221 2531 269 2599 g
310 2600 347 2683 ἓ
395 2602 543 2669 18.
597 2601 764 2666 Cum
813 2608 1043 2666 autem
1083 2608 1352 2685 tempus
1383 2595 1528 2683 jam
1562 2593 1824 2664 dictum
1866 2593 2321 2675 adventasset,
2358 2605 2424 2664 et
2453 2594 2772 2685 seipsum

190 2685 464 2755 Israeli
519 2684 967 2775 patefecisset,
1025 2683 1420 2773 cujusmodi
1458 2694 1606 2752 erat
1643 2684 1726 2753 ad
1780 2682 2196 2751 afferendam
2233 2682 2769 2753 admirationem

224 2774 458 2855 bomo,
493 2775 615 2860 qui
650 2774 934 2864 triginta
970 2774 1192 2844 annos
1240 2772 1584 2841 habitarat
1624 2772 1693 2840 in
1738 2771 2133 2853 solitudine,
2170 2784 2237 2841 et
2274 2793 2345 2842 se
2379 2772 2586 2841 veluti
2625 2792 2776 2861 per-

229 2875 438 2953 petuo
486 2862 936 2932 damnaverat
971 2861 1220 2943 exili0,
1272 2874 1337 2930 et
1394 2881 1553 2930 cum
1607 2858 1800 2929 nullo
1847 2861 2133 2930 omnino
2188 2860 2469 2930 homine
2516 2859 2776 2933 versari

226 2962 579 3032 statuerat,
617 2965 683 3020 et
719 2953 806 3021 ab
846 2952 1127 3021 ineunte
1173 2962 1388 3019 aetate
1437 2948 1641 3018 vitam
1685 2948 1983 3038 elegerat
2018 2951 2493 3031 monasticam,
2534 2962 2612 3019 ut
2642 2949 2769 3036 qui

226 3052 392 3109 tunc
427 3041 730 3129 primum
768 3040 1028 3110 veniret
1064 3040 1136 3107 in
1180 3052 1622 3129 conspectum
1678 3037 2088 3107 hominum?
2136 3038 2375 3107 Statim
2424 3038 2636 3119 enim,
2687 3051 2772 3108 ut

221 3128 366 3216 jam
418 3127 744 3210 diximus,
789 3130 878 3199 ab
917 3127 1363 3198 incunabulis
1414 3126 1729 3197 lubenter
1762 3140 2069 3196 versatus
2102 3125 2230 3196 fuit
2268 3128 2337 3195 in
2372 3126 2769 3209 solitudine,

230 3216 425 3287 nulla
450 3239 523 3286 re
549 3217 856 3287 humana
888 3216 1174 3288 omnino
1207 3216 1549 3308 indigens,
1588 3215 1797 3285 simul
1826 3237 1988 3285 cum
2025 3215 2337 3285 moribus
2379 3214 2774 3302 loquentem

230 3306 519 3377 formam
560 3318 628 3376 et
699 3319 951 3376 vestem
1007 3305 1381 3385 attrahenS,
1436 3317 1516 3374 ut
1568 3305 1685 3392 qui
1752 3303 1994 3375 fuisset
2041 3304 2230 3373 filius
2278 3304 2653 3387 Pontificis,
2710 3314 2777 3374 et

232 3394 698 3466 testimonium
750 3395 835 3464 de
866 3417 945 3464 eo
979 3395 1302 3464 serentem
1343 3394 1591 3464 Isaiam
1635 3406 1868 3483 aperte
1917 3392 2296 3463 induceret.
2333 3392 2513 3463 Illud
2553 3393 2766 3473 enim,

232 3488 364 3554 Vox
398 3484 763 3554 clamantis
797 3484 881 3553 in‘
907 3484 1216 3554 deserto:
1253 3482 1338 3553 de
1367 3503 1447 3552 eo
1477 3482 1740 3552 scilicet
1778 3482 2043 3553 dictum
2073 3494 2197 3551 est.
2235 3487 2460 3555 Novus
2490 3481 2774 3570 quidem
2819 3483 2827 3490 ’

230 3573 418 3643 Elias
463 3585 783 3644 ostensus
828 3595 908 3643 ex
972 3574 1343 3653 omnibus,
1396 3572 1498 3641 vel
1558 3571 1786 3662 potius
1840 3571 2169 3641 omnibus
2223 3570 2645 3662 persuadens
2702 3590 2777 3639 se
2878 3567 2886 3576 '

231 3662 482 3731 habere
522 3661 642 3731 illo
689 3662 953 3749 aliquid
990 3662 1320 3751 amplius,
1357 3676 1701 3748 quatenus
1754 3660 1912 3745 plus
1950 3672 2052 3731 est
2097 3660 2383 3730 omnino
2413 3658 2667 3728 versari
2702 3657 2777 3727 in

231 3750 726 3821 solitudinibus
756 3806 773 3829 ,
816 3772 1027 3838 quam
1086 3751 1155 3820 in
1214 3749 1751 3830 civitatibus,·in
1793 3749 2051 3836 quibus
2098 3763 2242 3819 erat
2295 3748 2507 3821 Elias.
2552 3752 2644 3817 Ea
2691 3747 2779 3817 de

233 3862 443 3910 causa
463 3852 608 3910 erat
629 3839 914 3910 Judaeis
940 3839 1330 3909 mirandum
1358 3840 1427 3907 in
1459 3839 1742 3909 modum
1771 3836 2201 3919 venerabilis,
2228 3849 2294 3907 et
2315 3837 2778 3907 tolerabantur

230 3928 378 4018 ejus
419 3929 1014 4019 reprehensiones
1059 3928 1417 4011 Quomodo
1454 3929 1640 3997 enim
1679 3949 1795 3996 eos
1846 3928 2213 4018 increpans
2242 3938 2309 3996 et
2357 3948 2612 3997 vocans
2659 3945 2778 4016 ge-

234 4017 498 4087 nimina
551 4017 970 4108 viperarum,
1012 4018 1143 4088 etsi
1204 4038 1417 4087 manu
1455 4029 1687 4086 essent
1725 4015 1924 4085 valde
1976 4016 2303 4107 prompti,
2345 4027 2411 4085 et
2451 4014 2780 4107 propensi

235 4104 665 4186 adcaedem,
703 4128 819 4177 eos
850 4129 987 4176 non
1037 4106 1265 4197 adegit
1298 4105 1384 4175 ad
1426 4107 1828 4176 insaniam?

319 4196 356 4280 §
400 4201 541 4269 u.
596 4197 1202 4266 verumenimvero
1235 4194 1729 4265 attendendum
1762 4206 1886 4277 est,
1926 4215 2134 4280 quam
2170 4191 2302 4263 fuit
2332 4192 2614 4263 «ludaeis
2651 4196 2780 4261 Ba·

234 4284 440 4373 ptista
470 4285 929 4357 admirabilis.
983 4286 1110 4355 Eis·
1142 4284 1329 4355 enim
1379 4283 2155 4375 injecitsuspicionem,
2221 4304 2307 4352 ne
2356 4282 2506 4373 ipse
2545 4302 2781 4351 revera
