3308 5004
712 341 868 423 ut·
1629 371 1711 418 m:
1758 370 1813 418 s.
1866 368 2171 420 normico
2879 351 3050 419 AUG.
3095 351 3127 419 l

625 469 849 529 storea
876 468 1003 527 aut
1033 467 1218 527 crate
1249 455 1649 537 straminea,
1696 464 1816 525 aut
1862 453 2102 546 paleis,
2158 455 2258 525 vel
2292 477 2533 527 sacco:
2587 467 2789 544 atque
2834 455 2924 525 ita
2963 466 3133 524 nocte

626 546 1018 618 dormiebat
1057 545 1365 626 vestituS,
1418 555 1496 615 ut
1542 543 1848 614 interdiu
1900 543 2418 635 ingrediebatur
2450 600 2466 627 ,
2526 545 2662 615 nisi
2702 544 2878 632 quod
2928 564 3134 614 soccos

628 635 1030 706 detrahebat
1066 634 1387 737 pedibus,
1427 637 1711 725 Semper
1738 634 1822 702 ad
1857 632 2134 703 lumbos
2163 644 2474 704 catenam
2508 634 2802 705 habebat
2831 633 3132 703 ferream:

626 744 837 813 quam
902 745 982 795 eo
1029 726 1168 795 vita
1215 722 1451 794 functo
1485 722 1557 792 in
1597 723 1750 814 ejus
1795 742 2082 813 corpore
2114 723 2377 793 invenit
2428 728 2497 793 F.
2552 721 2923 804 Rolandu3‚
2972 720 3141 791 abla-

627 825 906 902 tamque
944 813 1078 884 sibi
1130 812 1459 893 retinuit,
1512 811 1631 881 sed
1678 822 1911 912 postea
1949 811 2135 883 dono
2172 811 2362 884 dedit
2412 813 2588 903 patri
2626 811 2922 882 Jordano
2952 817 3043 879 Ma
3095 809 3141 859 ’—

630 914 771 974 stro
804 901 1106 983 Ordinis,
1147 901 1324 972 beati
1357 900 1700 971 Dominict
1748 901 2190 971 sanctissimo
2229 901 2634 971 successori.
2684 908 2835 971 Post
2863 906 3055 989 Comp
3082 919 3143 967 e-

631 993 880 1061 torium
919 1046 935 1073 ,
1002 1003 1081 1062 ut
1136 1001 1431 1070 vocant,
1487 1000 1554 1058 et
1602 1009 1839 1079 preces
1886 1010 1927 1057 a
1974 988 2304 1060 fratribus
2361 990 2828 1060 communiter
2886 988 3147 1058 Domino

628 1079 919 1163 oblatas,
955 1079 1114 1150 illos
1147 1079 1360 1150 voluit
1397 1100 1471 1147 se
1509 1077 1595 1147 ad
1636 1077 2127 1149 dormiendum
2167 1077 2522 1149 conferre:
2568 1079 2717 1170 ipse
2755 1079 2825 1147 in
2857 1077 3140 1158 ecclesia,

626 1180 1037 1260 precaturus
1074 1168 1280 1250 clam,
1326 1167 1729 1258 permansit.
1771 1168 2022 1238 Orabat
2067 1179 2297 1238 autem
2348 1189 2508 1238 cum
2556 1167 2825 1258 ingenti
2872 1166 3147 1237 clamore

628 1269 697 1327 et
744 1258 1033 1350 gemitu,
1079 1257 1148 1326 in
1184 1277 1484 1344 eumque
1518 1256 1873 1346 planctum
1914 1268 1982 1327 et
2031 1268 2291 1328 motum
2323 1258 2756 1348 erumpebat,
2809 1268 2885 1327 ut
2915 1256 2982 1324 in
3018 1275 3149 1344 pro—

628 1347 915 1439 pinquis
964 1345 1134 1416 locis
1180 1344 1602 1415 dormientes
1632 1345 2116 1427 excitarentur,
2161 1358 2226 1415 et
2269 1346 2678 1435 plerumque
2716 1345 2799 1415 ad
2839 1345 3150 1434 lacrymas

629 1447 1217 1527 permoverentur.
1259 1438 1359 1503 lta
1388 1455 1618 1514 oranS,
1657 1455 1878 1521 usque
1909 1433 1996 1502 ad
2033 1446 2411 1506 nocturnas
2453 1457 2690 1526 preces
2731 1432 3147 1526 pernoctavit,

630 1546 712 1593 ac
765 1522 984 1593 nihilo
1026 1523 1263 1593 minus
1313 1545 1476 1592 cum
1532 1522 1862 1593 fratribus
1917 1545 2033 1592 eas
2089 1545 2328 1615 preces
2363 1524 2763 1615 persolvens
2796 1579 2812 1606 ,
2861 1521 3156 1592 cantabat

631 1611 973 1694 alacriter,
1018 1623 1084 1682 et
1129 1611 1264 1682 alta
1305 1632 1487 1681 voce.
1544 1610 1816 1682 Solebat
1863 1612 2069 1682 etiam
2114 1635 2236 1703 per
2264 1625 2632 1701 utramque
2668 1613 2962 1683 transire
2988 1606 3154 1679 chori

630 1716 923 1793 partem,
978 1723 1139 1771 voce
1164 1699 1507 1790 jubilante
1545 1722 1836 1771 monens
1864 1712 1930 1771 et
1964 1701 2262 1772 invitans
2300 1701 2567 1782 fratres,
2607 1713 2686 1771 ut
2725 1699 3156 1793 psalmodiam

632 1788 769 1860 alte
805 1803 872 1860 et
903 1790 1224 1860 distincte
1252 1789 1761 1879 depromerent.
1814 1793 1970 1859 Post
1999 1790 2352 1861 absolutas
2389 1793 2608 1861 noctis
2641 1812 2881 1882 preces
2913 1788 3157 1859 tradens

632 1901 755 1949 cor
786 1900 993 1949 suum
1029 1879 1114 1949 ad
1161 1877 1590 1968 vigilandum
1664 1878 1976 1949 diluculo
2015 1879 2100 1948 ad
2147 1880 2515 1949 Dominum
2583 1881 2706 1969 qui
2751 1880 2910 1949 fecit
2954 1877 3154 1954 illum,

632 1967 729 2038 ita
763 1968 831 2037 in
887 1969 1194 2038 oratione
1243 1967 1559 2058 perstitit,
1605 1980 1683 2037 ut
1730 1989 2114 2055 numquam
2157 1969 2348 2039 visus
2382 1970 2470 2040 sit
2516 1969 2586 2038 in
2642 1970 2820 2040 lecto
2861 1967 3157 2037 dormire.

633 2061 713 2127 At
760 2069 986 2126 tamen
1022 2057 1344 2126 inventus
1390 2067 1493 2127 est
1540 2078 2069 2144 nonnumquam
2115 2079 2278 2147 prae
2319 2057 2737 2130 lassitudine
2778 2057 3041 2137 sedens,
3074 2049 3160 2121 vel

633 2145 704 2215 in
748 2166 977 2215 assere
1022 2159 1146 2216 aut
1192 2157 1371 2215 terra
1394 2145 1661 2234 jacenS,
1697 2145 2222 2217 obdormivisse.

725 2235 763 2322 ξ
813 2239 967 2307 tu.
1019 2240 1183 2303 Tam
1232 2248 1461 2305 autem
1495 2248 1639 2305 erat
1687 2235 1981 2305 orationi
2014 2235 2343 2314 intentus,
2385 2247 2460 2306 ut
2494 2248 2779 2328 propter
2814 2232 3161 2306 tumultum

634 2335 702 2394 et
734 2324 1097 2415 strepitum
1134 2323 1718 2411 qualemcumque
1757 2323 1932 2393 nihil
1969 2324 2057 2393 ab
2087 2325 2458 2395 attentione
2492 2339 2955 2395 revocaretur.
2991 2326 3167 2392 Nocte

634 2411 937 2500 quadam
981 2424 1141 2484 ante
1181 2433 1371 2482 aram
1408 2413 1491 2482 ad
1587 2434 1775 2483 reces
1811 2426 2229 2504 prostratum
2264 2413 2488 2482 malus
2525 2412 2829 2485 daemon
2874 2414 3169 2483 intertur-

634 2502 801 2574 bare
840 2501 1099 2583 volenS,
1159 2501 1493 2593 grandem
1573 2500 1848 2593 apidem
1883 2524 1920 2572 e
1952 2515 2126 2573 tecto
2163 2501 2494 2574 ecclesiae
2528 2501 2808 2596 dejecit,
2863 2502 3065 2590 idque
3105 2517 3170 2566 eo

636 2593 927 2683 impetu,
957 2603 1036 2662 ut
1069 2603 1205 2662 tota
1234 2591 1523 2661 ecclesia
1557 2592 1711 2682 ejus
1736 2613 1903 2661 casu
1930 2592 2499 2672 circumsonaret,
2533 2592 2940 2681 usqueadeo
2964 2600 3169 2659 autem

637 2681 850 2772 capiti
888 2681 1038 2772 ejus
1073 2682 1510 2772 propinquus
1557 2680 1689 2751 fuit
1729 2679 1928 2771 lapis,
1972 2692 2051 2751 ut
2098 2702 2308 2750 ruens
2353 2681 2694 2772 capitium
2748 2684 2902 2773 ejus
2934 2677 3175 2749 contin-

637 2781 848 2861 geret.
905 2768 1031 2840 Sed
1082 2770 1228 2839 viro
1272 2769 1385 2839 Dei
1428 2769 1601 2838 nihil
1638 2791 1709 2840 se
1741 2782 2076 2851 movente,
2115 2770 2333 2840 hostis
2367 2769 2665 2840 terribili
2700 2792 2868 2841 voce
2900 2767 3171 2860 ejulans,

636 2880 799 2928 cum
839 2857 1058 2927 multa
1085 2858 1468 2948 ignominia
1499 2858 1854 2930 abscessit.
1891 2863 2189 2928 Cernens
2215 2871 2443 2928 autem
2474 2861 2871 2931 terroribus
2903 2880 2973 2931 se
2998 2855 3176 2925 illum

635 2944 956 3037 frangere
991 2967 1125 3015 non
1170 2967 1394 3037 posse,
1448 2945 1741 3016 illudere
1791 2947 1855 3015 ei
1896 2945 2132 3016 voluit.
2186 2949 2420 3017 Oranti
2458 2947 2651 3017 enim
2703 2961 2859 3040 post
2891 2943 3180 3034 Comple-

635 3033 892 3104 torium
941 3035 1012 3103 in
1064 3035 1293 3126 specie
1339 3034 1571 3105 fratris
1618 3039 1833 3104 Deum
1883 3035 2311 3105 obsecrantis
2365 3048 2522 3106 ante
2569 3039 2940 3125 quoddam
2977 3034 3183 3119 ,altare

639 3121 990 3214 apparuit.
1044 3128 1216 3193 Eum
1267 3122 1546 3193 fratrem
1596 3144 1746 3194 esse
1793 3124 2196 3195 existimans
2256 3124 2361 3194 vir
2407 3125 2571 3207 Dei,
2642 3128 2854 3219 signo
2900 3123 3181 3214 quodam

630 3211 843 3302 jussit
875 3211 976 3282 ire
1014 3211 1355 3282 cubitum.
1407 3212 1531 3282 Ille
1569 3225 1780 3303 caput
1827 3212 2200 3296 inclinanS,
2255 3214 2443 3283 abiit.
2489 3219 2741 3287 Postea
2783 3217 2889 3287 vir
2927 3220 3186 3286 sanctus

637 3300 911 3370 monuit
955 3299 1221 3382 fratreS,
1276 3322 1362 3370 ne
1416 3301 1576 3389 quis
1618 3313 1770 3392 post
1817 3301 2142 3372 ultimum
2185 3303 2465 3393 signum
2516 3303 2587 3373 in
2639 3306 2907 3396 templo
2942 3319 3189 3405 perma-

638 3400 852 3457 neret.
896 3392 973 3458 At
1014 3387 1131 3459 ille
1186 3389 1391 3459 fictus
1437 3400 1504 3459 et
1549 3392 2066 3461 commentitius
2112 3391 2366 3474 frater,
2422 3393 2638 3463 semel
2694 3406 2909 3482 atque
2954 3404 3184 3463 iterum

639 3499 839 3547 orare
885 3499 959 3547 se
1006 3477 1383 3548 simulavit.
1445 3480 1742 3550 Accessit
1780 3501 1943 3571 ergo
1991 3479 2078 3549 ad
2139 3503 2298 3550 eum
2358 3480 2464 3550 vir
2513 3482 2656 3563 Dei,
2718 3495 2787 3554 et
2839 3484 2979 3553 ait:
3027 3496 3192 3574 quae

637 3577 743 3635 est
796 3565 925 3667 ista
959 3566 1468 3648 inobedientia,
1534 3568 1720 3656 quod
1764 3569 1906 3656 jam
1959 3569 2156 3639 tertio
2205 3570 2270 3639 id
2322 3568 2493 3639 facis
2528 3625 2543 3652 ,
2596 3573 2798 3659 quod
2848 3593 2978 3664 ego
3025 3578 3193 3637 vetui

640 3676 726 3724 ne
756 3675 1124 3743 quisquam
1157 3655 1453 3726 faceret?
1477 3660 1648 3727 Tum
1682 3656 1800 3727 ille
1828 3680 1911 3728 ne
1959 3658 2298 3730 uissimus
2330 3659 2768 3731 cachinnum
2804 3659 3188 3733 sustollenS,

639 3743 846 3815 Effeci
878 3756 1082 3822 certe,
1128 3744 1376 3833 inquit,
1409 3757 1486 3816 ut
1518 3745 1871 3816 silentium
1937 3769 2056 3816 ran
2110 3770 2283 3818 eres.
2322 3748 2443 3818 Cui
2479 3748 2581 3817 vir
2613 3762 2951 3822 sanctus:
2991 3771 3027 3815 «
3058 3742 3196 3816 Noli

638 3832 874 3914 miser,
928 3832 1044 3915 ait,
1099 3832 1354 3904 laetitia
1388 3834 1639 3917 efferri,
1693 3857 1774 3905 ex
1809 3857 1879 3904 rc
1919 3836 2063 3905 nihi
2131 3837 2252 3907 tibi
2351 3835 2692 3907 rofutura.
2738 3845 2885 3931 Ego
2921 3855 3192 3929 possum

638 3922 994 3993 silentium
1043 3921 1348 3992 relaxare
1378 3937 1443 3994 et
1482 3923 1695 4012 loqui,
1735 3923 1856 3994 ubi
1905 3924 2075 3994 mihi
2116 3948 2284 4016 expe
2340 3925 2436 3994 ire
2470 3925 2700 3996 visum
2745 3940 2879 3999 est.
2916 3950 2952 3995 »

730 4018 768 4092 ἓ
820 4014 976 4083 25.
1030 4011 1310 4082 Occulto
1344 4034 1510 4082 sane
1548 4025 1613 4083 et
1638 4012 1954 4104 jucundo
1982 4014 2282 4102 quodam
2307 4013 2578 4103 judicio
2610 4037 2746 4087 suo
2789 4008 3199 4105 nequissimi

643 4096 863 4169 hostis
910 4100 1204 4171 insidias
1249 4113 1315 4171 et
1361 4100 1640 4172 fraudes
1688 4100 1921 4173 electis
1970 4103 2118 4173 suis
2167 4107 2344 4174 Deus
2396 4102 2558 4174 facit
2617 4104 2710 4174 ad
2767 4106 3098 4176 meritum
3145 4110 3205 4169 et

641 4184 933 4286 salutem
975 4191 1330 4280 proficere.
1382 4190 1563 4262 Vidit
1610 4205 1809 4261 nocte
1840 4192 2142 4280 quadam
2176 4192 2417 4262 beatus
2457 4192 2880 4267 Dominicus
2914 4194 3204 4265 fratrum

643 4272 845 4343 illurn
896 4293 1363 4350 accusatorem
1412 4302 1541 4350 ceu
1588 4279 1826 4350 ferreis
1862 4281 2187 4351 manibus
2221 4293 2563 4351 tenentem
2611 4281 2974 4364 chartam,
3028 4292 3095 4351 et
3125 4276 3206 4348 ad

641 4361 877 4432 lumen
923 4364 1264 4457 lampadis
1313 4390 1467 4437 eam
1526 4369 1891 4460 legentem.
1943 4375 2412 4461 Interrogante
2472 4381 2705 4441 autem
2769 4373 2925 4444 viro
2965 4372 3244 4449 beato,

641 4450 812 4540 quid
863 4451 1153 4545 legeret,
1216 4458 1607 4549 respondit,
1664 4481 1734 4529 se
1784 4469 2060 4550 peccata
2113 4459 2402 4530 fratrum
2442 4459 2597 4549 ejus
2647 4459 2916 4551 legere.
2970 4466 3212 4553 Magna
