3308 5004
716 293 802 359 44
1568 310 1646 356 nn
1695 308 1787 356 ss,
1841 258 2241 357 nacnanams
2893 292 3068 360 AUG.
3116 295 3141 360 ⁴

627 394 1007 465 affectionis
1035 394 1309 465 vinculo
1341 416 1604 465 memor
1633 408 1960 483 partuum
2001 394 2379 464 tenebatur.
2411 394 2688 464 sienim
2719 416 2865 476 nos,
2891 397 3007 482 qui
3038 397 3153 467 viri

625 505 897 565 sumuS,
952 486 1344 571 frequenter
1389 504 1548 552 cum
1599 482 1919 553 videmus
1965 505 2157 552 reum
2212 505 2331 572 per
2363 484 2588 552 forum
2639 483 2802 553 duci
2838 484 3148 557 refrenato

625 595 743 644 ore
790 574 860 643 in
915 575 1154 645 mortis
1200 571 1739 651 damnationem,
1794 584 1860 640 et
1905 593 2065 641 eum
2117 572 2428 641 trahente
2474 573 2843 654 carnifice,
2892 573 2974 643 de
3023 574 3153 645 solo

623 664 776 753 ejus
814 676 1099 755 aspectu
1143 662 1555 752 frangimur,
1600 683 1760 743 cum
1813 674 2040 730 tamen
2104 660 2557 731 sufficientem
2625 662 2959 732 habemus
3002 684 3155 733 con-

625 752 1029 823 solationem
1079 774 1160 821 ex
1226 752 1378 842 ipsa
1442 750 1904 819 conscientiae
1952 752 2339 830 securitate,
2383 772 2520 837 qua
2581 751 2668 819 ab
2726 751 2913 821 illius
2959 755 3159 842 poena

628 842 871 911 mortis
901 834 1403 911 discernimur:
1458 838 1659 908 facile
1694 838 1917 907 metiri
1970 861 2346 929 possumus
2393 838 2561 925 quid
2610 839 2732 909 illa
2784 841 3154 930 pertulerit,

674 953 803 1000 uae
853 953 987 1001 non
1022 951 1215 1000 reum
1247 929 1551 1015 aliquem
1583 940 1648 995 et
1695 941 2122 1008 extraneum,
2176 941 2242 997 et
2299 927 2742 999 damnatione
2781 931 3158 1000 commerita

625 952 789 1089 duci
837 1020 1132 1099 videbat,
1168 1017 1286 1087 sed
1328 1030 1587 1107 septem
1642 1015 1821 1086 filios
1871 1016 2077 1086 simul
2127 1017 2198 1086 in
2245 1039 2383 1086 una
2430 1016 2544 1086 die
2595 1039 2739 1087 non
2782 1019 2909 1089 ista
2963 1033 3158 1088 morte

624 1108 990 1188 consumi,
1045 1107 1163 1177 sed
1232 1106 1440 1175 variis
1490 1104 1781 1175 laniatos
1858 1105 2094 1196 poenis
2146 1105 2416 1176 videbat
2476 1107 2797 1176 interfici.
2865 1109 2931 1177 Si
2993 1108 3159 1177 enim

627 1195 900 1287 lapidea
929 1197 1211 1284 quidem
1243 1194 1509 1273 fuisset,
1555 1207 1619 1263 et
1649 1194 1709 1263 si
1744 1194 2003 1263 viscera
2032 1194 2399 1265 adamante
2436 1211 2799 1286 compacta
2831 1198 3157 1287 gessisset:

627 1287 721 1355 ita
768 1286 940 1355 forte
998 1284 1331 1376 potuisset
1392 1284 1807 1352 inconcussa
1871 1282 2169 1364 durare,
2246 1297 2311 1353 et
2361 1284 2532 1353 nihil
2584 1307 2824 1355 eorum
2877 1286 3155 1363 sentire,

621 1396 799 1462 quae
832 1387 898 1444 et
933 1374 1292 1443 mulierem
1328 1385 1394 1442 et
1427 1384 1715 1441 matrem
1759 1373 2042 1461 perpeti,
2094 1373 2194 1441 vis
2245 1373 2392 1463 ipsa
2436 1385 2723 1443 naturae
2823 1374 3160 1462 ietatisque

622 1463 931 1553 cogebat.
974 1463 1275 1548 Denique
1320 1462 1569 1551 cogita,
1613 1460 1961 1548 quomodo
2009 1460 2440 1531 admiremur
2470 1463 2772 1532 Patriarc
2828 1485 2936 1531 am
2973 1463 3164 1532 Abra-

626 1552 813 1634 ham,
846 1551 1030 1640 quod
1080 1550 1304 1620 fllium
1354 1573 1561 1620 suum
1599 1550 1893 1620 offerens
1927 1555 2081 1627 Deo,
2136 1550 2286 1640 ipse
2322 1551 2533 1619 vinxit
2561 1552 2628 1619 in
2681 1565 3024 1642 apparatu
3062 1552 3170 1620 ho-

625 1641 794 1710 stiae
844 1662 1095 1711 manus
1126 1640 1300 1729 ejus,
1345 1638 1688 1740 pedesque
1732 1639 2241 1728 consti-iugem,
2305 1651 2371 1708 et
2417 1662 2575 1708 eum
2630 1654 2917 1731 paterna
2967 1663 3164 1710 manu

626 1728 1137 1801 immolandum
1167 1728 1367 1798 altari
1402 1728 1761 1818 imposuit,
1807 1740 1871 1797 et
1898 1728 2244 1817 sapienter
2277 1727 2675 1799 conferens:
2710 1743 2878 1799 tunc
2928 1729 3172 1799 videbis

622 1831 879 1906 quanta
915 1818 1231 1889 mulieris
1282 1817 1490 1905 hujus
1541 1818 1756 1886 virtus
1802 1817 2113 1918 extiterit.

710 1909 747 1994 ξ
794 1912 875 1979 S.
929 1912 980 1978 Ο
1028 1906 1543 1977 amarissimum
1598 1905 1796 1986 illud,
1836 1906 2044 1975 simul
2095 1918 2160 1976 et
2190 1905 2683 1976 dulcissimum
2743 1910 2986 1977 matris
3031 1928 3172 1996 spe—

624 1996 1014 2065 ctaculum:
1065 2018 1106 2065 o
1150 1994 1671 2065 amarissimum
1733 1993 2014 2081 quidem
2085 2009 2361 2085 propter
2411 2008 2732 2065 naturam
2803 1997 3173 2066 affectionis

623 2084 993 2165 humanae,
1032 2097 1099 2155 et
1133 2098 1407 2175 propter
1454 2084 1767 2172 ipsorum
1807 2082 2053 2153 faciem
2097 2096 2640 2153 tormentorum:
2682 2085 3168 2156 dulcissimum

622 2195 777 2242 vero
876 2187 1104 2265 ropter
1140 2174 1455 2243 virtutem
1507 2171 1696 2252 fidei,
1749 2194 1886 2259 qua
1934 2172 2404 2243 delectabatur
2450 2172 3000 2245 domesticarum
3029 2197 3168 2262 spe—

620 2274 818 2332 ctacu
849 2284 889 2332 o
941 2263 1340 2353 passionum
1372 2285 1386 2329 :
1425 2283 1561 2348 quo
1589 2261 1877 2350 impiam
1915 2261 2234 2362 sacrilegi
2278 2262 2460 2353 regis
2492 2263 2985 2343 crudelitatem
3019 2285 3164 2334 con-

621 2349 827 2422 fessio
853 2351 1153 2442 gloriosa
1182 2350 1519 2420 vincebat.
1554 2350 1742 2419 Unde
1773 2348 2147 2420 fortissima
2181 2350 2299 2420 illa
2327 2365 2542 2425 mater
2571 2374 2707 2421 non
2735 2352 3164 2443 frangebam

622 2440 1015 2531 spectaculo
1063 2441 1433 2512 orbitatum
1486 2461 1802 2522 suarum,
1848 2438 1964 2510 sed
2009 2438 2563 2509 confortabatur:
2615 2442 2788 2528 quia
2842 2464 2979 2514 non
3034 2464 3147 2533 pro

620 2531 943 2599 fluentem
1001 2552 1240 2600 eorum
1291 2529 1708 2618 sanguinem
1773 2528 2245 2618 adspiciebat,
2297 2529 2416 2598 sed
2469 2532 2697 2621 magis
2758 2532 2850 2601 ad
2901 2553 3144 2602 corona

619 2640 884 2699 eorum,
940 2641 1115 2707 quae
1165 2619 1569 2688 texebantur
1602 2617 1671 2686 in
1706 2617 1915 2687 coelis
1965 2618 2222 2687 intenta
2273 2617 2645 2708 gaudebat.
2700 2626 2850 2690 Non
2921 2621 3150 2690 videbo

591 2706 706 2776 ⁴ad
759 2706 1268 2798 receptaculum
1320 2706 1698 2795 temporale
1742 2706 1970 2775 cavari
2023 2719 2281 2794 petram
2324 2707 2774 2798 sepeliendis,
2812 2712 2981 2797 quia
3035 2731 3148 2800 pro

619 2795 893 2865 videbat
941 2810 1216 2865 aeterna
1261 2794 1617 2864 aedificari
1672 2794 2117 2864 tabernacula
2170 2796 2611 2867 coronandis
2668 2803 2820 2869 Non
2873 2798 3148 2871 conside

619 2884 817 2953 rabat
887 2885 1417 2955 circumstantes
1494 2883 1789 2974 populos
1826 2937 1841 2963 ‚
1895 2883 2061 2970 quia
2112 2884 2384 2953 videbat
2451 2885 2814 2959 adstantes
2877 2888 3152 2979 angeloC

621 2972 846 3043 Oblita
891 2983 995 3043 est
1038 2972 1310 3043 dolores
1350 2985 1675 3062 partuum
1739 2993 2055 3052 suorum,
2118 2974 2531 3063 contempsit
2589 2990 2921 3048 naturam
2989 2999 3144 3048 sexu

621 3061 755 3141 sui,
814 3083 937 3130 nec
979 3083 1245 3130 memor
1302 3061 1505 3130 etiam
1559 3061 1953 3141 senectutiS‚
2011 3061 2560 3149 ipsam0quoque
2617 3080 2921 3137 naturae
2962 3079 3148 3157 tyras

621 3149 852 3219 nidem
903 3151 1137 3219 animo
1176 3163 1546 3241 superante
1592 3149 1919 3219 calcavit:
1983 3162 2271 3219 naturae
2302 3150 2656 3242 (inquam)
2711 3155 3152 3246 tyranniden*

617 3260 796 3325 quae
824 3251 892 3308 et
922 3238 1299 3310 bestiarum
1348 3238 1686 3308 feritatem
1735 3237 2059 3328 subigere
2105 3241 2486 3309 consuevit.
2541 3245 2766 3331 Saepe
2817 3246 3010 3316 enim
3064 3243 3154 3313 di*

619 3326 837 3397 ficiles
886 3328 1043 3418 capi
1100 3326 1391 3408 belluae,
1448 3348 1566 3417 per
1612 3348 1921 3396 amorem
1990 3339 2216 3396 tamen
2269 3350 2435 3398 suae
2482 3330 2747 3403 sobolis
2777 3335 3152 3423 capiuntur

619 3421 794 3485 Dum
822 3416 1009 3486 enim
1052 3430 1369 3486 natorum
1402 3437 1689 3485 suorum
1720 3415 2156 3486 dilectionem
2211 3416 2385 3487 vitae
2417 3438 2583 3487 suae
2617 3423 3053 3509 praeferunt,
3100 3424 3142 3490 it

617 3505 866 3574 affectu
917 3505 1187 3596 pietatis
1217 3504 1536 3574 incautae
1567 3504 1637 3573 in
1679 3527 1930 3574 manus
1970 3504 2293 3575 incidunt
2340 3520 2776 3579 venatorum:
2824 3514 2951 3599 qui
3004 3512 3150 3603 prin

617 3593 884 3664 catulos
915 3616 1155 3665 eorum
1188 3606 1551 3675 venantur,
1589 3605 1667 3662 ut
1700 3616 1822 3752 per
1852 3595 2240 3664 affec-‚tionis
2274 3596 2746 3684 captivitatem
2790 3601 3140 3690 perveniat

616 3682 703 3752 ad
737 3695 1529 3774 capturamparentum.
1590 3687 1692 3752 Nu
1728 3682 1873 3753 lum
1933 3696 2036 3754 est
2083 3683 2368 3764 animal,
2425 3707 2549 3754 nec
2601 3686 2700 3756 ita
2770 3690 3136 3760 infirmum

617 3772 805 3859 quod
842 3794 980 3841 non
1030 3794 1152 3863 pro
1194 3771 1360 3841 siliis
1429 3771 1578 3842 suis
1634 3770 2082 3842 defensandis
2149 3773 2362 3843 robur
2408 3789 2766 3845 assumat:
2829 3785 3063 3868 neque
3108 3781 3148 3846 il

618 3874 1088 3942 mansuetum,
1139 3860 1324 3948 quod
1361 3860 1670 3951 abreptis
1697 3860 1951 3930 catulis
1991 3883 2128 3930 non
2170 3861 2513 3943 irritetur,
2566 3878 2634 3932 et
2682 3866 3034 3941 adversus
3092 3890 3136 3935 r.-

617 3949 916 4039 pientem
957 3963 1218 4038 quanta
1253 3962 1470 4040 potest
1523 3950 1772 4019 virtute
1809 3949 2182 4019 desaeviat.
2224 3950 2352 4020 Sed
2413 3951 2613 4020 istam
2662 3967 2885 4027 totam
2941 3959 3136 4050 ipsan

615 4053 682 4107 et
731 4061 851 4128 per
880 4038 1198 4109 homines
1260 4038 1728 4120 rationabiles,
1772 4051 1837 4108 et
1887 4059 2008 4129 per
2061 4038 2393 4109 animalia
2441 4040 2970 4117 irrationabilia
3047 4069 3126 4137 pa

604 4126 767 4216 jure
861 4140 1224 4208 orrectam‚
1260 4140 1468 4215 atque
1513 4126 1841 4197 diffusam
1898 4140 2185 4198 naturae
2220 4127 2662 4218 tyrannidem
2733 4134 2905 4205 fidei
2947 4136 3126 4206 virtu

614 4213 803 4285 disso
838 4216 952 4285 vit:
978 4229 1043 4286 et
1076 4238 1211 4285 non
1248 4216 1473 4286 solum
1505 4238 1643 4285 non
1682 4215 1951 4287 insiluit
2005 4217 2216 4308 capiti
2276 4218 2643 4288 saevientis
2702 4225 3022 4310 tyranni,
3083 4249 3120 4292 n

612 4324 746 4390 que
794 4302 1115 4374 laceravit
1168 4304 1410 4374 faciem
1460 4305 1645 4406 ejuS,
1704 4319 1784 4375 ut
1832 4305 2049 4377 bestia
2097 4306 2335 4376 videns
2389 4306 2657 4378 catulos
2709 4332 2887 4384 suos
2937 4314 3120 4403 dirip

610 4391 731 4462 sed
781 4404 1040 4463 tantam
1090 4393 1736 4486 magnanimitatem
1773 4393 1997 4465 fidelis
2046 4395 2265 4465 animi
2311 4416 2589 4466 omnem
2646 4399 3120 4495 Philosophia
