3308 5004
180 328 362 395 AUG.
417 328 498 393 ⁴5
653 362 704 413 χ
820 343 899 390 1213
947 343 1004 391 s.
1054 342 1390 391 Annunrno
1437 341 1762 392 sunssmlv.
1817 344 2016 395 muse.
2497 329 2623 395 375

178 429 727 508 commotionem,
778 447 956 515 quae
1002 437 1151 497 tum
1208 427 1277 496 in
1334 426 1576 509 fronte,
1632 427 1852 498 oculis
1885 442 1950 500 et
2004 441 2141 501 toto
2190 432 2467 502 Comitis
2517 431 2714 502 vultu

179 519 564 590 visebatur:
615 516 895 603 quando
958 516 1171 586 sensit
1216 538 1332 586 eos
1391 539 1564 604 quos
1615 516 1898 597 oderat,
1953 542 2116 589 suos
2169 520 2715 611 apprehendisse

179 607 405 699 pedes,
437 604 694 693 Ecquid
732 627 888 674 vero
927 605 1047 674 illa
1095 603 1408 674 ferocitas
1439 606 1508 674 in
1559 606 1778 675 sancti
1827 607 1955 676 viri
1995 610 2381 698 praesentia
2421 608 2717 680 faceret?

175 695 401 766 Adfuit
426 694 754 765 continuo
786 693 1004 783 gratia
1046 693 1189 769 Dei,
1222 706 1287 763 et
1317 715 1476 763 cum
1510 694 1891 765 sanctitatis
1923 696 2076 783 ejus
2105 699 2711 786 contemplatione,

177 796 317 855 tum
414 806 487 853 ro
519 783 944 873 Apostolicae
977 782 1170 852 Sedis
1203 783 1600 863 reverentia,
1657 783 1869 865 salus,
1918 786 2075 866 vita,
2124 807 2232 854 res
2265 801 2329 855 et
2362 786 2719 858 facultates

177 873 313 943 illis
390 886 633 943 onatae
673 883 857 942 sunt.
895 870 1124 942 Laude
1162 870 1394 962 dignis
1428 870 1887 943 laudabiliora
1924 873 2333 944 succedunt.

257 965 294 1050 ξ
340 966 508 1035 40.
563 960 812 1031 Eodem
854 961 1038 1030 enim
1092 974 1394 1051 tempore
1432 960 1848 1047 quibusdam
1894 961 2253 1032 Flandriae
2284 962 2453 1033 locis
2492 963 2718 1050 quoti-

181 1050 425 1120 dianae
455 1050 714 1120 fiebant
739 1049 1007 1131 caedeS,
1043 1062 1109 1119 et
1132 1048 1546 1119 insatiabilis
1575 1050 2020 1139 grassabatur
2039 1052 2403 1141 sanguinis
2429 1051 2722 1121 humani

177 1139 513 1209 fundendi
562 1137 800 1219 libido,
863 1160 996 1226 qua
1042 1138 1249 1208 totius
1305 1138 1603 1228 regionis
1701 1161 1784 1208 ax
1816 1151 1881 1208 et
1911 1138 2108 1226 quies
2158 1140 2711 1229 perturbabatur.

180 1233 411 1316 Itaque
461 1225 789 1318 permulti
839 1226 1105 1296 nobiles
1153 1227 1424 1317 magnis
1465 1161 1786 1318 precibus
1832 1228 1944 1297 vix
1988 1229 2440 1299 obtinuerunt
2484 1251 2525 1299 a
2571 1229 2715 1299 viro

176 1317 309 1399 Dei,
354 1329 433 1387 ut
487 1317 658 1398 loca,
715 1317 786 1384 in
843 1315 1100 1402 quibus
1140 1316 1431 1385 atrocior
1479 1316 1819 1386 saeviebat
1866 1316 2283 1399 crudelitas,
2335 1316 2595 1397 adiret,
2650 1330 2715 1388 et

174 1406 622 1475 Flandrorum
675 1404 1009 1475 indociles
1055 1416 1514 1491 cruentosque
1561 1406 1855 1486 animoS,
1908 1405 1996 1474 ad
2093 1427 2285 1475 acem
2326 1419 2392 1475 et
2422 1428 2712 1477 concor-

176 1493 354 1563 diam
404 1507 786 1580 utcumque
833 1504 1277 1584 permoveret.
1315 1497 1551 1579 Itaque
1582 1494 1956 1563 satanicam
2010 1427 2198 1564 illam
2252 1494 2538 1576 rabiem,
2572 1516 2712 1582 qua

173 1586 575 1673 Brugenses‚
630 1588 1039 1663 FurnenseS‚
1091 1593 1157 1652 et
1203 1582 1798 1673 Aldenburgenses
1846 1583 1916 1651 in
1955 1596 2233 1653 mutuas
2262 1583 2505 1653 caedes
2540 1582 2715 1654 fere-

174 1671 443 1753 bantur,
502 1672 603 1739 vir
633 1671 905 1740 Domini
941 1670 1141 1741 verbo
1191 1669 1488 1740 mellitae
1535 1671 2066 1760 praedicationis
2119 1684 2184 1741 et
2232 1684 2556 1762 paternae
2595 1671 2715 1742 ad-

173 1758 576 1831 hortationis
623 1760 997 1841 instantia,
1054 1759 1549 1850 propemodum
1607 1759 1690 1829 ad
1745 1760 2347 1830 mansuetudinem
2400 1760 2708 1862 redegit,

174 1848 675 1936 hominumque
724 1849 1002 1918 illorum
1052 1848 1366 1918 crudeles
1412 1847 1682 1918 animos
1731 1849 1816 1918 ad
1867 1850 2331 1930 concordiam,
2373 1848 2532 1920 licet
2580 1873 2714 1920 lm-

177 1934 406 2009 menso
443 1939 699 2018 labore,
745 1938 1103 2011 revocavit.
1140 1943 1218 2006 Et
1246 1951 1323 2007 ut
1357 1937 1594 2027 paucis
1630 1937 1846 2007 multa
1878 1938 2263 2028 expediam,
2302 1937 2485 2025 quod
2523 1938 2714 2009 mille

177 2028 432 2117 argenti
486 2026 683 2096 libris
718 2026 1070 2116 impetrari
1113 2048 1246 2096 non
1345 2026 1676 2106 otuisset,
1736 2025 1802 2096 id
1845 2028 2063 2118 gratia
2104 2027 2219 2096 Dei
2269 2050 2390 2116 per
2436 2049 2710 2098 servum

181 2136 372 2185 suum
409 2117 481 2183 in
518 2115 637 2185 illa
672 2137 742 2184 re
799 2115 949 2185 'one
980 2115 1248 2184 efficere
1340 2116 1568 2205 ignata
1607 2127 1733 2185 est.

257 2206 292 2290 ξ
336 2210 481 2277 41.
535 2209 659 2273 Per
705 2204 727 2272 i
815 2225 1090 2291 quoque
1123 2214 1397 2292 tempus
1445 2209 1752 2293 Rogerus
1801 2208 2039 2273 Comes
2071 2204 2450 2286 Porcensis,
2496 2204 2711 2274 missa

182 2291 255 2358 ad
301 2293 577 2361 beatum
622 2292 1054 2380 Arnulphum
1103 2292 1245 2361 fida
1278 2292 1636 2382 legatione,
1690 2312 2126 2382 summopere
2174 2293 2459 2383 rogavit,
2494 2305 2572 2362 ut
2602 2315 2711 2361 ve-

183 2379 342 2450 niret
388 2381 475 2450 ad
529 2381 984 2452 dedicandam
1034 2380 1421 2461 ecclesiam,
1475 2402 1688 2468 quam
1736 2380 1806 2448 in
1860 2394 2081 2450 castro
2112 2435 2128 2462 ,
2180 2380 2364 2467 quod
2426 2380 2707 2450 Calvum

184 2481 468 2540 montem
518 2470 624 2560 (a)
669 2470 1061 2562 appellant,
1115 2470 1262 2562 ipse
1317 2469 1719 2549 consederat
1772 2469 1841 2538 in
1903 2469 2273 2541 Rhemensi
2327 2469 2705 2540 territorio:

182 2559 504 2646 pollicens
534 2583 607 2628 se
639 2560 855 2630 multa
891 2560 955 2628 in
991 2563 1141 2646 ejus
1165 2558 1491 2629 ecclesiae
1517 2581 1687 2628 usus
1717 2557 2167 2639 collaturum,
2189 2557 2392 2628 modo
2423 2570 2708 2628 sanctus

184 2648 440 2734 praesul
475 2648 638 2717 velit
684 2649 1219 2718 consecrationis
1266 2647 2070 2737 explere-ministerium.
2119 2652 2200 2716 Ut
2237 2659 2465 2716 autem
2519 2668 2709 2717 more

182 2749 644 2826 comparatum
684 2749 808 2816 est,
840 2736 1015 2806 Cleri
1051 2735 1340 2807 consilio
1370 2734 1518 2805 dies
1555 2734 1971 2805 dedicationi
2011 2747 2308 2805 statutus
2336 2749 2459 2815 est,
2494 2748 2559 2804 et
2590 2757 2711 2824 per

182 2839 558 2914 opportuna
605 2824 885 2914 publica
932 2846 1092 2894 voce
1141 2824 1417 2915 populis
1464 2823 1947 2894 denunciatus
2002 2825 2131 2893 Nec
2172 2846 2328 2893 vero
2367 2823 2505 2893 dici
2540 2825 2710 2893 satis

182 2924 407 2998 potest,
457 2925 719 3002 quanta
771 2913 1010 3004 populi
1056 2912 1438 3000 frequentia
1475 2935 1555 2983 eo
1587 2912 1960 2982 advenerit.
1994 2913 2189 2982 Venit
2234 2925 2461 2982 autem
2499 2913 2705 2982 etiam

182 3020 252 3069 ex
280 3024 450 3093 pago
484 3003 826 3072 Canniaco
884 3001 1132 3071 mulier
1162 3056 1177 3082 ,
1236 3002 1633 3088 quindecim
1684 3001 1887 3070 annis
1934 3019 2158 3081 caeca,
2213 3024 2434 3087 quae,
2492 3002 2707 3092 impe-

184 3096 385 3161 trante
431 3092 814 3170 Comitissa,
853 3114 925 3161 se
971 3090 1054 3160 ad
1105 3092 1283 3160 beati
1333 3091 1461 3160 viri
1508 3092 1673 3161 vesti
1731 3091 1792 3159 'a
1846 3089 2228 3180 prostravit,
2282 3091 2594 3160 clamans
2643 3104 2709 3159 et

186 3174 449 3249 dicens:
509 3185 706 3250 Serve
749 3180 914 3250 Dei:
971 3180 1292 3248 miserere
1347 3179 1527 3261 mei,
1580 3191 1644 3250 et
1677 3113 1912 3271 digitis
1960 3200 2194 3249 sacrae
2242 3178 2515 3249 dextrae
2550 3189 2707 3248 tuae

184 3267 402 3338 oculos
455 3290 646 3338 meos
684 3270 1028 3358 continge.
1088 3269 1299 3338 Credo
1350 3269 1535 3338 enim
1588 3268 1725 3338 tuis
1775 3268 2034 3337 meritis
2075 3289 2183 3335 me
2230 3281 2545 3337 curatum
2590 3267 2701 3336 iri.

184 3353 459 3450 aderant
479 3357 577 3427 ibi
607 3356 871 3429 nobiles
900 3369 966 3426 et
999 3356 1306 3427 illustres
1330 3379 1682 3446 personae,
1710 3379 1751 3426 a
1780 3358 2034 3426 Comite
2064 3360 2326 3445 Rogero
2358 3355 2701 3436 invitatae,

186 3460 248 3509 1n
295 3446 550 3531 quibus
600 3459 745 3516 erat
791 3445 1249 3536 Ingelrannus
1305 3445 1886 3524 Archidiaconus‚
1949 3456 2182 3535 postea
2229 3443 2706 3514 Laudunensis

187 3530 410 3619 Episco
463 3557 572 3616 uS‚
627 3534 1039 3625 Rudolphus
1067 3534 1330 3615 viridiS,
1370 3547 1601 3625 postea
1636 3535 2057 3604 Rhemorum
2106 3533 2701 3624 ArchiepiscopuS,

184 3623 478 3692 nonnuli
528 3625 690 3693 item
743 3624 1031 3694 Abbates
1084 3636 1150 3694 et
1191 3644 1550 3714 proceres:
1604 3622 1690 3692 ad
1741 3644 2035 3710 quorum
2098 3622 2552 3713 praesentiam
2607 3621 2706 3690 vir

188 3706 439 3780 Domini
487 3734 612 3801 pro
645 3734 768 3781 sua
802 3712 1137 3783 modestia
1185 3711 1499 3782 nonnihil
1543 3711 2068 3792 verecundatuS,
2110 3710 2454 3781 submisse
2493 3711 2588 3778 ait
2620 3708 2705 3778 ad

186 3790 578 3869 foeminam:
632 3801 809 3883 Quid
863 3801 1008 3881 tibi,
1061 3823 1211 3871 mea
1265 3822 1479 3882 soror,
1524 3812 1879 3870 contactus
1933 3810 2161 3870 noster
2220 3799 2544 3890 prodesse
2592 3819 2709 3865 va-

191 3878 387 3956 lebit?
434 3889 559 3959 Illa
608 3889 771 3959 fidei
818 3890 1044 3959 calore
1090 3910 1466 3973 succensa:
1521 3887 1974 3969 Permultum,
2014 3887 2266 3974 inquit,
2328 3898 2488 3956 tuus
2536 3885 2710 3954 mihi

191 3978 391 4045 tactus
424 3978 760 4067 proderit:
818 3990 1083 4048 tantum
1136 3978 1325 4058 velis,
1378 3999 1634 4065 quaeso
1666 4032 1681 4058 ,
1735 3975 1986 4066 digitos
2032 3987 2187 4045 tuos
2229 3976 2298 4043 in
2347 3972 2708 4073 oculorum

189 4077 478 4135 meorum
533 4066 939 4137 cavernulas
989 4068 1057 4135 in
1125 4067 1369 4136 Christi
1420 4067 1697 4137 nomine
1760 4065 2150 4133 immittere.
2204 4068 2347 4132 Hac
2387 4083 2547 4131 voce
2594 4060 2750 4132 1lle.

191 4145 409 4246 victus,
460 4166 526 4225 et
570 4156 769 4243 quasi
817 4157 952 4226 vim
998 4157 1286 4245 patiens,
1340 4156 1539 4245 signo
1587 4165 1862 4224 sanctae
1910 4152 2146 4223 Crucis
2193 4150 2401 4232 edito,
2455 4150 2707 4241 digitos

195 4239 363 4308 misit
405 4242 474 4312 in
523 4243 886 4316 oculorum
935 4245 1086 4334 ejus
1135 4243 1396 4315 loculos
1426 4298 1441 4325 ‚
1496 4244 1588 4314 ita
1637 4242 1916 4312 dicens:
1971 4241 2115 4310 Fiat
2164 4240 2289 4310 tibi
2319 4239 2710 4310 secundum

247 4395 297 4441 (α)
321 4401 466 4446 Calvus
483 4419 605 4447 mons
622 4409 767 4457 vulgo
786 4410 1025 4449 chaumont
1049 4408 1123 4450 est
1140 4405 1364 4458 oppidum
1384 4403 1610 4447 dioecesis
1630 4401 1923 4451 Rhemensis,
1941 4405 2066 4446 hand
2078 4404 2246 4455 procul
2266 4415 2291 4445 a
2311 4404 2467 4447 castro
2487 4400 2711 4444 porcensi

199 4451 421 4497 vernacule
441 4462 844 4502 chacun-Pomm.
