3308 5004
672 300 802 369 328
1555 319 1635 367 nn
1683 320 1740 370 s.
1794 308 2161 367 numism
2804 299 2993 367 AUG.
3043 299 3125 368 tt

582 403 929 475 domabat.
991 406 1160 474 Cum
1209 422 1369 474 vero
1424 403 1720 473 Joannis
1772 401 2121 494 Apostoli,
2194 401 2316 490 qui
2371 400 2691 472 recubuit
2753 422 2967 492 super
3011 424 3131 493 pe—

582 504 737 564 ctus
769 490 1066 573 Domini,
1100 504 1282 562 esset
1326 490 1524 562 valde
1560 491 1942 574 studiosus,
1985 503 2054 562 et
2087 491 2241 582 ejus
2287 489 2401 560 die
2446 489 2616 560 festo
2663 512 2743 560 ac
2792 491 3133 563 memoria

581 581 904 662 instante,
962 580 1306 651 incruenti
1333 578 1663 651 sacrificii
1697 580 2162 651 ministerium
2197 579 2671 651 celebraturus
2716 590 2928 661 esset,
2984 602 3133 650 ma-

579 671 766 740 xima
828 668 1363 770 compunctione
1416 668 1754 751 affectus,
1823 670 1951 740 uni
1995 690 2077 739 ex
2126 668 2212 740 iis
2303 668 2380 738 ui
2435 679 2830 757 praesentes
2875 680 3125 739 erant:

578 763 783 839 Num,
818 758 1068 847 inquit,
1124 754 1382 845 aliquis
1425 768 1529 829 est
1574 757 1833 847 dignus
1880 756 2217 829 hodierno
2313 757 2397 838 ie,
2434 756 2558 844 qui
2590 757 2939 846 Ephesum
2974 778 3137 848 pro-

578 846 950 929 ficiscatur,
989 857 1056 916 et
1083 858 1404 917 sanctum
1436 845 1836 937 Apostolum
1864 847 1915 916 J
1916 868 2213 917 oannem
2239 843 2787 936 contempletur?
2819 850 3139 933 Cumque

579 935 749 1006 haec
794 935 1100 1015 dixisset,
1152 933 1375 1005 fontes
1423 933 1892 1024 lacrymarum
1925 957 2006 1006 ex
2039 935 2261 1006 oculis
2305 934 2649 1016 emittens,
2793 934 3041 1003 mitum
3090 955 3138 1004 e

578 1023 783 1094 corde
814 1022 1222 1114 proferebat.
1275 1028 1410 1093 Res
1440 1023 1656 1114 igitur
1692 1023 1921 1094 oblata
1958 1037 2083 1105 est,
2134 1025 2287 1115 ejus
2319 1022 2455 1093 fide
2488 1034 2554 1092 et
2584 1022 2657 1091 in
2744 1021 3135 1113 iscipulum

580 1112 854 1182 Domini
899 1111 1233 1183 charitate
1264 1110 1333 1180 di
1390 1133 1502 1182 na.
1553 1117 1723 1182 Nam
1769 1111 1857 1182 ab
1897 1113 2095 1184 initio
2122 1133 2360 1183 sacrae
2406 1111 2599 1181 illius
2634 1111 3135 1200 mysteriorum

579 1200 1085 1283 celebrationiS,
1128 1134 1385 1288 (moadg
1398 1222 1508 1272 res
1553 1199 1789 1270 divina
1826 1201 2170 1293 completa
2214 1212 2339 1281 est,
2391 1200 2915 1270 sanctissimum
2951 1204 3138 1289 Apo-

581 1289 834 1359 stolum
882 1295 1219 1359 Joannem
1271 1288 1341 1357 in
1390 1310 1512 1359 ara
1559 1288 1680 1359 illa
1726 1302 1963 1361 sancta
2004 1311 2236 1362 secum
2278 1292 2416 1359 una
2459 1299 2752 1359 stantem
2806 1288 3129 1359 videbat:

581 1399 804 1465 neque
831 1376 1022 1447 solus
1053 1377 1202 1468 ipse
1235 1399 1397 1479 eugn
1436 1379 1782 1459 cernebat,
1837 1378 1955 1449 sed
1996 1378 2136 1449 duo
2181 1379 2387 1448 etiam
2437 1376 2557 1447 alii
2601 1377 2726 1464 qui
2752 1399 2896 1447 una
2928 1399 3135 1467 prae-

584 1478 808 1538 sentes
845 1477 1061 1546 erant,
1106 1488 1266 1536 cum
1320 1479 1758 1537 incruentum
1799 1467 2219 1539 sacrificium
2275 1465 2776 1536 celebrabatur.
2834 1466 2928 1535 Ad
2993 1479 3135 1535 ter-

581 1554 754 1625 tium
789 1554 1004 1646 igitur
1032 1575 1256 1641 usque
1293 1554 1477 1625 diem
1527 1556 1909 1646 permansit
1941 1556 2035 1639 ita
2066 1556 2601 1644 compunctione
2641 1553 2763 1623 illa
2817 1575 2893 1624 se
2936 1553 3133 1626 oble-

581 1655 799 1724 ctans,
844 1655 923 1713 ut
955 1643 1246 1713 humani
1280 1643 1420 1713 cibi
1501 1644 1710 1715 artice
1764 1666 1799 1714 s
1828 1644 1980 1713 fieri
2021 1666 2158 1715 non
2193 1654 2445 1736 posset.

671 1739 710 1813 ἓ
757 1736 907 1806 12.
961 1736 1142 1802 Haec
1189 1732 1404 1823 igitur
1534 1746 1645 1803 ata
1719 1734 1994 1803 nemina
2044 1755 2203 1804 cum
2268 1732 2584 1812 multam,
2629 1742 2706 1801 ut
2760 1730 3120 1811 diximus,

581 1819 1072 1901 humilitatem,
1127 1841 1592 1911 magnamque
1650 1834 1718 1891 et
1771 1822 2197 1913 singularem
2261 1820 2867 1891 mansuetudinem
2923 1819 2994 1887 in
3055 1841 3133 1890 se

577 1907 884 1990 haberet,
923 1929 1127 1999 saepe
1166 1913 1380 1979 Deum
1414 1931 1731 2001 precam,
1784 1923 1989 1998 atque
2034 1912 2107 1980 in
2156 1909 2424 1980 coelum
2479 1910 2780 1988 intuens,
2844 1920 3134 1996 stupore

577 2018 617 2067 a
696 2017 784 2067 ue
814 2018 1100 2068 excessu
1128 1996 1430 2085 quodam
1481 1998 1943 2089 implebatur:
1997 1999 2250 2069 nubem
2301 2007 2533 2069 autem
2569 1997 2897 2077 lucidam,
2949 1996 3134 2066 Solis

576 2107 652 2156 ra
707 2086 810 2156 ios
855 2086 1300 2166 emittentem,
1348 2087 1642 2169 videbat,
1694 2100 1761 2157 et
1806 2088 1876 2156 in
1925 2087 2083 2177 ejus
2137 2088 2363 2158 medio
2410 2088 2635 2155 virum
2685 2085 3126 2178 speciosum,

577 2173 936 2263 formaque
989 2175 1084 2245 ita
1138 2174 1616 2267 effulgentem,
1672 2187 1751 2246 ut
1799 2177 1951 2267 ejus
2014 2177 2277 2268 species
2348 2174 2730 2266 singularis
2779 2174 3127 2244 existeret.

579 2266 887 2351 Cumque
918 2263 1047 2334 hoc
1078 2284 1193 2335 sae
1320 2263 1623 2347 vidisset,
1651 2274 1719 2334 et
1763 2266 1916 2355 eius
1963 2266 2093 2336 viri
2139 2265 2544 2356 adspectum
2579 2263 3126 2351 obstupesceret,

576 2372 812 2422 secum
846 2353 999 2442 ipsa
1057 2351 1212 2422 dice
1307 2365 1367 2422 t:
1420 2354 1840 2441 Ecquisnam
1896 2354 2121 2423 virum
2188 2354 2376 2423 hunc
2423 2362 2562 2422 tam
2613 2350 2832 2421 multo
2872 2349 3135 2421 decore

574 2452 778 2529 atque
816 2452 1065 2513 ornatu
1098 2441 1432 2532 replevit?
1463 2447 1540 2513 Et
1575 2463 1918 2531 quaenam
1970 2443 2187 2514 virtus
2218 2443 2312 2513 ita
2350 2439 2795 2532 splendidum
2844 2461 2925 2509 ac
2966 2461 3134 2533 spe·

572 2529 840 2601 ciosum
870 2531 1143 2601 effecit?
1166 2536 1332 2602 Cum
1369 2532 1538 2602 haec
1569 2533 1900 2622 cogitaret
1936 2553 2017 2602 ac
2049 2532 2328 2612 diceret,
2360 2531 2502 2601 sibi
2547 2531 2694 2601 visa
2737 2540 2841 2599 est
2885 2550 3131 2601 vocem

571 2618 752 2689 hanc
799 2620 1079 2690 audire:
1123 2621 1362 2691 Virum
1403 2621 1614 2701 hunc,
1653 2621 1864 2710 cujus
1893 2644 1928 2691 s
1979 2621 2192 2690 eciem
2231 2634 2305 2690 tu
2332 2618 2726 2700 admiraris,
2761 2617 3135 2689 humilitas

570 2708 1151 2808 etmansuetudo
1200 2710 1290 2779 ita
1340 2708 1788 2810 splendidum
1841 2731 1911 2780 re
1963 2709 2338 2780 diderunt:
2451 2729 2581 2778 uae
2625 2728 2785 2777 cum
2835 2706 3132 2806 abipsa

571 2817 827 2865 mirum
853 2796 921 2865 in
956 2796 1237 2866 modum
1278 2797 1595 2877 imiteris,
1642 2811 1705 2867 te
1731 2819 2007 2886 quoque
2038 2797 2376 2869 illustrem
2449 2807 2727 2867 uturam
2758 2794 3130 2866 manifesto

569 2884 773 2954 scias.
813 2885 1181 2967 Quotidiei
1235 2886 1375 2955 itur
1412 2886 1581 2956 haec
1627 2886 2128 2987 contemplans,
2181 2886 2274 2956 ita
2322 2885 2597 2956 duabus
2646 2881 3135 2954 virtutibusse

569 2973 859 3053 ornavit,
910 2984 988 3043 ut
1036 2973 1107 3041 in
1147 2908 1269 3042 iffa
1315 2973 1457 3043 irae
1489 2985 1610 3045 aut
1647 2975 2016 3065 superbiae
2054 2996 2145 3044 ne
2174 2974 2541 3064 vestigium
2576 2972 2861 3061 quidem
2895 2971 3129 3041 ullum

571 3073 954 3151 appareret.
1007 3065 1195 3143 Quae
1246 3082 1401 3132 vero
1428 3063 1517 3132 ad
1562 3084 1804 3133 earum
1855 3064 2185 3134 virtutum
2244 3061 2621 3132 celsitatem
2688 3059 3124 3142 ascenderat,

569 3169 886 3236 quaeque
930 3148 1293 3220 coelestem
1329 3149 1663 3222 visionem
1706 3173 1880 3242 puro
1916 3151 2147 3222 cordis
2204 3151 2469 3222 lumine
2524 3151 2940 3241 inspexerat,
2993 3148 3131 3217 mi·-

571 3257 728 3306 rum
779 3258 918 3306 non
958 3249 1082 3319 est,
1120 3238 1180 3307 si
1215 3238 1750 3311 admirabilibus
1797 3241 2018 3342 signis
2061 3246 2235 3310 Deus
2281 3261 2433 3308 eam
2469 3240 2760 3309 ornavit.

665 3331 704 3406 ἓ
752 3329 901 3399 13.
955 3327 1220 3395 Etenim
1260 3349 1420 3396 cum
1468 3328 1768 3415 quodam
1827 3329 1939 3399 die
1988 3329 2139 3419 ipsa
2198 3328 2484 3409 sederet,
2539 3341 2604 3398 et
2649 3332 2785 3397 Deo
2839 3349 3127 3420 operam

575 3411 790 3492 daret,
837 3412 924 3483 ad
971 3436 1123 3484 eam
1164 3416 1348 3484 venit
1380 3415 1893 3505 homoquidam
1923 3418 2161 3488 oculos
2192 3417 2489 3487 multum
2521 3415 2786 3499 dolens,
2829 3437 3129 3504 eamque

571 3522 848 3592 rogans,
894 3516 970 3573 ut
1018 3523 1141 3593 pro
1180 3503 1332 3593 ipso
1366 3509 1581 3574 Deum
1616 3518 2033 3598 precaretur.
2072 3506 2198 3577 Illa
2228 3526 2385 3576 vero
2427 3504 2889 3575 humilitatem
2918 3526 3124 3575 suam

571 3591 963 3673 ostendens,
1017 3592 1219 3679 quasi
1265 3615 1424 3663 eum
1460 3595 1972 3666 consolaretur:
2029 3600 2105 3665 Et
2159 3595 2355 3675 mihi,
2410 3594 2658 3682 inquit,
2711 3591 3126 3684 hujusmodi

572 3679 858 3750 morbus
891 3680 1277 3751 molestiam
1308 3683 1557 3765 attulit,
1608 3682 1788 3754 feras
1835 3685 2073 3776 igitur,
2125 3697 2193 3753 et
2219 3683 2553 3753 Dominus
2587 3695 2651 3752 te
2695 3704 2943 3752 curare
2998 3702 3124 3773 po-

569 3768 746 3839 terit.
801 3768 925 3840 Ille
989 3791 1146 3839 vero
1204 3792 1364 3852 cum
1438 3793 1661 3860 nequa
1712 3795 1874 3842 uam
1947 3772 2373 3853 discederet,
2427 3771 2544 3841 sed
2612 3771 2999 3841 curationis
3045 3792 3124 3839 se

569 3870 956 3948 compotem
990 3857 1141 3928 fieri
1172 3879 1331 3928 cum
1382 3858 1517 3930 fide
1563 3881 1683 3931 mu
1718 3874 1783 3931 ta
1830 3861 2228 3962 postularet,
2264 3861 2462 3930 beata
2508 3859 2630 3929 illa
2670 3859 2926 3929 mulier
2976 3881 3123 3928 ma-

501 4021 514 4030 ,
569 3967 740 4016 num
791 3969 989 4016 suam
1031 3969 1241 4038 super
1278 3947 1502 4038 ipsius
1549 3949 1788 4020 oculos
1835 3970 2241 4041 imponens:
2282 3949 2427 4030 Ille,
2470 3948 2718 4037 inquit,
2773 3948 3114 4027 Christus,

566 4036 688 4121 qui
731 4057 1015 4106 caecum
1046 4048 1289 4106 natum
1318 4038 1608 4118 curavit,
1643 4038 1758 4108 det
1792 4038 1939 4118 tibi,
1979 4038 2206 4120 frater,
2254 4037 2621 4126 perfectam
2658 4037 2862 4108 istius
2894 4036 3121 4107 morbi

568 4126 1019 4195 curationem.
1072 4129 1264 4196 Haec
1299 4147 1460 4196 cum
1534 4126 1650 4195 ille
1698 4126 2050 4207 audisset,
2108 4139 2173 4196 et
2220 4127 2424 4197 firma
2480 4126 2617 4196 fide
2687 4126 3113 4217 accepisset,

570 4212 798 4280 statim
847 4212 970 4283 illo
1017 4214 1170 4304 ipso
1218 4226 1522 4305 tempore
1571 4226 1874 4306 optatam
1924 4215 2290 4286 sanitatem
2341 4226 2701 4287 assecutus
2738 4228 2862 4285 est.

656 4302 693 4386 ξ
739 4306 879 4375 14.
934 4307 1169 4372 Postea
1217 4325 1373 4373 vero
1420 4324 1630 4390 quam
1682 4304 2055 4376 Athanasia
2103 4327 2318 4405 prope
2357 4303 2692 4394 templum
2743 4301 2915 4372 illud
2962 4322 3116 4393 pro-

572 4389 962 4476 tomartyris
1011 4391 1338 4481 Stephani
1400 4392 1922 4482 supradictum,
1975 4393 2111 4463 alia
2160 4405 2291 4464 tria
2362 4392 2617 4484 templa
2677 4390 3102 4471 aedificavit,
