3308 5004
202 300 394 367 AUG.
445 300 533 366 20
889 317 970 365 na
1017 318 1076 366 s.
1127 316 1458 366 armanno
1503 316 1648 365 Ans.
1701 313 2085 366 emnium..
2536 300 2666 367 439

203 425 418 492 quam
470 401 938 493 perspicacem
992 402 1061 471 in
1112 400 1907 473 discernendoinduerit
1956 423 2266 485 sensum,
2304 423 2387 473 ex
2417 424 2521 485 eo,
2573 403 2757 491 quod

205 491 730 582 subjungimus,
785 488 1046 561 adverti
1083 503 1326 582 potest.

292 584 330 667 ξ
378 584 470 652 8.
525 584 692 650 Cum
728 579 960 650 adhuc
1058 579 1346 650 uerulus
1384 579 1577 672 gravi
1632 579 1882 670 capitis
1930 578 2165 650 dolore
2214 591 2590 661 vexaretur,
2645 580 2764 651 de-

200 669 376 740 cidit
424 670 493 739 in
545 668 823 738 lectum.
875 603 1181 740 Addfficta
1235 682 1465 739 autem
1523 668 1610 738 ad
1659 690 1820 739 eum
1870 682 1973 740 est
2040 668 2500 750 muliercula,
2560 670 2768 758 quasi

203 758 510 829 dolorem
556 758 955 849 mitigatura
988 759 1443 829 carminibus.
1487 763 1705 841 Quam
1743 779 1904 827 cum
1935 756 2050 827 ille
2089 757 2763 848 appropinquantem

206 848 490 920 sentiret
535 869 697 916 cum
747 847 1250 918 carminalibus
1315 846 1801 917 instrumentis
1830 900 1846 927 ‚
1919 846 2177 935 quibus
2226 846 2631 919 hominibus
2678 847 2765 917 de

203 936 410 1028 vulgo
440 935 732 1006 illudere
763 948 1233 1019 consueverat,
1286 957 1446 1006 cum
1492 935 1968 1037 indignatione
2018 958 2126 1005 ma
2184 957 2270 1004 na
2315 934 2756 1019 exclamans,

205 1048 250 1095 a
293 1048 366 1096 se
415 1024 666 1115 repulit
712 1037 777 1095 et
823 1025 1098 1113 abjecit.
1152 1031 1282 1096 Nec
1321 1023 1540 1095 defuit
1588 1024 2063 1094 misericordia
2162 1024 2342 1094 ivina
2392 1025 2574 1095 bono
2620 1025 2765 1095 zelo

202 1115 424 1184 sancti
476 1114 708 1205 pueri:
765 1113 881 1186 sed
944 1115 1276 1185 continuo
1341 1113 1557 1184 sensit
1631 1113 1994 1195 virtutem,
2060 1126 2124 1183 et
2171 1113 2243 1182 in
2292 1112 2445 1204 ipso
2493 1114 2764 1205 impetu

202 1203 493 1294 spiritus
539 1225 857 1294 surgens,
902 1204 990 1273 ab
1036 1203 1229 1273 omni
1263 1201 1499 1273 dolore
1540 1224 1611 1274 se
1662 1201 2030 1272 liberatum
2069 1223 2220 1272 esse
2266 1202 2611 1294 cognovit.
2666 1208 2763 1273 Ex

201 1314 344 1381 quo
401 1314 558 1362 cum
604 1314 740 1362 non
792 1313 1039 1384 parurn
1089 1293 1159 1362 in
1210 1291 1348 1362 fide
1398 1290 1797 1449 proficeret,
1850 1289 2099 1379 adjecit
2143 1290 2205 1361 ei
2257 1291 2589 1364 Dominus
2634 1314 2762 1383 ap-

201 1402 469 1472 parere,
524 1393 600 1451 ut
645 1381 810 1451 olim
880 1402 1095 1471 puero
1145 1380 1449 1466 Samuei
1498 1380 1570 1449 in
1622 1379 1786 1463 Silo,
1839 1391 1904 1450 et
1953 1379 2394 1451 manifestare
2454 1380 2557 1450 illi
2612 1380 2762 1472 glo-

202 1471 382 1540 riam
413 1492 639 1540 suam.
664 1469 909 1540 Aderat
939 1491 1242 1558 namque
1265 1468 1595 1539 solemnis
1620 1468 1743 1539 illa
1773 1490 1906 1538 nox
1939 1469 2312 1538 nativitatis
2340 1469 2758 1553 Dominicae,

202 1572 271 1629 et
311 1558 395 1628 ad
433 1559 775 1629 solemnes
806 1558 1103 1651 vigiliaS‚
1134 1580 1401 1640 omneS‚
1448 1571 1523 1629 ut
1557 1558 1770 1629 moris
1802 1569 1928 1639 est,
1973 1558 2422 1648 parabantur.
2455 1563 2765 1647 Cumque

200 1647 618 1718 celebranda
667 1648 991 1718 nocturni
1038 1646 1246 1718 officii
1279 1647 1447 1718 hora
1504 1645 2008 1737 aliquantisper
2061 1646 2538 1738 protelaretur,
2599 1670 2767 1718 con-

201 1737 381 1827 tigit,
421 1736 769 1807 sedentem
826 1749 1436 1827 expectantemque
1482 1736 1913 1806 Bernardum
1972 1757 2134 1805 cum
2195 1736 2504 1817 caeteris,
2561 1736 2766 1807 incli-

203 1838 368 1896 nato
397 1826 618 1916 capite
675 1825 1039 1916 paululum
1085 1825 1419 1916 soporari.
1458 1825 1665 1895 Affuit
1696 1825 1856 1895 ilico
1906 1846 2121 1915 puero
2169 1846 2295 1894 suo
2330 1847 2404 1895 se
2451 1824 2766 1897 revelans

204 1915 408 2006 pueri
438 1920 605 1984 Jesu
654 1926 893 1984 sancta
942 1914 1286 1997 nativitaS,
1351 1927 1624 1985 tenerae
1675 1913 1840 1984 fidei
1889 1935 2270 2016 suggerens
2304 1913 2758 1999 incrementa,

203 2016 271 2074 et
302 2003 576 2073 divinae
606 2003 675 2072 in
712 2026 791 2074 eo
821 2004 1158 2074 inchoans
1189 2004 1517 2094 mysteria
1548 2002 2175 2093 contemplationis.
2212 2003 2547 2094 Apparuit
2576 2004 2763 2073 enim

202 2092 270 2163 ei
318 2092 503 2162 velut
554 2092 785 2164 denuo
825 2093 1202 2184 procedens
1250 2113 1552 2183 sponsus
1598 2092 1686 2162 de
1732 2091 2038 2161 thalamo
2099 2114 2272 2162 suo:
2332 2092 2656 2183 apparuit
2703 2093 2766 2163 ei

204 2181 409 2268 quasi
442 2181 691 2251 iterum
725 2195 884 2252 ante
921 2181 1158 2251 oculos
1198 2203 1493 2252 nascens
1521 2202 1602 2251 ex
1631 2193 1828 2250 utero
1860 2181 2100 2251 matris
2135 2180 2423 2271 virginis
2463 2180 2763 2252 Verbum

209 2269 463 2352 infanS‚
517 2270 874 2372 speciosus
934 2269 1159 2340 forma
1210 2292 1374 2361 prae
1432 2268 1599 2341 filiis
1644 2269 2052 2351 hominum,
2104 2280 2169 2338 et
2217 2269 2495 2361 pueruli
2546 2271 2767 2340 sancti

210 2358 284 2427 in
334 2381 405 2429 se
451 2357 732 2449 rapiens
803 2359 1091 2429 minime
1132 2359 1433 2449 pueriles
1491 2359 1802 2429 affectus.
1881 2363 2292 2428 Persuasum
2362 2370 2466 2428 est
2530 2371 2760 2429 autem

206 2448 442 2519 animo
476 2448 652 2529 eus,
702 2459 771 2519 et
802 2448 1001 2520 nobis
1053 2469 1582 2538 nonnumquam
1631 2447 1860 2518 dicere
1910 2446 2306 2528 consuevit,
2373 2446 2558 2535 quod
2610 2468 2762 2517 eam

203 2537 442 2609 credat
517 2536 701 2608 uisse
748 2537 988 2608 horam
1042 2537 1437 2608 Dominicae
1480 2536 1874 2607 nativitatis.
1947 2535 2075 2606 Sed
2127 2535 2325 2605 facile
2372 2549 2477 2606 est
2523 2535 2765 2606 adver·

203 2639 346 2698 tere
395 2626 528 2709 his,
571 2626 694 2713 qui
741 2627 891 2716 ejus
942 2625 1366 2697 auditorium
1416 2626 2068 2715 frequentaverunt,
2123 2625 2193 2694 in
2244 2637 2506 2712 quanta
2553 2626 2767 2695 bene-

203 2715 507 2785 dictione
551 2737 633 2785 ea
683 2716 1313 2873 horadpraevenerit
1341 2738 1502 2787 eum
1559 2714 1913 2798 Dominus,
1967 2734 2129 2784 cum
2179 2735 2402 2800 usque
2444 2713 2652 2784 hodie
2694 2714 2763 2783 in

203 2804 315 2875 his
363 2825 542 2892 quae
588 2803 673 2874 ad
725 2803 854 2874 illu
954 2806 1296 2896 pertinent
1344 2816 1884 2884 sacramentum,
1941 2803 2121 2872 sicut
2168 2802 2317 2894 ipse
2365 2824 2640 2891 quoque
2671 2802 2769 2873 fa-

203 2905 411 2976 tetur,
464 2905 528 2963 et
577 2915 825 2965 sensus
871 2893 935 2964 ei
976 2893 1421 2984 profundior,
1465 2905 1531 2963 et
1581 2914 1809 2962 sermo
1857 2891 2201 2982 copiosior
2248 2905 2616 2982 suppetere
2665 2892 2767 2961 vi-

204 2982 475 3052 deatur.
530 2980 723 3052 Unde
781 2993 849 3053 et
895 2980 1338 3074 postmodum
1397 2983 1468 3052 in
1540 2980 1820 3053 laudem
1885 2980 2197 3069 ejusdem
2262 2980 2629 3052 Genitricis
2705 2992 2773 3051 et

206 3071 455 3153 Geniti,
507 3084 574 3141 et
618 3084 894 3142 sanctae
919 3072 1070 3162 ejus
1111 3071 1506 3154 nativitatis»,
1543 3070 1819 3162 insigne
1847 3068 2063 3140 edidit
2104 3068 2550 3159 opusculum,
2590 3069 2767 3140 inter

203 3160 405 3229 initia
451 3181 742 3250 operum
790 3182 1078 3231 suorum
1127 3183 1254 3231 seu
1309 3171 1754 3242 tractatuum,
1807 3181 1983 3247 quos
2031 3156 2474 3250 postmodum
2528 3157 2763 3248 plures

201 3249 559 3319 invenitur
604 3247 928 3332 edidisse,
965 3262 1245 3340 sumpta
1293 3249 1580 3319 materia
1611 3270 1695 3319 ex
1740 3270 1820 3319 eo
1867 3248 2220 3339 Evangelii
2268 3246 2440 3329 loco,
2492 3248 2617 3319 ubi
2670 3247 2766 3318 le-

206 3338 438 3430 gitur:
490 3340 728 3408 Missus
751 3348 844 3407 est
874 3342 1168 3427 Anqelus
1215 3340 1486 3411 Gabriel
1531 3362 1577 3409 a
1604 3343 1734 3408 Deo
1786 3339 1857 3408 in
1894 3339 2237 3408 civitatem
2270 3339 2646 3419 Galilaeae,
2702 3350 2767 3407 et

206 3439 499 3508 caetera,
552 3447 730 3513 quae
778 3427 877 3496 ibi
925 3439 1337 3516 sequuntur.

295 3518 334 3602 ξ
380 3520 468 3589 4.
502 3520 732 3602 Neque
767 3514 941 3586 illud
970 3516 1365 3598 tacendum,
1399 3514 1585 3604 quod
1617 3517 1705 3587 ab
1744 3515 1919 3606 ipsis
1939 3516 2089 3605 jam
2116 3513 2504 3605 puerilibus
2529 3514 2757 3595 anniS,

207 3603 269 3674 si
316 3625 491 3691 quos
538 3616 804 3695 poterat
876 3625 1205 3676 nummos
1252 3605 1507 3676 habere
1536 3659 1552 3688 ,
1603 3603 2072 3675 clandestinas
2133 3603 2606 3693 eleemosynas
2668 3602 2768 3672 sa-

206 3693 421 3775 ciens‚
475 3704 540 3762 et
580 3692 1033 3764 verecundiae
1067 3716 1233 3764 suae
1281 3716 1541 3764 morem
1591 3692 1894 3783 gerebat,
1948 3706 2013 3763 et
2062 3714 2185 3784 pro
2238 3703 2491 3769 aetate,
2556 3692 2768 3760 immo

206 3804 425 3872 supra
471 3793 760 3852 aetatem
789 3836 804 3864 ,
859 3782 1131 3872 pietatis
1183 3804 1392 3873 opera
1439 3783 1854 3853 sectabatur.
1917 3786 2082 3850 Cum
2142 3792 2372 3850 autem
2438 3792 2592 3870 post
2639 3778 2768 3849 hoc

208 3870 301 3940 ali
356 3883 564 3940 uanto
614 3882 921 3960 tempore
948 3870 1293 3953 devoluto,
1334 3871 1703 3962 proficiens
1733 3881 1950 3941 aetate
1981 3880 2048 3939 et
2079 3870 2301 3960 gratia
2333 3866 2520 3959 apud
2555 3872 2767 3936 Deum

206 3972 276 4029 et
370 3959 662 4041 omines,
721 3980 894 4050 puer
938 3960 1331 4030 Bernardus
1378 3959 1465 4029 de
1513 3959 1811 4052 pueritia
1877 3958 2202 4028 transiret
2246 3958 2319 4026 in
2370 3954 2771 4056 adolescen-

211 4048 406 4128 tiam,
464 4060 682 4118 mater
724 4047 881 4137 ejus
914 4048 1151 4119 liberis
1183 4047 1471 4119 feliciter
1516 4061 1582 4119 et
1629 4046 1927 4118 fideliter
1963 4045 2298 4127 educatis,
2350 4056 2418 4114 et
2464 4066 2610 4114 vias
2669 4066 2773 4115 se-

210 4135 355 4207 culi
395 4136 971 4228 ingredientibuS,
1024 4138 1224 4226 quasi
1275 4137 1569 4228 peractis
1615 4136 1948 4207 omnibus
1992 4156 2172 4223 quae
2220 4155 2347 4204 sua
2394 4145 2613 4215 erant,
2674 4131 2773 4203 fe-

212 4224 441 4295 liciter
488 4226 809 4318 migravit
836 4227 922 4298 ad
975 4226 1370 4298 Dominum.
1409 4231 1498 4295 De
1529 4247 1669 4326 qua
1703 4244 2142 4313 nequaquam
2193 4221 2771 4314 praetereundum

214 4326 344 4391 est.
395 4313 579 4401 quod
613 4338 773 4386 cum
823 4316 1042 4388 multo
1091 4328 1397 4406 tempore
1443 4313 1720 4385 vixisset
1775 4334 1934 4383 cum
2001 4312 2146 4383 viro
2204 4334 2332 4383 suo
2381 4311 2663 4382 honeste
2708 4324 2775 4382 et

213 4402 406 4492 juste
466 4405 851 4476 secundum
890 4405 1199 4497 justitias
1246 4415 1311 4475 et
1366 4404 1757 4474 honestates
1813 4399 2031 4472 seculi
2092 4401 2303 4491 hujus
2340 4456 2355 4483 ‚
2427 4412 2493 4470 et
2551 4399 2769 4492 legem
