<?xml version="1.0" encoding="UTF-8"?>
<!DOCTYPE html PUBLIC "-//W3C//DTD XHTML 1.0 Transitional//EN"
    "http://www.w3.org/TR/xhtml1/DTD/xhtml1-transitional.dtd">
<html xmlns="http://www.w3.org/1999/xhtml" xml:lang="en" lang="en">
 <head>
  <title>
</title>
<meta http-equiv="Content-Type" content="text/html;charset=utf-8" />
  <meta name='ocr-system' content='tesseract 3.04.00' />
  <meta name='ocr-capabilities' content='ocr_page ocr_carea ocr_par ocr_line ocrx_word'/>
</head>
<body>
  <div class='ocr_page' id='page_1' title='image "./historiaeseuvit01lippgoog_0267.png"; bbox 0 0 3308 5004; ppageno 0'>
   <div class='ocr_carea' id='block_1_1' title="bbox 169 370 2622 440">
    <p class='ocr_par' dir='ltr' id='par_1_1' title="bbox 169 370 2622 440">
     <span class='ocr_line' id='line_1_1' title="bbox 169 370 2622 440; baseline 0.001 -2"><span class='ocrx_word' id='word_1_1' title='bbox 169 370 357 438; x_wconf 76' lang='lat' dir='ltr'><strong>AUG.</strong></span> <span class='ocrx_word' id='word_1_2' title='bbox 411 370 482 435; x_wconf 82' lang='grc' dir='ltr'>Η</span> <span class='ocrx_word' id='word_1_3' title='bbox 743 388 822 438; x_wconf 72' lang='lat' dir='ltr'><strong>nx</strong></span> <span class='ocrx_word' id='word_1_4' title='bbox 869 387 926 436; x_wconf 90' lang='lat' dir='ltr'><strong>s.</strong></span> <span class='ocrx_word' id='word_1_5' title='bbox 978 387 1271 437; x_wconf 54' lang='lat' dir='ltr'><strong>sussum</strong></span> <span class='ocrx_word' id='word_1_6' title='bbox 1318 384 1489 435; x_wconf 74' lang='lat' dir='ltr'><strong>vinc.</strong></span> <span class='ocrx_word' id='word_1_7' title='bbox 1544 387 1736 435; x_wconf 68' lang='lat' dir='ltr'><strong>mar.</strong></span> <span class='ocrx_word' id='word_1_8' title='bbox 1791 386 1921 437; x_wconf 71' lang='lat' dir='ltr'><strong>cmi</strong></span> <span class='ocrx_word' id='word_1_9' title='bbox 1967 387 2167 439; x_wconf 87' lang='lat' dir='ltr'><strong>socus</strong></span> <span class='ocrx_word' id='word_1_10' title='bbox 2493 372 2622 440; x_wconf 76' lang='lat'><strong>253</strong></span> 
     </span>
    </p>
   </div>
   <div class='ocr_carea' id='block_1_2' title="bbox 152 470 2720 2349">
    <p class='ocr_par' dir='ltr' id='par_1_2' title="bbox 157 470 2714 1185">
     <span class='ocr_line' id='line_1_2' title="bbox 158 470 2714 565; baseline 0 -21"><span class='ocrx_word' id='word_1_11' title='bbox 158 485 365 561; x_wconf 89' lang='lat' dir='ltr'><strong>atque</strong></span> <span class='ocrx_word' id='word_1_12' title='bbox 411 470 498 543; x_wconf 92' lang='lat' dir='ltr'><strong>ad</strong></span> <span class='ocrx_word' id='word_1_13' title='bbox 557 493 786 543; x_wconf 82' lang='lat' dir='ltr'><strong>veram</strong></span> <span class='ocrx_word' id='word_1_14' title='bbox 828 471 1054 542; x_wconf 90' lang='lat' dir='ltr'><strong>lucem</strong></span> <span class='ocrx_word' id='word_1_15' title='bbox 1111 470 1532 564; x_wconf 86' lang='lat' dir='ltr'><strong>perducatis.</strong></span> <span class='ocrx_word' id='word_1_16' title='bbox 1586 472 1792 560; x_wconf 87' lang='lat' dir='ltr'><strong>Cajus</strong></span> <span class='ocrx_word' id='word_1_17' title='bbox 1838 472 2222 565; x_wconf 83' lang='lat' dir='ltr'><strong>Episcopus</strong></span> <span class='ocrx_word' id='word_1_18' title='bbox 2268 474 2486 546; x_wconf 82' lang='lat' dir='ltr'><strong>dixit:</strong></span> <span class='ocrx_word' id='word_1_19' title='bbox 2537 474 2714 546; x_wconf 84' lang='lat' dir='ltr'><strong>Audi</strong></span> 
     </span>
     <span class='ocr_line' id='line_1_3' title="bbox 161 560 2712 663; baseline 0.001 -31"><span class='ocrx_word' id='word_1_20' title='bbox 161 584 271 633; x_wconf 92' lang='lat' dir='ltr'><strong>me</strong></span> <span class='ocrx_word' id='word_1_21' title='bbox 310 561 553 632; x_wconf 85' lang='lat' dir='ltr'><strong>frater:</strong></span> <span class='ocrx_word' id='word_1_22' title='bbox 593 560 828 631; x_wconf 85' lang='lat' dir='ltr'>Credis</span> <span class='ocrx_word' id='word_1_23' title='bbox 863 574 998 632; x_wconf 92' lang='lat' dir='ltr'><strong>toto</strong></span> <span class='ocrx_word' id='word_1_24' title='bbox 1037 561 1265 641; x_wconf 88' lang='lat' dir='ltr'><strong>corde,</strong></span> <span class='ocrx_word' id='word_1_25' title='bbox 1301 572 1368 632; x_wconf 90' lang='lat' dir='ltr'><strong>et</strong></span> <span class='ocrx_word' id='word_1_26' title='bbox 1406 561 1859 632; x_wconf 81' lang='lat' dir='ltr'>abrenuntias</span> <span class='ocrx_word' id='word_1_27' title='bbox 1904 563 2176 663; x_wconf 81' lang='lat' dir='ltr'>pompis</span> <span class='ocrx_word' id='word_1_28' title='bbox 2204 575 2270 634; x_wconf 90' lang='lat' dir='ltr'><strong>et</strong></span> <span class='ocrx_word' id='word_1_29' title='bbox 2303 564 2569 655; x_wconf 80' lang='lat' dir='ltr'><strong>angelis</strong></span> <span class='ocrx_word' id='word_1_30' title='bbox 2598 586 2712 634; x_wconf 88' lang='lat' dir='ltr'><strong>sa·</strong></span> 
     </span>
     <span class='ocr_line' id='line_1_4' title="bbox 159 648 2712 741; baseline 0.001 -19"><span class='ocrx_word' id='word_1_31' title='bbox 159 654 407 722; x_wconf 75' lang='lat' dir='ltr'><strong>tanae?</strong></span> <span class='ocrx_word' id='word_1_32' title='bbox 455 650 794 721; x_wconf 78' lang='lat' dir='ltr'><strong>Maximus</strong></span> <span class='ocrx_word' id='word_1_33' title='bbox 825 650 1225 741; x_wconf 87' lang='lat' dir='ltr'><strong>respondit:</strong></span> <span class='ocrx_word' id='word_1_34' title='bbox 1279 655 1327 719; x_wconf 90' lang='lat' dir='ltr'><strong>E</strong></span> <span class='ocrx_word' id='word_1_35' title='bbox 1376 672 1417 720; x_wconf 95' lang='lat' dir='ltr'><strong>o</strong></span> <span class='ocrx_word' id='word_1_36' title='bbox 1457 648 1671 721; x_wconf 87' lang='lat' dir='ltr'><strong>semel</strong></span> <span class='ocrx_word' id='word_1_37' title='bbox 1711 650 2233 723; x_wconf 80' lang='lat' dir='ltr'><strong>abrenuntiavi:</strong></span> <span class='ocrx_word' id='word_1_38' title='bbox 2288 653 2452 741; x_wconf 90' lang='lat' dir='ltr'><strong>quia</strong></span> <span class='ocrx_word' id='word_1_39' title='bbox 2490 667 2712 724; x_wconf 88' lang='lat' dir='ltr'><strong>vestro</strong></span> 
     </span>
     <span class='ocr_line' id='line_1_5' title="bbox 157 737 2707 831; baseline 0 -21"><span class='ocrx_word' id='word_1_40' title='bbox 157 737 475 831; x_wconf 87' lang='lat' dir='ltr'><strong>exemplo</strong></span> <span class='ocrx_word' id='word_1_41' title='bbox 511 739 737 810; x_wconf 87' lang='lat' dir='ltr'><strong>vivere</strong></span> <span class='ocrx_word' id='word_1_42' title='bbox 784 738 962 810; x_wconf 88' lang='lat' dir='ltr'><strong>volo.</strong></span> <span class='ocrx_word' id='word_1_43' title='bbox 1016 744 1185 809; x_wconf 90' lang='lat' dir='ltr'><strong>Tum</strong></span> <span class='ocrx_word' id='word_1_44' title='bbox 1237 742 1328 809; x_wconf 84' lang='lat' dir='ltr'><strong>Ga</strong></span> <span class='ocrx_word' id='word_1_45' title='bbox 1387 738 1574 811; x_wconf 88' lang='lat' dir='ltr'><strong>inius</strong></span> <span class='ocrx_word' id='word_1_46' title='bbox 1617 739 1973 829; x_wconf 70' lang='lat' dir='ltr'>presbyter</span> <span class='ocrx_word' id='word_1_47' title='bbox 2018 740 2460 813; x_wconf 88' lang='lat' dir='ltr'><strong>catechizavit</strong></span> <span class='ocrx_word' id='word_1_48' title='bbox 2502 763 2707 823; x_wconf 86' lang='lat' dir='ltr'><strong>eum,</strong></span> 
     </span>
     <span class='ocr_line' id='line_1_6' title="bbox 158 827 2713 920; baseline 0.001 -21"><span class='ocrx_word' id='word_1_49' title='bbox 158 839 225 899; x_wconf 88' lang='lat' dir='ltr'><strong>et</strong></span> <span class='ocrx_word' id='word_1_50' title='bbox 277 827 516 899; x_wconf 90' lang='lat' dir='ltr'><strong>omnia</strong></span> <span class='ocrx_word' id='word_1_51' title='bbox 571 827 820 898; x_wconf 88' lang='lat' dir='ltr'><strong>Christi</strong></span> <span class='ocrx_word' id='word_1_52' title='bbox 879 840 1309 900; x_wconf 87' lang='lat' dir='ltr'><strong>sacramenta</strong></span> <span class='ocrx_word' id='word_1_53' title='bbox 1356 828 1420 898; x_wconf 89' lang='lat' dir='ltr'><strong>ei</strong></span> <span class='ocrx_word' id='word_1_54' title='bbox 1468 828 1857 918; x_wconf 76' lang='lat' dir='ltr'><strong>explicavit.</strong></span> <span class='ocrx_word' id='word_1_55' title='bbox 1911 833 2116 900; x_wconf 88' lang='lat' dir='ltr'><strong>Porro</strong></span> <span class='ocrx_word' id='word_1_56' title='bbox 2164 843 2449 900; x_wconf 89' lang='lat' dir='ltr'><strong>sanctus</strong></span> <span class='ocrx_word' id='word_1_57' title='bbox 2510 830 2713 920; x_wconf 86' lang='lat' dir='ltr'><strong>Cajus</strong></span> 
     </span>
     <span class='ocr_line' id='line_1_7' title="bbox 162 914 2711 1008; baseline 0.001 -21"><span class='ocrx_word' id='word_1_58' title='bbox 162 917 567 1008; x_wconf 85' lang='lat' dir='ltr'><strong>Episcopus,</strong></span> <span class='ocrx_word' id='word_1_59' title='bbox 621 928 696 986; x_wconf 91' lang='lat' dir='ltr'><strong>ut</strong></span> <span class='ocrx_word' id='word_1_60' title='bbox 743 914 948 988; x_wconf 90' lang='lat' dir='ltr'><strong>habet</strong></span> <span class='ocrx_word' id='word_1_61' title='bbox 993 915 1447 997; x_wconf 90' lang='lat' dir='ltr'><strong>consuetudo,</strong></span> <span class='ocrx_word' id='word_1_62' title='bbox 1502 916 1873 1008; x_wconf 87' lang='lat' dir='ltr'><strong>baptizavit</strong></span> <span class='ocrx_word' id='word_1_63' title='bbox 1908 938 2095 999; x_wconf 89' lang='lat' dir='ltr'><strong>eum,</strong></span> <span class='ocrx_word' id='word_1_64' title='bbox 2153 930 2219 988; x_wconf 91' lang='lat' dir='ltr'><strong>et</strong></span> <span class='ocrx_word' id='word_1_65' title='bbox 2264 939 2301 989; x_wconf 90' lang='lat' dir='ltr'><strong>e</strong></span> <span class='ocrx_word' id='word_1_66' title='bbox 2355 917 2534 1008; x_wconf 92' lang='lat' dir='ltr'><strong>pelvi</strong></span> <span class='ocrx_word' id='word_1_67' title='bbox 2580 919 2711 989; x_wconf 91' lang='lat' dir='ltr'><strong>ele·</strong></span> 
     </span>
     <span class='ocr_line' id='line_1_8' title="bbox 164 1004 2711 1096; baseline 0.001 -21"><span class='ocrx_word' id='word_1_68' title='bbox 164 1013 419 1089; x_wconf 85' lang='lat' dir='ltr'><strong>va&#39;turn,</strong></span> <span class='ocrx_word' id='word_1_69' title='bbox 458 1005 855 1076; x_wconf 88' lang='lat' dir='ltr'><strong>chrismatis</strong></span> <span class='ocrx_word' id='word_1_70' title='bbox 880 1017 1308 1076; x_wconf 86' lang='lat' dir='ltr'><strong>sacramento</strong></span> <span class='ocrx_word' id='word_1_71' title='bbox 1329 1004 1577 1086; x_wconf 87' lang='lat' dir='ltr'><strong>linivit,</strong></span> <span class='ocrx_word' id='word_1_72' title='bbox 1607 1005 1994 1094; x_wconf 80' lang='lat' dir='ltr'><strong>obtulitque</strong></span> <span class='ocrx_word' id='word_1_73' title='bbox 2021 1027 2144 1096; x_wconf 93' lang='lat' dir='ltr'><strong>pro</strong></span> <span class='ocrx_word' id='word_1_74' title='bbox 2173 1027 2252 1077; x_wconf 90' lang='lat' dir='ltr'><strong>eo</strong></span> <span class='ocrx_word' id='word_1_75' title='bbox 2287 1006 2711 1079; x_wconf 87' lang='lat' dir='ltr'><strong>sacrificium</strong></span> 
     </span>
     <span class='ocr_line' id='line_1_9' title="bbox 162 1094 1955 1185; baseline 0 -20"><span class='ocrx_word' id='word_1_76' title='bbox 162 1094 474 1175; x_wconf 87' lang='lat' dir='ltr'><strong>Domino,</strong></span> <span class='ocrx_word' id='word_1_77' title='bbox 519 1107 586 1165; x_wconf 86' lang='lat' dir='ltr'><strong>et</strong></span> <span class='ocrx_word' id='word_1_78' title='bbox 628 1094 783 1182; x_wconf 89' lang='lat' dir='ltr'><strong>ejus</strong></span> <span class='ocrx_word' id='word_1_79' title='bbox 812 1115 1053 1165; x_wconf 90' lang='lat' dir='ltr'><strong>omnes</strong></span> <span class='ocrx_word' id='word_1_80' title='bbox 1093 1106 1260 1165; x_wconf 91' lang='lat' dir='ltr'><strong>sunt</strong></span> <span class='ocrx_word' id='word_1_81' title='bbox 1307 1094 1678 1185; x_wconf 77' lang='lat' dir='ltr'><strong>participes</strong></span> <span class='ocrx_word' id='word_1_82' title='bbox 1708 1094 1955 1165; x_wconf 85' lang='lat' dir='ltr'><strong>effecti.</strong></span> 
     </span>
    </p>

    <p class='ocr_par' dir='ltr' id='par_1_3' title="bbox 152 1182 2718 1965">
     <span class='ocr_line' id='line_1_10' title="bbox 248 1182 2712 1342; baseline -0.001 -85"><span class='ocrx_word' id='word_1_83' title='bbox 248 1184 479 1342; x_wconf 51' lang='lat'>{1¹⁸⁶</span> <span class='ocrx_word' id='word_1_84' title='bbox 532 1182 628 1253; x_wconf 80' lang='lat' dir='ltr'><strong>Ab</strong></span> <span class='ocrx_word' id='word_1_85' title='bbox 674 1204 753 1254; x_wconf 92' lang='lat' dir='ltr'><strong>eo</strong></span> <span class='ocrx_word' id='word_1_86' title='bbox 781 1183 893 1253; x_wconf 90' lang='lat' dir='ltr'><strong>die</strong></span> <span class='ocrx_word' id='word_1_87' title='bbox 938 1195 1313 1273; x_wconf 90' lang='lat' dir='ltr'><strong>coeperunt</strong></span> <span class='ocrx_word' id='word_1_88' title='bbox 1357 1204 1601 1255; x_wconf 88' lang='lat' dir='ltr'><strong>omnes</strong></span> <span class='ocrx_word' id='word_1_89' title='bbox 1650 1182 1862 1254; x_wconf 90' lang='lat' dir='ltr'><strong>simul</strong></span> <span class='ocrx_word' id='word_1_90' title='bbox 1906 1183 2219 1254; x_wconf 87' lang='lat' dir='ltr'><strong>habitare</strong></span> <span class='ocrx_word' id='word_1_91' title='bbox 2256 1205 2419 1254; x_wconf 83' lang='lat' dir='ltr'><strong>curn</strong></span> <span class='ocrx_word' id='word_1_92' title='bbox 2457 1182 2712 1275; x_wconf 84' lang='lat' dir='ltr'><strong>gaudio</strong></span> 
     </span>
     <span class='ocr_line' id='line_1_11' title="bbox 155 1271 2712 1362; baseline 0 -20"><span class='ocrx_word' id='word_1_93' title='bbox 155 1283 226 1342; x_wconf 88' lang='lat' dir='ltr'><strong>et</strong></span> <span class='ocrx_word' id='word_1_94' title='bbox 306 1272 565 1361; x_wconf 79' lang='lat' dir='ltr'><strong>ymnis.</strong></span> <span class='ocrx_word' id='word_1_95' title='bbox 605 1271 941 1343; x_wconf 81' lang='lat' dir='ltr'><strong>Maximus</strong></span> <span class='ocrx_word' id='word_1_96' title='bbox 971 1285 1203 1343; x_wconf 86' lang='lat' dir='ltr'><strong>autem</strong></span> <span class='ocrx_word' id='word_1_97' title='bbox 1258 1271 1557 1362; x_wconf 82' lang='lat' dir='ltr'><strong>singulis</strong></span> <span class='ocrx_word' id='word_1_98' title='bbox 1597 1272 1919 1343; x_wconf 90' lang='lat' dir='ltr'><strong>noctibus</strong></span> <span class='ocrx_word' id='word_1_99' title='bbox 1969 1271 2307 1343; x_wconf 78' lang='lat' dir='ltr'><strong>vendebat</strong></span> <span class='ocrx_word' id='word_1_100' title='bbox 2350 1271 2712 1342; x_wconf 80' lang='lat' dir='ltr'><strong>facultates</strong></span> 
     </span>
     <span class='ocr_line' id='line_1_12' title="bbox 157 1360 2714 1452; baseline -0 -20"><span class='ocrx_word' id='word_1_101' title='bbox 157 1383 324 1432; x_wconf 89' lang='lat' dir='ltr'><strong>suas</strong></span> <span class='ocrx_word' id='word_1_102' title='bbox 356 1380 477 1452; x_wconf 90' lang='lat' dir='ltr'><strong>per</strong></span> <span class='ocrx_word' id='word_1_103' title='bbox 508 1360 879 1449; x_wconf 89' lang='lat' dir='ltr'><strong>quemdam</strong></span> <span class='ocrx_word' id='word_1_104' title='bbox 915 1361 1221 1431; x_wconf 90' lang='lat' dir='ltr'><strong>amicum</strong></span> <span class='ocrx_word' id='word_1_105' title='bbox 1254 1372 1583 1451; x_wconf 84' lang='lat' dir='ltr'><strong>togatum,</strong></span> <span class='ocrx_word' id='word_1_106' title='bbox 1637 1361 1916 1432; x_wconf 91' lang='lat' dir='ltr'><strong>nomine</strong></span> <span class='ocrx_word' id='word_1_107' title='bbox 1942 1361 2361 1431; x_wconf 84' lang='lat' dir='ltr'><strong>Thrasonem</strong></span> <span class='ocrx_word' id='word_1_108' title='bbox 2386 1361 2443 1442; x_wconf 66' lang='lat'><strong>⁴,</strong></span> <span class='ocrx_word' id='word_1_109' title='bbox 2485 1362 2714 1431; x_wconf 87' lang='lat' dir='ltr'><strong>virum</strong></span> 
     </span>
     <span class='ocr_line' id='line_1_13' title="bbox 157 1448 2710 1551; baseline -0 -31"><span class='ocrx_word' id='word_1_110' title='bbox 157 1449 856 1529; x_wconf 87' lang='lat' dir='ltr'><strong>Christianissimum,</strong></span> <span class='ocrx_word' id='word_1_111' title='bbox 891 1449 1010 1537; x_wconf 91' lang='lat' dir='ltr'><strong>qui</strong></span> <span class='ocrx_word' id='word_1_112' title='bbox 1059 1448 1325 1520; x_wconf 84' lang='lat' dir='ltr'><strong>occulte</strong></span> <span class='ocrx_word' id='word_1_113' title='bbox 1371 1448 1721 1522; x_wconf 84' lang='lat' dir='ltr'><strong>assidebat</strong></span> <span class='ocrx_word' id='word_1_114' title='bbox 1770 1449 1837 1520; x_wconf 92' lang='lat' dir='ltr'><strong>in</strong></span> <span class='ocrx_word' id='word_1_115' title='bbox 1879 1448 2182 1551; x_wconf 86' lang='lat' dir='ltr'><strong>publico,</strong></span> <span class='ocrx_word' id='word_1_116' title='bbox 2227 1471 2590 1521; x_wconf 83' lang='lat' dir='ltr'><strong>asservans</strong></span> <span class='ocrx_word' id='word_1_117' title='bbox 2637 1449 2710 1519; x_wconf 90' lang='lat' dir='ltr'><strong>in</strong></span> 
     </span>
     <span class='ocr_line' id='line_1_14' title="bbox 152 1537 2714 1630; baseline -0.001 -21"><span class='ocrx_word' id='word_1_118' title='bbox 152 1537 368 1609; x_wconf 87' lang='lat' dir='ltr'><strong>corde</strong></span> <span class='ocrx_word' id='word_1_119' title='bbox 427 1559 552 1609; x_wconf 88' lang='lat' dir='ltr'><strong>suo</strong></span> <span class='ocrx_word' id='word_1_120' title='bbox 608 1560 770 1609; x_wconf 90' lang='lat' dir='ltr'><strong>cum</strong></span> <span class='ocrx_word' id='word_1_121' title='bbox 822 1538 1195 1609; x_wconf 88' lang='lat' dir='ltr'><strong>reverentia</strong></span> <span class='ocrx_word' id='word_1_122' title='bbox 1255 1538 1714 1609; x_wconf 84' lang='lat' dir='ltr'><strong>Christianam</strong></span> <span class='ocrx_word' id='word_1_123' title='bbox 1778 1537 2184 1630; x_wconf 82' lang='lat' dir='ltr'><strong>religionem</strong></span> <span class='ocrx_word' id='word_1_124' title='bbox 2218 1592 2234 1620; x_wconf 92' lang='lat'>‚</span> <span class='ocrx_word' id='word_1_125' title='bbox 2298 1559 2503 1627; x_wconf 91' lang='lat' dir='ltr'><strong>quem</strong></span> <span class='ocrx_word' id='word_1_126' title='bbox 2553 1549 2714 1609; x_wconf 92' lang='lat' dir='ltr'><strong>ante</strong></span> 
     </span>
     <span class='ocr_line' id='line_1_15' title="bbox 154 1626 2717 1718; baseline 0 -22"><span class='ocrx_word' id='word_1_127' title='bbox 154 1626 419 1698; x_wconf 87' lang='lat' dir='ltr'><strong>multos</strong></span> <span class='ocrx_word' id='word_1_128' title='bbox 455 1647 675 1696; x_wconf 90' lang='lat' dir='ltr'><strong>annos</strong></span> <span class='ocrx_word' id='word_1_129' title='bbox 721 1627 920 1717; x_wconf 89' lang='lat' dir='ltr'><strong>Cajus</strong></span> <span class='ocrx_word' id='word_1_130' title='bbox 953 1626 1335 1718; x_wconf 89' lang='lat' dir='ltr'><strong>Episcopus</strong></span> <span class='ocrx_word' id='word_1_131' title='bbox 1381 1627 1867 1716; x_wconf 83' lang='lat' dir='ltr'><strong>baptizaverat.</strong></span> <span class='ocrx_word' id='word_1_132' title='bbox 1923 1627 2052 1711; x_wconf 89' lang='lat' dir='ltr'><strong>Qui</strong></span> <span class='ocrx_word' id='word_1_133' title='bbox 2083 1627 2289 1698; x_wconf 89' lang='lat' dir='ltr'><strong>etiam</strong></span> <span class='ocrx_word' id='word_1_134' title='bbox 2333 1639 2525 1718; x_wconf 86' lang='lat' dir='ltr'><strong>gesta</strong></span> <span class='ocrx_word' id='word_1_135' title='bbox 2557 1648 2717 1698; x_wconf 88' lang='lat' dir='ltr'><strong>san-</strong></span> 
     </span>
     <span class='ocr_line' id='line_1_16' title="bbox 152 1715 2716 1806; baseline 0 -20"><span class='ocrx_word' id='word_1_136' title='bbox 152 1728 429 1786; x_wconf 87' lang='lat' dir='ltr'><strong>ctorum</strong></span> <span class='ocrx_word' id='word_1_137' title='bbox 467 1728 848 1805; x_wconf 83' lang='lat' dir='ltr'><strong>martyrum</strong></span> <span class='ocrx_word' id='word_1_138' title='bbox 883 1715 1239 1806; x_wconf 85' lang='lat' dir='ltr'><strong>colligens,</strong></span> <span class='ocrx_word' id='word_1_139' title='bbox 1292 1716 1583 1787; x_wconf 89' lang='lat' dir='ltr'><strong>ornabat</strong></span> <span class='ocrx_word' id='word_1_140' title='bbox 1629 1737 1732 1798; x_wconf 89' lang='lat' dir='ltr'><strong>ea,</strong></span> <span class='ocrx_word' id='word_1_141' title='bbox 1789 1728 1857 1786; x_wconf 90' lang='lat' dir='ltr'><strong>et</strong></span> <span class='ocrx_word' id='word_1_142' title='bbox 1909 1716 2145 1787; x_wconf 90' lang='lat' dir='ltr'><strong>omnia</strong></span> <span class='ocrx_word' id='word_1_143' title='bbox 2196 1737 2324 1787; x_wconf 90' lang='lat' dir='ltr'><strong>sua</strong></span> <span class='ocrx_word' id='word_1_144' title='bbox 2359 1715 2716 1787; x_wconf 88' lang='lat' dir='ltr'><strong>nocturnis</strong></span> 
     </span>
     <span class='ocr_line' id='line_1_17' title="bbox 158 1803 2718 1897; baseline 0.001 -22"><span class='ocrx_word' id='word_1_145' title='bbox 158 1803 598 1895; x_wconf 89' lang='lat' dir='ltr'><strong>temporibus</strong></span> <span class='ocrx_word' id='word_1_146' title='bbox 635 1806 706 1875; x_wconf 89' lang='lat' dir='ltr'><strong>in</strong></span> <span class='ocrx_word' id='word_1_147' title='bbox 750 1825 1085 1895; x_wconf 90' lang='lat' dir='ltr'><strong>pauperes</strong></span> <span class='ocrx_word' id='word_1_148' title='bbox 1131 1804 1554 1876; x_wconf 86' lang='lat' dir='ltr'><strong>Christianos</strong></span> <span class='ocrx_word' id='word_1_149' title='bbox 1592 1804 1942 1897; x_wconf 69' lang='lat' dir='ltr'><strong>erogabat,</strong></span> <span class='ocrx_word' id='word_1_150' title='bbox 1984 1804 2330 1889; x_wconf 88' lang='lat' dir='ltr'><strong>circuiens</strong></span> <span class='ocrx_word' id='word_1_151' title='bbox 2364 1826 2487 1896; x_wconf 92' lang='lat' dir='ltr'><strong>per</strong></span> <span class='ocrx_word' id='word_1_152' title='bbox 2530 1804 2718 1877; x_wconf 86' lang='lat' dir='ltr'><strong>vicos</strong></span> 
     </span>
     <span class='ocr_line' id='line_1_18' title="bbox 153 1893 1070 1965; baseline 0 -2"><span class='ocrx_word' id='word_1_153' title='bbox 153 1904 227 1963; x_wconf 90' lang='lat' dir='ltr'><strong>et</strong></span> <span class='ocrx_word' id='word_1_154' title='bbox 260 1914 574 1964; x_wconf 89' lang='lat' dir='ltr'><strong>carceres</strong></span> <span class='ocrx_word' id='word_1_155' title='bbox 606 1906 671 1963; x_wconf 93' lang='lat' dir='ltr'><strong>et</strong></span> <span class='ocrx_word' id='word_1_156' title='bbox 697 1893 1070 1965; x_wconf 89' lang='lat' dir='ltr'><strong>custodias.</strong></span> 
     </span>
    </p>

    <p class='ocr_par' dir='ltr' id='par_1_4' title="bbox 158 1980 2720 2349">
     <span class='ocr_line' id='line_1_19' title="bbox 253 1980 2718 2073; baseline -0.001 -18"><span class='ocrx_word' id='word_1_157' title='bbox 253 1989 294 2064; x_wconf 67' lang='lat'>5</span> <span class='ocrx_word' id='word_1_158' title='bbox 342 1986 483 2055; x_wconf 68' lang='lat'><strong>14.</strong></span> <span class='ocrx_word' id='word_1_159' title='bbox 539 1980 788 2052; x_wconf 90' lang='lat' dir='ltr'><strong>Eodem</strong></span> <span class='ocrx_word' id='word_1_160' title='bbox 831 1994 1137 2073; x_wconf 87' lang='lat' dir='ltr'><strong>tempore</strong></span> <span class='ocrx_word' id='word_1_161' title='bbox 1171 1994 1323 2073; x_wconf 89' lang='lat' dir='ltr'><strong>post</strong></span> <span class='ocrx_word' id='word_1_162' title='bbox 1377 1981 1524 2053; x_wconf 90' lang='lat' dir='ltr'><strong>dies</strong></span> <span class='ocrx_word' id='word_1_163' title='bbox 1570 1981 1969 2070; x_wconf 89' lang='lat' dir='ltr'><strong>quindecim</strong></span> <span class='ocrx_word' id='word_1_164' title='bbox 2016 1981 2204 2052; x_wconf 91' lang='lat' dir='ltr'><strong>divul</strong></span> <span class='ocrx_word' id='word_1_165' title='bbox 2259 1992 2371 2052; x_wconf 86' lang='lat' dir='ltr'><strong>ata</strong></span> <span class='ocrx_word' id='word_1_166' title='bbox 2401 1996 2505 2053; x_wconf 88' lang='lat' dir='ltr'><strong>est</strong></span> <span class='ocrx_word' id='word_1_167' title='bbox 2532 1981 2718 2053; x_wconf 88' lang='lat' dir='ltr'><strong>fama</strong></span> 
     </span>
     <span class='ocr_line' id='line_1_20' title="bbox 158 2070 2720 2162; baseline 0.001 -23"><span class='ocrx_word' id='word_1_168' title='bbox 158 2092 291 2160; x_wconf 88' lang='lat' dir='ltr'><strong>per</strong></span> <span class='ocrx_word' id='word_1_169' title='bbox 338 2070 826 2141; x_wconf 76' lang='lat' dir='ltr'><strong>Maximianum</strong></span> <span class='ocrx_word' id='word_1_170' title='bbox 868 2070 1266 2159; x_wconf 88' lang='lat' dir='ltr'><strong>quemdam,</strong></span> <span class='ocrx_word' id='word_1_171' title='bbox 1324 2070 1672 2141; x_wconf 88' lang='lat' dir='ltr'><strong>hominem</strong></span> <span class='ocrx_word' id='word_1_172' title='bbox 1727 2093 2103 2162; x_wconf 82' lang='lat' dir='ltr'><strong>paganum,</strong></span> <span class='ocrx_word' id='word_1_173' title='bbox 2153 2092 2196 2140; x_wconf 92' lang='lat' dir='ltr'><strong>a</strong></span> <span class='ocrx_word' id='word_1_174' title='bbox 2241 2070 2546 2159; x_wconf 88' lang='lat' dir='ltr'><strong>jutorem</strong></span> <span class='ocrx_word' id='word_1_175' title='bbox 2595 2074 2720 2141; x_wconf 84' lang='lat' dir='ltr'><strong>Co-</strong></span> 
     </span>
     <span class='ocr_line' id='line_1_21' title="bbox 162 2157 2720 2251; baseline 0.001 -24"><span class='ocrx_word' id='word_1_176' title='bbox 162 2157 362 2229; x_wconf 87' lang='lat' dir='ltr'><strong>mitis</strong></span> <span class='ocrx_word' id='word_1_177' title='bbox 410 2160 508 2229; x_wconf 89' lang='lat' dir='ltr'><strong>rei</strong></span> <span class='ocrx_word' id='word_1_178' title='bbox 559 2160 882 2250; x_wconf 89' lang='lat' dir='ltr'><strong>privatae.</strong></span> <span class='ocrx_word' id='word_1_179' title='bbox 925 2159 1205 2232; x_wconf 91' lang='lat' dir='ltr'><strong>nomine</strong></span> <span class='ocrx_word' id='word_1_180' title='bbox 1249 2159 1602 2240; x_wconf 78' lang='lat' dir='ltr'><strong>Arsitium‚</strong></span> <span class='ocrx_word' id='word_1_181' title='bbox 1640 2159 2059 2230; x_wconf 88' lang='lat' dir='ltr'><strong>Diocletiano</strong></span> <span class='ocrx_word' id='word_1_182' title='bbox 2092 2164 2396 2251; x_wconf 79' lang='lat' dir='ltr'><strong>Augusto</strong></span> <span class='ocrx_word' id='word_1_183' title='bbox 2443 2159 2720 2230; x_wconf 89' lang='lat' dir='ltr'><strong>adulari</strong></span> 
     </span>
     <span class='ocr_line' id='line_1_22' title="bbox 160 2247 2719 2349; baseline 0.002 -34"><span class='ocrx_word' id='word_1_184' title='bbox 160 2247 537 2328; x_wconf 85' lang='lat' dir='ltr'><strong>volentem,</strong></span> <span class='ocrx_word' id='word_1_185' title='bbox 580 2248 779 2336; x_wconf 92' lang='lat' dir='ltr'><strong>eique</strong></span> <span class='ocrx_word' id='word_1_186' title='bbox 807 2248 1196 2319; x_wconf 89' lang='lat' dir='ltr'><strong>dicentem:</strong></span> <span class='ocrx_word' id='word_1_187' title='bbox 1252 2249 1727 2318; x_wconf 82' lang='lat' dir='ltr'><strong>sacratissime</strong></span> <span class='ocrx_word' id='word_1_188' title='bbox 1784 2249 2108 2339; x_wconf 90' lang='lat' dir='ltr'><strong>princeps</strong></span> <span class='ocrx_word' id='word_1_189' title='bbox 2143 2262 2212 2327; x_wconf 59' lang='lat' dir='ltr'><strong>,et</strong></span> <span class='ocrx_word' id='word_1_190' title='bbox 2263 2270 2537 2349; x_wconf 81' lang='lat' dir='ltr'><strong>semper</strong></span> <span class='ocrx_word' id='word_1_191' title='bbox 2583 2252 2719 2319; x_wconf 83' lang='lat' dir='ltr'><strong>Au-</strong></span> 
     </span>
    </p>
   </div>
   <div class='ocr_carea' id='block_1_3' title="bbox 159 2335 2829 2437">
    <p class='ocr_par' dir='ltr' id='par_1_5' title="bbox 159 2335 2829 2437">
     <span class='ocr_line' id='line_1_23' title="bbox 159 2335 2829 2437; baseline 0.001 -30"><span class='ocrx_word' id='word_1_192' title='bbox 159 2351 394 2427; x_wconf 81' lang='lat' dir='ltr'><strong>guste,</strong></span> <span class='ocrx_word' id='word_1_193' title='bbox 450 2358 702 2437; x_wconf 76' lang='lat' dir='ltr'><strong>magna</strong></span> <span class='ocrx_word' id='word_1_194' title='bbox 738 2337 965 2408; x_wconf 79' lang='lat' dir='ltr'><strong>existit</strong></span> <span class='ocrx_word' id='word_1_195' title='bbox 995 2336 1181 2406; x_wconf 80' lang='lat' dir='ltr'><strong>fama</strong></span> <span class='ocrx_word' id='word_1_196' title='bbox 1220 2336 1305 2407; x_wconf 92' lang='lat' dir='ltr'><strong>de</strong></span> <span class='ocrx_word' id='word_1_197' title='bbox 1337 2335 1598 2408; x_wconf 80' lang='lat' dir='ltr'><strong>famulo</strong></span> <span class='ocrx_word' id='word_1_198' title='bbox 1654 2349 1877 2408; x_wconf 90' lang='lat' dir='ltr'><strong>vestro</strong></span> <span class='ocrx_word' id='word_1_199' title='bbox 1924 2337 2180 2407; x_wconf 89' lang='lat' dir='ltr'><strong>Comite</strong></span> <span class='ocrx_word' id='word_1_200' title='bbox 2222 2337 2314 2407; x_wconf 92' lang='lat' dir='ltr'><strong>rei</strong></span> <span class='ocrx_word' id='word_1_201' title='bbox 2369 2349 2713 2428; x_wconf 81' lang='lat' dir='ltr'><strong>privatae,</strong></span> <span class='ocrx_word' id='word_1_202' title='bbox 2820 2399 2829 2410; x_wconf 91' lang='lat'><strong>.</strong></span> 
     </span>
    </p>
   </div>
   <div class='ocr_carea' id='block_1_4' title="bbox 157 2423 2729 4472">
    <p class='ocr_par' dir='ltr' id='par_1_6' title="bbox 157 2423 2726 3571">
     <span class='ocr_line' id='line_1_24' title="bbox 211 2423 2720 2518; baseline 0 -25"><span class='ocrx_word' id='word_1_203' title='bbox 211 2424 352 2494; x_wconf 91' lang='lat' dir='ltr'><strong>uod</strong></span> <span class='ocrx_word' id='word_1_204' title='bbox 409 2424 647 2495; x_wconf 80' lang='lat' dir='ltr'><strong>multis</strong></span> <span class='ocrx_word' id='word_1_205' title='bbox 693 2426 927 2518; x_wconf 84' lang='lat' dir='ltr'><strong>egenis</strong></span> <span class='ocrx_word' id='word_1_206' title='bbox 979 2426 1318 2496; x_wconf 90' lang='lat' dir='ltr'><strong>ministret</strong></span> <span class='ocrx_word' id='word_1_207' title='bbox 1354 2425 1784 2496; x_wconf 88' lang='lat' dir='ltr'><strong>alimoniam.</strong></span> <span class='ocrx_word' id='word_1_208' title='bbox 1840 2425 2034 2495; x_wconf 82' lang='lat' dir='ltr'><strong>Multi</strong></span> <span class='ocrx_word' id='word_1_209' title='bbox 2089 2425 2276 2495; x_wconf 89' lang='lat' dir='ltr'><strong>enim</strong></span> <span class='ocrx_word' id='word_1_210' title='bbox 2308 2480 2323 2509; x_wconf 90' lang='lat'>‚</span> <span class='ocrx_word' id='word_1_211' title='bbox 2385 2438 2466 2497; x_wconf 91' lang='lat' dir='ltr'><strong>ut</strong></span> <span class='ocrx_word' id='word_1_212' title='bbox 2513 2423 2720 2495; x_wconf 90' lang='lat' dir='ltr'><strong>habet</strong></span> 
     </span>
     <span class='ocr_line' id='line_1_25' title="bbox 190 2513 2717 2606; baseline 0 -22"><span class='ocrx_word' id='word_1_213' title='bbox 190 2536 377 2594; x_wconf 85' lang='lat' dir='ltr'><strong>ama,</strong></span> <span class='ocrx_word' id='word_1_214' title='bbox 429 2515 584 2602; x_wconf 89' lang='lat' dir='ltr'><strong>ejus</strong></span> <span class='ocrx_word' id='word_1_215' title='bbox 623 2514 1052 2586; x_wconf 87' lang='lat' dir='ltr'><strong>humanitate</strong></span> <span class='ocrx_word' id='word_1_216' title='bbox 1101 2514 1438 2585; x_wconf 84' lang='lat' dir='ltr'><strong>foventur.</strong></span> <span class='ocrx_word' id='word_1_217' title='bbox 1493 2514 1957 2586; x_wconf 87' lang='lat' dir='ltr'><strong>Diocletianus</strong></span> <span class='ocrx_word' id='word_1_218' title='bbox 2004 2519 2353 2606; x_wconf 83' lang='lat' dir='ltr'><strong>Augustus</strong></span> <span class='ocrx_word' id='word_1_219' title='bbox 2409 2514 2582 2585; x_wconf 86' lang='lat' dir='ltr'><strong>dixit</strong></span> <span class='ocrx_word' id='word_1_220' title='bbox 2628 2513 2717 2584; x_wconf 91' lang='lat' dir='ltr'><strong>ad</strong></span> 
     </span>
     <span class='ocr_line' id='line_1_26' title="bbox 157 2602 2716 2695; baseline 0 -24"><span class='ocrx_word' id='word_1_221' title='bbox 157 2624 352 2672; x_wconf 87' lang='lat' dir='ltr'><strong>eum:</strong></span> <span class='ocrx_word' id='word_1_222' title='bbox 389 2603 712 2690; x_wconf 91' lang='lat' dir='ltr'><strong>Perquire</strong></span> <span class='ocrx_word' id='word_1_223' title='bbox 746 2604 940 2687; x_wconf 88' lang='lat' dir='ltr'><strong>mihi,</strong></span> <span class='ocrx_word' id='word_1_224' title='bbox 971 2603 1159 2674; x_wconf 91' lang='lat' dir='ltr'><strong>unde</strong></span> <span class='ocrx_word' id='word_1_225' title='bbox 1183 2603 1309 2675; x_wconf 92' lang='lat' dir='ltr'><strong>has</strong></span> <span class='ocrx_word' id='word_1_226' title='bbox 1345 2604 1675 2695; x_wconf 84' lang='lat' dir='ltr'><strong>pecunias</strong></span> <span class='ocrx_word' id='word_1_227' title='bbox 1706 2603 1975 2674; x_wconf 89' lang='lat' dir='ltr'><strong>habeat.</strong></span> <span class='ocrx_word' id='word_1_228' title='bbox 2005 2604 2297 2674; x_wconf 78' lang='lat' dir='ltr'><strong>Arsitius</strong></span> <span class='ocrx_word' id='word_1_229' title='bbox 2330 2602 2716 2695; x_wconf 90' lang='lat' dir='ltr'><strong>respondit;</strong></span> 
     </span>
     <span class='ocr_line' id='line_1_27' title="bbox 161 2691 2720 2784; baseline 0 -22"><span class='ocrx_word' id='word_1_230' title='bbox 161 2692 645 2763; x_wconf 88' lang='lat' dir='ltr'><strong>Sacratissime</strong></span> <span class='ocrx_word' id='word_1_231' title='bbox 677 2714 949 2784; x_wconf 90' lang='lat' dir='ltr'><strong>semper</strong></span> <span class='ocrx_word' id='word_1_232' title='bbox 984 2694 1286 2783; x_wconf 81' lang='lat' dir='ltr'><strong>Auguste</strong></span> <span class='ocrx_word' id='word_1_233' title='bbox 1335 2692 1568 2774; x_wconf 89' lang='lat' dir='ltr'><strong>victor,</strong></span> <span class='ocrx_word' id='word_1_234' title='bbox 1619 2692 1678 2762; x_wconf 91' lang='lat' dir='ltr'><strong>si</strong></span> <span class='ocrx_word' id='word_1_235' title='bbox 1730 2692 1889 2763; x_wconf 89' lang='lat' dir='ltr'><strong>licet</strong></span> <span class='ocrx_word' id='word_1_236' title='bbox 1935 2691 2149 2780; x_wconf 90' lang='lat' dir='ltr'><strong>loqui,</strong></span> <span class='ocrx_word' id='word_1_237' title='bbox 2196 2713 2518 2783; x_wconf 85' lang='lat' dir='ltr'><strong>suggero.</strong></span> <span class='ocrx_word' id='word_1_238' title='bbox 2565 2691 2720 2762; x_wconf 91' lang='lat' dir='ltr'><strong>Dio-</strong></span> 
     </span>
     <span class='ocr_line' id='line_1_28' title="bbox 160 2780 2722 2870; baseline 0 -20"><span class='ocrx_word' id='word_1_239' title='bbox 160 2780 508 2851; x_wconf 88' lang='lat' dir='ltr'><strong>cletianus</strong></span> <span class='ocrx_word' id='word_1_240' title='bbox 560 2780 768 2850; x_wconf 85' lang='lat' dir='ltr'><strong>dixit:</strong></span> <span class='ocrx_word' id='word_1_241' title='bbox 842 2786 1140 2870; x_wconf 92' lang='lat' dir='ltr'><strong>Loquere</strong></span> <span class='ocrx_word' id='word_1_242' title='bbox 1199 2781 1513 2852; x_wconf 84' lang='lat' dir='ltr'><strong>fidenter.</strong></span> <span class='ocrx_word' id='word_1_243' title='bbox 1578 2781 1870 2851; x_wconf 85' lang='lat' dir='ltr'><strong>Arsitius</strong></span> <span class='ocrx_word' id='word_1_244' title='bbox 1931 2781 2072 2857; x_wconf 86' lang='lat' dir='ltr'><strong>ait:</strong></span> <span class='ocrx_word' id='word_1_245' title='bbox 2129 2781 2510 2851; x_wconf 85' lang='lat' dir='ltr'><strong>Facultates</strong></span> <span class='ocrx_word' id='word_1_246' title='bbox 2556 2800 2722 2852; x_wconf 77' lang='lat' dir='ltr'><strong>suas</strong></span> 
     </span>
     <span class='ocr_line' id='line_1_29' title="bbox 165 2868 2720 2961; baseline 0.001 -22"><span class='ocrx_word' id='word_1_247' title='bbox 165 2868 619 2961; x_wconf 84' lang='lat' dir='ltr'><strong>transigendo</strong></span> <span class='ocrx_word' id='word_1_248' title='bbox 651 2870 1001 2940; x_wconf 91' lang='lat' dir='ltr'><strong>venundat</strong></span> <span class='ocrx_word' id='word_1_249' title='bbox 1034 2894 1047 2936; x_wconf 91' lang='lat'>:</span> <span class='ocrx_word' id='word_1_250' title='bbox 1102 2869 1313 2958; x_wconf 91' lang='lat' dir='ltr'><strong>idque</strong></span> <span class='ocrx_word' id='word_1_251' title='bbox 1348 2893 1429 2940; x_wconf 84' lang='lat' dir='ltr'><strong>ea</strong></span> <span class='ocrx_word' id='word_1_252' title='bbox 1457 2873 1672 2941; x_wconf 76' lang='lat' dir='ltr'><strong>causa</strong></span> <span class='ocrx_word' id='word_1_253' title='bbox 1711 2869 1932 2941; x_wconf 85' lang='lat' dir='ltr'><strong>facere</strong></span> <span class='ocrx_word' id='word_1_254' title='bbox 1974 2869 2266 2952; x_wconf 90' lang='lat' dir='ltr'><strong>videtur,</strong></span> <span class='ocrx_word' id='word_1_255' title='bbox 2301 2869 2482 2958; x_wconf 93' lang='lat' dir='ltr'><strong>quod</strong></span> <span class='ocrx_word' id='word_1_256' title='bbox 2527 2868 2720 2941; x_wconf 90' lang='lat' dir='ltr'><strong>Chri·</strong></span> 
     </span>
     <span class='ocr_line' id='line_1_30' title="bbox 167 2958 2723 3051; baseline 0 -23"><span class='ocrx_word' id='word_1_257' title='bbox 167 2958 446 3028; x_wconf 89' lang='lat' dir='ltr'><strong>stianus</strong></span> <span class='ocrx_word' id='word_1_258' title='bbox 505 2970 608 3029; x_wconf 91' lang='lat' dir='ltr'><strong>est</strong></span> <span class='ocrx_word' id='word_1_259' title='bbox 652 2958 934 3030; x_wconf 84' lang='lat' dir='ltr'><strong>effectus</strong></span> <span class='ocrx_word' id='word_1_260' title='bbox 981 2981 1022 3028; x_wconf 94' lang='lat' dir='ltr'><strong>a</strong></span> <span class='ocrx_word' id='word_1_261' title='bbox 1068 2959 1224 3051; x_wconf 90' lang='lat' dir='ltr'><strong>Cajo</strong></span> <span class='ocrx_word' id='word_1_262' title='bbox 1273 2959 1611 3050; x_wconf 90' lang='lat' dir='ltr'><strong>Episcopo</strong></span> <span class='ocrx_word' id='word_1_263' title='bbox 1666 2970 1734 3029; x_wconf 87' lang='lat' dir='ltr'><strong>et</strong></span> <span class='ocrx_word' id='word_1_264' title='bbox 1781 2959 2070 3030; x_wconf 88' lang='lat' dir='ltr'><strong>Gabinio</strong></span> <span class='ocrx_word' id='word_1_265' title='bbox 2120 2959 2537 3049; x_wconf 88' lang='lat' dir='ltr'><strong>presbytero.</strong></span> <span class='ocrx_word' id='word_1_266' title='bbox 2586 2962 2723 3029; x_wconf 82' lang='lat' dir='ltr'><strong>Au-</strong></span> 
     </span>
     <span class='ocr_line' id='line_1_31' title="bbox 160 3045 2725 3139; baseline 0.001 -24"><span class='ocrx_word' id='word_1_267' title='bbox 160 3046 368 3117; x_wconf 87' lang='lat' dir='ltr'><strong>diens</strong></span> <span class='ocrx_word' id='word_1_268' title='bbox 400 3045 469 3116; x_wconf 92' lang='lat' dir='ltr'><strong>id</strong></span> <span class='ocrx_word' id='word_1_269' title='bbox 503 3046 966 3119; x_wconf 84' lang='lat' dir='ltr'><strong>Diocletianus</strong></span> <span class='ocrx_word' id='word_1_270' title='bbox 995 3053 1369 3139; x_wconf 79' lang='lat' dir='ltr'><strong>AugustuS,</strong></span> <span class='ocrx_word' id='word_1_271' title='bbox 1403 3047 1593 3139; x_wconf 88' lang='lat' dir='ltr'><strong>apud</strong></span> <span class='ocrx_word' id='word_1_272' title='bbox 1625 3069 1700 3117; x_wconf 92' lang='lat' dir='ltr'><strong>se</strong></span> <span class='ocrx_word' id='word_1_273' title='bbox 1724 3059 2064 3118; x_wconf 90' lang='lat' dir='ltr'><strong>secretum</strong></span> <span class='ocrx_word' id='word_1_274' title='bbox 2099 3047 2365 3118; x_wconf 81' lang='lat' dir='ltr'><strong>habuit:</strong></span> <span class='ocrx_word' id='word_1_275' title='bbox 2397 3046 2725 3118; x_wconf 88' lang='lat' dir='ltr'><strong>indicavit</strong></span> 
     </span>
     <span class='ocr_line' id='line_1_32' title="bbox 164 3136 2725 3228; baseline 0.001 -24"><span class='ocrx_word' id='word_1_276' title='bbox 164 3146 398 3206; x_wconf 90' lang='lat' dir='ltr'><strong>tamen</strong></span> <span class='ocrx_word' id='word_1_277' title='bbox 436 3139 728 3206; x_wconf 90' lang='lat' dir='ltr'><strong>Serenae</strong></span> <span class='ocrx_word' id='word_1_278' title='bbox 773 3136 844 3172; x_wconf 74' lang='lat'><strong>*¹*</strong></span> <span class='ocrx_word' id='word_1_279' title='bbox 891 3137 1087 3206; x_wconf 90' lang='lat' dir='ltr'><strong>uxori</strong></span> <span class='ocrx_word' id='word_1_280' title='bbox 1146 3157 1311 3207; x_wconf 89' lang='lat' dir='ltr'><strong>suae</strong></span> <span class='ocrx_word' id='word_1_281' title='bbox 1358 3158 1437 3207; x_wconf 93' lang='lat' dir='ltr'><strong>eo</strong></span> <span class='ocrx_word' id='word_1_282' title='bbox 1484 3136 1670 3225; x_wconf 90' lang='lat' dir='ltr'><strong>quod</strong></span> <span class='ocrx_word' id='word_1_283' title='bbox 1722 3136 1936 3207; x_wconf 82' lang='lat' dir='ltr'><strong>filiam</strong></span> <span class='ocrx_word' id='word_1_284' title='bbox 1987 3136 2264 3207; x_wconf 86' lang='lat' dir='ltr'><strong>Gabinii</strong></span> <span class='ocrx_word' id='word_1_285' title='bbox 2311 3136 2725 3228; x_wconf 86' lang='lat' dir='ltr'><strong>postulasset</strong></span> 
     </span>
     <span class='ocr_line' id='line_1_33' title="bbox 165 3224 2725 3316; baseline 0.001 -23"><span class='ocrx_word' id='word_1_286' title='bbox 165 3244 454 3294; x_wconf 88' lang='lat' dir='ltr'><strong>uxorem</strong></span> <span class='ocrx_word' id='word_1_287' title='bbox 491 3224 926 3294; x_wconf 65' lang='lat' dir='ltr'><strong>Maximiano</strong></span> <span class='ocrx_word' id='word_1_288' title='bbox 980 3228 1234 3295; x_wconf 88' lang='lat' dir='ltr'><strong>Serena</strong></span> <span class='ocrx_word' id='word_1_289' title='bbox 1281 3225 1404 3296; x_wconf 91' lang='lat' dir='ltr'><strong>ubi</strong></span> <span class='ocrx_word' id='word_1_290' title='bbox 1451 3224 1741 3306; x_wconf 85' lang='lat' dir='ltr'><strong>audivit,</strong></span> <span class='ocrx_word' id='word_1_291' title='bbox 1784 3225 2007 3316; x_wconf 80' lang='lat' dir='ltr'><strong>magis</strong></span> <span class='ocrx_word' id='word_1_292' title='bbox 2056 3224 2467 3297; x_wconf 84' lang='lat' dir='ltr'><strong>confirmata</strong></span> <span class='ocrx_word' id='word_1_293' title='bbox 2497 3237 2622 3307; x_wconf 90' lang='lat' dir='ltr'><strong>est,</strong></span> <span class='ocrx_word' id='word_1_294' title='bbox 2659 3236 2725 3295; x_wconf 93' lang='lat' dir='ltr'><strong>et</strong></span> 
     </span>
     <span class='ocr_line' id='line_1_34' title="bbox 167 3311 2726 3405; baseline 0.002 -25"><span class='ocrx_word' id='word_1_295' title='bbox 167 3311 359 3382; x_wconf 89' lang='lat' dir='ltr'><strong>dedit</strong></span> <span class='ocrx_word' id='word_1_296' title='bbox 397 3311 690 3401; x_wconf 75' lang='lat' dir='ltr'><strong>gloriam</strong></span> <span class='ocrx_word' id='word_1_297' title='bbox 744 3319 899 3394; x_wconf 91' lang='lat' dir='ltr'><strong>Deo,</strong></span> <span class='ocrx_word' id='word_1_298' title='bbox 954 3335 1113 3384; x_wconf 92' lang='lat' dir='ltr'><strong>cum</strong></span> <span class='ocrx_word' id='word_1_299' title='bbox 1164 3327 1343 3385; x_wconf 88' lang='lat' dir='ltr'><strong>esset</strong></span> <span class='ocrx_word' id='word_1_300' title='bbox 1387 3315 1593 3384; x_wconf 87' lang='lat' dir='ltr'><strong>etiarn</strong></span> <span class='ocrx_word' id='word_1_301' title='bbox 1647 3314 1800 3405; x_wconf 90' lang='lat' dir='ltr'><strong>ipsa</strong></span> <span class='ocrx_word' id='word_1_302' title='bbox 1845 3312 2115 3385; x_wconf 91' lang='lat' dir='ltr'><strong>occulte</strong></span> <span class='ocrx_word' id='word_1_303' title='bbox 2168 3313 2579 3385; x_wconf 86' lang='lat' dir='ltr'><strong>Christiana.</strong></span> <span class='ocrx_word' id='word_1_304' title='bbox 2620 3313 2726 3384; x_wconf 75' lang='lat' dir='ltr'><strong>Ait</strong></span> 
     </span>
     <span class='ocr_line' id='line_1_35' title="bbox 172 3401 2725 3558; baseline 0.002 -89"><span class='ocrx_word' id='word_1_305' title='bbox 172 3401 916 3558; x_wconf 66' lang='lat' dir='ltr'><strong>autemeiocletiano:</strong></span> <span class='ocrx_word' id='word_1_306' title='bbox 968 3402 1162 3485; x_wconf 91' lang='lat' dir='ltr'><strong>Quod</strong></span> <span class='ocrx_word' id='word_1_307' title='bbox 1213 3403 1335 3475; x_wconf 92' lang='lat' dir='ltr'><strong>tibi</strong></span> <span class='ocrx_word' id='word_1_308' title='bbox 1384 3403 1803 3493; x_wconf 87' lang='lat' dir='ltr'><strong>imperatum</strong></span> <span class='ocrx_word' id='word_1_309' title='bbox 1855 3402 2062 3475; x_wconf 86' lang='lat' dir='ltr'><strong>fuerit</strong></span> <span class='ocrx_word' id='word_1_310' title='bbox 2098 3425 2139 3473; x_wconf 90' lang='lat' dir='ltr'><strong>a</strong></span> <span class='ocrx_word' id='word_1_311' title='bbox 2172 3424 2477 3494; x_wconf 89' lang='lat' dir='ltr'><strong>superna</strong></span> <span class='ocrx_word' id='word_1_312' title='bbox 2511 3403 2725 3495; x_wconf 88' lang='lat' dir='ltr'><strong>maje-</strong></span> 
     </span>
     <span class='ocr_line' id='line_1_36' title="bbox 175 3501 555 3571; baseline 0.003 -14"><span class='ocrx_word' id='word_1_313' title='bbox 175 3501 367 3571; x_wconf 73' lang='lat' dir='ltr'><strong>state,</strong></span> <span class='ocrx_word' id='word_1_314' title='bbox 447 3512 555 3561; x_wconf 80' lang='lat' dir='ltr'><strong>ac.</strong></span> 
     </span>
    </p>

    <p class='ocr_par' dir='ltr' id='par_1_7' title="bbox 162 3579 2729 4472">
     <span class='ocr_line' id='line_1_37' title="bbox 262 3579 2719 3673; baseline -0.001 -21"><span class='ocrx_word' id='word_1_315' title='bbox 262 3586 298 3659; x_wconf 75' lang='grc' dir='ltr'><strong>ἓ</strong></span> <span class='ocrx_word' id='word_1_316' title='bbox 344 3584 493 3652; x_wconf 71' lang='grc'><strong>15.</strong></span> <span class='ocrx_word' id='word_1_317' title='bbox 545 3583 621 3650; x_wconf 85' lang='lat' dir='ltr'><strong>At</strong></span> <span class='ocrx_word' id='word_1_318' title='bbox 672 3600 830 3649; x_wconf 92' lang='lat' dir='ltr'><strong>vero</strong></span> <span class='ocrx_word' id='word_1_319' title='bbox 891 3579 1351 3652; x_wconf 88' lang='lat' dir='ltr'><strong>Diocletianus</strong></span> <span class='ocrx_word' id='word_1_320' title='bbox 1415 3586 1767 3673; x_wconf 78' lang='lat' dir='ltr'><strong>Augustus</strong></span> <span class='ocrx_word' id='word_1_321' title='bbox 1828 3590 2222 3670; x_wconf 87' lang='lat' dir='ltr'><strong>contempta</strong></span> <span class='ocrx_word' id='word_1_322' title='bbox 2274 3600 2486 3651; x_wconf 87' lang='lat' dir='ltr'><strong>uxore</strong></span> <span class='ocrx_word' id='word_1_323' title='bbox 2543 3602 2670 3650; x_wconf 90' lang='lat' dir='ltr'><strong>sua</strong></span> <span class='ocrx_word' id='word_1_324' title='bbox 2701 3633 2719 3663; x_wconf 89' lang='lat'><strong>,</strong></span> 
     </span>
     <span class='ocr_line' id='line_1_38' title="bbox 179 3667 2727 3761; baseline 0.003 -29"><span class='ocrx_word' id='word_1_325' title='bbox 179 3668 434 3736; x_wconf 86' lang='lat' dir='ltr'><strong>vocavit</strong></span> <span class='ocrx_word' id='word_1_326' title='bbox 482 3667 567 3738; x_wconf 94' lang='lat' dir='ltr'><strong>ad</strong></span> <span class='ocrx_word' id='word_1_327' title='bbox 603 3689 674 3737; x_wconf 91' lang='lat' dir='ltr'><strong>se</strong></span> <span class='ocrx_word' id='word_1_328' title='bbox 717 3668 991 3739; x_wconf 86' lang='lat' dir='ltr'><strong>Julium</strong></span> <span class='ocrx_word' id='word_1_329' title='bbox 1041 3670 1414 3757; x_wconf 89' lang='lat' dir='ltr'><strong>quemdam</strong></span> <span class='ocrx_word' id='word_1_330' title='bbox 1465 3690 1815 3761; x_wconf 83' lang='lat' dir='ltr'><strong>paganum</strong></span> <span class='ocrx_word' id='word_1_331' title='bbox 1866 3668 2220 3740; x_wconf 86' lang='lat' dir='ltr'><strong>crudelem</strong></span> <span class='ocrx_word' id='word_1_332' title='bbox 2250 3722 2266 3750; x_wconf 87' lang='lat'><strong>‚</strong></span> <span class='ocrx_word' id='word_1_333' title='bbox 2311 3681 2378 3739; x_wconf 88' lang='lat' dir='ltr'><strong>et</strong></span> <span class='ocrx_word' id='word_1_334' title='bbox 2414 3690 2727 3740; x_wconf 88' lang='lat' dir='ltr'><strong>commu-</strong></span> 
     </span>
     <span class='ocr_line' id='line_1_39' title="bbox 180 3753 2723 3846; baseline 0.002 -26"><span class='ocrx_word' id='word_1_335' title='bbox 180 3753 399 3825; x_wconf 85' lang='lat' dir='ltr'><strong>nicato</strong></span> <span class='ocrx_word' id='word_1_336' title='bbox 438 3777 598 3827; x_wconf 90' lang='lat' dir='ltr'><strong>cum</strong></span> <span class='ocrx_word' id='word_1_337' title='bbox 633 3778 711 3826; x_wconf 93' lang='lat' dir='ltr'><strong>eo</strong></span> <span class='ocrx_word' id='word_1_338' title='bbox 742 3757 1055 3838; x_wconf 85' lang='lat' dir='ltr'><strong>consilio,</strong></span> <span class='ocrx_word' id='word_1_339' title='bbox 1094 3758 1266 3829; x_wconf 84' lang='lat' dir='ltr'><strong>dixit</strong></span> <span class='ocrx_word' id='word_1_340' title='bbox 1293 3759 1355 3829; x_wconf 89' lang='lat' dir='ltr'><strong>ei</strong></span> <span class='ocrx_word' id='word_1_341' title='bbox 1385 3781 1401 3824; x_wconf 73' lang='grc' dir='ltr'>ι</span> <span class='ocrx_word' id='word_1_342' title='bbox 1456 3759 1609 3829; x_wconf 81' lang='lat' dir='ltr'><strong>Misi</strong></span> <span class='ocrx_word' id='word_1_343' title='bbox 1638 3757 2093 3831; x_wconf 88' lang='lat' dir='ltr'><strong>charissimos</strong></span> <span class='ocrx_word' id='word_1_344' title='bbox 2129 3779 2318 3829; x_wconf 88' lang='lat' dir='ltr'><strong>meos</strong></span> <span class='ocrx_word' id='word_1_345' title='bbox 2351 3757 2439 3827; x_wconf 91' lang='lat' dir='ltr'><strong>ad</strong></span> <span class='ocrx_word' id='word_1_346' title='bbox 2479 3778 2723 3846; x_wconf 89' lang='lat' dir='ltr'><strong>quem-</strong></span> 
     </span>
     <span class='ocr_line' id='line_1_40' title="bbox 183 3840 2727 3936; baseline 0.002 -26"><span class='ocrx_word' id='word_1_347' title='bbox 183 3840 365 3925; x_wconf 89' lang='lat' dir='ltr'><strong>dam,</strong></span> <span class='ocrx_word' id='word_1_348' title='bbox 414 3855 495 3915; x_wconf 92' lang='lat' dir='ltr'><strong>ut</strong></span> <span class='ocrx_word' id='word_1_349' title='bbox 541 3857 847 3935; x_wconf 87' lang='lat' dir='ltr'><strong>peterent</strong></span> <span class='ocrx_word' id='word_1_350' title='bbox 893 3845 1111 3916; x_wconf 88' lang='lat' dir='ltr'><strong>filiam</strong></span> <span class='ocrx_word' id='word_1_351' title='bbox 1155 3847 1314 3936; x_wconf 90' lang='lat' dir='ltr'><strong>ejus</strong></span> <span class='ocrx_word' id='word_1_352' title='bbox 1361 3869 1642 3917; x_wconf 90' lang='lat' dir='ltr'><strong>uxorem</strong></span> <span class='ocrx_word' id='word_1_353' title='bbox 1696 3846 1842 3916; x_wconf 84' lang='lat' dir='ltr'><strong>filio</strong></span> <span class='ocrx_word' id='word_1_354' title='bbox 1890 3867 2065 3917; x_wconf 83' lang='lat' dir='ltr'><strong>mec.</strong></span> <span class='ocrx_word' id='word_1_355' title='bbox 2121 3846 2231 3916; x_wconf 92' lang='lat' dir='ltr'><strong>Illi</strong></span> <span class='ocrx_word' id='word_1_356' title='bbox 2279 3859 2510 3917; x_wconf 90' lang='lat' dir='ltr'><strong>autem</strong></span> <span class='ocrx_word' id='word_1_357' title='bbox 2560 3866 2727 3916; x_wconf 91' lang='lat' dir='ltr'><strong>con-</strong></span> 
     </span>
     <span class='ocr_line' id='line_1_41' title="bbox 176 3934 2720 4025; baseline 0 -25"><span class='ocrx_word' id='word_1_358' title='bbox 176 3941 557 4003; x_wconf 73' lang='lat' dir='ltr'><strong>temnentes</strong></span> <span class='ocrx_word' id='word_1_359' title='bbox 604 3946 966 4025; x_wconf 89' lang='lat' dir='ltr'><strong>praecepta</strong></span> <span class='ocrx_word' id='word_1_360' title='bbox 998 3955 1173 4017; x_wconf 87' lang='lat' dir='ltr'><strong>mea,</strong></span> <span class='ocrx_word' id='word_1_361' title='bbox 1216 3956 1376 4005; x_wconf 86' lang='lat' dir='ltr'><strong>curn</strong></span> <span class='ocrx_word' id='word_1_362' title='bbox 1410 3947 1642 4008; x_wconf 89' lang='lat' dir='ltr'><strong>essent</strong></span> <span class='ocrx_word' id='word_1_363' title='bbox 1672 3935 1830 4016; x_wconf 91' lang='lat' dir='ltr'><strong>mei,</strong></span> <span class='ocrx_word' id='word_1_364' title='bbox 1876 3934 2246 4006; x_wconf 84' lang='lat' dir='ltr'><strong>Christiani</strong></span> <span class='ocrx_word' id='word_1_365' title='bbox 2280 3935 2501 4006; x_wconf 85' lang='lat' dir='ltr'><strong>effecti</strong></span> <span class='ocrx_word' id='word_1_366' title='bbox 2534 3944 2720 4005; x_wconf 89' lang='lat' dir='ltr'><strong>sunt.</strong></span> 
     </span>
     <span class='ocr_line' id='line_1_42' title="bbox 173 4017 2727 4116; baseline 0.002 -28"><span class='ocrx_word' id='word_1_367' title='bbox 173 4017 404 4090; x_wconf 79' lang='lat' dir='ltr'><strong>Julius</strong></span> <span class='ocrx_word' id='word_1_368' title='bbox 465 4022 861 4113; x_wconf 74' lang='lat' dir='ltr'><strong>respondit:</strong></span> <span class='ocrx_word' id='word_1_369' title='bbox 913 4027 1167 4105; x_wconf 87' lang='lat' dir='ltr'><strong>Omnes</strong></span> <span class='ocrx_word' id='word_1_370' title='bbox 1233 4024 1636 4116; x_wconf 88' lang='lat' dir='ltr'><strong>principum</strong></span> <span class='ocrx_word' id='word_1_371' title='bbox 1695 4035 2247 4113; x_wconf 82' lang='lat' dir='ltr'><strong>contemptores,</strong></span> <span class='ocrx_word' id='word_1_372' title='bbox 2300 4022 2572 4094; x_wconf 90' lang='lat' dir='ltr'><strong>etiamsi</strong></span> <span class='ocrx_word' id='word_1_373' title='bbox 2621 4021 2727 4093; x_wconf 89' lang='lat' dir='ltr'><strong>illi</strong></span> 
     </span>
     <span class='ocr_line' id='line_1_43' title="bbox 171 4107 2727 4212; baseline 0.002 -35"><span class='ocrx_word' id='word_1_374' title='bbox 171 4107 434 4198; x_wconf 84' lang='lat' dir='ltr'><strong>injusta</strong></span> <span class='ocrx_word' id='word_1_375' title='bbox 481 4124 845 4212; x_wconf 86' lang='lat' dir='ltr'><strong>praecepta</strong></span> <span class='ocrx_word' id='word_1_376' title='bbox 893 4123 1329 4203; x_wconf 87' lang='lat' dir='ltr'><strong>proponant,</strong></span> <span class='ocrx_word' id='word_1_377' title='bbox 1375 4114 1790 4204; x_wconf 89' lang='lat' dir='ltr'><strong>puniuntur.</strong></span> <span class='ocrx_word' id='word_1_378' title='bbox 1843 4112 2066 4183; x_wconf 87' lang='lat' dir='ltr'><strong>Pietas</strong></span> <span class='ocrx_word' id='word_1_379' title='bbox 2110 4125 2339 4184; x_wconf 86' lang='lat' dir='ltr'><strong>autem</strong></span> <span class='ocrx_word' id='word_1_380' title='bbox 2389 4123 2617 4182; x_wconf 88' lang='lat' dir='ltr'><strong>vestra</strong></span> <span class='ocrx_word' id='word_1_381' title='bbox 2660 4122 2727 4182; x_wconf 83' lang='lat' dir='ltr'><strong>et</strong></span> 
     </span>
     <span class='ocr_line' id='line_1_44' title="bbox 169 4196 2721 4293; baseline 0.002 -26"><span class='ocrx_word' id='word_1_382' title='bbox 169 4196 568 4289; x_wconf 78' lang='lat' dir='ltr'><strong>prudentia,</strong></span> <span class='ocrx_word' id='word_1_383' title='bbox 611 4199 797 4288; x_wconf 91' lang='lat' dir='ltr'><strong>quod</strong></span> <span class='ocrx_word' id='word_1_384' title='bbox 829 4200 1100 4289; x_wconf 85' lang='lat' dir='ltr'><strong>justum</strong></span> <span class='ocrx_word' id='word_1_385' title='bbox 1150 4200 1304 4284; x_wconf 80' lang='lat' dir='ltr'><strong>fuit,</strong></span> <span class='ocrx_word' id='word_1_386' title='bbox 1341 4201 1730 4293; x_wconf 84' lang='lat' dir='ltr'><strong>imperavit,</strong></span> <span class='ocrx_word' id='word_1_387' title='bbox 1782 4213 1849 4272; x_wconf 87' lang='lat' dir='ltr'><strong>et</strong></span> <span class='ocrx_word' id='word_1_388' title='bbox 1895 4201 2071 4272; x_wconf 92' lang='lat' dir='ltr'><strong>illud</strong></span> <span class='ocrx_word' id='word_1_389' title='bbox 2106 4214 2251 4272; x_wconf 91' lang='lat' dir='ltr'><strong>erat</strong></span> <span class='ocrx_word' id='word_1_390' title='bbox 2295 4200 2721 4272; x_wconf 88' lang='lat' dir='ltr'><strong>faciendum.</strong></span> 
     </span>
     <span class='ocr_line' id='line_1_45' title="bbox 164 4288 2729 4382; baseline 0.001 -25"><span class='ocrx_word' id='word_1_391' title='bbox 164 4291 411 4374; x_wconf 84' lang='lat' dir='ltr'><strong>Itaque</strong></span> <span class='ocrx_word' id='word_1_392' title='bbox 438 4288 594 4358; x_wconf 91' lang='lat' dir='ltr'><strong>sine</strong></span> <span class='ocrx_word' id='word_1_393' title='bbox 628 4290 1103 4361; x_wconf 87' lang='lat' dir='ltr'><strong>retractatione</strong></span> <span class='ocrx_word' id='word_1_394' title='bbox 1143 4290 1528 4381; x_wconf 89' lang='lat' dir='ltr'><strong>puniantur</strong></span> <span class='ocrx_word' id='word_1_395' title='bbox 1558 4302 2089 4382; x_wconf 89' lang='lat' dir='ltr'><strong>contemptores.</strong></span> <span class='ocrx_word' id='word_1_396' title='bbox 2120 4290 2341 4362; x_wconf 83' lang='lat' dir='ltr'><strong>Jussit</strong></span> <span class='ocrx_word' id='word_1_397' title='bbox 2378 4312 2454 4361; x_wconf 92' lang='lat' dir='ltr'><strong>er</strong></span> <span class='ocrx_word' id='word_1_398' title='bbox 2503 4313 2542 4360; x_wconf 95' lang='lat' dir='ltr'><strong>o</strong></span> <span class='ocrx_word' id='word_1_399' title='bbox 2575 4289 2729 4360; x_wconf 90' lang='lat' dir='ltr'><strong>Dio-</strong></span> 
     </span>
     <span class='ocr_line' id='line_1_46' title="bbox 162 4375 2720 4472; baseline 0.001 -26"><span class='ocrx_word' id='word_1_400' title='bbox 162 4375 539 4459; x_wconf 89' lang='lat' dir='ltr'><strong>cletianus,</strong></span> <span class='ocrx_word' id='word_1_401' title='bbox 569 4382 653 4449; x_wconf 70' lang='lat' dir='ltr'><strong>&#39;ut</strong></span> <span class='ocrx_word' id='word_1_402' title='bbox 687 4378 916 4450; x_wconf 83' lang='lat' dir='ltr'><strong>Julius</strong></span> <span class='ocrx_word' id='word_1_403' title='bbox 946 4381 1243 4451; x_wconf 90' lang='lat' dir='ltr'><strong>mitteret</strong></span> <span class='ocrx_word' id='word_1_404' title='bbox 1277 4379 1553 4461; x_wconf 87' lang='lat' dir='ltr'><strong>milites,</strong></span> <span class='ocrx_word' id='word_1_405' title='bbox 1591 4380 1715 4469; x_wconf 88' lang='lat' dir='ltr'><strong>qui</strong></span> <span class='ocrx_word' id='word_1_406' title='bbox 1748 4400 1988 4451; x_wconf 88' lang='lat' dir='ltr'><strong>omnes</strong></span> <span class='ocrx_word' id='word_1_407' title='bbox 2035 4380 2451 4472; x_wconf 90' lang='lat' dir='ltr'><strong>comprehen</strong></span> <span class='ocrx_word' id='word_1_408' title='bbox 2505 4390 2720 4461; x_wconf 85' lang='lat' dir='ltr'><strong>erent,</strong></span> 
     </span>
    </p>
   </div>
   <div class='ocr_carea' id='block_1_5' title="bbox 224 4498 1617 4558">
    <p class='ocr_par' dir='ltr' id='par_1_8' title="bbox 224 4498 1617 4558">
     <span class='ocr_line' id='line_1_47' title="bbox 224 4498 1617 4558; baseline 0.003 -15"><span class='ocrx_word' id='word_1_409' title='bbox 224 4502 255 4530; x_wconf 78' lang='lat'><strong>⁸·</strong></span> <span class='ocrx_word' id='word_1_410' title='bbox 285 4498 356 4545; x_wconf 76' lang='lat' dir='ltr'><strong>Do</strong></span> <span class='ocrx_word' id='word_1_411' title='bbox 382 4511 440 4547; x_wconf 81' lang='lat' dir='ltr'><strong>eo</strong></span> <span class='ocrx_word' id='word_1_412' title='bbox 469 4500 714 4556; x_wconf 58' lang='grc' dir='ltr'><strong>κινῆται.</strong></span> <span class='ocrx_word' id='word_1_413' title='bbox 744 4515 791 4549; x_wconf 75' lang='lat' dir='ltr'><strong>xi</strong></span> <span class='ocrx_word' id='word_1_414' title='bbox 818 4506 926 4549; x_wconf 73' lang='lat' dir='ltr'><strong>Dec.</strong></span> <span class='ocrx_word' id='word_1_415' title='bbox 1102 4506 1159 4537; x_wconf 71' lang='lat'><strong>¹⁸¹·</strong></span> <span class='ocrx_word' id='word_1_416' title='bbox 1179 4507 1365 4550; x_wconf 68' lang='lat' dir='ltr'><strong>snam</strong></span> <span class='ocrx_word' id='word_1_417' title='bbox 1391 4514 1474 4549; x_wconf 76' lang='lat' dir='ltr'><strong>xvi</strong></span> <span class='ocrx_word' id='word_1_418' title='bbox 1498 4507 1617 4558; x_wconf 73' lang='lat' dir='ltr'><strong>Aug.</strong></span> 
     </span>
    </p>
   </div>
  </div>
 </body>
</html>
