3308 5004
597 367 726 432 5⁴2
1214 371 1294 432 bn
1342 384 1398 432 s.
1453 383 1786 433 ceumaco
1834 384 1977 432 Ana.
2030 382 2416 432 cunum..
2543 386 2551 394 ·
2739 365 2929 432 ΑΗΕ.
2978 366 3069 432 2⁰

512 469 923 540 sublimiora
970 491 1045 540 se
1088 468 1293 538 etiam
1345 489 1553 570 saepe
1599 468 1688 537 ad
1736 468 2210 559 insipientiam
2264 468 2398 538 sibi
2432 478 2805 539 scrutatus.
2840 468 3076 555 Siqui-

493 558 669 627 dem
718 558 804 627 de
852 570 1130 628 sanctae
1175 558 1529 627 Trinitatis
1576 558 1890 640 unitate,
1943 571 2009 629 et
2054 557 2141 626 de
2188 557 2573 628 divinitatis
2630 557 3077 648 simplicitate

512 668 651 716 non
703 647 1116 737 simpliciter
1149 646 1476 729 sentiens,
1516 668 1641 716 nec
1676 647 1972 717 fideliter
2003 646 2337 729 scribens,
2368 646 2738 738 discipulis
2774 648 2922 719 suis
2949 668 3078 736 pa-

491 758 638 806 ·nes
675 737 1100 826 proponebat
1127 736 1593 818 absconditoS‚
1635 734 1924 807 furtivas
1955 736 2369 828 propinabat
2403 757 2657 825 aquas:
2694 757 2823 806 nee
2846 735 3076 818 facile,

511 825 677 912 quid
732 838 1025 916 saperet,
1080 825 1296 895 immo
1343 838 1682 913 quantum
1735 825 2101 916 desiperet,
2156 826 2473 917 personis
2520 823 2940 895 authenticis
2972 823 3080 894 fa-

497 915 807 1071 }ebatur.
876 914 1189 984 Timebat
1241 915 1455 996 enim,
1518 913 1702 1003 quod
1757 915 1943 1006 apud
1999 917 2304 986 Senonas
2369 919 2643 985 Petrum
2707 913 2966 984 dixisse
3014 913 3085 984 ei

538 1016 783 1073 erunt:

909 1137 1082 1201 Tunc
1127 1144 1225 1200 tua
1269 1155 1366 1200 res
1408 1138 1638 1217 agitur,
1682 1135 1889 1218 paries
1920 1155 2064 1201 cum
2110 1140 2432 1219 proximus
2471 1137 2669 1203 ardet.

513 1270 897 1342 Novissime
941 1281 1200 1351 tamen,
1255 1291 1415 1339 cum
1457 1271 1602 1360 jam
1645 1269 1956 1340 fidelium
2000 1292 2210 1361 super
2243 1271 2369 1340 hoc
2405 1270 2849 1342 invalesceret
2878 1290 3083 1341 scan-

514 1361 780 1441 dalum,
816 1372 1153 1430 cresceret
1188 1381 1532 1439 murmur,
1577 1372 1861 1429 vocatus
1892 1360 1974 1428 ad
2022 1359 2329 1429 medium
2363 1372 2505 1430 est:
2541 1371 2608 1429 et
2648 1360 2905 1429 librum
2943 1373 3082 1430 tra·

515 1450 677 1518 dere
715 1450 985 1539 jussu5‚
1041 1449 1112 1516 in
1163 1469 1302 1535 quo
1353 1447 1824 1538 blasphemias
1856 1462 2276 1529 evomuerat,
2323 1469 2564 1540 graves
2602 1448 2908 1551 quidem,
2954 1448 3079 1518 sed

513 1538 882 1608 verborum
911 1537 1213 1625 quodam
1246 1536 1600 1607 involucro
1627 1537 2153 1628 circumseptas.
2195 1543 2269 1606 In
2299 1537 2595 1608 concilio
2622 1538 2859 1628 igitur,
2892 1537 3077 1626 quod

521 1629 588 1697 in
638 1627 809 1696 urbe
858 1627 1280 1697 Rhemorum
1331 1631 1516 1716 Papa
1563 1625 1981 1698 venerabilis
2039 1631 2139 1696 Eu
2192 1627 2394 1696 enius
2462 1626 2880 1709 celebravit,
2940 1627 3086 1718 egit

518 1716 840 1787 cominus
888 1716 1220 1786 adversus
1269 1714 1456 1784 hunc
1506 1715 1955 1786 Gillebertum
2007 1720 2135 1784 Ecc
2166 1716 2351 1786 esiae
2405 1727 2683 1786 sanctae
2730 1737 2859 1785 suo
2911 1728 3088 1785 tem·

519 1826 681 1897 pore
730 1805 1109 1895 singularis
1140 1802 1395 1873 athleta
1428 1805 1845 1885 Bernardus,
1887 1805 2114 1895 primo
2142 1804 2429 1892 quidem
2462 1816 2710 1886 totum,
2744 1804 2933 1893 quod
2966 1804 3087 1874 ille

516 1894 883 1963 verborum
936 1892 1494 1963 cavillationibus
1547 1894 1896 1963 occultare
1962 1894 2356 1975 nitebatur,
2426 1893 2758 1964 eliciens:
2827 1894 3089 1963 Deinde

517 2003 677 2052 vero
726 1995 864 2050 tam
916 1982 1062 2052 suis
1113 1982 1515 2062 ratiociniiS,
1577 2003 1788 2070 quam
1844 1994 2241 2053 sanctorum
2304 1983 2717 2053 testimoniis
2772 1983 3087 2052 biduana

519 2071 987 2161 disputatione
1036 2069 1493 2161 redarguens:
1547 2070 1999 2141 considerans
2065 2093 2231 2141 sane
2273 2071 2647 2141 nonnullos
2688 2092 2770 2141 ex
2811 2071 2921 2141 his
2959 2073 3086 2159 qui

521 2160 1026 2251 praesidebant,
1075 2159 1219 2247 jam
1271 2159 1552 2247 quidem
1604 2160 2230 2230 animadvertentes
2283 2160 2791 2250 blasphemiam
2843 2161 2913 2229 in
2956 2160 3082 2230 do-

520 2251 764 2330 ct'rina,
820 2249 1049 2318 adhuc
1098 2262 1478 2318 avertentes
1529 2261 1754 2318 tamen
1792 2250 2121 2337 injuriam
2160 2272 2199 2319 a
2240 2270 2573 2340 persona:
2612 2270 2949 2318 accensus
2983 2263 3088 2320 est

522 2338 689 2419 ze10‚
743 2351 810 2406 et
856 2338 1304 2408 domesticam
1335 2338 1468 2406 sibi
1503 2338 1877 2408 Ecclesiam
1915 2360 2225 2409 seorsum
2262 2350 2592 2408 convocat
2622 2337 3081 2409 Gallicanam.

522 2427 886 2496 Communi
937 2427 1235 2514 denique
1281 2425 1574 2496 consilio
1622 2449 1663 2496 a
1714 2428 2030 2519 patribus
2071 2427 2306 2496 decem
2343 2428 2886 2518 provinciarum,
2926 2427 3086 2497 aliis

522 2530 750 2585 autem
803 2516 1159 2607 Episcopis
1207 2528 1271 2585 et
1318 2518 1698 2587 Abbatibus
1749 2517 2095 2608 plurimis,
2151 2518 2453 2587 dictante
2509 2518 2650 2586 viro
2702 2517 2842 2597 Dei,
2891 2516 3089 2589 novis

522 2606 967 2695 dogmatibus
1016 2605 1395 2706 opponitur
1441 2605 1838 2695 symbolum
1894 2628 2176 2675 novum.
2224 2606 2344 2676 Cui
2378 2606 2581 2675 etiam
2627 2606 3091 2689 subscribun-

523 2708 637 2764 tur
683 2695 963 2764 nomina
1016 2693 1482 2784 singulorum,
1538 2706 1615 2764 ut
1662 2716 1900 2764 eorum
1951 2693 2270 2764 videlicet
2309 2695 2650 2775 omnium,
2692 2695 2876 2764 sicut
2914 2695 3091 2764 fides

523 2783 1152 2875 irreprehensibilis
1183 2838 1198 2863 ,
1254 2782 1353 2853 sic
1403 2782 2038 2873 irreprehensibilis
2085 2784 2274 2852 zelus
2324 2784 2730 2853 innotescat.
2803 2788 2905 2853 Ita
2967 2784 3092 2854 de-

523 2894 715 2941 mum
771 2873 1154 2963 Apostolico
1193 2870 1464 2961 judicio
1495 2884 1561 2941 et
1593 2872 2000 2942 auctoritate
2034 2872 2450 2942 universalis
2491 2871 2857 2954 Ecclesiae,
2898 2894 3090 2942 error

524 2961 642 3030 ille
689 2961 1106 3030 damnatur:
1161 2961 1546 3050 Episcopus
1587 2959 2024 3042 GillebertuS,
2071 2983 2154 3029 an
2189 2961 2410 3031 eidem
2449 2961 2879 3031 damnationi
2919 2983 3088 3030 con·

526 3051 800 3130 sentiat,
841 3050 1344 3119 interrooatur:
1382 3050 1845 3132 consentiens,
1888 3050 2302 3140 publiceque
2335 3049 2643 3120 refutans
2676 3073 2857 3138 quae
2889 3050 3085 3142 prius

528 3139 898 3226 scripserat
927 3150 993 3208 et
1022 3161 1061 3207 a
1114 3150 1504 3218 1rmaverat,
1544 3138 2050 3229 indulgentiam
2094 3140 2240 3230 ipse
2273 3140 2748 3227 consequitur:
2793 3140 3091 3209 maxime

526 3227 709 3313 quod
763 3228 849 3297 ab
899 3227 1099 3297 initio
1146 3238 1393 3297 cautus
1442 3226 1687 3297 fuisset
1733 3250 1813 3297 ea
1870 3228 2016 3319 lege
2064 3227 2378 3298 eamdem
2424 3228 2696 3319 ingredi
2749 3229 3095 3318 discepta-

529 3315 810 3396 tionem,
863 3328 941 3386 ut
987 3316 1414 3407 promitteret
1463 3317 1612 3385 sine
1661 3317 1807 3387 ulla
1855 3318 2317 3387 obstinatione
2376 3339 2524 3387 sese
2580 3317 3091 3409 proEcclesiac

530 3416 806 3474 sanctae
844 3405 1129 3474 arbitrio
1161 3416 1635 3474 correcturum
1674 3405 1888 3476 libere
1923 3429 2123 3475 suam
2160 3406 2585 3496 opinionem.

617 3495 653 3580 ξ
688 3496 824 3564 18.
879 3498 956 3562 In
994 3493 1309 3583 partibus
1347 3493 1703 3564 Tolosanis
1735 3495 2073 3565 Henricus
2111 3493 2425 3582 quidam,
2466 3495 2846 3565 monachus
2884 3492 3085 3579 olim,

530 3594 702 3651 tunc
730 3595 1042 3672 apostata
1075 3581 1278 3662 vilis,
1304 3583 1644 3672 pessimae
1678 3585 1878 3667 vitae,
1912 3584 2682 3675 perniciosissimaeque
2704 3583 3087 3666 doctrinae,

497 3672 760 3741 verbis
811 3670 1391 3760 persuasibilibus
1440 3673 1665 3764 gentis
1713 3673 1906 3743 illius
1952 3683 2410 3763 occupaverat
2465 3673 2831 3755 levitatem,
2889 3683 2957 3742 et
3012 3685 3099 3744 ut

528 3759 868 3851 praedixit
916 3760 1279 3849 Apostolus
1325 3761 1410 3831 de
1455 3761 1907 3849 quibusdam,
1964 3761 2035 3831 in
2075 3762 2117 3831 h
2175 3761 2428 3854 pocrisi
2470 3762 2762 3850 loquens
2802 3762 3098 3833 menda-

529 3850 715 3918 cium
765 3849 909 3939 (Em
957 3854 1018 3918 l.
1079 3852 1243 3919 Tim.
1297 3873 1386 3935 iv,
1438 3851 1532 3941 2),
1587 3852 1768 3922 fictis
1817 3850 2044 3920 verbis
2139 3873 2177 3920 e
2223 3852 2324 3921 eis
2376 3853 2880 3943 negotiabatur.
2935 3857 3102 3922 Erat

530 3951 759 4008 autem
809 3938 1028 4009 hostis
1077 3939 1419 4009 Ecclesiae
1469 3939 1903 4021 manifestus,
1962 3940 2412 4010 irreverenter
2445 3940 2944 4011 Ecclesiasticis
2977 3940 3100 4011 de·

528 4049 782 4118 rogans
818 4029 1269 4099 sacramentis
1301 4029 1558 4120 pariter
1589 4041 1654 4099 et
1690 4029 2054 4101 ministris.
2095 4035 2226 4101 Nec
2263 4030 2703 4101 mediocriter
2731 4031 2799 4098 in
2833 4051 2915 4099 ea
2939 4029 3099 4119 jam

530 4116 959 4207 malignitate
991 4116 1390 4207 profecerat.
1430 4118 1620 4188 Sicut
1654 4118 1840 4187 enim
1876 4118 1961 4188 de
1993 4140 2072 4188 eo
2106 4120 2418 4190 scribens
2456 4118 2872 4190 venerabilis
2903 4134 3102 4210 pater
3142 4143 3147 4147 ·

530 4204 613 4272 ad
647 4206 1030 4295 principem
1061 4207 1476 4288 tolosanum,
1524 4207 1705 4296 inter
1729 4219 2000 4300 caetera
2040 4207 2156 4277 ait:
2191 4231 2228 4275 «
2262 4209 2522 4279 Passim
2558 4207 3102 4280 inveniebantur

525 4291 671 4392 jam
708 4294 1059 4375 ecclesiae,
1103 4295 1250 4365 sine
1287 4296 1631 4385 plebibus,
1743 4295 1929 4367 lebes
1973 4297 2122 4366 sine
2162 4297 2659 4381 sacerdotibuS,
2705 4298 3101 4369 sacerdotes

533 4401 685 4450 stne
731 4381 963 4451 debita
1011 4386 1412 4466 reverentia,
1466 4387 1618 4456 sine
1719 4386 1932 4455 hristo
1981 4386 2281 4474 denique
2330 4386 2724 4473 Christian-i.
2776 4388 3101 4459 Parvulis

530 4466 1098 4552 christianorum,
1157 4473 1404 4544 Christi
1454 4475 1590 4545 vita
1638 4475 2256 4557 intercludebatur,
2298 4476 2468 4550 dum
2504 4475 2834 4568 baptismi
2869 4478 3103 4570 gratia
