3308 5004
189 338 380 404 AUG.
434 338 508 402 21
950 357 1028 403 m:
1069 357 1125 403 s.
1179 355 1528 404 mmucrsca
1575 357 1653 403 οε
1701 356 1988 405 camur
2531 342 2660 406 559

186 439 628 532 perfectionis
652 439 1044 530 exemplum
1067 440 1280 509 edidit
1308 440 1512 529 plane
1538 440 2058 510 admirandum.
2080 445 2307 523 Quum
2333 453 2563 511 autem
2599 464 2748 533 per·

181 530 431 599 sectius
464 529 694 598 adhuc
731 540 934 616 atque
961 529 1407 599 excellentius
1443 531 1889 599 meditaretur
1923 529 2096 598 vitae
2130 539 2375 617 genuS,
2413 531 2508 599 rei
2543 530 2749 600 fami-

185 619 384 689 liaris
417 619 688 688 sarcina
728 641 979 708 magna
1013 640 1092 687 ex
1126 632 1317 720 parte
1349 620 1683 708 deposita,
1727 617 1970 686 mundi
2005 617 2370 688 muliebris
2403 619 2747 707 quidquid
2824 629 2825 632 ’

188 720 336 778 erat
438 706 788 789 retiosum,
831 707 1076 797 partim
1124 730 1190 776 tn
1231 706 1536 777 levamen
1582 729 1992 807 pauperum,
2034 708 2281 796 partim
2319 708 2387 776 in
2424 724 2748 779 ornatum

190 810 377 886 temp
410 818 606 864 orum
660 797 1014 866 convertit.
1071 796 1165 864 Ad
1217 796 1682 886 redigendum
1720 819 1787 865 m
1822 797 2215 866 servitutem
2248 817 2526 887 corpus,
2566 798 2750 888 jeJu-

191 887 347 965 nia,
399 885 674 965 cilicia,
729 885 1001 974 vigilias
1051 885 1355 955 adhibet.
1411 891 1711 974 Tempus
1761 907 1966 954 omne
2018 884 2371 974 religionis
2422 887 2600 956 inter
2666 910 2747 957 ac

189 973 708 1046 misericordiae
754 974 980 1044 officia
1045 978 1362 1064 partitur.
1437 973 1884 1045 Demissionis
1953 996 2034 1043 ac
2100 975 2470 1062 patientiae
2528 997 2751 1063 neque

189 1064 294 1133 illi
341 1063 660 1142 occasi0,
720 1086 941 1151 neque
988 1064 1334 1132 occasioni
1384 1063 1537 1153 ipsa
1585 1063 1826 1132 defuit.
1882 1063 2024 1132 Dici
2077 1063 2184 1131 vix
2254 1074 2517 1153 potest,
2584 1076 2751 1151 quot

185 1167 623 1241 quantasque
670 1154 757 1223 ab
806 1151 1059 1221 ancilla
1107 1153 1404 1238 injurias
1457 1152 1835 1241 pertulerit.
1908 1157 2191 1221 Summa
2258 1166 2403 1221 erat
2462 1175 2749 1242 prorsus

182 1264 266 1312 ac
318 1263 489 1333 pene
540 1241 968 1311 incredibilis
1018 1242 1085 1310 in
1137 1242 1347 1311 altera
1397 1241 1860 1326 contumacia,
1903 1242 1972 1309 in
2007 1239 2216 1309 altera
2254 1241 2740 1312 mansuetudo.

182 1331 389 1403 Novis
439 1330 617 1399 inter
665 1330 831 1400 haec
878 1330 1127 1400 oblatis
1175 1353 1210 1398 a
1256 1343 1447 1419 patre
1485 1329 1747 1418 nuptiis
1784 1329 2345 1398 constantissime
2379 1331 2740 1410 recusatiS,

181 1433 263 1491 ut
314 1418 769 1514 propositum,
822 1441 960 1505 quo
1012 1431 1215 1488 totam
1271 1441 1343 1487 se
1380 1425 1508 1487 Deo
1543 1418 2092 1507 mancipaverat,
2129 1419 2349 1507 magis
2386 1419 2749 1508 magisque

179 1510 516 1589 firmaret,
576 1508 1041 1597 pulcherrimo
1089 1507 1396 1594 quidem,
1454 1507 1567 1576 sed
1623 1508 2007 1596 asperrimo
2045 1507 2346 1586 invento,
2394 1505 2751 1578 adorabile

177 1604 351 1667 Jesu
401 1618 649 1665 nomen
699 1596 1036 1666 candente
1084 1595 1262 1666 ferro
1314 1596 1569 1685 pectori
1620 1596 1998 1685 impressit.

273 1688 310 1774 ὅ
359 1689 443 1757 4.
497 1691 659 1754 Tam
710 1699 987 1754 strenue
1040 1686 1105 1754 in
1159 1697 1476 1774 suscepto
1523 1683 1960 1775 evangelicae
2010 1683 2453 1774 perfectionis
2504 1685 2748 1755 itinere

184 1773 652 1865 progredienti
701 1773 904 1843 datus
951 1788 1051 1844 est
1100 1773 1378 1842 tandem
1411 1829 1426 1856 ‚
1480 1795 1685 1861 quem
1738 1774 2091 1842 diuturnis
2139 1795 2179 1842 a
2236 1779 2363 1842 Deo
2420 1775 2743 1863 precibus

180 1865 621 1953 expetiverat,
677 1864 1234 1952 sapientissimus
1282 1863 1442 1932 item
1477 1876 1543 1932 et
1574 1863 2060 1933 sanctissimus
2099 1862 2567 1932 conscientiae
2602 1884 2748 1931 mo·

182 1954 483 2029 derator,
536 1967 814 2022 sanctus
865 1953 1268 2022 Franciscus
1317 1950 1645 2032 SalesiuS,
1702 1972 1906 2037 quem
1961 1964 2034 2020 ut
2087 1952 2392 2040 primum
2442 1952 2737 2041 aspexit,

189 2055 433 2110 mutuo
480 2062 625 2109 sese
657 2054 1120 2130 agnoverunt,
1172 2063 1390 2128 quum
1441 2052 1640 2110 antea
1689 2039 1774 2109 de
1823 2038 1994 2109 facie
2045 2062 2179 2109 non
2235 2053 2536 2110 nossent.
2582 2045 2747 2108 Pro-

188 2130 396 2198 bante
443 2129 665 2215 itaque
716 2143 898 2199 tanto
950 2130 1300 2220 magistrO,
1347 2143 1578 2199 votum
1624 2129 1796 2198 illud
1837 2129 2129 2198 maxime
2159 2128 2459 2198 arduum
2492 2128 2741 2210 edidit,

186 2240 462 2375 semper
508 2217 573 2286 id
622 2218 1040 2305 exequendi,
1096 2219 1278 2306 quod
1336 2218 1702 2310 perfectius
1750 2231 1954 2304 atque
2002 2219 2353 2305 acceptius
2407 2223 2535 2287 Deo
2583 2239 2739 2287 esse

190 2308 329 2376 inte
362 2305 617 2398 ligeret.
673 2313 899 2395 Neque
952 2329 1104 2376 vero
1157 2308 1390 2377 minus
1431 2308 1630 2376 firma
1660 2329 1838 2396 opus
1875 2317 2019 2374 erat
2052 2305 2454 2375 fortitudine
2488 2306 2741 2386 animi,

186 2408 264 2466 ut
310 2417 386 2464 ea
439 2397 789 2486 perficeret
835 2419 1011 2482 quae
1059 2396 1144 2464 de
1209 2398 1361 2465 novi
1413 2395 1691 2466 Ordinis
1755 2395 2158 2464 fundatione
2205 2417 2244 2463 a
2295 2395 2538 2463 Salesii
2594 2416 2745 2463 ma-

232 2485 462 2555 isterio
510 2485 867 2555 didicerat.
924 2484 1174 2554 Multae
1218 2487 1402 2556 enim
1445 2497 1510 2555 et
1542 2507 1782 2575 graves
1815 2482 2248 2574 superandae
2291 2483 2570 2553 fuerunt
2608 2482 2747 2552 dif-

181 2510 570 2645 ficultates:
623 2597 797 2660 quas
850 2575 1025 2643 inter
1072 2574 1356 2644 fortasse
1406 2575 1519 2643 illa
1589 2574 1932 2652 maxima,
2005 2573 2188 2660 quod
2260 2594 2478 2658 quum
2550 2571 2746 2645 filius

179 2678 394 2736 strato
449 2685 566 2753 per
602 2664 893 2751 januam
944 2685 1230 2753 corpore
1278 2663 1737 2732 intercludere
1784 2661 2049 2731 aditum
2104 2662 2307 2731 matri
2359 2674 2732 2740 tentasset,

181 2776 264 2822 ne
313 2752 695 2821 Annecium
749 2752 1158 2843 profectura,
1212 2774 1350 2839 quo
1400 2751 1736 2821 divinitus
1788 2751 2179 2827 vocabatur,
2235 2749 2443 2818 domo
2492 2749 2743 2849 pedem

174 2844 497 2921 efferret,
553 2854 831 2923 strenua
883 2841 1134 2911 mulier
1185 2841 1570 2930 recogitans
1630 2839 1799 2908 forte
1869 2838 2040 2907 illud
2106 2841 2552 2926 Hieronymi:
2668 2860 2745 2908 er

175 2931 525 3001 calcatum
625 2951 781 3020 erge
833 2942 1137 3020 patrem:
1194 2951 1404 3018 super
1453 2928 1677 2998 filium
1717 2928 2011 3008 transiit,
2054 2949 2257 3014 quom
2296 2927 2542 2996 eximie
2574 2950 2610 2996 c
2666 2949 2744 2996 a-

179 3041 336 3089 rum
393 3018 568 3088 habe
618 3031 707 3087 at.
763 3019 938 3101 Quid
990 3030 1219 3087 autem
1274 3019 1557 3086 incensa
1603 3017 1905 3086 charitas
1950 3018 2163 3106 possit
2201 3016 2467 3085 efficere
2507 3016 2745 3085 statim

176 3107 527 3199 apparuit.
586 3107 840 3176 Salesio
889 3108 1073 3176 enim
1129 3106 1310 3175 velut
1357 3106 1731 3175 architecto
1786 3106 2006 3194 prima
2050 3104 2217 3193 jecit
2283 3105 2743 3174 fundamenta

177 3196 460 3267 Ordinis
492 3197 1124 3266 sanctimonialium
1159 3218 1199 3263 a
1234 3195 1630 3264 visitatione
1666 3199 1907 3263 Beatae
1941 3195 2190 3263 Mariae
2225 3194 2527 3283 Virginis
2554 3214 2741 3263 nun-

178 3285 441 3375 cupati,
494 3306 725 3371 quem,
779 3287 1127 3354 obnitente
1157 3283 1409 3352 frustra
1441 3283 1857 3352 daemonum
1894 3296 1959 3351 et
1999 3304 2471 3372 perversorum
2511 3282 2743 3352 homi·

182 3397 348 3443 num
394 3373 658 3455 fraude,
699 3376 964 3444 tametsi
1009 3395 1143 3442 non
1181 3373 1329 3443 sine
1366 3373 1636 3463 magnis
1675 3372 2039 3441 exantlatis
2072 3371 2452 3460 laboribus,
2500 3371 2745 3441 multis

117 3488 122 3492 ·
180 3485 257 3534 ac
291 3462 585 3532 diversis
619 3464 690 3531 in
727 3462 893 3531 locis
928 3462 1019 3531 ita
1064 3462 1485 3563 propagavit,
1530 3473 1604 3530 ut
1634 3475 1933 3549 quatuor
1967 3482 2177 3550 supra
2215 3460 2565 3551 octoginta
2602 3482 2747 3530 mo·

184 3551 484 3622 nasteria
523 3552 745 3641 ipsius
775 3555 983 3641 opera
1016 3564 1080 3619 et
1114 3551 1343 3620 studio
1378 3550 1664 3621 fundata
1700 3563 2257 3620 numerarentur.

269 3643 306 3728 ξ
351 3644 445 3715 5.
499 3641 722 3730 Hujus
771 3653 999 3709 autem
1051 3640 1328 3710 Ordinis
1380 3640 1721 3709 institutio
1751 3694 1766 3721 ,
1823 3639 2090 3709 tametsi
2145 3638 2316 3708 nihil
2359 3659 2692 3729 asperum
2724 3692 2741 3718 ‚

188 3729 353 3798 nihil
408 3741 763 3799 austerum
819 3728 1249 3817 praeseferat,
1305 3727 1473 3798 dum
1509 3741 1735 3798 tamen
1776 3728 2133 3807 voluntati,
2169 3741 2375 3814 atque
2411 3726 2746 3797 humanis

186 3817 662 3889 affectionibus
711 3817 881 3886 nihil
932 3817 1341 3905 quidquam,
1395 3818 1580 3905 quod
1633 3817 1909 3887 libitum
1962 3817 2185 3897 fuerit,
2242 3815 2584 3905 indulget,
2643 3836 2749 3882 re-

175 3912 477 3994 'rumque
525 3908 838 3977 omniurn
889 3907 1419 3985 abdicationem,
1457 3922 1522 3976 et
1551 3905 2021 3976 omnimodam
2060 3905 2170 3974 sui
2204 3905 2746 3993 abnegationem

193 3989 442 4065 fortiter
490 3996 700 4065 simul
750 4009 814 4065 et
863 3996 1163 4066 suaviter
1212 3997 1585 4086 praecipit;
1639 3994 1724 4063 ad
1780 3994 2266 4084 perfectionem
2339 4015 2688 4062 summam
2720 4046 2735 4073 ,

192 4085 795 4165 quemadmodum,
849 4090 980 4154 Deo
1032 4087 1533 4155 incrementum
1584 4084 1829 4161 dante,
1883 4083 1969 4151 ad
2033 4082 2215 4151 hanc
2271 4103 2492 4169 usque
2555 4081 2745 4150 diem

197 4187 326 4265 non
359 4175 521 4246 sine
569 4174 783 4243 animi
837 4174 1509 4264 nostrijucunditate
1540 4172 2040 4262 conspicimuS,
2085 4171 2262 4240 mira
2293 4170 2594 4258 quadam
2639 4193 2742 4238 ra·

200 4265 371 4325 tione
422 4263 753 4351 perducit.
797 4269 1012 4333 Jussu
1045 4276 1392 4353 praeterea
1426 4263 1922 4351 Episcoporum
1958 4259 2096 4330 alia
2132 4282 2267 4328 non
2313 4261 2420 4330 sui
2463 4260 2743 4329 Ordinis

199 4353 601 4420 monasteria
641 4354 945 4434 visitans,
990 4352 1326 4422 labentem
1372 4353 1439 4419 in
1490 4352 1574 4419 iis
1606 4350 2049 4440 disciplinam
2096 4349 2411 4419 restituit.
2464 4350 2581 4417 Ubi
2617 4371 2744 4418 au-

202 4443 333 4502 tem
384 4460 701 4526 praesens
754 4464 912 4512 voce
962 4464 1096 4512 non
1153 4452 1455 4532 poterat,
1513 4462 1632 4531 per
1685 4440 1958 4521 literas,
2027 4461 2205 4528 quae
2269 4452 2499 4509 extant
2570 4440 2740 4507 bene
