3308 5004
158 323 345 390 AUG.
399 322 488 388 20
854 340 933 386 nn
979 339 1034 387 s.
1090 338 1424 387 BmAnoo
1467 339 1610 386 Aac.
1665 337 2048 387 cLAnAvALL.
2504 321 2671 386 555·

159 425 340 495 nulli
388 423 594 494 hodie
642 422 710 491 in
763 423 1049 493 scientia
1098 423 1453 493 credimus
1499 444 1650 493 esse
1698 425 2140 495 secundum?
2180 425 2271 496 Ad
2308 443 2517 512 quem
2572 444 2721 492 san·

159 528 377 585 ctus:.
413 512 636 593 Nulla,
691 512 809 594 ait,
863 512 976 581 hic
1026 512 1337 593 scientia,
1395 512 1587 581 nulla
1623 512 1762 582 veri
1796 515 2135 604 cognitio:
2183 536 2462 587 sursum
2500 511 2722 581 scien-

163 605 296 674 tiae
350 600 730 693 plenitudo,
784 623 1067 671 sursum
1120 601 1361 670 notitia
1411 602 1736 672 veritatis.
1791 607 1867 671 Et
1915 604 1987 672 in
2041 604 2168 674 boc
2216 604 2422 673 >verbo
2481 600 2722 670 dimit·

162 704 316 762 tens
383 712 591 771 eum,
659 689 729 758 in
808 701 1109 759 montem
1179 690 1595 761 altissimum
1658 690 1875 760 subiit
1927 715 2161 761 coram
2214 693 2358 761 illo.
2414 695 2722 777 Cumque

164 781 549 851 intueretur
593 791 870 849 euntem
925 778 1149 858 illum,
1199 778 1718 869 expergefaetus
1769 793 1893 858 est,
1944 793 2012 851 et
2063 782 2378 870 protinus
2418 780 2723 848 occurrit

165 871 228 940 ei
275 870 558 939 verbum
613 867 811 948 illud,
865 867 1046 954 quod
1093 867 1180 937 ad
1235 871 1564 937 loannem
1619 866 1788 937 olim
1839 869 1923 939 de
1974 870 2163 940 coelo
2220 869 2488 939 sonuit:
2530 870 2726 937 Beati

167 961 435 1039 mortui,
490 960 611 1048 qui
657 958 727 1026 in
774 956 1056 1026 Domino
1103 959 1485 1026 moriuntur
1528 957 1764 1046 (Apoc.
1815 958 1975 1047 xiv).
2041 965 2121 1029 Ut
2177 981 2340 1048 ergo
2384 979 2585 1027 mane
2619 955 2720 1026 lo-

166 1062 370 1117 cutus
416 1059 518 1116 est
567 1045 808 1115 Abbati
864 1067 989 1114 suo
1035 1058 1100 1114 et
1148 1044 1478 1114 fratribus
1508 1100 1524 1126 ,
1584 1056 1845 1133 patrem
1896 1062 2215 1117 sanctum
2269 1069 2349 1117 ex
2402 1047 2531 1116 bac
2584 1046 2722 1115 vita

165 1137 504 1226 migrasse
548 1135 843 1204 dicebat.
900 1139 977 1202 Et
1031 1147 1344 1203 notantes
1397 1135 1620 1214 diem,
1673 1157 1753 1203 ac
1805 1135 2210 1227 diligentius
2265 1136 2712 1222 inquirenteS,

166 1239 242 1295 ut
289 1225 675 1303 audierant,
734 1224 1169 1292 invenerunt.
1231 1228 1418 1313 Euge
1474 1237 1664 1311 pater
1711 1237 1968 1304 sancte,
2020 1226 2140 1314 qui
2176 1225 2614 1293 ascensiones
2647 1223 2715 1291 in

169 1313 374 1385 corde
418 1312 824 1403 disposuisti
871 1312 941 1380 in
989 1311 1163 1380 valle
1205 1310 2022 1400 lacrymarum‚.seliciter
2046 1317 2191 1402 jam
2229 1313 2600 1383 ascendisti
2638 1311 2723 1380 de

172 1401 545 1472 Claravalle
595 1401 661 1469 in
716 1414 1015 1469 montem
1065 1401 1346 1480 Libani,
1409 1412 1710 1469 montem
1755 1402 2287 1481 candidationiS,
2347 1400 2720 1492 plenitudi-

170 1513 326 1561 nem
380 1490 580 1569 lucis,
639 1489 1120 1559 celsitudinem
1183 1489 1538 1558 claritatis.
1598 1495 1934 1561 Innocens
1991 1493 2317 1560 manibus
2354 1504 2420 1560 et
2463 1490 2723 1559 mundo

168 1580 396 1659 corde,
448 1577 824 1650 ascendisti
872 1579 939 1646 in
997 1590 1293 1648 montem
1351 1579 1645 1657 Domini,
1700 1579 1786 1648 ad
1841 1579 2117 1649 divitias
2147 1582 2416 1661 salutiS,
2457 1578 2540 1648 ad
2579 1580 2723 1648 the-

168 1691 412 1739 sauros
461 1667 841 1758 sapientiae
892 1680 955 1736 et
1008 1668 1335 1737 scientiae
1390 1668 1784 1756 pervenisti,
1843 1669 1962 1738 ubi
2008 1691 2177 1758 pure
2209 1691 2454 1770 puram
2490 1668 2724 1738 videas

171 1759 545 1837 veritatem,
598 1756 720 1824 ubi
767 1777 956 1825 unus
1009 1757 1129 1825 tibi
1182 1779 1340 1825 cum
1385 1757 1714 1826 omnibus
1756 1759 2013 1827 sanctis
2047 1771 2372 1848 magister
2402 1770 2503 1827 est
2537 1758 2723 1827 Chri-

175 1862 349 1927 stus,
403 1846 524 1916 ubl
576 1867 815 1914 omnes
845 1845 990 1928 jam
1028 1844 1361 1914 docibiles
1395 1845 1530 1913 Dei.
1564 1846 1782 1914 Trahe
1810 1869 1933 1915 nos
1965 1861 2114 1936 post
2146 1861 2229 1928 te,
2262 1868 2718 1933 quaesumuS,

168 1951 233 2005 et
279 1935 364 2004 de
415 1946 644 2003 monte
690 1933 955 2002 excelso
1010 1933 1546 2003 misericorditer
1589 1935 1853 2025 respice
1905 1935 2148 2004 vallem
2209 1950 2422 2004 tuam.
2483 1935 2726 2004 Adesto

176 2023 675 2103 laborantibUS,
731 2023 1021 2092 subveni
1073 2022 1645 2111 periclitantibus,
1706 2046 1989 2093 manum
2046 2025 2317 2114 porrige
2365 2024 2731 2094 ascenden-

176 2114 384 2182 tibus.
443 2117 562 2180 Dat
612 2111 938 2180 fiduciam
993 2122 1107 2180 tua
1161 2112 1359 2180 nobis
1413 2112 1498 2179 ab
1561 2112 1726 2181 oli‘m
1795 2127 2113 2202 experta,
2187 2136 2311 2181 uec
2378 2113 2725 2181 exinanita

177 2201 406 2281 mod0‚
459 2200 576 2270 sed
627 2200 932 2290 amplius
982 2199 1336 2269 cumulata
1385 2200 1813 2289 benignitas:
1862 2202 2242 2287 quinetiam
2283 2202 2476 2278 visio,
2516 2223 2725 2287 quam

178 2290 678 2369 subnectimus,
733 2289 819 2358 ab
866 2287 1106 2357 eadem
1158 2303 1391 2358 nostra
1447 2291 2002 2379 praesumptione
2055 2312 2189 2359 non
2241 2289 2607 2379 discrepat.

265 2382 301 2466 ἓ
352 2383 492 2449 27.
548 2378 860 2448 Proxima
911 2390 1105 2446 nocte
1157 2393 1517 2465 postquam
1570 2401 1845 2446 sacrum
1898 2400 2153 2467 corpus
2205 2379 2357 2477 ejus
2412 2377 2726 2466 sepultu-

176 2489 288 2537 rae
339 2467 664 2537 traditum
719 2465 961 2546 fuerat,
1013 2481 1343 2553 quantam
1396 2466 1627 2536 adbuc
1681 2488 1800 2557 pro
1853 2467 2017 2536 filiis
2068 2466 2583 2537 solicttudinem
2625 2488 2727 2556 ge-

177 2571 349 2625 reret
398 2570 591 2646 pater
640 2567 946 2635 sanctus,
999 2569 1062 2623 et
1110 2555 1456 2642 quomodo
1511 2579 1699 2636 suos,
1750 2578 1924 2642 quos
1960 2557 2028 2624 in
2074 2555 2337 2625 mundo
2370 2556 2724 2635 dilexerat,

175 2646 241 2713 in
297 2646 502 2715 finem
553 2666 827 2732 quoquc
875 2644 1212 2733 diligeret,
1274 2644 1624 2713 evidenter
1675 2644 2009 2714 ostendit:
2055 2650 2408 2735 Apparens
2443 2644 2727 2713 cuidam

170 2735 365 2803 fratri
418 2735 483 2802 in
535 2733 750 2803 multa
803 2731 1045 2823 gloria,
1103 2747 1168 2801 et
1218 2733 1485 2823 fulgore
1538 2756 1789 2822 magno
1831 2734 2035 2803 vestis
2088 2750 2151 2802 et
2194 2733 2466 2803 vultus:
2503 2746 2568 2802 et
2610 2732 2731 2800 de-

173 2822 590 2891 siderantem
627 2836 870 2891 ‹tenere
917 2822 1052 2891 cito
1109 2823 1620 2911 pertransiens,
1688 2823 1955 2911 ajebat,
2017 2822 2183 2909 quia
2294 2843 2363 2890 ro
2420 2820 2726 2909 quodam

171 2910 379 2980 fratre
429 2911 728 2999 simplici
779 2911 954 2980 veni.
1009 2911 1390 2979 Audierunt
1441 2911 1567 2979 hoc
1617 2910 1880 2992 fratreS,
1938 2925 2023 2981 et.
2068 2844 2543 2979 mirabantur:
2608 2909 2728 2979 sed

170 3002 356 3069 circa
404 2999 641 3067 horam
693 2999 826 3068 diei
879 3000 1146 3068 tertiam
1198 3000 1444 3067 veritas
1499 3002 1943 3088 comprobata
1991 3013 2092 3069 est
2126 2999 2432 3068 visionis.
2475 2998 2730 3067 Defun-

170 3105 324 3159 ctus
373 3101 472 3156 est
519 3088 703 3156 enim
763 3089 1048 3174 quidam
1101 3087 1474 3157 laudabilis
1522 3088 1900 3158 admodum
1948 3087 2417 3178 simplicitatis
2473 3087 2726 3166 frater,

173 3192 239 3246 et
288 3178 469 3245 sicut
515 3177 799 3245 omnino
846 3176 1174 3246 credibile
1224 3188 1362 3257 est,
1408 3177 1716 3246 animam
1766 3178 2152 3267 ejustanto
2202 3177 2379 3248 duce
2428 3176 2726 3252 felicem.

172 3266 295 3351 qui
350 3286 470 3354 pro
514 3287 594 3333 eo
643 3266 875 3335 venire
919 3288 991 3333 se
1039 3265 1325 3342 dixerat,
1381 3288 1615 3335 secum
1676 3266 1852 3335 tulit.
1901 3266 2149 3335 Paucis
2180 3288 2456 3353 quoque
2496 3266 2732 3356 exple-

175 3356 260 3426 tis
309 3354 581 3434 diebus,
634 3353 828 3422 alteri
878 3354 1157 3423 cuidam
1205 3352 1398 3422 fratri
1451 3355 1818 3445 magnifice
1849 3355 2016 3426 satis
2068 3377 2437 3444 apparens,
2499 3369 2565 3424 et
2616 3376 2729 3423 ar-

173 3465 396 3532 guens
445 3445 532 3522 de
578 3465 704 3511 suo
763 3464 885 3510 nos
930 3441 1237 3512 doluisse
1285 3442 1597 3523 decessu,
1662 3458 1807 3525 post
1868 3446 2071 3513 verba
2123 3445 2379 3513 multae
2410 3443 2731 3513 consola·

176 3532 383 3601 tionis
417 3544 481 3600 et
511 3531 1038 3621 promissionem
1075 3530 1417 3601 felicitatis
1465 3547 1781 3602 aeternae
1830 3533 1899 3601 in
1950 3555 2076 3602 sua
2132 3533 2732 3620 perseverantibus

174 3620 563 3691 obedientia
611 3634 675 3689 et
723 3619 1071 3694 doctrina:
1125 3625 1267 3690 Hoc
1316 3622 1521 3691 etiam
1577 3622 1770 3701 scito,
1833 3622 1952 3701 ait,
2005 3635 2072 3690 et
2119 3622 2328 3692 dicito
2372 3621 2727 3699 fratribuS,

174 3709 546 3797 cujusdam
575 3731 724 3789 vere
751 3709 967 3777 sancti
997 3711 1414 3797 corpus‚·cuj
1430 3733 1506 3778 us
1534 3725 1596 3778 et
1621 3734 1747 3801 ego
1777 3724 2027 3779 vestem
2061 3710 2301 3790 babeo,
2344 3711 2409 3777 in
2437 3710 2736 3778 oratorio

177 3821 328 3868 esse
363 3797 737 3887 sepultum.
784 3797 1054 3866 Dicebat
1087 3811 1315 3866 autem
1355 3800 1769 3889 Episcopum
1806 3797 2239 3867 Malachiam.
2282 3799 2511 3889 Ipsius
2547 3799 2736 3866 enim

182 3887 512 3967 tunicam,
570 3887 638 3956 in
690 3909 821 3973 qua
876 3899 1159 3956 sanctus
1208 3886 1321 3955 ille
1372 3887 1660 3957 feliciter
1707 3887 2145 3965 obdormivit,
2216 3886 2303 3955 ad
2366 3887 2734 3955 Missarum

181 3976 313 4044 sibi
356 3991 734 4045 servaverat
783 3975 1337 4054 celebrationem,
1392 3990 1455 4046 et
1508 3977 1908 4059 morituruS,
1968 3977 2033 4043 in
2093 3997 2171 4044 ea
2231 3997 2379 4046 sese
2431 3975 2741 4061 jusserat

179 4064 477 4151 sepeliri,
533 4065 713 4133 sicut
759 4079 823 4133 et
871 4079 1185 4132 sanctum
1243 4064 1438 4133 illum
1493 4065 1559 4133 in
1600 4088 1723 4135 sua
1759 4062 2118 4154 sepelierat
2160 4079 2365 4132 veste.
2404 4063 2597 4146 Quod
2638 4077 2737 4132 ta·
2841 4134 2851 4151 ,

183 4174 339 4220 men
385 4155 672 4252 ‘verbum
723 4167 786 4223 et
837 4153 971 4242 ipsi
1019 4152 1235 4231 fratri,
1290 4166 1355 4222 et
1392 4154 1876 4244 compluribus
1915 4152 2095 4232 aliis,
2145 4175 2366 4240 usque
2405 4153 2490 4223 ad
2538 4151 2739 4222 visio·

183 4263 338 4309 nem
380 4256 604 4322 istam,
657 4264 935 4332 prorsus
971 4257 1114 4311 erat
1148 4243 1488 4331 ignotum.

270 4331 303 4414 ἓ
340 4334 477 4401 28.
527 4331 706 4405 Felix
743 4330 1063 4420 pontifex,
1107 4332 1306 4487 cquus
1348 4331 1584 4398 merita
1628 4344 1820 4419 pater
1855 4344 2136 4400 sanctus
2177 4343 2242 4399 et
2278 4330 2511 4400 vivens
2544 4351 2742 4420 prae-

176 4418 545 4500 dicaverat,
586 4434 648 4488 et
683 4420 1074 4500 defunctu5‚
1115 4419 1175 4488 se
1212 4420 1272 4488 ix
1315 4420 1638 4499 charitas,
1689 4442 1865 4506 quae
1908 4419 1976 4488 in
2016 4431 2230 4489 morte
2268 4442 2404 4489 non
2440 4418 2734 4488 excidit:
