3308 5004
153 281 347 349 mo.
402 282 486 348 27
2490 287 2606 370 eu

1104 476 1762 561 MARTYRmM

843 704 980 805 ss,
1078 670 1489 806 Gronau
1586 703 2030 820 numm,
2283 754 2292 765 -

320 880 776 1034 masur.
842 880 1263 999 micis,
1333 880 1853 983 NATALtAE
1919 880 2041 982 Er
2112 880 2575 983 muoso:

230 1144 274 1191 A
321 1144 377 1191 S.
431 1141 699 1191 nummo
746 1140 961 1190 anm!
1007 1140 1547 1191 cournnronumo
1593 1141 1722 1192 NON
1769 1141 1960 1190 bunut
2008 1142 2154 1190 1⁷11)ss
2200 1141 2630 1191 consculptum

520 1339 702 1398 Med.
735 1339 1009 1397 saeculo
1038 1339 1158 1398 IX.
1208 1291 1285 1378 L·
1326 1337 1570 1408 Georg.
1614 1339 1911 1397 Palaest.
1954 1339 2100 1396 Bel.
2149 1338 2347 1409 Hisp.

251 1542 291 1628 ς
340 1546 415 1613 1.
473 1538 624 1610 Fuit
664 1538 944 1628 juvenis
989 1537 1273 1626 quidam
1324 1538 1457 1608 sub
1491 1543 1583 1609 Re
1633 1560 1672 1609 e
1703 1537 2069 1609 Abdirama
2099 1539 2285 1629 apud
2323 1540 2711 1610 Cordubam

159 1627 545 1730 Hispaniae
591 1628 961 1708 civitatem,
1014 1626 1365 1698 natalibus
1410 1637 1477 1697 et
1522 1649 1594 1697 re
1644 1650 1731 1698 us
1780 1627 2120 1719 plurimos
2167 1626 2606 1700 antecellens.
2644 1633 2715 1700 Is

160 1719 238 1788 in
287 1714 578 1786 infantia
627 1728 845 1787 matre
893 1715 1280 1787 Christiana
1323 1726 1390 1786 et
1439 1728 1629 1808 patre
1661 1715 1900 1809 gentili
1940 1717 2249 1799 orbatu5‚
2292 1716 2501 1787 tutela
2538 1716 2713 1786 ami-

164 1819 278 1877 tae
328 1827 496 1876 suae
546 1803 990 1876 fidelissimae
1037 1827 1258 1893 usque
1323 1805 1393 1875 in
1457 1804 1959 1878 adolescentiae
2020 1827 2243 1878 annos
2307 1804 2706 1886 fovebatur,

163 1894 684 1981 docebaturque
709 1894 1055 1964 Christum
1080 1915 1234 1963 vere
1259 1893 1536 1964 credere
1565 1898 1804 1975 Deum,
1844 1916 1968 1965 nec
2002 1895 2138 1964 nisi
2168 1895 2235 1964 in
2269 1894 2572 1965 Ecclesia
2601 1916 2715 1965 sa·-

165 1981 343 2054 lutis
383 1982 562 2052 viam
602 1993 667 2052 et
699 1982 828 2052 iter
861 1987 953 2053 Re
1008 1982 1079 2053 ni
1110 1981 1423 2054 coelestis
1460 2005 1660 2074 posse
1694 1983 2024 2075 reperiri.
2056 1989 2274 2067 Quam
2319 1981 2713 2053 doctrinam

166 2069 588 2141 venerabilis
638 2093 810 2162 puer
855 2071 950 2141 im
1008 2071 1234 2153 ibens,
1288 2070 1447 2142 licet
1491 2071 1780 2142 Arabica
1826 2070 2108 2142 demum
2157 2072 2586 2142 erudiendus
2633 2070 2717 2141 li·

167 2163 499 2240 teratura,
531 2160 781 2233 studiis
804 2159 1118 2229 affinium
1156 2159 1557 2242 traderetur,
1598 2174 1826 2231 tamen
1857 2159 2130 2230 affixam
2162 2159 2449 2230 coelitus
2477 2160 2717 2231 animo·

169 2248 337 2318 fidei
388 2263 662 2319 sanctae
710 2248 1020 2319 notitiam
1060 2247 1270 2329 ‚nulla
1317 2248 1636 2320 vanitatis
1685 2250 2015 2340 figmenta
2063 2261 2329 2318 mutare
2387 2262 2708 2339 potuere:

170 2335 293 2410 sed
340 2338 544 2408 corde
593 2359 866 2427 semper
912 2335 1512 2407 Christianismum
1566 2350 1910 2408 retentans
1941 2391 1956 2418 ‚
2009 2357 2168 2406 cum
2219 2337 2304 2406 ad
2356 2336 2572 2406 solam
2623 2336 2716 2405 ir-

167 2425 502 2497 risionem
545 2424 974 2495 meditationi
1010 2425 1474 2516 periturarum
1510 2426 1852 2497 insisteret
1884 2426 2264 2507 literarum,
2299 2446 2377 2495 eo
2412 2424 2717 2515 amplius

164 2516 238 2587 in
292 2536 600 2586 amorem
651 2514 1074 2586 Christianae
1123 2515 1282 2585 fidei
1330 2515 1837 2597 exardescebat,
1888 2536 2025 2602 quo
2069 2513 2402 2601 liquidius
2466 2514 2717 2584 delira-

164 2616 403 2675 menta
500 2603 755 2674 erversi
803 2604 1145 2696 dogmatis
1188 2607 1513 2695 probans,
1553 2604 1876 2675 subtilem
1912 2603 2328 2673 daemonum
2364 2601 2714 2673 fallaciam

160 2692 445 2765 adverte
498 2705 589 2762 at.
633 2697 712 2763 Et
749 2713 908 2763 cum
943 2715 1077 2763 non
1115 2705 1342 2784 posset
1423 2693 1649 2763 ublice
1685 2692 1845 2764 fidei
1881 2714 2044 2764 suae
2073 2691 2338 2761 cultum
2371 2713 2709 2773 exercere,

160 2794 235 2854 at
286 2793 516 2851 tamen
567 2781 824 2870 ubique
874 2782 990 2852 Dei
1037 2781 1372 2853 sacerdoti
1428 2804 1511 2852 us
1559 2803 1707 2853 sese
1754 2780 2272 2862 commendans,
2330 2802 2453 2872 pro
2501 2802 2574 2851 se
2606 2802 2719 2851 ar-

164 2869 456 2941 dentius
504 2871 686 2940 orari
737 2871 1080 2961 poscebat.

255 2960 296 3047 §
351 2964 439 3030 2.
494 2962 759 3029 Interea
805 2972 1130 3030 strenuus
1177 2957 1577 3029 adolescens
1625 2957 1871 3039 factm,
1924 2958 2196 3048 cogitur
2241 2958 2715 3028 adhortatione

217 3045 729 3137 ropinquorum
761 3104 777 3132 ,
847 3068 1234 3139 congruum
1288 3069 1455 3117 suae
1503 3047 1844 3117 nobilitati
1891 3046 2321 3117 connubium
2371 3060 2712 3137 appetere.

204 3148 416 3225 taque
462 3137 724 3207 crebris
773 3137 1096 3229 precibus
1144 3134 1433 3206 coeleste
1481 3158 1737 3206 numen
1788 3158 2034 3218 orans,
2090 3136 2357 3227 petebat
2422 3147 2497 3206 ut
2561 3135 2719 3206 talis

165 3226 306 3317 ipsi
358 3224 610 3313 conjux
657 3225 959 3306 daretur,
1015 3246 1193 3314 quae
1241 3236 1578 3296 secretum
1632 3224 1854 3316 ipsius
1885 3238 2110 3326 tegere
2143 3236 2394 3307 nosset,
2429 3223 2722 3295 faveret-

163 3336 304 3403 que
355 3325 583 3383 mente
628 3327 693 3384 et
738 3335 1024 3406 corpore
1070 3313 1321 3384 cultori
1371 3312 1631 3397 latenti.
1688 3318 1827 3385 Hac
1878 3314 2089 3405 igitur
2133 3312 2718 3405 contemplatione

166 3402 453 3474 tandem
483 3402 735 3493 reperit
764 3403 898 3474 sibi
932 3402 1217 3473 honesto
1250 3403 1560 3494 germine
1594 3402 1955 3494 virginem,
1997 3402 2308 3473 moribus
2342 3415 2715 3493 comptam,

169 3492 383 3563 rebus
431 3490 883 3582 locupletem:
934 3512 1111 3579 quae
1156 3515 1317 3562 cum
1361 3491 1734 3583 praecipuo
1772 3491 2150 3564 venustatis
2189 3490 2429 3561 habitu
2462 3490 2719 3562 extrin-

168 3603 376 3653 secus
423 3578 885 3661 decoraretur,
940 3581 1401 3671 praestantius
1450 3593 1676 3651 tamen
1719 3580 2139 3651 intrinsecus
2169 3578 2467 3671 spiritali
2505 3579 2721 3650 enite-

173 3669 291 3740 bat
338 3669 609 3740 decore.
662 3673 820 3740 Erat
866 3667 989 3739 illa
1037 3670 1439 3761 parentibus
1487 3669 1780 3761 paganis
1821 3669 2200 3761 progenita,
2243 3681 2309 3740 et
2340 3668 2568 3739 adhuc
2599 3689 2725 3738 cu·

178 3758 459 3828 nabulis
499 3758 885 3840 incubans,
988 3770 1132 3829 atre
1178 3759 1418 3829 orbata
1464 3769 1588 3830 est.
1660 3758 1828 3847 Ejus
1878 3770 2108 3828 autem
2175 3758 2470 3849 genitrix
2530 3756 2726 3827 alteri

181 3846 322 3933 viro
373 3847 636 3939 nupsit,
688 3847 811 3934 qui
857 3847 905 3917 fi
957 3870 1066 3917 em
1118 3847 1366 3919 Christi
1412 3847 1681 3919 occulte
1727 3846 2099 3918 retinebat:
2154 3846 2213 3916 is
2263 3869 2353 3917 ue
2407 3845 2727 3937 conjugis

178 3953 478 4006 errorem
531 3936 907 4038 corrigenS,
962 3936 1352 4028 privignam
1403 3936 1670 4008 Christo
1709 3937 2066 4026 assignare
2104 3948 2215 4006 stu
2270 3936 2395 4016 uit,
2437 3955 2729 4021 eamque

185 4040 266 4092 ex
309 4047 506 4095 sacro
536 4024 965 4117 ,baptismate
1011 4025 1344 4096 Nataliam
1396 4024 1790 4116 appellavit.
1844 4025 1984 4097 Etsi
2030 4036 2259 4095 autem
2305 4023 2579 4115 publice
2608 4021 2729 4093 ad·-

185 4109 639 4185 miscerentur
686 4114 1021 4206 paganis,
1074 4114 1383 4205 gestabat
1430 4126 1657 4185 tamen
1706 4126 1997 4203 uterque
2052 4113 2345 4184 firmiori
2396 4111 2639 4182 deince
2694 4131 2731 4182 s

187 4198 416 4274 animo
465 4203 895 4296 religionem.
948 4208 1139 4274 Hanc
1186 4224 1350 4295 ergo
1399 4202 1705 4294 puellam
1769 4214 2192 4273 memoratus
2242 4200 2521 4293 juvenis
2594 4201 2651 4270 si
2703 4199 2731 4271 i

184 4289 555 4383 conjugem
602 4293 867 4374 ascivit,
921 4290 1285 4384 completis
1332 4291 1765 4383 sponsalium
1800 4290 2057 4362 titulis:
2094 4291 2335 4380 sicque
2375 4289 2524 4382 pari
2562 4311 2732 4361 con-

184 4378 390 4449 sortio
443 4402 564 4471 per
608 4380 890 4471 aliquod
941 4393 1213 4474 tempus
1260 4380 1466 4451 fidem
1519 4379 1765 4450 Christi
1812 4379 1989 4451 clam
2041 4381 2568 4452 venerabantur.

346 4500 583 4559 surius
611 4532 627 4545 ·
663 4500 826 4561 Vitae
847 4499 958 4564 88.
984 4531 1007 4546 ·
1033 4497 1163 4563 Vol.
1192 4497 1350 4562 Vm.
2494 4500 2569 4559 41
