<?xml version="1.0" encoding="UTF-8"?>
<!DOCTYPE html PUBLIC "-//W3C//DTD XHTML 1.0 Transitional//EN"
    "http://www.w3.org/TR/xhtml1/DTD/xhtml1-transitional.dtd">
<html xmlns="http://www.w3.org/1999/xhtml" xml:lang="en" lang="en">
 <head>
  <title>
</title>
<meta http-equiv="Content-Type" content="text/html;charset=utf-8" />
  <meta name='ocr-system' content='tesseract 3.04.00' />
  <meta name='ocr-capabilities' content='ocr_page ocr_carea ocr_par ocr_line ocrx_word'/>
</head>
<body>
  <div class='ocr_page' id='page_1' title='image "./historiaeseuvit01lippgoog_0261.png"; bbox 0 0 3308 5004; ppageno 0'>
   <div class='ocr_carea' id='block_1_1' title="bbox 277 309 2730 380">
    <p class='ocr_par' dir='ltr' id='par_1_1' title="bbox 277 309 2730 380">
     <span class='ocr_line' id='line_1_1' title="bbox 277 309 2730 380; baseline 0.002 -4"><span class='ocrx_word' id='word_1_1' title='bbox 277 309 460 377; x_wconf 77' lang='lat' dir='ltr'>AUG.</span> <span class='ocrx_word' id='word_1_2' title='bbox 518 310 588 374; x_wconf 85' lang='grc' dir='ltr'>Η</span> <span class='ocrx_word' id='word_1_3' title='bbox 825 328 905 375; x_wconf 73' lang='lat' dir='ltr'>aa</span> <span class='ocrx_word' id='word_1_4' title='bbox 951 327 1008 376; x_wconf 89' lang='lat' dir='ltr'>s.</span> <span class='ocrx_word' id='word_1_5' title='bbox 1062 327 1352 377; x_wconf 59' lang='lat' dir='ltr'>susanna</span> <span class='ocrx_word' id='word_1_6' title='bbox 1398 328 1567 378; x_wconf 76' lang='lat' dir='ltr'>vrac.</span> <span class='ocrx_word' id='word_1_7' title='bbox 1620 329 1813 379; x_wconf 58' lang='lat' dir='ltr'>naar.</span> <span class='ocrx_word' id='word_1_8' title='bbox 1865 329 1992 380; x_wconf 68' lang='lat' dir='ltr'>cun</span> <span class='ocrx_word' id='word_1_9' title='bbox 2039 329 2241 379; x_wconf 85' lang='lat' dir='ltr'>socns</span> <span class='ocrx_word' id='word_1_10' title='bbox 2602 313 2730 380; x_wconf 66' lang='lat'>247</span> 
     </span>
    </p>
   </div>
   <div class='ocr_carea' id='block_1_2' title="bbox 262 411 2821 4501">
    <p class='ocr_par' dir='ltr' id='par_1_2' title="bbox 271 411 2821 1381">
     <span class='ocr_line' id='line_1_2' title="bbox 279 411 2814 506; baseline 0.002 -23"><span class='ocrx_word' id='word_1_11' title='bbox 279 411 722 485; x_wconf 82' lang='lat' dir='ltr'>famosissimi</span> <span class='ocrx_word' id='word_1_12' title='bbox 769 412 1108 484; x_wconf 89' lang='lat' dir='ltr'>senatoris</span> <span class='ocrx_word' id='word_1_13' title='bbox 1177 425 1244 484; x_wconf 89' lang='lat' dir='ltr'>et</span> <span class='ocrx_word' id='word_1_14' title='bbox 1316 414 1671 495; x_wconf 85' lang='lat' dir='ltr'>consulis,</span> <span class='ocrx_word' id='word_1_15' title='bbox 1738 415 1970 506; x_wconf 90' lang='lat' dir='ltr'>patrui</span> <span class='ocrx_word' id='word_1_16' title='bbox 2022 415 2239 486; x_wconf 84' lang='lat' dir='ltr'>nostri</span> <span class='ocrx_word' id='word_1_17' title='bbox 2294 428 2360 488; x_wconf 89' lang='lat' dir='ltr'>et</span> <span class='ocrx_word' id='word_1_18' title='bbox 2412 416 2814 488; x_wconf 80' lang='lat' dir='ltr'>consobrini</span> 
     </span>
     <span class='ocr_line' id='line_1_3' title="bbox 279 500 2815 594; baseline 0.001 -22"><span class='ocrx_word' id='word_1_19' title='bbox 279 501 565 592; x_wconf 79' lang='lat' dir='ltr'>Augusti</span> <span class='ocrx_word' id='word_1_20' title='bbox 611 500 877 571; x_wconf 87' lang='lat' dir='ltr'>domini</span> <span class='ocrx_word' id='word_1_21' title='bbox 927 501 1194 574; x_wconf 79' lang='lat' dir='ltr'>nostri?</span> <span class='ocrx_word' id='word_1_22' title='bbox 1228 525 1264 570; x_wconf 89' lang='lat'>»</span> <span class='ocrx_word' id='word_1_23' title='bbox 1296 502 1632 574; x_wconf 77' lang='lat' dir='ltr'>Gabinius</span> <span class='ocrx_word' id='word_1_24' title='bbox 1666 503 2058 594; x_wconf 89' lang='lat' dir='ltr'>respondit:</span> <span class='ocrx_word' id='word_1_25' title='bbox 2096 527 2133 571; x_wconf 78' lang='lat'>«</span> <span class='ocrx_word' id='word_1_26' title='bbox 2170 508 2269 575; x_wconf 90' lang='lat' dir='ltr'>Ita</span> <span class='ocrx_word' id='word_1_27' title='bbox 2301 515 2446 576; x_wconf 92' lang='lat' dir='ltr'>est:</span> <span class='ocrx_word' id='word_1_28' title='bbox 2483 515 2551 575; x_wconf 87' lang='lat' dir='ltr'>at</span> <span class='ocrx_word' id='word_1_29' title='bbox 2590 517 2815 578; x_wconf 86' lang='lat' dir='ltr'>tamen</span> 
     </span>
     <span class='ocr_line' id='line_1_4' title="bbox 276 589 2820 684; baseline 0 -23"><span class='ocrx_word' id='word_1_30' title='bbox 276 612 402 661; x_wconf 92' lang='lat' dir='ltr'>nos</span> <span class='ocrx_word' id='word_1_31' title='bbox 446 589 732 661; x_wconf 82' lang='lat' dir='ltr'>extremi</span> <span class='ocrx_word' id='word_1_32' title='bbox 780 590 890 662; x_wconf 91' lang='lat' dir='ltr'>his</span> <span class='ocrx_word' id='word_1_33' title='bbox 938 591 1366 682; x_wconf 82' lang='lat' dir='ltr'>temporibus</span> <span class='ocrx_word' id='word_1_34' title='bbox 1415 613 1551 662; x_wconf 92' lang='lat' dir='ltr'>non</span> <span class='ocrx_word' id='word_1_35' title='bbox 1600 613 1849 665; x_wconf 87' lang='lat' dir='ltr'>sumus</span> <span class='ocrx_word' id='word_1_36' title='bbox 1895 591 2092 684; x_wconf 83' lang='lat' dir='ltr'>digni</span> <span class='ocrx_word' id='word_1_37' title='bbox 2133 592 2301 664; x_wconf 89' lang='lat' dir='ltr'>tales</span> <span class='ocrx_word' id='word_1_38' title='bbox 2334 592 2500 663; x_wconf 88' lang='lat' dir='ltr'>dici.</span> <span class='ocrx_word' id='word_1_39' title='bbox 2546 615 2582 660; x_wconf 86' lang='lat'><strong>»</strong></span> <span class='ocrx_word' id='word_1_40' title='bbox 2620 591 2820 664; x_wconf 91' lang='lat' dir='ltr'>Clau-</span> 
     </span>
     <span class='ocr_line' id='line_1_5' title="bbox 271 679 2821 771; baseline 0.001 -21"><span class='ocrx_word' id='word_1_41' title='bbox 271 679 435 751; x_wconf 87' lang='lat' dir='ltr'>dius</span> <span class='ocrx_word' id='word_1_42' title='bbox 480 679 612 750; x_wconf 89' lang='lat' dir='ltr'>ait:</span> <span class='ocrx_word' id='word_1_43' title='bbox 657 701 694 747; x_wconf 86' lang='lat'><strong>«</strong></span> <span class='ocrx_word' id='word_1_44' title='bbox 728 683 977 750; x_wconf 83' lang='lat' dir='ltr'>Fruere</span> <span class='ocrx_word' id='word_1_45' title='bbox 1006 679 1284 750; x_wconf 89' lang='lat' dir='ltr'>natione</span> <span class='ocrx_word' id='word_1_46' title='bbox 1313 680 1677 752; x_wconf 89' lang='lat' dir='ltr'>communi</span> <span class='ocrx_word' id='word_1_47' title='bbox 1705 679 1997 753; x_wconf 87' lang='lat' dir='ltr'>consilio</span> <span class='ocrx_word' id='word_1_48' title='bbox 2026 681 2383 771; x_wconf 88' lang='lat' dir='ltr'>sapientis.</span> <span class='ocrx_word' id='word_1_49' title='bbox 2423 685 2569 751; x_wconf 84' lang='lat' dir='ltr'>Hoc</span> <span class='ocrx_word' id='word_1_50' title='bbox 2602 680 2821 771; x_wconf 83' lang='lat' dir='ltr'>igitur</span> 
     </span>
     <span class='ocr_line' id='line_1_6' title="bbox 277 768 2820 861; baseline 0.001 -23"><span class='ocrx_word' id='word_1_51' title='bbox 277 768 626 859; x_wconf 90' lang='lat' dir='ltr'>praecepit</span> <span class='ocrx_word' id='word_1_52' title='bbox 671 768 999 838; x_wconf 90' lang='lat' dir='ltr'>dominus</span> <span class='ocrx_word' id='word_1_53' title='bbox 1042 779 1109 838; x_wconf 87' lang='lat' dir='ltr'>et</span> <span class='ocrx_word' id='word_1_54' title='bbox 1205 770 1480 860; x_wconf 89' lang='lat' dir='ltr'>rinceps</span> <span class='ocrx_word' id='word_1_55' title='bbox 1527 780 1758 840; x_wconf 85' lang='lat' dir='ltr'>noster</span> <span class='ocrx_word' id='word_1_56' title='bbox 1809 768 2273 841; x_wconf 81' lang='lat' dir='ltr'>Diocletianus</span> <span class='ocrx_word' id='word_1_57' title='bbox 2327 774 2704 861; x_wconf 82' lang='lat' dir='ltr'>Augustus,</span> <span class='ocrx_word' id='word_1_58' title='bbox 2742 782 2820 841; x_wconf 92' lang='lat' dir='ltr'>ut</span> 
     </span>
     <span class='ocr_line' id='line_1_7' title="bbox 276 856 2817 949; baseline 0.001 -22"><span class='ocrx_word' id='word_1_59' title='bbox 276 856 491 928; x_wconf 85' lang='lat' dir='ltr'>filiam</span> <span class='ocrx_word' id='word_1_60' title='bbox 544 872 759 935; x_wconf 90' lang='lat' dir='ltr'>tuam,</span> <span class='ocrx_word' id='word_1_61' title='bbox 810 878 1016 946; x_wconf 90' lang='lat' dir='ltr'>quam</span> <span class='ocrx_word' id='word_1_62' title='bbox 1067 857 1140 928; x_wconf 94' lang='lat' dir='ltr'>di</span> <span class='ocrx_word' id='word_1_63' title='bbox 1195 857 1447 930; x_wconf 89' lang='lat' dir='ltr'>icimus</span> <span class='ocrx_word' id='word_1_64' title='bbox 1491 858 1685 928; x_wconf 90' lang='lat' dir='ltr'>omni</span> <span class='ocrx_word' id='word_1_65' title='bbox 1732 858 2072 949; x_wconf 68' lang='lat' dir='ltr'>sapientia</span> <span class='ocrx_word' id='word_1_66' title='bbox 2102 857 2475 939; x_wconf 89' lang='lat' dir='ltr'>eruditam,</span> <span class='ocrx_word' id='word_1_67' title='bbox 2511 857 2661 931; x_wconf 78' lang='lat' dir='ltr'>filio</span> <span class='ocrx_word' id='word_1_68' title='bbox 2690 881 2817 930; x_wconf 89' lang='lat' dir='ltr'>suo</span> 
     </span>
     <span class='ocr_line' id='line_1_8' title="bbox 279 946 2820 1037; baseline 0.001 -22"><span class='ocrx_word' id='word_1_69' title='bbox 279 946 691 1017; x_wconf 83' lang='lat' dir='ltr'>Maximiano</span> <span class='ocrx_word' id='word_1_70' title='bbox 722 952 1026 1036; x_wconf 79' lang='lat' dir='ltr'>Augusto</span> <span class='ocrx_word' id='word_1_71' title='bbox 1059 946 1475 1037; x_wconf 81' lang='lat' dir='ltr'>conjungas:</span> <span class='ocrx_word' id='word_1_72' title='bbox 1505 946 1775 1035; x_wconf 87' lang='lat' dir='ltr'>justum</span> <span class='ocrx_word' id='word_1_73' title='bbox 1803 958 1907 1019; x_wconf 89' lang='lat' dir='ltr'>est</span> <span class='ocrx_word' id='word_1_74' title='bbox 1938 946 2152 1026; x_wconf 92' lang='lat' dir='ltr'>enim,</span> <span class='ocrx_word' id='word_1_75' title='bbox 2184 959 2260 1017; x_wconf 89' lang='lat' dir='ltr'>ut</span> <span class='ocrx_word' id='word_1_76' title='bbox 2289 968 2328 1017; x_wconf 87' lang='lat' dir='ltr'>a</span> <span class='ocrx_word' id='word_1_77' title='bbox 2355 947 2554 1017; x_wconf 84' lang='lat' dir='ltr'>firma</span> <span class='ocrx_word' id='word_1_78' title='bbox 2589 946 2820 1018; x_wconf 88' lang='lat' dir='ltr'>radice</span> 
     </span>
     <span class='ocr_line' id='line_1_9' title="bbox 280 1033 2817 1126; baseline 0.002 -23"><span class='ocrx_word' id='word_1_79' title='bbox 280 1047 438 1105; x_wconf 91' lang='lat' dir='ltr'>nata</span> <span class='ocrx_word' id='word_1_80' title='bbox 483 1033 784 1126; x_wconf 83' lang='lat' dir='ltr'>virgulta</span> <span class='ocrx_word' id='word_1_81' title='bbox 831 1056 964 1105; x_wconf 93' lang='lat' dir='ltr'>non</span> <span class='ocrx_word' id='word_1_82' title='bbox 1018 1047 1461 1126; x_wconf 85' lang='lat' dir='ltr'>separentur:</span> <span class='ocrx_word' id='word_1_83' title='bbox 1512 1034 1696 1123; x_wconf 93' lang='lat' dir='ltr'>quod</span> <span class='ocrx_word' id='word_1_84' title='bbox 1737 1034 2018 1123; x_wconf 89' lang='lat' dir='ltr'>quidem</span> <span class='ocrx_word' id='word_1_85' title='bbox 2062 1035 2265 1105; x_wconf 89' lang='lat' dir='ltr'>etiam</span> <span class='ocrx_word' id='word_1_86' title='bbox 2304 1035 2374 1105; x_wconf 91' lang='lat' dir='ltr'>in</span> <span class='ocrx_word' id='word_1_87' title='bbox 2409 1036 2581 1107; x_wconf 89' lang='lat' dir='ltr'>votis</span> <span class='ocrx_word' id='word_1_88' title='bbox 2615 1035 2817 1108; x_wconf 92' lang='lat' dir='ltr'>nobis</span> 
     </span>
     <span class='ocr_line' id='line_1_10' title="bbox 272 1122 2817 1215; baseline 0 -22"><span class='ocrx_word' id='word_1_89' title='bbox 272 1145 424 1195; x_wconf 89' lang='lat' dir='ltr'>esse</span> <span class='ocrx_word' id='word_1_90' title='bbox 470 1122 781 1195; x_wconf 87' lang='lat' dir='ltr'>hilariter</span> <span class='ocrx_word' id='word_1_91' title='bbox 826 1145 1212 1213; x_wconf 80' lang='lat' dir='ltr'>speramus,</span> <span class='ocrx_word' id='word_1_92' title='bbox 1254 1147 1291 1192; x_wconf 86' lang='lat'>»</span> <span class='ocrx_word' id='word_1_93' title='bbox 1331 1124 1667 1195; x_wconf 86' lang='lat' dir='ltr'>Gabinius</span> <span class='ocrx_word' id='word_1_94' title='bbox 1701 1123 2057 1215; x_wconf 80' lang='lat' dir='ltr'>presbyter</span> <span class='ocrx_word' id='word_1_95' title='bbox 2095 1144 2204 1194; x_wconf 90' lang='lat' dir='ltr'>res</span> <span class='ocrx_word' id='word_1_96' title='bbox 2256 1124 2491 1195; x_wconf 91' lang='lat' dir='ltr'>ondit:</span> <span class='ocrx_word' id='word_1_97' title='bbox 2530 1148 2566 1193; x_wconf 88' lang='lat'><strong>«</strong></span> <span class='ocrx_word' id='word_1_98' title='bbox 2601 1123 2817 1196; x_wconf 89' lang='lat' dir='ltr'>Indu-</span> 
     </span>
     <span class='ocr_line' id='line_1_11' title="bbox 275 1211 2816 1304; baseline 0.001 -22"><span class='ocrx_word' id='word_1_99' title='bbox 275 1213 419 1283; x_wconf 88' lang='lat' dir='ltr'>cias</span> <span class='ocrx_word' id='word_1_100' title='bbox 470 1211 641 1282; x_wconf 92' lang='lat' dir='ltr'>mihi</span> <span class='ocrx_word' id='word_1_101' title='bbox 689 1211 889 1293; x_wconf 89' lang='lat' dir='ltr'>date,</span> <span class='ocrx_word' id='word_1_102' title='bbox 941 1224 1021 1283; x_wconf 91' lang='lat' dir='ltr'>ut</span> <span class='ocrx_word' id='word_1_103' title='bbox 1065 1212 1380 1284; x_wconf 89' lang='lat' dir='ltr'>animum</span> <span class='ocrx_word' id='word_1_104' title='bbox 1433 1212 1705 1304; x_wconf 90' lang='lat' dir='ltr'>puellae</span> <span class='ocrx_word' id='word_1_105' title='bbox 1748 1212 2081 1283; x_wconf 84' lang='lat' dir='ltr'>charitate</span> <span class='ocrx_word' id='word_1_106' title='bbox 2128 1213 2216 1283; x_wconf 95' lang='lat' dir='ltr'>ob</span> <span class='ocrx_word' id='word_1_107' title='bbox 2249 1213 2471 1304; x_wconf 82' lang='lat' dir='ltr'>igem;</span> <span class='ocrx_word' id='word_1_108' title='bbox 2531 1240 2562 1281; x_wconf 68' lang='grc' dir='ltr'><strong><em>ι</em></strong></span> <span class='ocrx_word' id='word_1_109' title='bbox 2611 1226 2816 1302; x_wconf 87' lang='lat' dir='ltr'>atque</span> 
     </span>
     <span class='ocr_line' id='line_1_12' title="bbox 276 1298 1772 1381; baseline -0.002 -9"><span class='ocrx_word' id='word_1_110' title='bbox 276 1301 394 1381; x_wconf 90' lang='lat' dir='ltr'>ita,</span> <span class='ocrx_word' id='word_1_111' title='bbox 447 1323 605 1371; x_wconf 89' lang='lat' dir='ltr'>cum</span> <span class='ocrx_word' id='word_1_112' title='bbox 643 1321 717 1373; x_wconf 89' lang='lat' dir='ltr'>se</span> <span class='ocrx_word' id='word_1_113' title='bbox 748 1298 1183 1381; x_wconf 88' lang='lat' dir='ltr'>salutassent,</span> <span class='ocrx_word' id='word_1_114' title='bbox 1223 1300 1603 1374; x_wconf 88' lang='lat' dir='ltr'>discessum</span> <span class='ocrx_word' id='word_1_115' title='bbox 1645 1313 1772 1373; x_wconf 88' lang='lat' dir='ltr'>est.</span> 
     </span>
    </p>

    <p class='ocr_par' dir='ltr' id='par_1_3' title="bbox 262 1388 2818 4146">
     <span class='ocr_line' id='line_1_13' title="bbox 362 1388 2807 1480; baseline -0 -18"><span class='ocrx_word' id='word_1_116' title='bbox 362 1392 402 1476; x_wconf 67' lang='grc' dir='ltr'>δ</span> <span class='ocrx_word' id='word_1_117' title='bbox 445 1394 541 1462; x_wconf 73' lang='lat'>8.</span> <span class='ocrx_word' id='word_1_118' title='bbox 593 1388 927 1460; x_wconf 87' lang='lat' dir='ltr'>Gabinius</span> <span class='ocrx_word' id='word_1_119' title='bbox 971 1401 1201 1460; x_wconf 90' lang='lat' dir='ltr'>autem</span> <span class='ocrx_word' id='word_1_120' title='bbox 1254 1390 1610 1480; x_wconf 89' lang='lat' dir='ltr'>presbyter</span> <span class='ocrx_word' id='word_1_121' title='bbox 1654 1390 1938 1463; x_wconf 84' lang='lat' dir='ltr'>veniens</span> <span class='ocrx_word' id='word_1_122' title='bbox 1984 1390 2070 1461; x_wconf 92' lang='lat' dir='ltr'>ad</span> <span class='ocrx_word' id='word_1_123' title='bbox 2122 1389 2335 1461; x_wconf 88' lang='lat' dir='ltr'>filiam</span> <span class='ocrx_word' id='word_1_124' title='bbox 2388 1395 2807 1473; x_wconf 79' lang='lat' dir='ltr'>Susannam,</span> 
     </span>
     <span class='ocr_line' id='line_1_14' title="bbox 278 1478 2807 1571; baseline -0 -22"><span class='ocrx_word' id='word_1_125' title='bbox 278 1478 449 1549; x_wconf 89' lang='lat' dir='ltr'>d-icit</span> <span class='ocrx_word' id='word_1_126' title='bbox 490 1478 597 1547; x_wconf 90' lang='lat' dir='ltr'>ei:</span> <span class='ocrx_word' id='word_1_127' title='bbox 651 1500 687 1545; x_wconf 88' lang='lat'><strong>«</strong></span> <span class='ocrx_word' id='word_1_128' title='bbox 725 1478 940 1569; x_wconf 91' lang='lat' dir='ltr'>Cupio</span> <span class='ocrx_word' id='word_1_129' title='bbox 988 1490 1053 1548; x_wconf 89' lang='lat' dir='ltr'>te</span> <span class='ocrx_word' id='word_1_130' title='bbox 1097 1478 1182 1548; x_wconf 92' lang='lat' dir='ltr'>ad</span> <span class='ocrx_word' id='word_1_131' title='bbox 1235 1492 1551 1550; x_wconf 90' lang='lat' dir='ltr'>sanctum</span> <span class='ocrx_word' id='word_1_132' title='bbox 1596 1493 1855 1571; x_wconf 90' lang='lat' dir='ltr'>patrem</span> <span class='ocrx_word' id='word_1_133' title='bbox 1913 1493 1980 1550; x_wconf 91' lang='lat' dir='ltr'>et</span> <span class='ocrx_word' id='word_1_134' title='bbox 2028 1501 2437 1569; x_wconf 82' lang='lat' dir='ltr'>germanum</span> <span class='ocrx_word' id='word_1_135' title='bbox 2474 1493 2807 1561; x_wconf 87' lang='lat' dir='ltr'>nostrum,</span> 
     </span>
     <span class='ocr_line' id='line_1_15' title="bbox 278 1566 2816 1659; baseline 0 -21"><span class='ocrx_word' id='word_1_136' title='bbox 278 1581 475 1638; x_wconf 90' lang='lat' dir='ltr'>tuum</span> <span class='ocrx_word' id='word_1_137' title='bbox 527 1579 878 1658; x_wconf 89' lang='lat' dir='ltr'>patruum,</span> <span class='ocrx_word' id='word_1_138' title='bbox 930 1568 1167 1657; x_wconf 89' lang='lat' dir='ltr'>Cajum</span> <span class='ocrx_word' id='word_1_139' title='bbox 1218 1567 1634 1658; x_wconf 88' lang='lat' dir='ltr'>Episcopum</span> <span class='ocrx_word' id='word_1_140' title='bbox 1686 1567 1996 1659; x_wconf 88' lang='lat' dir='ltr'>perduci,</span> <span class='ocrx_word' id='word_1_141' title='bbox 2031 1580 2108 1638; x_wconf 93' lang='lat' dir='ltr'>ut</span> <span class='ocrx_word' id='word_1_142' title='bbox 2143 1568 2327 1656; x_wconf 91' lang='lat' dir='ltr'>quod</span> <span class='ocrx_word' id='word_1_143' title='bbox 2365 1568 2487 1639; x_wconf 91' lang='lat' dir='ltr'>tibi</span> <span class='ocrx_word' id='word_1_144' title='bbox 2520 1566 2816 1639; x_wconf 89' lang='lat' dir='ltr'>contulit</span> 
     </span>
     <span class='ocr_line' id='line_1_16' title="bbox 276 1655 2813 1749; baseline 0 -23"><span class='ocrx_word' id='word_1_145' title='bbox 276 1656 577 1747; x_wconf 90' lang='lat' dir='ltr'>Spiritus</span> <span class='ocrx_word' id='word_1_146' title='bbox 624 1660 940 1738; x_wconf 77' lang='lat' dir='ltr'>SanctuS,</span> <span class='ocrx_word' id='word_1_147' title='bbox 995 1677 1128 1726; x_wconf 91' lang='lat' dir='ltr'>non</span> <span class='ocrx_word' id='word_1_148' title='bbox 1180 1655 1299 1726; x_wconf 85' lang='lat' dir='ltr'>fiat</span> <span class='ocrx_word' id='word_1_149' title='bbox 1344 1656 1620 1727; x_wconf 88' lang='lat' dir='ltr'>irritum</span> <span class='ocrx_word' id='word_1_150' title='bbox 1667 1669 1734 1727; x_wconf 91' lang='lat' dir='ltr'>et</span> <span class='ocrx_word' id='word_1_151' title='bbox 1764 1657 1992 1729; x_wconf 91' lang='lat' dir='ltr'>inane.</span> <span class='ocrx_word' id='word_1_152' title='bbox 2031 1657 2343 1729; x_wconf 85' lang='lat' dir='ltr'>»Eodem</span> <span class='ocrx_word' id='word_1_153' title='bbox 2376 1670 2681 1749; x_wconf 90' lang='lat' dir='ltr'>tempore</span> <span class='ocrx_word' id='word_1_154' title='bbox 2714 1677 2813 1727; x_wconf 93' lang='lat' dir='ltr'>ro·</span> 
     </span>
     <span class='ocr_line' id='line_1_17' title="bbox 272 1744 2817 1837; baseline 0 -23"><span class='ocrx_word' id='word_1_155' title='bbox 272 1744 464 1835; x_wconf 80' lang='lat' dir='ltr'>gavit</span> <span class='ocrx_word' id='word_1_156' title='bbox 509 1756 824 1816; x_wconf 88' lang='lat' dir='ltr'>sanctum</span> <span class='ocrx_word' id='word_1_157' title='bbox 874 1744 1114 1833; x_wconf 90' lang='lat' dir='ltr'>Cajum</span> <span class='ocrx_word' id='word_1_158' title='bbox 1165 1745 1610 1836; x_wconf 87' lang='lat' dir='ltr'>Episcopum,</span> <span class='ocrx_word' id='word_1_159' title='bbox 1663 1757 1743 1817; x_wconf 91' lang='lat' dir='ltr'>ut</span> <span class='ocrx_word' id='word_1_160' title='bbox 1791 1745 1878 1817; x_wconf 92' lang='lat' dir='ltr'>ad</span> <span class='ocrx_word' id='word_1_161' title='bbox 1945 1747 2174 1837; x_wconf 91' lang='lat' dir='ltr'>ipsum</span> <span class='ocrx_word' id='word_1_162' title='bbox 2243 1746 2540 1830; x_wconf 87' lang='lat' dir='ltr'>veniret,</span> <span class='ocrx_word' id='word_1_163' title='bbox 2613 1745 2817 1833; x_wconf 87' lang='lat' dir='ltr'>eique</span> 
     </span>
     <span class='ocr_line' id='line_1_18' title="bbox 278 1833 2815 1924; baseline 0 -20"><span class='ocrx_word' id='word_1_164' title='bbox 278 1833 584 1904; x_wconf 85' lang='lat' dir='ltr'>narravit</span> <span class='ocrx_word' id='word_1_165' title='bbox 625 1833 959 1922; x_wconf 88' lang='lat' dir='ltr'>quicquid</span> <span class='ocrx_word' id='word_1_166' title='bbox 1010 1845 1279 1924; x_wconf 83' lang='lat' dir='ltr'>gestum</span> <span class='ocrx_word' id='word_1_167' title='bbox 1319 1847 1496 1904; x_wconf 90' lang='lat' dir='ltr'>erat:</span> <span class='ocrx_word' id='word_1_168' title='bbox 1539 1834 1892 1922; x_wconf 89' lang='lat' dir='ltr'>simulque</span> <span class='ocrx_word' id='word_1_169' title='bbox 1921 1835 2255 1906; x_wconf 87' lang='lat' dir='ltr'>intrantes</span> <span class='ocrx_word' id='word_1_170' title='bbox 2283 1833 2596 1917; x_wconf 89' lang='lat' dir='ltr'>domum,</span> <span class='ocrx_word' id='word_1_171' title='bbox 2630 1834 2815 1906; x_wconf 88' lang='lat' dir='ltr'>dixe-</span> 
     </span>
     <span class='ocr_line' id='line_1_19' title="bbox 276 1921 2818 2014; baseline 0.002 -23"><span class='ocrx_word' id='word_1_172' title='bbox 276 1934 441 1992; x_wconf 91' lang='lat' dir='ltr'>runt</span> <span class='ocrx_word' id='word_1_173' title='bbox 515 1921 737 1993; x_wconf 90' lang='lat' dir='ltr'>uellae</span> <span class='ocrx_word' id='word_1_174' title='bbox 761 1943 919 1993; x_wconf 90' lang='lat' dir='ltr'>cum</span> <span class='ocrx_word' id='word_1_175' title='bbox 954 1922 1320 2013; x_wconf 78' lang='lat' dir='ltr'>lacrymis:</span> <span class='ocrx_word' id='word_1_176' title='bbox 1355 1944 1393 1989; x_wconf 85' lang='lat'>«</span> <span class='ocrx_word' id='word_1_177' title='bbox 1423 1921 1886 1994; x_wconf 87' lang='lat' dir='ltr'>Diocletianus</span> <span class='ocrx_word' id='word_1_178' title='bbox 1922 1929 2271 2014; x_wconf 83' lang='lat' dir='ltr'>Augustus</span> <span class='ocrx_word' id='word_1_179' title='bbox 2297 1922 2544 1995; x_wconf 89' lang='lat' dir='ltr'>direxit</span> <span class='ocrx_word' id='word_1_180' title='bbox 2572 1923 2659 1996; x_wconf 91' lang='lat' dir='ltr'>ad</span> <span class='ocrx_word' id='word_1_181' title='bbox 2692 1944 2818 1995; x_wconf 90' lang='lat' dir='ltr'>nos</span> 
     </span>
     <span class='ocr_line' id='line_1_20' title="bbox 274 1943 2817 2112; baseline 0.001 -31"><span class='ocrx_word' id='word_1_182' title='bbox 274 1943 640 2082; x_wconf 67' lang='lat' dir='ltr'>Claudium</span> <span class='ocrx_word' id='word_1_183' title='bbox 688 2011 1182 2112; x_wconf 81' lang='lat' dir='ltr'>consobrinum</span> <span class='ocrx_word' id='word_1_184' title='bbox 1235 2023 1573 2091; x_wconf 88' lang='lat' dir='ltr'>nostrum,</span> <span class='ocrx_word' id='word_1_185' title='bbox 1623 2013 1745 2099; x_wconf 92' lang='lat' dir='ltr'>qui</span> <span class='ocrx_word' id='word_1_186' title='bbox 1776 2012 1977 2083; x_wconf 92' lang='lat' dir='ltr'>nobis</span> <span class='ocrx_word' id='word_1_187' title='bbox 2016 2011 2367 2112; x_wconf 75' lang='lat' dir='ltr'>indicavit,</span> <span class='ocrx_word' id='word_1_188' title='bbox 2411 2013 2645 2103; x_wconf 88' lang='lat' dir='ltr'>ipsum</span> <span class='ocrx_word' id='word_1_189' title='bbox 2684 2017 2817 2084; x_wconf 81' lang='lat' dir='ltr'>Au·</span> 
     </span>
     <span class='ocr_line' id='line_1_21' title="bbox 279 2098 2815 2190; baseline 0 -19"><span class='ocrx_word' id='word_1_190' title='bbox 279 2111 562 2190; x_wconf 82' lang='lat' dir='ltr'>gustum</span> <span class='ocrx_word' id='word_1_191' title='bbox 613 2112 839 2190; x_wconf 90' lang='lat' dir='ltr'>petere</span> <span class='ocrx_word' id='word_1_192' title='bbox 884 2112 972 2182; x_wconf 87' lang='lat' dir='ltr'>te,</span> <span class='ocrx_word' id='word_1_193' title='bbox 1025 2099 1226 2171; x_wconf 77' lang='lat' dir='ltr'>nobis</span> <span class='ocrx_word' id='word_1_194' title='bbox 1270 2098 1755 2171; x_wconf 88' lang='lat' dir='ltr'>charissimam</span> <span class='ocrx_word' id='word_1_195' title='bbox 1788 2100 2030 2184; x_wconf 88' lang='lat' dir='ltr'>filiam,</span> <span class='ocrx_word' id='word_1_196' title='bbox 2070 2100 2481 2172; x_wconf 76' lang='lat' dir='ltr'>Maximiano</span> <span class='ocrx_word' id='word_1_197' title='bbox 2511 2101 2655 2172; x_wconf 84' lang='lat' dir='ltr'>filio</span> <span class='ocrx_word' id='word_1_198' title='bbox 2688 2122 2815 2174; x_wconf 90' lang='lat' dir='ltr'>suo</span> 
     </span>
     <span class='ocr_line' id='line_1_22' title="bbox 276 2188 2813 2291; baseline 0.001 -33"><span class='ocrx_word' id='word_1_199' title='bbox 276 2208 583 2259; x_wconf 90' lang='lat' dir='ltr'>uxorem.</span> <span class='ocrx_word' id='word_1_200' title='bbox 620 2211 658 2256; x_wconf 86' lang='lat'><strong>»</strong></span> <span class='ocrx_word' id='word_1_201' title='bbox 706 2192 1025 2259; x_wconf 89' lang='lat' dir='ltr'>Susanna</span> <span class='ocrx_word' id='word_1_202' title='bbox 1071 2188 1250 2279; x_wconf 91' lang='lat' dir='ltr'>patri</span> <span class='ocrx_word' id='word_1_203' title='bbox 1282 2201 1348 2259; x_wconf 91' lang='lat' dir='ltr'>et</span> <span class='ocrx_word' id='word_1_204' title='bbox 1377 2201 1623 2277; x_wconf 84' lang='lat' dir='ltr'>patruo</span> <span class='ocrx_word' id='word_1_205' title='bbox 1656 2189 2044 2291; x_wconf 86' lang='lat' dir='ltr'>respondit:</span> <span class='ocrx_word' id='word_1_206' title='bbox 2090 2211 2128 2256; x_wconf 82' lang='lat'><strong>«</strong></span> <span class='ocrx_word' id='word_1_207' title='bbox 2172 2188 2299 2260; x_wconf 89' lang='lat' dir='ltr'>Ubi</span> <span class='ocrx_word' id='word_1_208' title='bbox 2335 2202 2440 2260; x_wconf 92' lang='lat' dir='ltr'>est</span> <span class='ocrx_word' id='word_1_209' title='bbox 2477 2211 2666 2261; x_wconf 88' lang='lat' dir='ltr'>nunc</span> <span class='ocrx_word' id='word_1_210' title='bbox 2708 2212 2813 2261; x_wconf 86' lang='lat' dir='ltr'>sa-</span> 
     </span>
     <span class='ocr_line' id='line_1_23' title="bbox 277 2277 2808 2367; baseline 0.002 -20"><span class='ocrx_word' id='word_1_211' title='bbox 277 2277 541 2367; x_wconf 89' lang='lat' dir='ltr'>pientia</span> <span class='ocrx_word' id='word_1_212' title='bbox 585 2281 756 2348; x_wconf 78' lang='lat' dir='ltr'>tua?</span> <span class='ocrx_word' id='word_1_213' title='bbox 801 2281 988 2348; x_wconf 84' lang='lat' dir='ltr'>Certe</span> <span class='ocrx_word' id='word_1_214' title='bbox 1032 2277 1330 2350; x_wconf 83' lang='lat' dir='ltr'>evanuit.</span> <span class='ocrx_word' id='word_1_215' title='bbox 1387 2277 1456 2348; x_wconf 94' lang='lat' dir='ltr'>Si</span> <span class='ocrx_word' id='word_1_216' title='bbox 1503 2299 1641 2349; x_wconf 90' lang='lat' dir='ltr'>non</span> <span class='ocrx_word' id='word_1_217' title='bbox 1691 2300 1904 2350; x_wconf 91' lang='lat' dir='ltr'>sc1res</span> <span class='ocrx_word' id='word_1_218' title='bbox 1958 2298 2066 2348; x_wconf 91' lang='lat' dir='ltr'>me</span> <span class='ocrx_word' id='word_1_219' title='bbox 2115 2277 2569 2350; x_wconf 88' lang='lat' dir='ltr'>Christianam</span> <span class='ocrx_word' id='word_1_220' title='bbox 2632 2299 2808 2360; x_wconf 86' lang='lat' dir='ltr'>esse,</span> 
     </span>
     <span class='ocr_line' id='line_1_24' title="bbox 276 2365 2816 2456; baseline 0 -21"><span class='ocrx_word' id='word_1_221' title='bbox 276 2367 455 2436; x_wconf 87' lang='lat' dir='ltr'>sicut</span> <span class='ocrx_word' id='word_1_222' title='bbox 499 2378 567 2437; x_wconf 91' lang='lat' dir='ltr'>et</span> <span class='ocrx_word' id='word_1_223' title='bbox 613 2387 732 2437; x_wconf 86' lang='lat' dir='ltr'>vos</span> <span class='ocrx_word' id='word_1_224' title='bbox 778 2365 1090 2437; x_wconf 90' lang='lat' dir='ltr'>doctores</span> <span class='ocrx_word' id='word_1_225' title='bbox 1136 2366 1322 2448; x_wconf 88' lang='lat' dir='ltr'>estis,</span> <span class='ocrx_word' id='word_1_226' title='bbox 1454 2388 1598 2439; x_wconf 87' lang='lat' dir='ltr'>sses</span> <span class='ocrx_word' id='word_1_227' title='bbox 1629 2366 1722 2438; x_wconf 91' lang='lat' dir='ltr'>ita</span> <span class='ocrx_word' id='word_1_228' title='bbox 1753 2366 1965 2455; x_wconf 89' lang='lat' dir='ltr'>loqui.</span> <span class='ocrx_word' id='word_1_229' title='bbox 2008 2371 2087 2437; x_wconf 82' lang='lat' dir='ltr'>At</span> <span class='ocrx_word' id='word_1_230' title='bbox 2124 2388 2311 2437; x_wconf 91' lang='lat' dir='ltr'>nunc</span> <span class='ocrx_word' id='word_1_231' title='bbox 2340 2388 2554 2456; x_wconf 89' lang='lat' dir='ltr'>quare</span> <span class='ocrx_word' id='word_1_232' title='bbox 2588 2366 2816 2454; x_wconf 92' lang='lat' dir='ltr'>inqui-</span> 
     </span>
     <span class='ocr_line' id='line_1_25' title="bbox 278 2454 2813 2548; baseline 0.001 -24"><span class='ocrx_word' id='word_1_233' title='bbox 278 2454 456 2527; x_wconf 89' lang='lat' dir='ltr'>nasti</span> <span class='ocrx_word' id='word_1_234' title='bbox 503 2476 584 2526; x_wconf 88' lang='lat' dir='ltr'>os</span> <span class='ocrx_word' id='word_1_235' title='bbox 632 2466 827 2527; x_wconf 91' lang='lat' dir='ltr'>tuum</span> <span class='ocrx_word' id='word_1_236' title='bbox 879 2468 945 2528; x_wconf 91' lang='lat' dir='ltr'>et</span> <span class='ocrx_word' id='word_1_237' title='bbox 987 2476 1217 2538; x_wconf 81' lang='lat' dir='ltr'>aureS,</span> <span class='ocrx_word' id='word_1_238' title='bbox 1252 2456 1365 2547; x_wconf 93' lang='lat' dir='ltr'>pol</span> <span class='ocrx_word' id='word_1_239' title='bbox 1400 2467 1554 2528; x_wconf 89' lang='lat' dir='ltr'>utos</span> <span class='ocrx_word' id='word_1_240' title='bbox 1590 2455 1939 2531; x_wconf 86' lang='lat' dir='ltr'>audiendo</span> <span class='ocrx_word' id='word_1_241' title='bbox 1978 2476 2352 2538; x_wconf 85' lang='lat' dir='ltr'>sermones,</span> <span class='ocrx_word' id='word_1_242' title='bbox 2390 2467 2469 2527; x_wconf 91' lang='lat' dir='ltr'>ut</span> <span class='ocrx_word' id='word_1_243' title='bbox 2494 2476 2620 2548; x_wconf 83' lang='lat' dir='ltr'>ego</span> <span class='ocrx_word' id='word_1_244' title='bbox 2652 2476 2813 2526; x_wconf 88' lang='lat' dir='ltr'>con·</span> 
     </span>
     <span class='ocr_line' id='line_1_26' title="bbox 266 2543 2813 2646; baseline 0 -31"><span class='ocrx_word' id='word_1_245' title='bbox 266 2545 532 2646; x_wconf 77' lang='lat' dir='ltr'>jungar</span> <span class='ocrx_word' id='word_1_246' title='bbox 576 2544 846 2616; x_wconf 88' lang='lat' dir='ltr'>crudeli</span> <span class='ocrx_word' id='word_1_247' title='bbox 895 2566 1190 2636; x_wconf 80' lang='lat' dir='ltr'>pagano,</span> <span class='ocrx_word' id='word_1_248' title='bbox 1243 2566 1450 2634; x_wconf 90' lang='lat' dir='ltr'>quem</span> <span class='ocrx_word' id='word_1_249' title='bbox 1500 2566 1618 2616; x_wconf 86' lang='lat' dir='ltr'>vos</span> <span class='ocrx_word' id='word_1_250' title='bbox 1667 2559 1944 2637; x_wconf 87' lang='lat' dir='ltr'>propter</span> <span class='ocrx_word' id='word_1_251' title='bbox 1989 2544 2195 2615; x_wconf 88' lang='lat' dir='ltr'>fidem</span> <span class='ocrx_word' id='word_1_252' title='bbox 2240 2545 2508 2615; x_wconf 88' lang='lat' dir='ltr'>Domini</span> <span class='ocrx_word' id='word_1_253' title='bbox 2549 2566 2685 2615; x_wconf 92' lang='lat' dir='ltr'>non</span> <span class='ocrx_word' id='word_1_254' title='bbox 2727 2543 2813 2616; x_wconf 93' lang='lat' dir='ltr'>ti-</span> 
     </span>
     <span class='ocr_line' id='line_1_27' title="bbox 280 2631 2813 2735; baseline 0 -34"><span class='ocrx_word' id='word_1_255' title='bbox 280 2633 557 2705; x_wconf 78' lang='lat' dir='ltr'>muistis</span> <span class='ocrx_word' id='word_1_256' title='bbox 606 2655 857 2725; x_wconf 80' lang='lat' dir='ltr'>negare</span> <span class='ocrx_word' id='word_1_257' title='bbox 900 2656 1051 2706; x_wconf 91' lang='lat' dir='ltr'>esse</span> <span class='ocrx_word' id='word_1_258' title='bbox 1094 2649 1467 2725; x_wconf 79' lang='lat' dir='ltr'>cognatum</span> <span class='ocrx_word' id='word_1_259' title='bbox 1516 2638 1868 2705; x_wconf 78' lang='lat' dir='ltr'>vestrum?</span> <span class='ocrx_word' id='word_1_260' title='bbox 1915 2633 2042 2706; x_wconf 90' lang='lat' dir='ltr'>Sed</span> <span class='ocrx_word' id='word_1_261' title='bbox 2093 2631 2311 2724; x_wconf 83' lang='lat' dir='ltr'>gloria</span> <span class='ocrx_word' id='word_1_262' title='bbox 2355 2632 2813 2735; x_wconf 81' lang='lat' dir='ltr'>omnipotenti</span> 
     </span>
     <span class='ocr_line' id='line_1_28' title="bbox 281 2721 2814 2839; baseline 0 -49"><span class='ocrx_word' id='word_1_263' title='bbox 281 2726 436 2803; x_wconf 88' lang='lat' dir='ltr'>Deo,</span> <span class='ocrx_word' id='word_1_264' title='bbox 474 2722 596 2810; x_wconf 91' lang='lat' dir='ltr'>qui</span> <span class='ocrx_word' id='word_1_265' title='bbox 648 2743 754 2792; x_wconf 93' lang='lat' dir='ltr'>me</span> <span class='ocrx_word' id='word_1_266' title='bbox 783 2722 1110 2814; x_wconf 83' lang='lat' dir='ltr'>dignatus</span> <span class='ocrx_word' id='word_1_267' title='bbox 1140 2735 1241 2817; x_wconf 81' lang='lat' dir='ltr'>est</span> <span class='ocrx_word' id='word_1_268' title='bbox 1263 2724 1558 2839; x_wconf 63' lang='lat' dir='ltr'>Jungere</span> <span class='ocrx_word' id='word_1_269' title='bbox 1584 2723 1995 2815; x_wconf 90' lang='lat' dir='ltr'>corporibus</span> <span class='ocrx_word' id='word_1_270' title='bbox 2033 2732 2464 2802; x_wconf 80' lang='lat' dir='ltr'>sanctorum:</span> <span class='ocrx_word' id='word_1_271' title='bbox 2502 2744 2604 2793; x_wconf 79' lang='lat' dir='ltr'>sic</span> <span class='ocrx_word' id='word_1_272' title='bbox 2627 2721 2814 2792; x_wconf 91' lang='lat' dir='ltr'>enim</span> 
     </span>
     <span class='ocr_line' id='line_1_29' title="bbox 278 2808 2816 2901; baseline 0 -23"><span class='ocrx_word' id='word_1_273' title='bbox 278 2809 483 2881; x_wconf 91' lang='lat' dir='ltr'>credo</span> <span class='ocrx_word' id='word_1_274' title='bbox 531 2811 600 2880; x_wconf 90' lang='lat' dir='ltr'>in</span> <span class='ocrx_word' id='word_1_275' title='bbox 654 2812 1020 2883; x_wconf 89' lang='lat' dir='ltr'>Dominum</span> <span class='ocrx_word' id='word_1_276' title='bbox 1089 2817 1329 2884; x_wconf 70' lang='lat' dir='ltr'>sesum</span> <span class='ocrx_word' id='word_1_277' title='bbox 1393 2812 1778 2895; x_wconf 74' lang='lat' dir='ltr'>Christum,</span> <span class='ocrx_word' id='word_1_278' title='bbox 1856 2833 1965 2882; x_wconf 89' lang='lat' dir='ltr'>me</span> <span class='ocrx_word' id='word_1_279' title='bbox 2016 2811 2228 2899; x_wconf 89' lang='lat' dir='ltr'>hujus</span> <span class='ocrx_word' id='word_1_280' title='bbox 2275 2822 2673 2901; x_wconf 89' lang='lat' dir='ltr'>contemptu</span> <span class='ocrx_word' id='word_1_281' title='bbox 2727 2808 2816 2880; x_wconf 92' lang='lat' dir='ltr'>ad</span> 
     </span>
     <span class='ocr_line' id='line_1_30' title="bbox 278 2899 2811 2992; baseline -0 -23"><span class='ocrx_word' id='word_1_282' title='bbox 278 2899 592 2989; x_wconf 87' lang='lat' dir='ltr'>martyrii</span> <span class='ocrx_word' id='word_1_283' title='bbox 689 2899 945 2971; x_wconf 88' lang='lat' dir='ltr'>almam</span> <span class='ocrx_word' id='word_1_284' title='bbox 997 2911 1501 2991; x_wconf 86' lang='lat' dir='ltr'>perventuram.</span> <span class='ocrx_word' id='word_1_285' title='bbox 1541 2924 1579 2969; x_wconf 85' lang='lat'><strong>»</strong></span> <span class='ocrx_word' id='word_1_286' title='bbox 1628 2900 2009 2992; x_wconf 85' lang='lat' dir='ltr'>Respondit</span> <span class='ocrx_word' id='word_1_287' title='bbox 2038 2899 2373 2972; x_wconf 89' lang='lat' dir='ltr'>Gabinius</span> <span class='ocrx_word' id='word_1_288' title='bbox 2412 2900 2811 2991; x_wconf 81' lang='lat' dir='ltr'>presbyter:</span> 
     </span>
     <span class='ocr_line' id='line_1_31' title="bbox 276 2921 2816 3090; baseline 0.001 -36"><span class='ocrx_word' id='word_1_289' title='bbox 276 3009 314 3053; x_wconf 83' lang='lat'><strong>«</strong></span> <span class='ocrx_word' id='word_1_290' title='bbox 364 2992 543 3090; x_wconf 76' lang='lat' dir='ltr'>Ergo</span> <span class='ocrx_word' id='word_1_291' title='bbox 587 2921 760 3088; x_wconf 62' lang='lat' dir='ltr'>iiiia,</span> <span class='ocrx_word' id='word_1_292' title='bbox 810 3000 1135 3061; x_wconf 89' lang='lat' dir='ltr'>constans</span> <span class='ocrx_word' id='word_1_293' title='bbox 1164 3000 1309 3060; x_wconf 90' lang='lat' dir='ltr'>esto</span> <span class='ocrx_word' id='word_1_294' title='bbox 1346 2988 1419 3059; x_wconf 91' lang='lat' dir='ltr'>in</span> <span class='ocrx_word' id='word_1_295' title='bbox 1453 2988 1590 3060; x_wconf 83' lang='lat' dir='ltr'>fide</span> <span class='ocrx_word' id='word_1_296' title='bbox 1618 3012 1828 3077; x_wconf 90' lang='lat' dir='ltr'>quam</span> <span class='ocrx_word' id='word_1_297' title='bbox 1867 3003 2077 3069; x_wconf 89' lang='lat' dir='ltr'>tenes,</span> <span class='ocrx_word' id='word_1_298' title='bbox 2121 3001 2198 3059; x_wconf 92' lang='lat' dir='ltr'>ut</span> <span class='ocrx_word' id='word_1_299' title='bbox 2232 3001 2300 3060; x_wconf 91' lang='lat' dir='ltr'>et</span> <span class='ocrx_word' id='word_1_300' title='bbox 2337 3010 2463 3061; x_wconf 90' lang='lat' dir='ltr'>nos</span> <span class='ocrx_word' id='word_1_301' title='bbox 2509 2987 2816 3089; x_wconf 80' lang='lat' dir='ltr'>fructum</span> 
     </span>
     <span class='ocr_line' id='line_1_32' title="bbox 276 3075 2818 3158; baseline 0.001 -13"><span class='ocrx_word' id='word_1_302' title='bbox 276 3075 649 3147; x_wconf 76' lang='lat' dir='ltr'>oblationis</span> <span class='ocrx_word' id='word_1_303' title='bbox 698 3098 1089 3149; x_wconf 90' lang='lat' dir='ltr'>mereamur</span> <span class='ocrx_word' id='word_1_304' title='bbox 1134 3078 1377 3149; x_wconf 84' lang='lat' dir='ltr'>offerre</span> <span class='ocrx_word' id='word_1_305' title='bbox 1423 3077 1713 3149; x_wconf 89' lang='lat' dir='ltr'>Domino</span> <span class='ocrx_word' id='word_1_306' title='bbox 1755 3083 1925 3150; x_wconf 84' lang='lat' dir='ltr'>Jesu</span> <span class='ocrx_word' id='word_1_307' title='bbox 1971 3078 2260 3158; x_wconf 89' lang='lat' dir='ltr'>Christo,</span> <span class='ocrx_word' id='word_1_308' title='bbox 2308 3098 2391 3147; x_wconf 85' lang='lat' dir='ltr'>ex</span> <span class='ocrx_word' id='word_1_309' title='bbox 2432 3089 2818 3148; x_wconf 76' lang='lat' dir='ltr'>constantia</span> 
     </span>
     <span class='ocr_line' id='line_1_33' title="bbox 279 3165 2809 3257; baseline -0.001 -21"><span class='ocrx_word' id='word_1_310' title='bbox 279 3176 434 3236; x_wconf 87' lang='lat' dir='ltr'>tua:</span> <span class='ocrx_word' id='word_1_311' title='bbox 486 3165 632 3237; x_wconf 88' lang='lat' dir='ltr'>scio</span> <span class='ocrx_word' id='word_1_312' title='bbox 678 3165 865 3236; x_wconf 90' lang='lat' dir='ltr'>enim</span> <span class='ocrx_word' id='word_1_313' title='bbox 917 3166 1164 3257; x_wconf 89' lang='lat' dir='ltr'>pietate</span> <span class='ocrx_word' id='word_1_314' title='bbox 1212 3166 1637 3257; x_wconf 83' lang='lat' dir='ltr'>propendere</span> <span class='ocrx_word' id='word_1_315' title='bbox 1679 3167 1749 3236; x_wconf 92' lang='lat' dir='ltr'>in</span> <span class='ocrx_word' id='word_1_316' title='bbox 1786 3187 2025 3237; x_wconf 88' lang='lat' dir='ltr'>omnes</span> <span class='ocrx_word' id='word_1_317' title='bbox 2060 3166 2400 3246; x_wconf 90' lang='lat' dir='ltr'>homines,</span> <span class='ocrx_word' id='word_1_318' title='bbox 2443 3178 2510 3237; x_wconf 90' lang='lat' dir='ltr'>et</span> <span class='ocrx_word' id='word_1_319' title='bbox 2542 3165 2809 3236; x_wconf 90' lang='lat' dir='ltr'>miseri·</span> 
     </span>
     <span class='ocr_line' id='line_1_34' title="bbox 275 3254 2815 3344; baseline -0.001 -18"><span class='ocrx_word' id='word_1_320' title='bbox 275 3254 559 3327; x_wconf 65' lang='lat' dir='ltr'>coi-dem</span> <span class='ocrx_word' id='word_1_321' title='bbox 581 3274 732 3327; x_wconf 83' lang='lat' dir='ltr'>esse</span> <span class='ocrx_word' id='word_1_322' title='bbox 758 3257 1122 3325; x_wconf 89' lang='lat' dir='ltr'>Dominum</span> <span class='ocrx_word' id='word_1_323' title='bbox 1163 3254 1395 3327; x_wconf 88' lang='lat' dir='ltr'>Jesum</span> <span class='ocrx_word' id='word_1_324' title='bbox 1424 3255 1795 3327; x_wconf 88' lang='lat' dir='ltr'>Christum.</span> <span class='ocrx_word' id='word_1_325' title='bbox 1829 3278 1866 3323; x_wconf 86' lang='lat'>»</span> <span class='ocrx_word' id='word_1_326' title='bbox 1893 3259 2208 3326; x_wconf 89' lang='lat' dir='ltr'>Susanna</span> <span class='ocrx_word' id='word_1_327' title='bbox 2243 3254 2417 3325; x_wconf 90' lang='lat' dir='ltr'>dixit</span> <span class='ocrx_word' id='word_1_328' title='bbox 2443 3267 2510 3326; x_wconf 89' lang='lat' dir='ltr'>et</span> <span class='ocrx_word' id='word_1_329' title='bbox 2541 3254 2721 3344; x_wconf 87' lang='lat' dir='ltr'>patri</span> <span class='ocrx_word' id='word_1_330' title='bbox 2747 3264 2815 3325; x_wconf 88' lang='lat' dir='ltr'>et</span> 
     </span>
     <span class='ocr_line' id='line_1_35' title="bbox 280 3341 2815 3435; baseline -0 -21"><span class='ocrx_word' id='word_1_331' title='bbox 280 3357 572 3432; x_wconf 90' lang='lat' dir='ltr'>patruo:</span> <span class='ocrx_word' id='word_1_332' title='bbox 621 3365 662 3410; x_wconf 65' lang='grc' dir='ltr'><strong>α</strong></span> <span class='ocrx_word' id='word_1_333' title='bbox 713 3342 987 3415; x_wconf 85' lang='lat' dir='ltr'>Domini</span> <span class='ocrx_word' id='word_1_334' title='bbox 1030 3344 1191 3425; x_wconf 89' lang='lat' dir='ltr'>mei,</span> <span class='ocrx_word' id='word_1_335' title='bbox 1228 3365 1355 3435; x_wconf 84' lang='lat' dir='ltr'>ego</span> <span class='ocrx_word' id='word_1_336' title='bbox 1386 3344 1541 3415; x_wconf 82' lang='lat' dir='ltr'>novi</span> <span class='ocrx_word' id='word_1_337' title='bbox 1576 3345 1667 3415; x_wconf 89' lang='lat' dir='ltr'>ab</span> <span class='ocrx_word' id='word_1_338' title='bbox 1698 3366 1815 3416; x_wconf 91' lang='lat' dir='ltr'>ore</span> <span class='ocrx_word' id='word_1_339' title='bbox 1854 3343 2237 3435; x_wconf 82' lang='lat' dir='ltr'>patrismei</span> <span class='ocrx_word' id='word_1_340' title='bbox 2269 3365 2542 3435; x_wconf 89' lang='lat' dir='ltr'>semper</span> <span class='ocrx_word' id='word_1_341' title='bbox 2581 3364 2691 3413; x_wconf 87' lang='lat' dir='ltr'>me</span> <span class='ocrx_word' id='word_1_342' title='bbox 2720 3341 2815 3413; x_wconf 91' lang='lat' dir='ltr'>ita</span> 
     </span>
     <span class='ocr_line' id='line_1_36' title="bbox 274 3431 2811 3537; baseline 0 -35"><span class='ocrx_word' id='word_1_343' title='bbox 274 3451 424 3502; x_wconf 86' lang='lat' dir='ltr'>esse</span> <span class='ocrx_word' id='word_1_344' title='bbox 471 3431 884 3511; x_wconf 86' lang='lat' dir='ltr'>institutam,</span> <span class='ocrx_word' id='word_1_345' title='bbox 935 3444 1017 3503; x_wconf 80' lang='lat' dir='ltr'>ut</span> <span class='ocrx_word' id='word_1_346' title='bbox 1058 3432 1433 3504; x_wconf 85' lang='lat' dir='ltr'>servandae</span> <span class='ocrx_word' id='word_1_347' title='bbox 1477 3433 1776 3505; x_wconf 87' lang='lat' dir='ltr'>castitati</span> <span class='ocrx_word' id='word_1_348' title='bbox 1825 3431 2214 3516; x_wconf 90' lang='lat' dir='ltr'>studerem,</span> <span class='ocrx_word' id='word_1_349' title='bbox 2272 3444 2340 3504; x_wconf 92' lang='lat' dir='ltr'>et</span> <span class='ocrx_word' id='word_1_350' title='bbox 2395 3431 2811 3537; x_wconf 80' lang='lat' dir='ltr'>pudicitiam</span> 
     </span>
     <span class='ocr_line' id='line_1_37' title="bbox 279 3520 2815 3614; baseline -0.001 -22"><span class='ocrx_word' id='word_1_351' title='bbox 279 3521 565 3592; x_wconf 90' lang='lat' dir='ltr'>Domino</span> <span class='ocrx_word' id='word_1_352' title='bbox 609 3521 771 3592; x_wconf 82' lang='lat' dir='ltr'>Jesu</span> <span class='ocrx_word' id='word_1_353' title='bbox 818 3521 1084 3592; x_wconf 88' lang='lat' dir='ltr'>Christo</span> <span class='ocrx_word' id='word_1_354' title='bbox 1130 3520 1544 3595; x_wconf 83' lang='lat' dir='ltr'>exhiberem.</span> <span class='ocrx_word' id='word_1_355' title='bbox 1599 3526 1677 3592; x_wconf 92' lang='lat' dir='ltr'>In</span> <span class='ocrx_word' id='word_1_356' title='bbox 1721 3521 1871 3609; x_wconf 81' lang='lat' dir='ltr'>ejus</span> <span class='ocrx_word' id='word_1_357' title='bbox 1910 3543 2076 3614; x_wconf 83' lang='lat' dir='ltr'>ergo</span> <span class='ocrx_word' id='word_1_358' title='bbox 2117 3521 2362 3592; x_wconf 89' lang='lat' dir='ltr'>timore</span> <span class='ocrx_word' id='word_1_359' title='bbox 2383 3544 2528 3610; x_wconf 80' lang='lat' dir='ltr'>Jam</span> <span class='ocrx_word' id='word_1_360' title='bbox 2561 3532 2815 3593; x_wconf 79' lang='lat' dir='ltr'>constt-</span> 
     </span>
     <span class='ocr_line' id='line_1_38' title="bbox 279 3606 2809 3701; baseline -0 -22"><span class='ocrx_word' id='word_1_361' title='bbox 279 3620 446 3691; x_wconf 92' lang='lat' dir='ltr'>tuta,</span> <span class='ocrx_word' id='word_1_362' title='bbox 503 3630 860 3697; x_wconf 89' lang='lat' dir='ltr'>nunquam</span> <span class='ocrx_word' id='word_1_363' title='bbox 911 3609 1168 3682; x_wconf 90' lang='lat' dir='ltr'>amoris</span> <span class='ocrx_word' id='word_1_364' title='bbox 1216 3609 1451 3681; x_wconf 87' lang='lat' dir='ltr'>studio</span> <span class='ocrx_word' id='word_1_365' title='bbox 1486 3610 1644 3681; x_wconf 89' lang='lat' dir='ltr'>coin</span> <span class='ocrx_word' id='word_1_366' title='bbox 1695 3611 1993 3682; x_wconf 90' lang='lat' dir='ltr'>uinabor</span> <span class='ocrx_word' id='word_1_367' title='bbox 2025 3609 2207 3680; x_wconf 86' lang='lat' dir='ltr'>virili</span> <span class='ocrx_word' id='word_1_368' title='bbox 2239 3610 2644 3701; x_wconf 81' lang='lat' dir='ltr'>complexu:</span> <span class='ocrx_word' id='word_1_369' title='bbox 2689 3606 2809 3680; x_wconf 86' lang='lat' dir='ltr'>sed</span> 
     </span>
     <span class='ocr_line' id='line_1_39' title="bbox 262 3696 2816 3789; baseline -0.001 -21"><span class='ocrx_word' id='word_1_370' title='bbox 262 3698 390 3769; x_wconf 86' lang='lat' dir='ltr'>-cui</span> <span class='ocrx_word' id='word_1_371' title='bbox 440 3720 550 3768; x_wconf 90' lang='lat' dir='ltr'>me</span> <span class='ocrx_word' id='word_1_372' title='bbox 595 3711 670 3769; x_wconf 87' lang='lat' dir='ltr'>tu</span> <span class='ocrx_word' id='word_1_373' title='bbox 717 3711 910 3789; x_wconf 89' lang='lat' dir='ltr'>pater</span> <span class='ocrx_word' id='word_1_374' title='bbox 955 3699 1168 3769; x_wconf 90' lang='lat' dir='ltr'>semel</span> <span class='ocrx_word' id='word_1_375' title='bbox 1203 3698 1589 3781; x_wconf 73' lang='lat' dir='ltr'>tradidisti,</span> <span class='ocrx_word' id='word_1_376' title='bbox 1646 3699 1753 3770; x_wconf 93' lang='lat' dir='ltr'>ili</span> <span class='ocrx_word' id='word_1_377' title='bbox 1807 3700 2053 3782; x_wconf 86' lang='lat' dir='ltr'>servio,</span> <span class='ocrx_word' id='word_1_378' title='bbox 2109 3698 2214 3769; x_wconf 91' lang='lat' dir='ltr'>illi</span> <span class='ocrx_word' id='word_1_379' title='bbox 2267 3697 2574 3771; x_wconf 83' lang='lat' dir='ltr'>confido:</span> <span class='ocrx_word' id='word_1_380' title='bbox 2629 3696 2816 3768; x_wconf 80' lang='lat' dir='ltr'>novit</span> 
     </span>
     <span class='ocr_line' id='line_1_40' title="bbox 271 3785 2812 3879; baseline -0.001 -22"><span class='ocrx_word' id='word_1_381' title='bbox 271 3787 457 3857; x_wconf 80' lang='lat' dir='ltr'>‚enim</span> <span class='ocrx_word' id='word_1_382' title='bbox 508 3785 627 3858; x_wconf 88' lang='lat' dir='ltr'>ille</span> <span class='ocrx_word' id='word_1_383' title='bbox 668 3787 1160 3859; x_wconf 90' lang='lat' dir='ltr'>conscientiam</span> <span class='ocrx_word' id='word_1_384' title='bbox 1212 3809 1461 3859; x_wconf 80' lang='lat' dir='ltr'>meam.</span> <span class='ocrx_word' id='word_1_385' title='bbox 1499 3811 1536 3856; x_wconf 87' lang='lat'><strong>»</strong></span> <span class='ocrx_word' id='word_1_386' title='bbox 1571 3789 1776 3879; x_wconf 88' lang='lat' dir='ltr'>Cajus</span> <span class='ocrx_word' id='word_1_387' title='bbox 1821 3788 2206 3879; x_wconf 84' lang='lat' dir='ltr'>Episcopus</span> <span class='ocrx_word' id='word_1_388' title='bbox 2237 3787 2446 3858; x_wconf 85' lang='lat' dir='ltr'>dixit:</span> <span class='ocrx_word' id='word_1_389' title='bbox 2482 3809 2520 3855; x_wconf 68' lang='grc' dir='ltr'>α</span> <span class='ocrx_word' id='word_1_390' title='bbox 2551 3785 2622 3856; x_wconf 90' lang='lat' dir='ltr'>Si</span> <span class='ocrx_word' id='word_1_391' title='bbox 2648 3805 2812 3876; x_wconf 83' lang='lat' dir='ltr'>ergo</span> 
     </span>
     <span class='ocr_line' id='line_1_41' title="bbox 272 3872 2813 3969; baseline -0.001 -25"><span class='ocrx_word' id='word_1_392' title='bbox 272 3873 410 3963; x_wconf 89' lang='lat' dir='ltr'>jam</span> <span class='ocrx_word' id='word_1_393' title='bbox 452 3874 663 3947; x_wconf 89' lang='lat' dir='ltr'>semel</span> <span class='ocrx_word' id='word_1_394' title='bbox 712 3875 942 3947; x_wconf 88' lang='lat' dir='ltr'>oblata</span> <span class='ocrx_word' id='word_1_395' title='bbox 984 3898 1062 3949; x_wconf 90' lang='lat' dir='ltr'>es</span> <span class='ocrx_word' id='word_1_396' title='bbox 1110 3882 1263 3958; x_wconf 90' lang='lat' dir='ltr'>Deo,</span> <span class='ocrx_word' id='word_1_397' title='bbox 1306 3876 1580 3948; x_wconf 91' lang='lat' dir='ltr'>custodi</span> <span class='ocrx_word' id='word_1_398' title='bbox 1621 3889 1988 3969; x_wconf 88' lang='lat' dir='ltr'>praecepta</span> <span class='ocrx_word' id='word_1_399' title='bbox 2016 3877 2193 3969; x_wconf 89' lang='lat' dir='ltr'>ejus.</span> <span class='ocrx_word' id='word_1_400' title='bbox 2231 3876 2356 3947; x_wconf 87' lang='lat' dir='ltr'>Ille</span> <span class='ocrx_word' id='word_1_401' title='bbox 2386 3874 2572 3946; x_wconf 91' lang='lat' dir='ltr'>enim</span> <span class='ocrx_word' id='word_1_402' title='bbox 2612 3872 2813 3943; x_wconf 90' lang='lat' dir='ltr'>nobis</span> 
     </span>
     <span class='ocr_line' id='line_1_42' title="bbox 283 3962 2817 4067; baseline -0.001 -35"><span class='ocrx_word' id='word_1_403' title='bbox 283 3964 492 4035; x_wconf 83' lang='lat' dir='ltr'>servis</span> <span class='ocrx_word' id='word_1_404' title='bbox 538 3964 688 4037; x_wconf 90' lang='lat' dir='ltr'>suis</span> <span class='ocrx_word' id='word_1_405' title='bbox 734 3986 859 4056; x_wconf 89' lang='lat' dir='ltr'>per</span> <span class='ocrx_word' id='word_1_406' title='bbox 914 3964 1297 4036; x_wconf 87' lang='lat' dir='ltr'>doctrinam</span> <span class='ocrx_word' id='word_1_407' title='bbox 1368 3966 1852 4067; x_wconf 78' lang='lat' dir='ltr'>Evangelicam</span> <span class='ocrx_word' id='word_1_408' title='bbox 1918 3965 2248 4057; x_wconf 83' lang='lat' dir='ltr'>dignatus</span> <span class='ocrx_word' id='word_1_409' title='bbox 2305 3976 2411 4036; x_wconf 90' lang='lat' dir='ltr'>est</span> <span class='ocrx_word' id='word_1_410' title='bbox 2463 3962 2817 4062; x_wconf 87' lang='lat' dir='ltr'>declarare</span> 
     </span>
     <span class='ocr_line' id='line_1_43' title="bbox 281 4050 2817 4146; baseline 0 -26"><span class='ocrx_word' id='word_1_411' title='bbox 281 4051 421 4123; x_wconf 80' lang='lat' dir='ltr'>vias</span> <span class='ocrx_word' id='word_1_412' title='bbox 468 4075 657 4133; x_wconf 90' lang='lat' dir='ltr'>suas,</span> <span class='ocrx_word' id='word_1_413' title='bbox 708 4052 805 4124; x_wconf 90' lang='lat' dir='ltr'>ita</span> <span class='ocrx_word' id='word_1_414' title='bbox 831 4053 1113 4127; x_wconf 89' lang='lat' dir='ltr'>dicens:</span> <span class='ocrx_word' id='word_1_415' title='bbox 1148 4056 1317 4124; x_wconf 87' lang='lat' dir='ltr'>Cum</span> <span class='ocrx_word' id='word_1_416' title='bbox 1347 4054 1617 4125; x_wconf 82' lang='lat' dir='ltr'>stabius</span> <span class='ocrx_word' id='word_1_417' title='bbox 1653 4068 1815 4127; x_wconf 90' lang='lat' dir='ltr'>ante</span> <span class='ocrx_word' id='word_1_418' title='bbox 1849 4076 2045 4146; x_wconf 81' lang='lat' dir='ltr'>reges</span> <span class='ocrx_word' id='word_1_419' title='bbox 2073 4066 2139 4125; x_wconf 91' lang='lat' dir='ltr'>et</span> <span class='ocrx_word' id='word_1_420' title='bbox 2177 4051 2555 4143; x_wconf 86' lang='lat' dir='ltr'>praesides,</span> <span class='ocrx_word' id='word_1_421' title='bbox 2604 4050 2817 4122; x_wconf 77' lang='lat' dir='ltr'>nolite</span> 
     </span>
    </p>

    <p class='ocr_par' dir='ltr' id='par_1_4' title="bbox 332 4137 2817 4233">
     <span class='ocr_line' id='line_1_44' title="bbox 332 4137 2817 4233; baseline -0 -23"><span class='ocrx_word' id='word_1_422' title='bbox 332 4140 789 4223; x_wconf 88' lang='lat' dir='ltr'>raemeditari,</span> <span class='ocrx_word' id='word_1_423' title='bbox 842 4142 1140 4230; x_wconf 88' lang='lat' dir='ltr'>qualiter</span> <span class='ocrx_word' id='word_1_424' title='bbox 1186 4142 1698 4233; x_wconf 65' lang='lat' dir='ltr'>respondeatis:</span> <span class='ocrx_word' id='word_1_425' title='bbox 1752 4142 2036 4214; x_wconf 90' lang='lat' dir='ltr'>dabitur</span> <span class='ocrx_word' id='word_1_426' title='bbox 2098 4142 2284 4211; x_wconf 89' lang='lat' dir='ltr'>enim</span> <span class='ocrx_word' id='word_1_427' title='bbox 2335 4141 2529 4213; x_wconf 83' lang='lat' dir='ltr'>vobis</span> <span class='ocrx_word' id='word_1_428' title='bbox 2576 4140 2647 4210; x_wconf 90' lang='lat' dir='ltr'>in</span> <span class='ocrx_word' id='word_1_429' title='bbox 2696 4137 2817 4211; x_wconf 88' lang='lat' dir='ltr'>illa</span> 
     </span>
    </p>

    <p class='ocr_par' dir='ltr' id='par_1_5' title="bbox 279 4229 2816 4418">
     <span class='ocr_line' id='line_1_45' title="bbox 330 4229 2816 4321; baseline -0 -21"><span class='ocrx_word' id='word_1_430' title='bbox 330 4248 470 4311; x_wconf 88' lang='lat' dir='ltr'>ora,</span> <span class='ocrx_word' id='word_1_431' title='bbox 519 4230 689 4318; x_wconf 91' lang='lat' dir='ltr'>quid</span> <span class='ocrx_word' id='word_1_432' title='bbox 735 4230 1024 4304; x_wconf 87' lang='lat' dir='ltr'>dicatis:</span> <span class='ocrx_word' id='word_1_433' title='bbox 1073 4232 1243 4320; x_wconf 92' lang='lat' dir='ltr'>quia</span> <span class='ocrx_word' id='word_1_434' title='bbox 1289 4252 1425 4301; x_wconf 90' lang='lat' dir='ltr'>non</span> <span class='ocrx_word' id='word_1_435' title='bbox 1456 4254 1578 4303; x_wconf 83' lang='lat' dir='ltr'>vos</span> <span class='ocrx_word' id='word_1_436' title='bbox 1611 4230 2003 4320; x_wconf 88' lang='lat' dir='ltr'>loquimini,</span> <span class='ocrx_word' id='word_1_437' title='bbox 2044 4229 2163 4301; x_wconf 91' lang='lat' dir='ltr'>sed</span> <span class='ocrx_word' id='word_1_438' title='bbox 2200 4230 2498 4321; x_wconf 84' lang='lat' dir='ltr'>Spiritus</span> <span class='ocrx_word' id='word_1_439' title='bbox 2525 4234 2816 4302; x_wconf 91' lang='lat' dir='ltr'>Sanctus</span> 
     </span>
     <span class='ocr_line' id='line_1_46' title="bbox 279 4315 2757 4418; baseline 0.002 -32"><span class='ocrx_word' id='word_1_440' title='bbox 279 4315 588 4406; x_wconf 88' lang='lat' dir='ltr'>loquitur</span> <span class='ocrx_word' id='word_1_441' title='bbox 620 4341 744 4411; x_wconf 91' lang='lat' dir='ltr'>pro</span> <span class='ocrx_word' id='word_1_442' title='bbox 775 4320 970 4393; x_wconf 88' lang='lat' dir='ltr'>vobis</span> <span class='ocrx_word' id='word_1_443' title='bbox 1010 4348 1037 4387; x_wconf 71' lang='grc' dir='ltr'><strong><em>ι</em></strong></span> <span class='ocrx_word' id='word_1_444' title='bbox 1083 4325 1223 4408; x_wconf 74' lang='lat' dir='ltr'>(Em</span> <span class='ocrx_word' id='word_1_445' title='bbox 1248 4320 1485 4391; x_wconf 78' lang='grc' dir='ltr'><em>ΜαειΙι.</em></span> <span class='ocrx_word' id='word_1_446' title='bbox 1526 4321 1620 4411; x_wconf 90' lang='lat' dir='ltr'>x).</span> <span class='ocrx_word' id='word_1_447' title='bbox 2138 4333 2142 4338; x_wconf 85' lang='grc'><em>’</em></span> <span class='ocrx_word' id='word_1_448' title='bbox 2746 4406 2757 4418; x_wconf 44' lang='lat'><strong>·</strong></span> 
     </span>
    </p>

    <p class='ocr_par' dir='ltr' id='par_1_6' title="bbox 364 4406 2812 4501">
     <span class='ocr_line' id='line_1_47' title="bbox 364 4406 2812 4501; baseline -0.003 -19"><span class='ocrx_word' id='word_1_449' title='bbox 364 4409 403 4495; x_wconf 70' lang='grc' dir='ltr'><strong>ξ</strong></span> <span class='ocrx_word' id='word_1_450' title='bbox 451 4412 537 4482; x_wconf 77' lang='grc'>4.</span> <span class='ocrx_word' id='word_1_451' title='bbox 590 4412 906 4481; x_wconf 89' lang='lat' dir='ltr'>Susanna</span> <span class='ocrx_word' id='word_1_452' title='bbox 952 4431 1115 4482; x_wconf 89' lang='lat' dir='ltr'>cum</span> <span class='ocrx_word' id='word_1_453' title='bbox 1156 4409 1487 4501; x_wconf 87' lang='lat' dir='ltr'>lacrymis</span> <span class='ocrx_word' id='word_1_454' title='bbox 1547 4407 1947 4500; x_wconf 89' lang='lat' dir='ltr'>respondit:</span> <span class='ocrx_word' id='word_1_455' title='bbox 2001 4431 2038 4476; x_wconf 86' lang='lat'><strong>«</strong></span> <span class='ocrx_word' id='word_1_456' title='bbox 2089 4406 2422 4497; x_wconf 86' lang='lat' dir='ltr'>Equidem</span> <span class='ocrx_word' id='word_1_457' title='bbox 2484 4428 2683 4499; x_wconf 88' lang='lat' dir='ltr'>spero</span> <span class='ocrx_word' id='word_1_458' title='bbox 2740 4427 2812 4476; x_wconf 82' lang='grc' dir='ltr'>ιη</span> 
     </span>
    </p>
   </div>
  </div>
 </body>
</html>
