3308 5004
718 313 842 380 434
1635 328 1718 376 nx
1764 329 1819 377 s.
1874 326 2178 378 nommco
2872 305 3041 374 Ano.
3080 306 3112 374 t

626 413 1046 488 horrendam
1095 412 1518 483 vexationem
1569 412 1741 484 adeo
1792 413 2024 484 sedate
2069 425 2137 484 et
2177 412 2534 505 patienter,
2573 422 2886 500 tantaque
2930 408 3117 480 animi

624 503 1110 596 magnitudine
1156 502 1339 583 tulit,
1374 514 1450 571 ut
1482 502 1829 573 interdum
1864 525 2131 574 vermes
2162 502 2552 573 excidentes
2579 500 2935 593 colligeret,
2964 511 3024 568 et
3062 497 3120 567 in
3239 479 3240 546 l

621 605 866 684 pectus
915 613 1122 662 suum
1171 602 1553 682 reponeret.
1603 592 1935 663 visitabat
1979 613 2130 661 eam
2182 605 2464 664 sanctus
2523 591 2946 670 Dominicus,
2992 587 3123 675 ejus

621 680 1120 752 confessionem
1185 680 1582 771 recipiebat,
1636 693 1703 750 et
1752 682 1993 752 crebro
2042 680 2142 751 illi
2193 681 2693 751 Eucharistiam
2749 677 3121 779 porrigebat.

620 774 930 858 Cumque
977 770 1090 839 die
1134 769 1437 857 quodam
1488 770 1659 838 tanti
1710 771 2123 839 sacramenti
2171 791 2320 839 eam
2389 768 2661 838 fecisset
2711 767 3121 860 participem,

619 872 686 928 et
733 858 1224 930 consolationis
1271 871 1476 947 atque
1511 858 2015 930 aedificationis
2066 859 2268 929 verba
2316 858 2379 928 ei
2429 858 2863 945 loqueretur,
2912 852 3128 924 sedens

620 946 704 1017 ad
748 946 1170 1019 fenestellam
1221 947 1399 1036 ejus,
1447 948 1625 1017 inter
1672 948 1809 1018 alia
1857 949 2120 1039 rogavit
2149 969 2328 1028 eam,
2368 959 2447 1016 ut
2480 947 2707 1016 locum
2743 958 2875 1014 tam
2909 942 3130 1011 imma-

618 1038 799 1108 niter
825 1058 1179 1108 corrosum
1223 1036 1358 1127 ipsi
1397 1035 1806 1107 ostenderet.
1847 1039 2026 1108 Fecit
2059 1036 2188 1107 hoc
2223 1036 2363 1116 illa,
2406 1035 2709 1122 viditque
2746 1034 2850 1103 vir
2883 1041 3131 1102 sanctus

617 1138 861 1217 pectus
906 1126 1059 1217 ejus
1106 1123 1458 1195 vermibus
1508 1125 1792 1216 plenum
1829 1150 1843 1191 ε
1900 1126 2255 1214 multaque
2292 1143 2456 1215 erga
2494 1124 2688 1194 illam
2727 1120 3131 1217 commisera-

618 1214 803 1285 tione
847 1216 1157 1294 affectus,
1211 1217 1342 1284 Oro
1400 1225 1508 1296 te,
1560 1214 1835 1300 inquit,
1888 1227 1966 1285 ut
2022 1237 2142 1305 pro
2202 1236 2451 1305 magno
2512 1234 2800 1284 munere
2845 1208 3134 1307 largiaris

617 1304 795 1373 mihi
843 1325 1067 1373 unum
1134 1324 1215 1371 ex
1274 1302 1384 1372 his
1430 1304 1808 1374 vermibus.
1869 1303 2100 1374 Noluit
2148 1302 2269 1373 illa
2299 1359 2314 1386 ,
2371 1303 2504 1372 nisi
2554 1302 2767 1372 fidem
2825 1299 3010 1369 daret
3048 1315 3137 1364 vu·

617 1404 936 1472 sanctuS,
993 1412 1066 1461 se
1111 1411 1411 1460 vermem
1463 1391 1924 1462 redditurum.
1969 1392 2099 1463 Illo
2139 1393 2267 1462 hoc
2361 1391 2772 1473 romittente,
2822 1387 2974 1459 tulit
3012 1405 3137 1453 ver·
3245 1461 3246 1480 2

617 1502 802 1551 mem
861 1503 901 1549 a
955 1490 1262 1571 pectore,
1318 1490 1383 1548 et
1431 1501 1553 1570 per
1598 1479 2024 1552 fenestellam
2075 1481 2135 1550 ei
2187 1415 2492 1551 ιτεεῗίἀίῑ.
2547 1485 2615 1550 Is
2655 1501 2822 1552 sane
2871 1490 3140 1566 magnus

615 1581 811 1650 erat,
867 1581 1016 1639 atro
1063 1569 1310 1659 capite.
1367 1571 1450 1638 Ut
1497 1591 1654 1639 vero
1721 1569 1920 1640 illum
1983 1570 2225 1641 beatus
2289 1570 2693 1640 Dominicus
2742 1565 3043 1656 accepit,
3086 1571 3143 1628 et

617 1657 876 1749 digitos
913 1679 1076 1729 suos
1109 1658 1329 1739 vertit,
1359 1679 1660 1746 eumque
1685 1659 2006 1749 inspexit,
2046 1659 2277 1729 subito
2308 1680 2547 1729 versus
2574 1671 2680 1729 est
2712 1657 2784 1726 in
2821 1669 3140 1747 gemmam

617 1745 1233 1838 elegantissimam.
1288 1751 1379 1816 Ea
1428 1769 1499 1816 re
1546 1761 1927 1839 perspecta,
1984 1769 2118 1818 non
2157 1746 2593 1817 mediocriter
2642 1744 3146 1816 admirabantur
3247 1791 3248 1798 κ

617 1834 886 1918 fratreS,
939 1835 1062 1922 qui
1110 1857 1269 1905 cum
1321 1835 1439 1906 illo
1485 1849 1706 1919 erant,
1744 1837 2204 1924 dicebantque
2240 1836 2382 1907 viro
2420 1835 2556 1914 Dei,
2597 1857 2686 1905 ne
2719 1835 2780 1905 ei
2823 1846 3145 1930 geminam

618 1924 1031 1996 restitueret.
1083 1923 1211 1994 Illa
1259 1947 1417 1995 vero
1467 1924 1895 2016 lacrymante
1941 1938 2006 1996 et
2060 1938 2298 1996 orante
2328 1981 2343 2008 ,
2404 1937 2483 1995 ut
2531 1947 2659 1996 sua
2712 1942 2988 2015 gemma
3033 1936 3150 2018 lpst

617 2012 1041 2093 redderetur,
1083 2014 1185 2081 vir
1217 2014 1331 2083 Dei
1367 2025 1558 2085 stans
1584 2015 1948 2105 promissis
1979 2016 2150 2096 suis,
2182 2036 2330 2083 eam
2367 2013 2771 2084 fenestellae
2798 2013 2890 2081 im
2946 2017 3144 2079 osuit:

617 2124 909 2190 eamque
938 2113 1290 2192 acceptam
1331 2102 1475 2184 illa,
1522 2116 1843 2173 cernente
1876 2105 2072 2174 beato
2103 2104 2247 2173 viro
2287 2117 2353 2172 et
2386 2102 2591 2172 sociis
2626 2104 2811 2194 ejus,
2847 2123 2884 2169 a
2967 2114 3148 2167 suurn

618 2202 859 2282 pectus
907 2192 1256 2282 apposuit,
1311 2204 1589 2281 repente
1629 2193 2069 2263 mutatam-in
2114 2213 2438 2262 vermem.
2477 2198 2651 2262 Tum
2695 2212 2858 2261 vero
2892 2197 3152 2284 sanctus

615 2279 744 2361 vir,
781 2302 939 2350 cum
974 2281 1037 2350 ei
1086 2281 1259 2350 bene
1308 2294 1628 2372 precatus
1667 2293 1865 2363 esset,
1904 2303 2197 2369 eamque
2242 2283 2749 2372 consignasset,
2805 2279 2893 2350 ab
2939 2298 3015 2346 ea
3059 2272 3156 2341 di-

617 2369 881 2439 scessit.
935 2368 1064 2439 Illo
1110 2382 1339 2440 autem
1401 2392 1442 2440 a
1490 2371 1663 2440 turri
1712 2369 2172 2441 descendente
2202 2425 2217 2451 ,
2269 2370 2481 2440 ubera
2543 2369 2632 2439 ab
2698 2371 2855 2460 ejus
2905 2376 3156 2458 pectore

617 2457 1027 2529 deciderunt
1074 2481 1214 2529 una
1258 2481 1418 2530 cum
1456 2461 1831 2543 vermibuS,
1869 2459 1990 2547 qui
2027 2460 2302 2531 extincti
2352 2471 2536 2539 sunt,
2586 2471 2977 2559 pectusque
3008 2471 3160 2523 con-

616 2547 1015 2632 solidatum,
1073 2549 1400 2639 paulatim
1453 2550 1716 2640 integre
1765 2550 2154 2620 restitutum
2195 2563 2318 2630 est,
2366 2548 2744 2635 omnisque
2776 2547 2969 2617 illius
3016 2542 3159 2612 hor·

615 2637 871 2708 rendae
919 2638 1307 2729 putredinis
1352 2637 1549 2708 dolor
1594 2639 1863 2730 sopitus
1895 2651 2019 2709 est.
2074 2643 2229 2709 Post
2256 2638 2520 2725 aliquot
2558 2635 2717 2708 dies
2752 2634 2994 2706 invisit
3022 2649 3163 2701 eam

614 2726 722 2797 vir
768 2727 909 2807 Dei,
966 2725 1307 2817 planeque
1355 2728 1773 2797 incolumem
1824 2739 1888 2796 et
1948 2727 2358 2817 gaudentem
2414 2726 2695 2815 reperit.
2752 2725 2882 2796 Illa
2948 2734 3162 2821 autem

615 2816 944 2886 narrabat
974 2814 1327 2895 fratribuS,
1363 2814 1954 2902 quemadmodum
1991 2816 2102 2885 Dei
2132 2816 2352 2905 gratia
2382 2827 2448 2884 et
2481 2816 2711 2885 sancti
2751 2813 2884 2884 viri
2917 2819 3167 2883 meritis

615 2924 696 2972 eo
732 2904 972 2973 morbo
1012 2903 1303 2973 liberata
1332 2916 1531 2973 esset.

705 2992 743 3077 ξ
783 2995 928 3064 21.
983 2992 1137 3061 Fuit
1162 2991 1397 3060 itidem
1425 2996 1681 3064 Romae
1706 2990 1978 3062 inclusa
2012 2989 2353 3078 quaedam
2384 2989 2569 3080 apud
2607 2991 2867 3062 aedem
2900 2995 2970 3061 S.
3005 2993 3170 3089 Ana-

619 3078 892 3161 stasiae,
930 3080 1138 3149 Lucia
1176 3080 1453 3149 nomine
1484 3103 1498 3147 :
1532 3100 1769 3166 quam,
1817 3102 1973 3149 cum
2009 3079 2095 3149 ad
2133 3084 2197 3150 S.
2236 3080 2495 3149 Sixtum
2534 3080 2693 3163 iret,
2738 3078 3044 3153 subinde
3073 3096 3172 3145 in-

617 3166 837 3237 visere
875 3167 1135 3238 solebat
1181 3169 1287 3236 vir
1333 3168 1471 3237 Dei.
1525 3167 1691 3258 Ejus
1738 3168 2099 3239 brachium
2164 3167 2335 3239 adeo
2382 3169 2848 3239 saevissimus
2898 3165 3175 3238 morbus

617 3269 1020 3338 corroserat,
1059 3268 1134 3327 ut
1180 3278 1388 3326 carne
1434 3269 1499 3325 et
1547 3268 1706 3326 cute
1751 3258 1994 3339 exesis,
2048 3268 2265 3328 totum
2317 3278 2394 3326 os
2442 3280 2674 3346 usque
2723 3258 2812 3328 ad
2870 3256 3174 3327 cubitum

619 3342 889 3413 nudum
939 3348 1321 3436 appareret.
1372 3346 1671 3415 Jubente
1718 3360 1947 3417 autem
2000 3347 2142 3416 viro
2191 3348 2433 3428 beat0,
2489 3360 2563 3417 ut
2611 3346 3002 3417 brachium
3050 3338 3179 3446 ipsi

622 3431 1050 3533 ostenderet,
1107 3434 1223 3503 illa
1274 3434 1528 3523 paruit.
1583 3438 1661 3504 At
1705 3436 1850 3506 viso
1901 3447 2086 3505 tanto
2134 3435 2392 3518 dolore,
2435 3435 2538 3504 vir
2588 3437 2997 3525 piissimuS,
3036 3451 3180 3521 ejus

622 3533 969 3601 misertus,
1009 3527 1219 3593 Cruce
1247 3545 1400 3593 eam
1437 3523 1632 3595 consi
1688 3525 1891 3603 navit,
1929 3524 2129 3612 eique
2162 3526 2336 3595 bene
2377 3538 2729 3615 precatus,
2777 3526 2980 3595 abiit.
3019 3526 3181 3593 Con·-

621 3607 847 3679 festim
897 3610 1014 3679 illa
1066 3612 1329 3682 meritis
1374 3613 1527 3702 ejus
1589 3635 1633 3704 p
1665 3613 1991 3683 enissime
2038 3626 2274 3683 sanata
2323 3625 2447 3684 est.
2502 3613 2682 3683 Huic
2718 3614 2824 3683 rei
2878 3608 3185 3684 interfuit

624 3702 693 3766 F.
732 3698 1171 3780 BertranduS,
1212 3713 1278 3771 et
1316 3700 1715 3791 complures
1744 3701 1887 3772 alii.

708 3791 905 3856 Lumn
952 3792 1069 3857 111.
1124 3790 1160 3877 ξ
1207 3795 1281 3863 1.
1337 3789 1762 3861 Venerabilis
1796 3791 2121 3880 magister
2150 3788 2600 3880 Reginaldus,
2639 3788 2814 3862 licet
2838 3792 2993 3883 jam
3031 3808 3186 3880 pro-

617 3874 912 3946 fessione
958 3890 1133 3946 esset
1179 3878 1526 3969 obligatus
1578 3879 1843 3961 Ordini,
1887 3891 1956 3949 at
2011 3890 2232 3947 tamen
2284 3900 2445 3946 cum
2498 3879 2682 3948 bona
2743 3881 2960 3950 venia
3011 3874 3185 3947 beati

622 3965 981 4046 Dominici,
1022 3978 1098 4036 ut
1153 3988 1358 4037 suum
1407 3967 1707 4056 expleret
1754 3967 2202 4048 desiderium,
2255 3989 2415 4037 cum
2467 3968 2824 4067 Episcopo
2877 3966 3190 4039 Aurelia-

617 4055 815 4122 nensi
883 4077 1069 4124 mare
1128 4057 1424 4126 transiit.
1493 4056 1802 4144 Indeque
1858 4077 2217 4136 reversuS,
2288 4061 2662 4125 Bononiam
2736 4060 2941 4129 venit
3004 4076 3190 4126 anno

621 4156 856 4240 partae
904 4144 1148 4214 salutis
1195 4167 1471 4216 nccxvm
1520 4150 1604 4215 42
1653 4144 1930 4215 Calend.
1982 4143 2344 4215 Januarii:
2398 4145 2769 4234 coepitque
2807 4169 2976 4217 mox
3012 4158 3197 4217 totus

622 4250 691 4331 in
727 4232 1091 4303 conciones
1140 4233 1563 4305 incumbere.
1618 4238 1778 4304 Erat
1809 4254 1966 4303 vero
2006 4233 2442 4302 vehementer
2480 4233 2791 4323 ignitum
2825 4236 3195 4323 eloquium

620 4338 820 4403 eJuS,
886 4343 1246 4411 sermoque
1315 4324 1465 4414 ejus
1533 4343 1663 4392 ceu
1727 4321 1955 4393 facula
2020 4321 2270 4392 ardens
2334 4321 2740 4391 auditorum
2795 4324 3024 4395 corda
3092 4323 3202 4392 in-

622 4406 1079 4493 flammabat,
1139 4424 1219 4482 ut
1264 4412 1375 4481 vix
1419 4412 1792 4501 quisquam
1843 4424 1982 4482 tam
2035 4432 2237 4482 saxeo
2284 4421 2460 4481 esset
2508 4421 2793 4501 pectore
2829 4468 2848 4496 ,
2938 4413 3070 4503 qui
3132 4432 3204 4481 se
