3308 5004
200 327 406 394 AUG.
457 328 498 392 7
1046 346 1103 393 s.
1156 343 1521 395 cumanus
1568 346 1932 396 mutuans
2561 330 2691 397 2⁴9

204 452 338 501 cor
363 430 517 521 ejus
567 451 701 500 non
756 431 1171 512 sustineret;
1225 431 1391 501 hinc
1415 432 1624 521 juges
1660 431 2032 522 lacrymae,
2087 434 2414 526 suspiria,
2453 433 2774 524 gemituS,

203 531 565 600 exstaseS,
622 520 793 590 tanti
843 518 1111 589 ardoris
1160 520 1444 590 indicia.
1497 520 1699 603 Hinc,
1755 535 1834 591 ut
1894 539 2136 591 omnes
2208 522 2448 593 eadem
2499 522 2781 592 flamma

211 607 697 690 succenderet,
752 608 1186 679 discurrebat
1232 609 1370 681 huc
1410 607 1578 679 illuc
1613 609 1684 678 in
1737 609 2267 681 similitudinem
2317 610 2621 703 fulguris
2667 633 2783 681 co-

211 698 594 776 ruscantis,
649 710 855 784 atque
900 712 979 767 ut
1024 698 1328 785 amicum
1381 698 1770 789 praesulem
1804 753 1820 780 ,
1873 699 1961 770 ob
2011 700 2442 790 negotiorum
2508 699 2782 790 copiam

214 786 485 874 quibus
532 785 1008 857 destinebatur
1039 808 1314 857 sacrum
1346 787 1656 874 quotidie
1694 786 1916 858 facere
1954 789 2403 870 omittentem,
2445 801 2774 870 moneret,

212 880 515 946 Romam
567 875 840 945 advolat
889 875 987 946 vel
1058 887 1414 946 aestuante
1466 876 1786 947 canicula
1816 932 1832 959 ,
1876 878 2130 968 pioque
2176 878 2403 949 officio
2449 876 2730 948 functus
2759 931 2776 959 ,

212 963 575 1054 Neapolim
621 964 806 1034 illico
840 964 1068 1035 rediit.

306 1055 346 1141 ἓ
393 1058 475 1125 8.
530 1053 911 1124 Catholicae
951 1054 1113 1122 fidei
1144 1053 1310 1135 zelo,
1348 1065 1414 1124 et
1442 1052 1524 1123 ad
1568 1052 2069 1125 haereticorum
2111 1055 2614 1136 confusionem,
2660 1059 2783 1126 Or-

219 1140 464 1212 dinem
501 1141 916 1213 Clericorum
948 1142 1396 1231 Regularium
1435 1142 1758 1223 instituit,
1788 1166 1869 1213 ac
1909 1143 2109 1233 plura
2150 1145 2548 1215 haereseum
2587 1165 2784 1214 mon-

217 1243 364 1300 stra
403 1285 419 1312 ,
471 1251 850 1320 earumque
901 1231 1194 1301 latebras
1243 1231 1485 1302 sedula
1548 1233 1616 1301 in
1672 1232 1996 1303 uisitione
2061 1255 2195 1303 non
2261 1233 2470 1303 semel
2532 1232 2782 1303 detexit

217 1342 304 1389 ac
348 1320 781 1410 profligavit,
833 1318 1286 1407 e'usdemque
1334 1319 1491 1390 fidei
1545 1343 1623 1391 ar
1673 1342 1789 1391 ore
1853 1322 2267 1412 absumptus
2325 1321 2632 1391 ereditur
2676 1321 2783 1390 in-

215 1409 514 1490 teriisse,
547 1430 704 1478 cum
739 1409 845 1478 Tri
902 1410 1208 1479 entinam
1248 1408 1602 1500 Synodum
1639 1432 1676 1480 a
1713 1411 1972 1502 coeptis
2018 1410 2346 1481 desistere
2392 1423 2458 1480 et
2488 1409 2780 1480 ulterius

218 1518 364 1567 non
403 1498 720 1588 progredi
761 1511 926 1568 tunc
976 1497 1258 1567 videret.

312 1590 350 1674 ξ
400 1590 497 1657 9.
551 1587 855 1656 Orationi
908 1588 1002 1656 ita
1040 1586 1360 1659 addictus
1397 1599 1566 1667 erat,
1618 1598 1718 1668 ut,
1770 1586 2110 1675 quidquid
2153 1611 2192 1658 a
2224 1587 2620 1659 domesticis
2661 1608 2782 1657 ne—

216 1675 430 1766 gotiis
462 1688 672 1762 atque
703 1675 924 1746 salute
956 1676 1349 1746 animarum
1384 1676 1823 1767 procuranda
1871 1678 2200 1768 temporis
2231 1690 2352 1746 aut
2382 1676 2500 1747 otii
2538 1697 2782 1766 super-

214 1777 446 1846 esset,
501 1764 795 1834 orationi
842 1776 963 1834 aut
1026 1764 1454 1835 meditationi
1521 1764 1760 1845 daret,
1839 1787 2039 1836 mane
2107 1766 2483 1835 matutinas
2543 1786 2778 1856 preces

220 1854 574 1923 maturius
623 1866 1076 1935 antevertenS,
1131 1876 1211 1924 ac
1260 1875 1539 1944 vespere
1586 1852 1670 1923 ad
1715 1854 2003 1923 multam
2056 1868 2320 1925 noctem
2367 1876 2575 1924 orans
2623 1866 2781 1924 ante

219 1963 417 2011 aram
459 1942 830 2011 maximam
867 1941 1124 2012 elevata
1154 1943 1225 2011 in
1266 1947 1475 2012 Deum
1527 1954 1757 2012 mente
1787 1943 2235 2033 transigeret;
2288 1942 2593 2016 divinam
2634 1964 2775 2012 rem

217 2030 561 2112 facturus,
617 2042 799 2101 totus
849 2032 916 2100 in
972 2031 1318 2121 lacrymas
1350 2030 1856 2112 effundebatur,
1900 2053 2108 2118 seque
2138 2052 2219 2101 eo
2255 2032 2634 2101 ministerio
2678 2032 2781 2100 in-

216 2119 515 2210 dignum
569 2133 920 2209 reputanS‚
977 2141 1271 2210 magnae
1320 2121 1578 2203 Matris,
1632 2121 1836 2211 cujus
1874 2132 2017 2189 erat
2065 2120 2771 2207 obsequentissimus,

219 2230 424 2299 opem
479 2208 919 2299 implorabat,
974 2222 1052 2278 ut
1099 2209 1449 2279 vivificum
1494 2215 1764 2300 Agnum
1813 2212 1892 2278 ea
1923 2231 2060 2296 qua
2107 2209 2393 2279 decebat
2421 2209 2779 2279 devotione

220 2298 628 2388 susciperet,
686 2297 1089 2389 concipiens
1137 2297 1548 2368 dulcissimo
1594 2296 1896 2384 quodam
1949 2300 2199 2368 mentis
2245 2298 2491 2367 obtutu
2539 2297 2778 2367 adesse

218 2386 406 2487 inibi
440 2387 824 2475 Deiparam,
863 2408 1039 2474 quae
1066 2386 1520 2456 lectissimum
1558 2386 1806 2456 Filium
1839 2407 2055 2477 prona
2086 2409 2167 2456 ac
2199 2387 2531 2457 munifica
2564 2407 2778 2457 manu

268 2496 407 2545 orri
463 2487 625 2546 eret.

218 2497 343 2657 pfl
391 2498 551 2637 ἰεῦ.
607 2569 792 2635 Inter
850 2578 1168 2644 sanctos,
1232 2586 1407 2651 quos
1526 2577 1804 2635 atronos
1867 2564 1955 2633 ob
2003 2563 2371 2654 specialem
2436 2563 2778 2653 cujusque

265 2654 760 2743 raerogativam
814 2667 1018 2742 atque
1066 2652 1150 2722 ad
1202 2653 1444 2722 imitan
1503 2674 1619 2722 um
1674 2653 1808 2723 sibi
1860 2666 2332 2743 proposuerat,
2374 2653 2616 2742 maj0ri
2667 2674 2779 2722 co-

241 2744 401 2813 ebat
458 2743 708 2813 affectu
769 2743 840 2812 in
908 2743 1155 2833 primis
1203 2747 1476 2811 Petrum
1545 2741 2015 2832 apostolorum
2092 2741 2479 2832 principem
2521 2795 2536 2822 ,
2606 2762 2774 2811 suae
2855 2786 2858 2787 ν

220 2831 783 2932 congregationis
845 2844 1106 2933 patrem
1157 2843 1222 2899 et
1269 2830 1802 2920 antesignanum
1843 2885 1858 2911 ,
1930 2830 2044 2901 cui
2109 2842 2469 2920 propterea
2536 2851 2616 2899 ex
2665 2830 2778 2901 sui

217 2932 645 3012 praescripto
681 2922 1088 2990 nominatim
1128 2931 1279 2989 vota
1311 2919 1645 2988 solemnia
1678 2941 1720 2988 a
1769 2918 2046 2990 Clericis
2095 2917 2558 3010 Regularibus
2594 2941 2778 2989 nun-

218 3023 605 3099 cupantur,
660 3008 998 3079 Andream
1048 3009 1209 3077 item
1275 3007 1663 3099 apostolum
1713 3020 1780 3078 et
1828 3012 2079 3079 Lucam
2132 3005 2624 3097 evangelistam
2687 3007 2776 3077 ob

226 3099 478 3168 ardens
525 3098 595 3167 in
646 3098 906 3167 eisdem
956 3096 1379 3168 desiderium
1433 3096 1707 3176 Crucis,
1758 3098 1965 3187 cujus
2013 3099 2266 3167 tessera
2307 3094 2518 3166 voluit
2565 3117 2775 3166 suum

224 3186 545 3257 Ordinem
581 3187 931 3278 insigniri,
963 3186 1405 3256 Franciscum
1438 3186 1643 3255 etiam
1681 3186 2152 3265 Assisinatem,
2189 3184 2275 3255 ob
2316 3184 2497 3255 idem
2536 3185 2776 3255 Crucis

222 3275 643 3346 consortium
679 3330 694 3358 ,
754 3288 958 3363 atque
1005 3276 1092 3345 ob
1147 3275 1575 3366 paupertatis
1619 3296 1925 3345 amorem
1963 3329 1979 3356 ,
2036 3275 2408 3365 praecipuo
2470 3273 2774 3361 quodam

220 3364 414 3434 cultu
462 3365 939 3435 venerabatur.

303 3455 338 3540 ξ
386 3459 521 3526 ¹1.
578 3457 708 3543 Spe
755 3453 827 3522 in
880 3458 1090 3522 Deum
1139 3456 1388 3534 erecta,
1446 3451 1985 3523 sollicitudinem
2036 3471 2313 3522 omnem
2366 3450 2776 3541 projiciebat

227 3539 290 3609 in
340 3563 530 3621 eum,
582 3554 659 3612 ut
709 3554 1068 3632 propterea
1113 3542 1392 3612 unicam
1443 3541 1623 3611 hanc
1673 3543 1742 3610 in
1797 3546 1928 3611 Deo
1975 3539 2306 3611 fiduciam
2358 3540 2596 3611 Ordini
2648 3562 2774 3612 suo

227 3651 344 3718 pro
394 3628 738 3700 latifundo
806 3630 1114 3710 dederit3
1167 3643 1485 3717 totusque
1548 3643 1696 3700 erat
1741 3632 1812 3699 in
1865 3629 2058 3720 regni
2104 3630 2419 3700 coelestis
2479 3629 2774 3716 inquisi-

231 3718 427 3799 tione,
483 3720 877 3789 animarum
930 3718 1448 3799 sollicitudine,
1505 3719 1694 3789 verbi
1746 3719 1862 3788 Dei
1916 3718 2428 3809 praedicatione
2462 3773 2477 3798 ‚
2549 3740 2775 3788 sacra-

230 3819 614 3878 mentorum
666 3808 909 3878 sedula
942 3807 1564 3887 administratione,
1611 3807 1830 3877 divini
1862 3807 2093 3878 cultus
2127 3808 2370 3889 nitore,
2402 3810 2774 3894 exactaque

226 3917 571 3966 sacrorum
607 3896 865 3967 rituum
899 3896 1332 3967 observantia
1362 3920 1378 3977 3
1423 3917 1720 3983 quorum
1757 3895 2037 3983 quidem
2074 3896 2421 3986 peculiare
2461 3894 2771 3966 studium

223 3985 364 4055 suis
411 3985 877 4066 demandavit,
930 3998 997 4055 et
1044 3984 1354 4075 ejusdem
1425 3984 1791 4055 Clementis
1841 3989 1956 4054 VlI
1994 3985 2226 4074 jussu,
2264 3983 2589 4054 Breviarii
2639 3988 2773 4053 Ro-

223 4075 409 4144 mani
456 4073 1035 4155 reformationem,
1088 4077 1231 4144 una
1277 4094 1439 4143 cum
1494 4073 1823 4175 praefato,
1865 4085 2028 4143 tunc
2062 4074 2132 4143 in
2185 4073 2574 4143 minoribus
2605 4093 2772 4143 con-

223 4162 475 4245 stituto,
508 4168 773 4233 Joanne
807 4168 999 4234 Petro
1030 4161 1270 4233 Carasa
1299 4161 1521 4233 sodali
1562 4185 1713 4244 suo,
1753 4183 2125 4254 aggressus
2157 4173 2281 4244 est,
2319 4183 2498 4250 quae
2539 4174 2772 4252 postea

223 4251 410 4324 novis
456 4253 646 4322 curis
679 4252 993 4322 absoluta
1032 4266 1097 4323 et
1130 4251 1408 4342 vulgata
1447 4264 1574 4322 est.

303 4341 340 4427 ξ
386 4346 536 4413 1².
591 4346 851 4431 Corpus
875 4339 1269 4411 afflictando
1301 4340 1606 4430 integras
1640 4339 2057 4428 quandoque
2085 4351 2316 4412 noctes
2350 4340 2763 4421 insumebat,

218 4427 428 4500 ferrea
474 4434 714 4500 catena
759 4443 825 4500 et
862 4430 1100 4521 flagris
1148 4428 1320 4499 illud
1371 4428 1897 4511 diverberando;
1951 4429 2151 4503 cibus
2198 4429 2304 4500 illi
2344 4429 2653 4522 vulgaris
2701 4442 2770 4499 et
