3308 5004
158 295 356 364 AUG.
408 295 493 361 24
832 312 915 360 nx
957 312 1016 361 s.
1070 310 1367 361 annotino
1414 309 1612 360 nmsc.
1668 310 2032 361 immone.
2503 298 2634 365 599

158 397 403 469 cuncti
452 395 1083 487 prudentissimum
1125 393 1633 477 consiliarium,
1664 417 1926 487 pacem
1976 397 2233 488 populo
2282 398 2398 468 Dei
2448 420 2722 491 semper

155 481 677 566 conciliantem,
716 483 1260 575 praedicatorem
1306 483 1694 576 egregium,
1750 506 2138 576 pauperum
2190 487 2717 574 consolatorem,

159 573 670 646 monachorum
722 584 1012 664 patrem,
1069 586 1412 665 pastorem
1461 572 1898 655 clericorum,
1938 573 2439 646 haereticorum
2490 600 2724 668 perse-

159 676 501 745 cutorem,
557 664 752 753 regni
785 674 1105 745 tutorem,
1155 674 1222 733 et
1269 661 1611 732 Ecclesiae
1663 661 2049 734 Catholicae
2107 679 2716 757 propugnatorem.

162 757 354 824 Inter
391 753 560 822 haec
608 773 767 822 vero
817 763 1049 843 patent
1085 752 1234 841 jam
1269 751 1468 821 beato
1516 751 1832 842 pontifici
1877 751 2228 824 coelorum
2281 754 2560 845 palatia,
2614 779 2723 827 se-

160 846 507 911 cretorum
558 862 814 911 arcana
879 852 1293 912 reserantur.
1360 839 1672 910 Sociatus
1713 840 1865 929 jam
1930 841 2163 913 choris
2209 855 2609 914 sanctorum
2656 856 2724 917 et

158 929 182 999 l
281 929 556 1001 ionibus
600 929 1016 1020 Angelorum
1046 984 1063 1010 ,
1116 929 1545 1020 glorificatus
1609 940 1714 999 est
1760 929 1939 1000 inter
1996 952 2192 1001 arces
2254 931 2716 1023 apostolicas,

155 1041 242 1088 co
278 1019 542 1089 locatus
587 1019 769 1087 inter
801 1018 1355 1109 patriarcharum
1388 1029 1454 1089 et
1502 1017 1995 1109 prophetarum
2047 1031 2338 1101 turmaS,
2385 1034 2453 1092 et
2499 1020 2569 1090 in
2610 1021 2721 1092 lu-

154 1107 545 1179 cidissimis
594 1109 949 1178 beatorum
997 1107 1244 1178 castris
1277 1119 1709 1177 numeratus,
1740 1107 2127 1178 Tristantur
2154 1108 2335 1180 cives
2381 1121 2448 1179 et
2481 1109 2715 1193 vicini,

154 1209 227 1268 et
261 1197 631 1267 Audoenus
672 1195 929 1266 laboris
968 1196 1076 1267 sui
1141 1195 1526 1266 mercedem
1576 1195 1970 1286 accipiens,
2014 1197 2533 1297 jucundissime
2579 1198 2722 1269 lae·

153 1297 371 1357 tatur.
426 1284 844 1355 Tunduntur
891 1284 1217 1355 manibus
1268 1297 1565 1375 pectora,
1620 1284 1756 1375 piis
1795 1306 1917 1355 ora
1977 1306 2036 1354 τι
2089 1298 2298 1356 antur
2364 1286 2715 1376 lacrymis,

152 1387 224 1446 et
285 1375 529 1446 beatus
568 1374 853 1446 antistes
901 1396 974 1444 se
1022 1372 1269 1444 mundi
1343 1373 1635 1445 nexibus
1681 1373 1937 1464 gaudet
2005 1397 2041 1443 a
2097 1374 2426 1445 solutum.
2499 1376 2719 1468 Regni

154 1475 458 1535 tutorem
493 1484 735 1533 omnes
765 1474 1115 1552 expetunt,
1166 1483 1371 1550 quem
1425 1462 1691 1554 plateae
1729 1461 2043 1533 coelestis
2088 1463 2473 1535 Jerusalem
2523 1486 2721 1535 coro-

153 1565 406 1623 natum
447 1572 793 1643 excepere.
838 1556 891 1622 Ο
936 1562 1198 1639 quanta
1243 1550 1373 1619 fuit
1404 1565 1572 1621 tunc
1620 1550 2096 1640 plaudentium
2132 1558 2228 1623 An
2278 1551 2544 1623 elorum
2580 1553 2721 1624 lae-

153 1642 347 1714 titia:
400 1650 465 1709 ct
512 1654 739 1710 tamen
791 1661 928 1711 non
978 1639 1419 1720 mediocriter
1475 1639 1676 1798 Pium
1746 1653 1850 1710 est
1895 1641 2062 1712 flere
2114 1645 2212 1711 Au
2266 1644 2545 1724 oenum,
2597 1643 2721 1731 qui

152 1743 239 1801 ut
290 1729 648 1800 coelestem
683 1729 890 1799 vitam
940 1728 1136 1799 duxit
1181 1729 1251 1816 ip
1305 1750 1469 1799 secu
1500 1752 1564 1810 o,
1620 1729 1711 1799 ita
1772 1728 1976 1799 modo
2025 1741 2296 1820 togatus
2392 1731 2598 1800 audet
2644 1731 2719 1801 in

156 1818 379 1899 coe10,
419 1828 486 1887 et
530 1818 602 1887 in
640 1817 1100 1904 tabernaculis
1137 1817 1489 1908 justorum
1542 1840 1797 1909 magna
1843 1841 2006 1888 cum
2060 1753 2557 1907 tranquiffiitate
2608 1841 2720 1890 re-

152 1905 480 1996 quiescit,
520 1907 810 1996 stipatus
844 1907 1228 1995 frequentia
1254 1905 1695 2008 Angelorum.
1723 1911 2092 1993 Postquam
2123 1919 2353 1977 autem
2400 1906 2720 1998 planctus

159 1994 534 2087 paululum
567 1996 846 2083 quievit,
879 1995 1223 2087 Episcopi,
1258 2017 1382 2082 qui
1429 1995 1870 2078 advenerant,
1911 2001 2049 2066 Rex
2076 2008 2140 2067 et
2179 1996 2466 2087 Regina,
2510 1996 2723 2084 Major

161 2085 445 2165 domuS,
490 2084 630 2155 sive
679 2085 1008 2175 magister
1053 2084 1390 2171 equitum,
1443 2085 1817 2172 cunctique
1849 2083 2088 2175 palatii
2130 2085 2507 2177 principeS,
2539 2085 2723 2159 beati

161 2172 299 2243 viri
346 2194 595 2264 corpus
641 2173 887 2244 feretro
947 2174 1402 2264 imponenteS,
1456 2195 1689 2243 sacras
1751 2174 2075 2260 exequias
2121 2174 2714 2247 concelebrarunt.

162 2262 624 2342 Laetabantur
648 2261 934 2352 singuli,
964 2275 1030 2332 et
1067 2262 1138 2332 in
1175 2262 1474 2332 maximo
1507 2261 1703 2332 lucro
1728 2262 2193 2352 ponebant,.si
2218 2285 2473 2353 corpus
2499 2263 2721 2334 sancti

163 2350 298 2419 viri
345 2352 415 2421 in
467 2352 792 2422 humeros
824 2349 1185 2421 sustollere
1233 2351 1488 2421 liceret.
1528 2356 1836 2437 Cumque
1866 2350 1951 2419 ad
1990 2362 2268 2441 pontem
2303 2355 2531 2421 Isarae
2555 2371 2719 2420 cum

159 2439 468 2512 maximo
517 2439 797 2522 honore,
850 2440 1161 2531 et·digno
1209 2440 1474 2512 funeris
1512 2451 1918 2510 ornamento
1958 2438 2288 2510 laudibus
2326 2450 2391 2510 et
2444 2438 2720 2529 hymnis
2751 2485 2772 2502 ..

156 2529 617 2600 decantandis
667 2530 1161 2620 pervenissent,
1204 2542 1467 2600 noctem
1507 2541 1713 2599 totam
1765 2529 1835 2597 in
1871 2529 1986 2597 Dei
2032 2527 2360 2599 laudibus
2407 2550 2714 2617 exegere.

158 2619 332 2689 Inde
379 2641 539 2689 vero
571 2621 762 2709 regia
808 2619 1113 2710 dignitas
1146 2641 1308 2689 cum
1358 2617 1578 2688 multo
1623 2616 1846 2686 animi
1893 2616 2125 2687 dolore
2172 2617 2376 2687 rediit
2422 2617 2509 2688 ad
2560 2610 2722 2698 sua:

157 2729 457 2778 cernens
485 2707 786 2777 ablatam
837 2730 980 2780 ase
1029 2708 1304 2778 Domini
1354 2706 1828 2807 margaritam.

244 2798 284 2883 ξ
331 2799 492 2868 84.
546 2801 717 2867 Tum
752 2818 911 2866 vero
961 2796 1325 2887 permultis
1366 2794 1720 2886 Episcopis
1751 2793 1820 2862 in
1861 2816 2090 2865 unum
2117 2795 2740 2876 convenientibus:

157 2885 648 2975 adjunctisque
694 2885 1209 2956 venerabilibus
1240 2884 1639 2966 Abbatibus,
1694 2882 2193 2964 sacerdotibuS,
2239 2882 2601 2953 monachis
2655 2894 2722 2954 et

155 2972 457 3053 clericiS,
510 2974 810 3062 itemque
848 2976 1014 3045 viris
1062 2973 1454 3044 illustribus
1486 2984 1552 3042 et
1585 2971 1810 3043 turbis
1857 2971 2303 3063 populorum,
2349 2995 2511 3042 cum
2557 2977 2721 3045 Cru-

159 3063 367 3133 cibus
431 3074 497 3132 et
568 3061 1014 3154 lampadibus
1089 3075 1296 3150 atque
1355 3060 1932 3150 thymiamateriis
2001 3061 2073 3129 in
2125 3060 2720 3133 Volcassinenscm

211 3150 592 3221 rovinciam
642 3166 804 3221 sunt
837 3152 1157 3243 ingressi,
1211 3171 1624 3238 summoque
1653 3172 1815 3220 cum
1848 3149 2108 3220 honore
2137 3149 2413 3220 beatum
2465 3148 2720 3240 corpus

161 3175 477 3311 humeris
525 3253 891 3329 gestanteS,
960 3240 1201 3310 laudes
1259 3251 1325 3310 et
1373 3239 1672 3329 hymnos
1720 3243 1855 3308 Deo
1930 3238 2312 3320 canebant,
2382 3261 2518 3309 non
2569 3239 2720 3311 sine

162 3328 404 3400 multis
451 3327 780 3418 lacrymis
848 3339 1309 3419 respectantes
1356 3327 1685 3399 feretrum
1737 3329 2033 3417 pastoris
2095 3328 2230 3398 sui.
2284 3332 2383 3397 Ita
2431 3328 2718 3398 demum

160 3418 669 3507 Rothbmagum
702 3440 864 3487 cum
907 3440 1102 3489 sacro
1149 3439 1435 3509 corpore
1468 3416 1900 3508 perveniunt,
1954 3430 2161 3505 atque
2209 3415 2352 3486 illic
2400 3418 2474 3486 in
2539 3415 2719 3487 beati

165 3507 340 3577 Petri
390 3506 692 3596 Apostoli
740 3506 1051 3589 basilica,
1105 3505 1277 3589 loco,
1333 3528 1541 3595 quem
1589 3507 1741 3597 ipse
1788 3506 1922 3577 sibi
1984 3517 2534 3597 praeparaverat,
2599 3505 2716 3574 de-

166 3596 563 3665 centissime
592 3595 768 3666 illud
818 3618 891 3666 se
944 3595 1186 3667 eliunt.

150 3692 153 3695 ’
251 3687 289 3771 ξ
336 3689 497 3757 85.
548 3683 676 3754 Illa
703 3706 859 3754 vero
940 3684 1202 3767 asilica,
1238 3686 1309 3755 in
1340 3705 1479 3772 qua
1514 3695 1752 3754 sancta
1787 3683 1942 3771 ejus
1982 3682 2287 3752 membra
2325 3683 2714 3770 quiescunt,

174 3773 345 3842 miro
394 3794 598 3863 opere
654 3773 942 3861 quadris
1009 3774 1363 3865 lapidibus
1423 3773 1735 3843 Gotthica
1783 3794 2000 3842 manu
2055 3794 2096 3840 a
2151 3771 2378 3861 primo
2427 3769 2719 3840 Clotario

176 3862 582 3932 Francorum
616 3868 819 3953 Rege,
859 3862 1025 3933 olim
1076 3863 1398 3933 nobiliter
1429 3872 1827 3931 constructa
1872 3860 2027 3940 fuit,
2074 3880 2259 3929 anno
2289 3858 2449 3952 plus
2487 3858 2723 3929 minus

175 3964 408 4031 quarto
456 3962 522 4021 et
569 3952 893 4022 vicesimo
926 3953 1122 4042 regni
1167 3953 1343 4040 ejuS‚
1406 3950 1638 4020 sedem
1696 3949 2316 4037 Rothomagensem
2373 3947 2725 4018 obtinente

183 4035 396 4109 Flavio
443 4040 805 4132 Episcopo.
846 4041 974 4111 Ubi
1005 4041 1339 4111 Dominus
1383 4044 1587 4110 Jesus
1617 4038 1953 4120 ChristuS,
2009 4036 2271 4106 meritis
2309 4035 2492 4106 beati
2528 4057 2726 4125 prae-

189 4123 352 4222 sulis
395 4130 704 4200 Audoe'ni
749 4129 1316 4219 suffragantibuS,
1356 4127 1574 4199 multa
1603 4127 1936 4197 virtutum
1974 4125 2032 4196 si
2089 4147 2174 4195 na
2209 4147 2432 4213 usque
2479 4124 2550 4194 in
2599 4124 2725 4194 ho·

188 4208 491 4286 dlernum
543 4218 726 4288 diem
774 4218 1042 4289 efficere
1092 4239 1226 4287 non
1276 4228 1521 4288 cessat.
1560 4222 1691 4287 Nec
1728 4216 1797 4284 in
1846 4215 2000 4303 ejus
2089 4226 2398 4284 umtaxat
2429 4236 2510 4285 ea
2547 4213 2725 4283 fiunt

186 4304 568 4390 sepulturae
617 4307 788 4390 locO,
843 4307 963 4378 sed
1000 4308 1069 4376 in
1114 4305 1353 4378 multis
1400 4306 1606 4375 etiam
1649 4304 2047 4396 provinciis,
2086 4325 2260 4392 quas
2307 4304 2412 4373 vir
2451 4301 2724 4372 Domini

187 4384 477 4465 docendo
527 4397 933 4489 peragravit.
978 4401 1164 4481 Quae
1212 4396 1272 4467 si
1318 4394 1477 4485 quis
1523 4393 1801 4487 plenius
1863 4414 2062 4473 nesse
2109 4393 2291 4476 velit,
2356 4392 2725 4485 perlustret

2735 3620 2761 3653 Q
