3308 5004
73 339 275 408 AUG.
337 340 423 407 28
954 358 1043 404 nr.
1082 358 1157 410 s..
1192 287 1465 406 summo¹
1507 357 1796 405 nni-vnn
2421 339 2540 408 70⁴

76 443 219 512 nisi
257 443 589 513 orationis
635 443 871 522 causa,
926 442 1256 512 Viennam
1294 442 1512 524 adire,
1566 455 1632 513 et
1667 443 2035 534 praecipue
2081 444 2481 534 sepulcrum
2536 443 2641 513 vi-

81 533 298 602 sitare
330 532 625 602 Ferreoli
678 531 1007 621 martyris
1059 531 1366 620 gloriosi.
1418 532 1772 602 Insederat
1826 533 2013 603 enim
2072 533 2309 614 menti,
2364 545 2643 624 propter

75 621 446 708 antiquam
497 621 937 690 dilectionem
986 641 1254 700 eorum,
1309 643 1418 691 me
1457 622 1557 691 sic
1588 643 1736 690 esse
1768 621 1925 711 ejus
1953 621 2346 702 alumnum,
2390 635 2470 693 ut
2512 629 2641 690 Ju-

80 709 285 779 liani.
338 710 642 797 Denique
687 709 996 780 oratione
1042 708 1245 789 facta,
1295 710 1485 801 erigo
1516 710 1878 780 oculorum
1919 710 2137 779 aciem
2174 710 2261 780 ad
2305 710 2637 792 tribunal,

81 799 579 889 conspicioque
626 799 696 867 in
746 819 827 868 eo
874 798 1254 884 versiculos
1280 799 1410 868 boc
1460 799 1664 870 modo
1695 799 2123 890 conscriptos

487 941 713 1005 Heroas
742 937 966 1004 Christi
1012 943 1286 1020 geminos
1331 942 1476 1005 haec
1518 944 1798 1006 continet
1837 943 2005 1007 aula:

404 1021 716 1085 lulianum
760 1024 982 1102 capite,
1026 1038 1275 1101 corpore
1319 1021 1697 1087 Ferreolum.

178 1158 490 1241 Cumque
539 1154 704 1223 haec
753 1153 1023 1244 legens,
1077 1153 1435 1225 aedituum
1484 1155 1946 1235 consulerem,
1989 1175 2122 1226 cur
2173 1155 2340 1226 haee
2389 1156 2647 1247 scripta

81 1244 191 1313 sic
246 1241 524 1323 suerint,
599 1241 990 1334 respondit:
1045 1244 1337 1314 Basilica
1396 1246 1621 1314 sancti
1672 1245 2000 1334 martyris
2065 1244 2357 1314 Ferreoli
2438 1266 2647 1336 super

79 1333 321 1423 ipsum
374 1332 690 1401 Rhodani
743 1333 906 1401 litus
953 1332 1041 1400 ab
1074 1333 1380 1420 antiquis
1441 1333 1666 1404 fuerat
1713 1334 2069 1405 collocata.
2127 1335 2430 1422 Denique
2483 1355 2645 1405 cum

80 1419 511 1510 impulsante
563 1420 882 1491 violentia
928 1421 1179 1501 amnis,
1221 1421 1549 1508 porticus,
1603 1444 1783 1510 quae
1828 1423 1918 1492 ab
1958 1443 2044 1492 ea
2093 1436 2285 1524 parte
2341 1432 2486 1492 erat
2531 1423 2648 1492 ,Ιο-

79 1522 261 1588 cata,
316 1522 684 1589 corrueret,
739 1509 1069 1600 providus
1116 1510 1458 1592 sacerdoS,
1516 1517 1887 1581 Mamertus
1920 1532 2246 1592 nomine,
2299 1512 2419 1599 qui
2481 1523 2648 1582 tunc

82 1599 543 1668 Viennensem
611 1600 887 1688 regebat
933 1598 1346 1693 ecclesiam,
1433 1601 1709 1670 ruinam
1783 1599 2085 1670 futuram
2167 1601 2640 1691 praevenienS,

80 1688 295 1756 aliam
328 1686 995 1778 basilicameleganti
1028 1709 1235 1779 opere
1268 1689 1421 1757 etin
1453 1689 1606 1780 ipsa
1641 1710 1967 1760 mensura
2004 1689 2234 1780 sagaci
2267 1688 2649 1759 intentione

81 1776 495 1856 construxit,
537 1776 704 1847 illuc
744 1778 964 1846 sancti
1016 1776 1335 1864 martyris
1399 1777 1769 1848 transferre
1827 1780 2119 1868 cupiens
2178 1798 2457 1869 corpus.
2511 1778 2647 1847 Ad-

86 1866 275 1934 venit
312 1877 539 1934 autem
597 1865 681 1934 ad
734 1866 864 1935 hoc
911 1887 1088 1956 opus
1148 1866 1485 1936 Abbatum
1554 1881 1759 1954 atque
1802 1867 2293 1937 monachorum
2350 1887 2647 1958 magnus

89 1974 457 2034 numerus,
507 1954 923 2044 vigilataque
994 1969 1211 2035 nocte,
1266 1968 1547 2045 accepto
1594 1956 1870 2026 sarculo
1930 1957 2164 2026 fodere
2245 1967 2646 2047 coeperunt.

90 2047 405 2128 Cumque
460 2043 529 2110 in
584 2043 925 2133 profundo
958 2043 1475 2127 descenderent,
1524 2045 1647 2114 tria
1721 2044 2040 2136 sepulcra
2091 2046 2489 2137 reperiunt,
2568 2065 2649 2114 ac

88 2128 455 2201 confestim
491 2144 731 2221 stupor
779 2146 1041 2201 mentes
1090 2135 1547 2221 spectantium
1600 2135 1886 2203 invadit.
1925 2140 2053 2204 Nec
2096 2134 2463 2222 quisquam
2501 2144 2648 2203 erat

85 2231 348 2300 certuS‚
382 2220 704 2305 quisnam
747 2233 923 2290 esset
970 2221 1145 2291 beati
1187 2223 1507 2309 martyris
1555 2222 1892 2292 tumulus.
1928 2229 1952 2292 1
2007 2225 2147 2292 itur
2178 2245 2337 2291 cum
2391 2233 2650 2292 starent

78 2330 335 2378 ornnes
384 2309 451 2377 in
504 2309 812 2379 hebetate
865 2312 1112 2379 mentis
1159 2313 1476 2393 attoniti,
1532 2312 1913 2400 inspirante
1951 2247 2060 2400 ῗυῑ
2106 2310 2344 2400 credo)
2393 2309 2649 2378 divini-⁴

87 2413 252 2477 tate,
297 2420 483 2466 unus
509 2421 584 2467 ex
624 2399 1237 2469 circumstantibus
1266 2401 1623 2479 exclamat,
1659 2400 1939 2469 dicens:
1984 2399 2380 2487 Antiquitus
2415 2397 2650 2468 referri

89 2486 372 2557 solitum
411 2500 599 2569 erat,
653 2500 719 2557 et
754 2486 1008 2557 celebri
1072 2510 1190 2579 per
1253 2489 1545 2579 populos
1604 2509 1920 2559 sermone
1990 2487 2344 2580 vulgatum
2380 2543 2395 2567 ,
2440 2497 2650 2578 caput
2763 2540 2771 2548 .

86 2576 355 2645 ,Iuliani
390 2577 811 2647 confessoris
840 2578 906 2645 in
941 2578 1259 2667 sepulcro
1293 2580 1563 2647 retineri
1590 2579 1919 2667 martyris
1955 2576 2270 2647 Ferreoli.
2312 2576 2419 2646 Sic
2447 2598 2649 2667 oper-

97 2666 274 2735 torio
304 2680 555 2747 amot0,
611 2667 1095 2754 unusquisque
1144 2668 1639 2746 consideretur,
1696 2680 1762 2736 et
1822 2667 1923 2736 sic
1990 2677 2229 2757 potest,
2285 2685 2464 2752 quae
2510 2667 2652 2735 sint

90 2755 405 2823 membra
457 2755 746 2824 Ferreoli
798 2757 1141 2843 martyris,
1197 2756 1514 2846 protinus
1555 2756 1872 2824 inveniri.

181 2844 330 2927 ξὸ.
369 2848 547 2913 Haec
575 2845 869 2914 aud-iens
902 2845 1245 2925 sacerdoS,
1280 2858 1566 2914 cunctos
1596 2845 1790 2929 jubet
1824 2845 1892 2912 in
1930 2843 2240 2913 oratione
2273 2842 2642 2934 prosterni,

93 2936 249 3014 Qua
300 2931 605 3021 impleta,
661 2935 964 3023 procedit
998 2934 1082 3002 ad
1133 2934 1477 3004 tumulos:
1531 2934 1951 3019 detectisque
1994 2931 2295 3013 duobus,
2336 2932 2652 3033 singulos

93 3020 169 3089 in
228 3018 339 3088 his
385 3021 816 3108 quiescentes
873 3023 1133 3092 invenit
1173 3025 1375 3091 viros.
1423 3027 1730 3110 Cumque
1781 3021 2168 3112 aperuisset
2213 3033 2281 3090 et
2319 3032 2593 3091 tertium
2630 3072 2646 3097 ,

92 3109 360 3179 invenit
408 3110 474 3177 in
517 3132 595 3180 eo
645 3112 869 3181 virum
899 3112 1240 3200 jacentem
1279 3111 1520 3180 illaeso
1551 3131 1862 3202 corpore,
1904 3111 2171 3201 integro
2204 3111 2648 3180 vestimento:

90 3198 216 3286 qui
264 3197 496 3268 deciso
543 3201 788 3289 capite,
837 3213 1050 3288 caput
1082 3200 1441 3285 amplexus
1488 3200 1705 3281 aliud,
1748 3200 2032 3269 brac'nio
2078 3198 2451 3270 detinebat.
2493 3204 2654 3268 Erat

92 3289 283 3356 enim
320 3287 459 3373 acsi
498 3310 721 3379 nuper
758 3290 1098 3378 sepultus,
1157 3310 1376 3377 neque
1430 3290 1690 3379 pallore
1737 3288 1936 3358 faciei
1971 3288 2391 3370 demutatuS,
2429 3308 2654 3375 neque

90 3374 506 3465 capillorum
557 3376 904 3447 decisione
952 3391 1293 3469 turpatuS,
1352 3398 1570 3465 neque
1619 3377 1761 3447 ulla
1825 3377 2190 3465 putredine
2248 3377 2646 3447 resolutus:

94 3465 212 3534 sed
261 3466 349 3534 ita
393 3465 659 3556 integer
686 3480 750 3534 et
788 3465 1092 3547 illaesus,
1131 3480 1206 3536 ut
1239 3482 1519 3557 putares
1548 3488 1708 3537 eum
1748 3466 1978 3537 adhuc
2028 3485 2274 3557 sopore
2322 3484 2656 3556 corporeo

92 3554 414 3622 detineri.
464 3559 653 3623 Tunc
700 3555 985 3626 antistes
1014 3556 1270 3646 gaudio
1324 3577 1573 3648 magno
1608 3555 1935 3646 repletus,
1989 3556 2127 3626 ait:
2183 3560 2324 3625 Hoc
2357 3575 2509 3624 esse
2538 3572 2658 3622 ca-

93 3642 304 3713 daver
342 3642 657 3721 Ferreoli,
714 3645 843 3713 hoc
894 3657 996 3715 est
1032 3658 1244 3734 eaput
1284 3646 1549 3715 Juliani
1584 3645 1934 3734 martyris,
1989 3644 2285 3714 dubium
2340 3664 2478 3713 non
2531 3644 2658 3711 ba·

96 3730 317 3802 betur.
372 3737 561 3801 Tunc
591 3755 754 3801 cum
793 3755 1043 3824 magno
1094 3732 1415 3823 psalterio
1449 3734 1817 3824 plaudente
1854 3734 2135 3825 populo»,
2176 3735 2247 3802 in
2302 3732 2474 3814 loco,
2528 3730 2660 3800 ubis

100 3840 287 3889 nunc
312 3836 442 3902 est,
490 3821 819 3891 adoratur
850 3824 1139 3893 Domino
1182 3836 1557 3893 anunente.

184 3911 221 3995 ξ
270 3915 364 3982 0.
412 3915 600 4001 =Haec
643 3924 874 3980 autem
922 3924 1001 3982 ut
1047 3912 1131 3982 ad
1184 3913 1585 3998 sepulcrum
1658 3912 1980 4001 martyris
2026 3913 2114 3982 ab
2162 3910 2658 4002 ipsoaedimo

104 4015 182 4063 co
234 4000 414 4078 novi,
468 3999 762 4070 fideliter
810 4001 1036 4070 retuli.
1092 4002 1372 4070 Praebet
1421 4014 1648 4070 tamen
1703 3999 1869 4073 huic
1916 4002 2109 4103 operi
2175 4001 2662 4092 testimonium»

108 4086 149 4151 S
224 4086 355 4157 lius
408 4101 657 4168 noster,
706 4089 836 4176 ipsi
892 4094 1216 4158 Mamerto
1264 4089 1578 4159 scribens
1627 4090 1744 4158 his>
1788 4092 2060 4160 verbis:
2110 4090 2258 4159 Tibi
2313 4088 2660 4159 solima-³

106 4193 298 4244 cessa
341 4191 442 4245 est
482 4178 560 4244 in
615 4189 809 4265 parte
852 4178 1045 4247 orbis
1090 4177 1387 4259 occidui,
1443 4179 1773 4269 martyris
1823 4179 2114 4249 Ferreoli
2164 4177 2386 4249 solida
2435 4190 2658 4247 trans·-

109 4257 291 4341 latio,
342 4264 603 4353 adjecto
655 4268 869 4335 nostri
901 4267 1128 4356 capite
1172 4265 1471 4349 «Iuliani,
1524 4267 1888 4359 unde'pro
1931 4268 2497 4359 compensatione
2535 4266 2658 4336 de-

110 4351 481 4450 poscimus,
524 4367 601 4423 ut
655 4354 856 4424 nobis
906 4355 1069 4425 inde
1107 4357 1336 4426 veniat
1382 4376 1548 4447 pars
1591 4356 1982 4449 patrocinii,
2036 4360 2202 4446 quia
2250 4356 2447 4427 vobis
2491 4352 2690 4427 hine

36 4536 38 4545 ‚
112 4435 310 4511 rediit
357 4463 516 4532 pars
554 4443 847 4533 patroni.
2074 4492 2080 4501 ·
2655 4466 2660 4485 ’
