3308 5004
160 382 351 448 AUG.
405 381 493 446 20
836 395 917 444 mi
965 396 1023 443 s.
1075 395 1407 443 arnasano
1456 397 1599 445 Ami.
1651 395 2041 446 emansit..
2513 381 2644 448 497

163 496 233 555 et
281 484 585 553 Barbara
634 481 962 573 regna-in
1015 479 1443 572 profundum
1495 481 1725 584 pelagi
1754 482 2270 575 demergentur.
2298 484 2583 575 Religio
2611 489 2736 556 Ga-

167 571 658 652 maldulensis,
711 582 779 641 et
825 568 1357 651 CarthusiensiS,
1393 581 1460 640 et
1499 569 2001 654 cluniacensis,
2026 583 2112 642 -et
2143 573 2640 655 cisterciensis,
2670 588 2739 646 et

151 659 900 742 PraemonstratensiS,
953 659 1227 747 aliaque
1273 659 1820 730 innumerabilia
1867 681 2225 732 servorum
2268 662 2386 732 Dei
2419 663 2743 734 eit-ancil-

171 751 404 820 larum
454 749 770 840 collegia,
824 769 1103 819 necesse
1132 759 1257 830 est,
1295 760 1375 818 ut
1404 749 1537 818 sub
1577 771 1722 819 uno
1761 750 2039 820 turbine
2068 762 2396 822 corruant
2426 752 2497 821 in
2530 751 2742 842 abys-

172 861 357 910 sum.
389 837 791 941 ssEpiscopos
839 849 904 908 et
950 838 1263 919 Abbates,
1319 849 1385 908 et
1432 837 1738 925 reliquos
1772 838 2116 909 Ecclesiae
2149 840 2524 942 principeS‚
2562 841 2741 913 collo

173 940 541 1020 praecipiti
591 927 774 998 mola
823 927 1129 996 asinaria
1178 927 1461 1017 alligata
1503 928 1795 1018 pelagus
1826 949 2033 998 vorax
2065 929 2383 1019 excipiet.
2422 930 2627 1004 Solus
2660 951 2743 1002 ex
2852 988 2859 996 .

174 1016 617 1107 principibus
667 1015 915 1085 mundi
955 1035 1195 1086 arcam
1249 1015 1424 1085 Petri
1476 1015 1757 1088 intravit
1805 1017 1932 1086 iste
1978 1022 2313 1108 RogeruS,
2350 1030 2428 1089 et
2456 1021 2744 1092 caeteris
2860 1057 2863 1062 =

173 1106 506 1177 omnibus
555 1105 882 1186 enecatiS,
923 1106 1086 1195 ipse
1134 1104 1326 1173 solus
1373 1104 1801 1175 salvabitur?
1847 1105 2058 1187 Absit,
2111 1118 2188 1178 ut
2234 1108 2445 1179 totius
2494 1108 2744 1178 mundi

171 1195 419 1286 religio
473 1205 727 1286 pereat,
782 1206 848 1264 et
895 1193 1184 1263 ambitio
1232 1194 1408 1263 Petri
1447 1193 1684 1285 (cujus
1724 1195 1884 1277 vita,
1924 1196 2153 1286 palam
2194 1209 2319 1277 est,
2368 1197 2597 1284 qualis
2632 1217 2743 1268 ex-

42 1358 48 1367 ,
173 1283 422 1373 titerit)
457 1305 755 1375 regnum
796 1282 1146 1353 coelorum
1190 1282 1521 1352 obtineat.
1563 1305 1601 1350 »

145 1401 156 1407 ·
266 1382 302 1455 ἓ
352 1377 520 1443 30.
576 1371 670 1441 Ad
721 1371 891 1442 haec
939 1372 1147 1441 verba
1195 1393 1332 1440 non
1383 1371 1569 1441 ultra
1618 1394 1691 1441 se
1750 1384 2105 1463 poterant,
2168 1373 2291 1461 qui
2347 1388 2745 1464 praesentes

173 1461 486 1545 aderant,
523 1461 918 1531 continere:
963 1461 1083 1531 sed
1119 1459 1500 1530 abominati
1533 1473 1700 1531 sunt
1731 1475 1797 1532 et
1836 1462 2043 1533 vitam
2076 1463 2279 1549 Petri,
2323 1476 2390 1533 et
2426 1485 2738 1535 causam.

174 1551 400 1621 Abbas
451 1562 681 1621 autem
734 1562 975 1620 tenens
1025 1571 1316 1619 manum
1366 1551 1569 1632 Petri,
1623 1551 1915 1621 elevavit
1966 1572 2150 1633 eum,
2217 1563 2285 1622 et
2339 1552 2547 1624 simul
2599 1554 2748 1643 ipse

177 1641 515 1710 surrexit:
554 1661 591 1706 «
624 1639 995 1720 Tutiorem,
1029 1638 1380 1725 inquienS,
1419 1639 1479 1708 si
1507 1639 1683 1708 milii
1711 1639 1941 1711 credis
1982 1640 2404 1711 intrabimus
2435 1663 2746 1712 arcam.»

175 1734 256 1798 Et
306 1730 489 1799 sicut
531 1727 955 1818 jampridem
1010 1740 1239 1797 mente
1285 1740 1720 1818 conceperat,
1777 1729 2204 1804 salutaribus
2252 1728 2453 1800 illum
2501 1752 2748 1823 aggre-

177 1818 381 1887 diens
431 1817 736 1900 monitiS,
791 1828 1203 1906 cooperante
1251 1817 1474 1907 gratia
1525 1818 1665 1900 Dei,
1725 1818 2044 1908 protinus
2093 1820 2459 1909 persuasit,
2521 1834 2599 1889 ut
2660 1819 2747 1890 ad

179 1907 429 1976 Urbem
472 1906 766 1987 rediens,
807 1905 1210 1975 Innocentio
1251 1910 1472 1996 Papae
1507 1907 2096 1977 reconciliaretur.
2128 1907 2364 1977 Soluta
2392 1910 2745 1989 concione,

178 2000 321 2066 Rex
370 1996 664 2065 necdum
713 1995 930 2065 voluit
963 1994 1283 2064 obedire:
1328 1996 1491 2081 quia
1524 1997 1745 2066 sancti
1783 1997 1956 2065 Petri
2001 1997 2524 2097 patrimonium,
2563 1998 2750 2085 quod

180 2089 254 2153 i'n
286 2085 675 2155 Cassinensi
709 2098 774 2154 et
803 2089 1279 2153 Beneventana
1310 2085 1669 2173 provincia
1703 2086 2218 2177 amplissimum
2270 2097 2395 2167 ost,
2448 2087 2751 2177 cupidus

180 2184 674 2265 occupaverat:
731 2174 1155 2275 putabatque
1195 2172 1608 2260 hujusmodi
1648 2174 2233 2264 suspensionibus
2264 2174 2498 2263 aliqua
2528 2188 2751 2246 extor-

182 2283 396 2349 quere
447 2262 827 2353 privilegia,
887 2280 1007 2353 pei·
1052 2284 1230 2348 quae
1279 2262 1504 2352 injus
1538 2264 1899 2354 proprium
1936 2263 2267 2353 deinceps
2307 2265 2440 2334 sibi
2481 2265 2751 2335 stabili-

182 2363 377 2420 retur
424 2351 834 2422 haereditas.
892 2352 1000 2420 Sic
1041 2351 1344 2420 Herodes
1392 2351 1634 2420 videns
1684 2352 2128 2432 Salvatorem,
2174 2355 2635 2443 contempsit:
2684 2368 2753 2424 et

180 2461 390 2528 quem
443 2440 856 2511 desideravit
895 2441 1276 2521 absentem,
1327 2442 1743 2531 contempsit
1778 2453 2230 2530 praesentem.
2274 2441 2401 2511 Sed
2437 2442 2753 2534 omnipo-

182 2543 333 2601 tens
387 2535 562 2601 Deus
610 2530 1018 2610 claritatem,
1072 2552 1282 2617 quam
1335 2531 1600 2620 accepit
1639 2553 1679 2599 a
1719 2536 1937 2611 Patre,
1977 2530 2167 2599 dedit
2202 2531 2650 2601 hominibus:
2686 2544 2752 2602 et

182 2630 703 2689 contemnentes
754 2641 824 2689 se
857 2619 1019 2689 facit
1052 2618 1491 2709 ingloriosos,
1531 2632 1598 2688 et
1635 2620 1839 2709 erigit
1872 2619 1942 2687 in
1981 2618 2284 2688 sublime
2317 2620 2749 2691 humiliatos.

181 2708 404 2809 Igitur
452 2709 634 2778 circa
686 2709 1113 2778 curationem
1166 2707 1534 2798 cujusdam
1587 2708 1719 2776 viri
1770 2706 2046 2788 nobilis,
2102 2721 2167 2777 et
2216 2708 2492 2799 inurbe
2528 2710 2753 2779 Saler-

183 2809 424 2866 nitana
473 2798 843 2876 notissimi,
896 2797 1518 2868 succumbentibus
1552 2797 1867 2879 medicis,
1904 2818 2203 2883 quorum
2243 2798 2617 2888 praecipue
2656 2799 2755 2868 ibi

181 2908 296 2955 ars
347 2886 528 2977 viget
574 2898 638 2955 et
688 2886 1026 2967 studium,
1080 2885 1303 2955 eidem
1356 2886 1565 2956 vitam
1617 2886 1704 2955 de
1745 2886 2175 2956 medicorum
2210 2887 2473 2955 auxilio
2507 2886 2754 2976 despe-

181 2974 390 3056 ranti,
447 2987 653 3044 noctu
701 2975 988 3062 quidam
1041 2997 1162 3063 per
1202 2975 1552 3044 somnium
1599 2997 1969 3066 apparenS,
2012 2975 2358 3044 intima-vit
2391 2975 2757 3046 advenisse

185 3063 553 3133 Salernum
604 3064 827 3133 virum
883 3075 1227 3145 sanctum,
1270 3075 1336 3132 et
1371 3064 1438 3131 in
1478 3065 1962 3134 curationibus
1999 3063 2375 3133 efficacem.
2416 3069 2617 3134 Hunc
2651 3065 2758 3134 in-

182 3153 462 3239 quirere
486 3152 708 3242 jubet,
750 3165 814 3222 et
842 3154 929 3222 de
965 3153 1235 3223 lavacro
1267 3175 1605 3221 manuum
1643 3154 1793 3241 ejiis
1826 3152 2086 3223 bibere.
2141 3154 2512 3236 Quaesivit,
2570 3155 2767 3227 inve-.

183 3242 313 3321 nit,
347 3263 596 3328 aquam
631 3242 846 3331 petiit,
877 3242 1072 3323 bibit,
1109 3242 1480 3311 convaluit.
1513 3246 1657 3311 Hoc
1684 3245 1968 3313 verbum
1994 3265 2116 3333 per
2138 3254 2347 3312 totam
2377 3244 2622 3313 urbem
2651 3243 2759 3313 di-

182 3330 572 3422 vulgatum,
611 3330 693 3398 ad
730 3352 932 3400 aures
961 3330 1164 3420 Regis
1196 3343 1264 3400 et
1298 3352 1660 3420 procerum
1693 3333 1843 3422 ejus
1877 3333 2208 3423 pervenit.
2240 3336 2406 3401 Cum
2435 3332 2752 3404 omnium

183 3419 405 3511 igit-ur
454 3419 870 3509 populorum
907 3419 1158 3501 favore,
1204 3419 1348 3490 solo
1384 3426 1565 3510 Rege
1602 3421 1672 3488 in
1720 3421 1981 3491 malitia
2024 3434 2494 3510 permanente,
2531 3422 2756 3492 Abbas

185 3514 477 3577 Romam
523 3509 921 3578 revertitur:
968 3508 1400 3599 praedictum
1443 3531 1598 3579 vero
1631 3515 1907 3579 Petrum
1944 3511 2271 3580 Pisanum
2309 3523 2376 3579 et
2414 3511 2753 3598 quosdam

186 3596 364 3666 alios
407 3597 875 3667 reconciliavit
907 3598 1272 3679 Ecclesiae,
1307 3610 1372 3668 et
1413 3599 1817 3668 Innocentio
1857 3605 2080 3690 Papae
2113 3598 2572 3669 confoederat.

277 3688 316 3773 ξ
363 3690 530 3759 40.
586 3686 964 3755 Advenerat
1011 3700 1311 3788 tempus,
1367 3688 1437 3756 in
1479 3709 1615 3774 quo
1647 3689 1988 3778 completa
2030 3688 2426 3758 Amorrhaei
2460 3688 2752 3767 malitia,

187 3773 491 3864 Angelus
525 3775 941 3865 percutienS,
983 3775 1293 3866 gladium
1321 3777 1467 3867 jam
1503 3777 1840 3858 vibrabat,
1880 3788 1946 3846 et
1976 3778 2445 3867 pertransiens
2486 3778 2754 3858 domos,

188 3885 490 3951 quarum
543 3863 1109 3954 superliminaria
1160 3866 1323 3955 agni
1373 3867 1661 3957 sanguis
1712 3867 2080 3945 imbuerat,
2126 3865 2211 3934 ad
2249 3865 2536 3935 domum
2582 3868 2757 3935 Petri

194 3952 439 4021 Leonis
487 3955 794 4033 veniens,
849 3951 1152 4022 salutare
1191 3954 1261 4021 in
1296 3976 1376 4023 ea
1411 3976 1547 4023 non
1587 3955 1841 4044 reperit
1873 3955 2181 4045 signum.
2221 3955 2569 4025 Percussit
2596 3976 2761 4045 ergo

194 4040 576 4110 miserum:
635 4064 757 4111 nec
807 4053 1037 4110 tamen
1089 4042 1275 4112 illico
1324 4042 1757 4134 defungitur,
1821 4043 1941 4112 sed
1994 4044 2201 4112 datur
2263 4065 2387 4134 pei·
2448 4042 2759 4112 triduum

199 4128 658 4219 poenitentiae
708 4129 924 4200 locus.
982 4130 1105 4200 Ille
1153 4131 1485 4221 patientia
1539 4133 1651 4201 Dei
1701 4132 2035 4213 abutitur,
2089 4143 2155 4200 et
2202 4132 2268 4199 in
2326 4144 2606 4223 peccato
2636 4155 2763 4201 suo

198 4218 491 4288 moritur
538 4219 966 4311 desperatus.
1024 4221 1397 4292 Miserabili
1446 4226 1701 4312 pompa
1737 4242 1991 4309 corpus
2018 4222 2174 4311 ejus
2210 4221 2514 4301 effertur,
2557 4221 2763 4290 cada-

199 4328 317 4373 ver
366 4307 513 4397 ejus
563 4309 633 4378 in
688 4310 968 4381 latebris
1016 4308 1372 4400 sepelitur,
1430 4322 1495 4379 et
1542 4332 1767 4397 usque
1815 4309 2020 4379 hodie
2069 4309 2258 4379 fovea
2301 4310 2417 4379 illa
2451 4333 2490 4379 a
2524 4310 2762 4380 catho-

196 4395 356 4466 licis
403 4397 782 4487 ignoratur.
837 4404 1146 4470 Attamen
1198 4422 1359 4490 pars
1409 4398 1622 4483 illius,
1678 4405 1931 4491 Papam
1985 4398 2114 4469 sibi
2155 4422 2279 4489 pro
2313 4399 2432 4470 illo
2464 4399 2757 4469 alterum

361 4519 603 4579 surius
618 4550 643 4565 -
670 4519 833 4580 Vitae
856 4519 965 4582 SS.
988 4551 1013 4566 -
1034 4520 1160 4579 Vol.
1205 4516 1373 4590 vm,
1626 4602 1634 4611 .
2523 4521 2601 4578 32
