3308 5004
619 308 754 377 682
1192 322 1275 371 na
1318 322 1378 371 s.
1428 321 1763 372 mano
1807 317 1954 370 nn.
2003 319 2391 371 cmxuu..
2763 302 2951 371 ΔΗΕ.
3002 304 3090 370 20

532 407 997 484 obedientiam
1048 407 1182 480 sub
1222 406 1626 479 Innocentio
1675 415 1988 477 revocata
2029 404 2362 488 Ecclesia,
2399 404 2738 509 impedita
2773 404 3095 478 illadae-

532 520 821 572 monum
857 495 1159 577 licentia,
1208 495 1519 584 quotidie
1562 494 1652 567 ad
1701 516 1940 587 preces
1972 494 2104 566 viri
2135 493 2257 566 Dei
2283 493 2695 588 diffugiebat
2734 492 3088 578 diabolus,

531 600 602 661 et
643 587 707 660 si
735 584 1020 676 quando
1065 584 1382 658 resistere
1432 584 1843 669 conabatur,
1894 583 1967 654 in
2008 584 2178 677 ipso.
2209 585 2545 658 conflictu
2589 582 3087 667 succumbens,

533 676 908 771 gloriosius
953 672 1365 766 pellebatur.

618 768 658 855 ἓ
703 771 838 840 ss.
889 767 1077 834 Inter
1118 785 1237 834 eos
1281 784 1471 856 ergo,
1508 761 1634 852 qui
1681 761 2126 846 vexabantur,
2166 760 2422 835 mulier
2464 762 2880 854 grandaeva,
2913 761 3098 836 civis

531 851 1088 935 Hediolanensis,
1138 864 1206 924 et
1247 850 1584 925 honorata
1621 851 1978 940 quondam
2027 865 2387 935 matrona,
2439 873 2666 941 usque
2724 850 2813 922 ad
2866 851 3097 922 eccle-

531 944 708 1016 siam
758 941 941 1018 beati
985 940 1353 1025 Ambrosii,
1407 953 1562 1033 post
1605 940 1894 1012 beatum¹
1935 939 2162 1011 virum
2201 963 2246 1011 a
2283 938 2524 1013 multis
2558 953 2775 1012 tracta
2820 952 2946 1013 est.
3007 945 3096 1012 In

529 1032 739 1122 cujus
776 1041 1050 1124 pectore
1096 1029 1420 1132 pluribus
1469 1030 1679 1131 annis
1721 1028 2047 1102 diabolus
2079 1028 2372 1132 sederat,
2424 1040 2491 1101 et
2542 1028 2680 1100 'am
2727 1030 2824 1100 ita
2873 1029 3100 1102 suffo-

529 1133 805 1193 caverat
832 1141 1014 1202 eam,
1043 1134 1122 1189 ut
1158 1141 1315 1191 visu
1340 1131 1409 1191 et
1433 1119 1683 1191 auditu
1708 1130 1777 1190 et
1808 1118 2015 1190 verbo
2091 1132 2331 1202 rivata,
2366 1118 2514 1190 ften
2568 1141 2695 1191 ens
2732 1119 3094 1203 dentibus,

529 1221 598 1283 et
634 1210 950 1302 linguam
980 1209 1052 1279 in
1090 1207 1375 1280 modum
1401 1208 1840 1310 proboscidis
1875 1206 1979 1309 ele
2030 1141 2360 1279 gaminae
2392 1208 2835 1300 protendenS,
2875 1229 3098 1310 .¹¹¹.⁰.¹¹·

532 1312 782 1382 strum,
826 1319 963 1368 non
995 1295 1319 1379 foemina,
1355 1296 1725 1369 videretur.
1763 1296 1961 1367 Sord1
2013 1320 2055 1368 a
2100 1297 2167 1368 ei
2197 1296 2434 1380 facies,
2465 1296 2700 1369 vultus
2729 1295 3089 1380 terribilis,

533 1389 744 1461 flatus
788 1385 1087 1459 foetidus
1114 1441 1133 1469 ,
1184 1385 1672 1458 inhabitatoris
1717 1397 1998 1457 satanae
2034 1384 2332 1458 colluvia
2387 1387 2837 1458 testabantur.
2889 1390 3090 1457 Hanc

533 1499 698 1549 cum
747 1475 1173 1569 adspexisset
1220 1474 1323 1546 vir
1368 1475 1530 1557 Dei,
1590 1476 1779 1546 novit
1831 1475 2305 1546 inhaerentem
2361 1475 2426 1546 ei
2470 1488 2537 1547 et
2593 1475 3092 1548 invisceratum

532 1565 916 1649 diabolum,
972 1586 1096 1636 nec
1142 1563 1342 1635 facile
1371 1586 1817 1666 egressurum
1856 1563 1944 1634 de
1972 1564 2182 1636 domo
2209 1586 2423 1653 quam
2464 1576 2652 1636 tanto
2683 1562 3090 1657 possederat

534 1668 865 1747 tempore.
916 1658 1298 1725 Conversus
1342 1652 1557 1745 igitur
1601 1653 1689 1724 ad
1740 1653 2105 1744 populum,
2162 1654 2375 1742 cujus
2426 1653 2798 1725 innumera
2849 1652 3095 1725 aderat

534 1742 935 1826 multitudo,
984 1763 1181 1813 orare
1202 1741 1404 1844 jubet
1433 1743 1787 1824 attentius,
1828 1755 1896 1814 et
1941 1742 2221 1814 Clericis
2267 1765 2350 1814 ac
2407 1743 2793 1824 monachis,
2846 1764 3093 1814 secum

526 1832 729 1923 juxta
769 1831 984 1903 altare
1027 1829 1605 1914 conststentibuS,
1666 1831 2028 1903 mulierem
2086 1830 2343 1903 ibidem
2385 1830 2588 1921 jubet
2645 1831 2976 1903 constitui
3021 1843 3094 1903 et

534 1921 773 1993 teneri.
812 1920 943 1990 Illa
988 1941 1145 1991 vero
1179 1917 1551 2003 reluctans,
1599 1932 1668 1990 et
1714 1921 1782 1991 vi
1826 1919 2210 2003 diabolica,
2254 1942 2390 1991 non
2454 1920 2756 1993 naturali
2804 1921 3086 2003 virtute,

533 2009 1006 2091 recalcitrans,
1049 2030 1187 2080 non
1220 2008 1374 2080 sine
1411 2007 1707 2080 aliorum
1755 2009 2022 2099 injuria
2065 2010 2298 2080 insum
2342 2009 2672 2081 Abbatem
2721 2007 2895 2101 pede
2928 2030 3094 2100 per-

532 2098 775 2171 cussit.
827 2102 1044 2181 Quem
1089 2096 1350 2169 diaboli
1396 2120 1651 2170 ausum
1687 2112 2045 2171 mansuete
2093 2084 2210 2169 ille
2241 2099 2680 2190 contempsit,
2732 2111 2799 2170 et
2836 2098 2906 2168 in
2932 2097 3094 2190 ejus

534 2187 1034 2289 expulsionem,
1076 2185 1742 2289 non-indignatione
1787 2187 1953 2270 irae,
2006 2186 2125 2258 sed
2145 2188 2449 2346 tpacifica
2507 2199 2574 2259 et
2612 2186 2865 2258 humili
2915 2209 3090 2288 sup·

531 2276 923 2369 plicatione,
965 2279 1180 2347 Deum
1229 2288 1500 2347 invocat
1545 2275 1963 2364 adjutorem,
2006 2287 2073 2346 et
2101 2299 2143 2347 a
2231 2275 2774 2349 immolationem
2815 2276 3093 2348 hostiae

531 2365 857 2437 salutaris
910 2364 1197 2436 accedit.
1249 2364 1527 2448 Quoties
1576 2377 1803 2435 tamen
1868 2364 2185 2436 eamdem
2233 2365 2532 2438 hostiam
2579 2365 2833 2457 signat,
2887 2364 3093 2439 toties

531 2454 621 2527 ad
656 2453 1015 2526 mulierem
1053 2474 1449 2536 conversuS,
1488 2453 1730 2525 eodem
1778 2453 1978 2546 signo
2027 2454 2265 2527 Crucis
2311 2454 2494 2527 edito
2522 2509 2540 2538 ,
2590 2454 2916 2547 spiritum
2964 2474 3092 2525 ne-

531 2566 744 2633 quam
792 2543 988 2615 fortis
1031 2543 1288 2614 athleta
1315 2543 1705 2645 impugnat.
1742 2549 1908 2615 Nam
1958 2555 2026 2616 et
2071 2544 2188 2615 ille
2236 2544 2612 2637 malignus,
2654 2544 2925 2633 quoties
2962 2542 3089 2615 ad-

532 2655 776 2704 versus
811 2654 970 2704 eum
1015 2632 1297 2723 signum
1348 2637 1585 2704 Crucis
1631 2631 2050 2715 intenditur,
2120 2654 2530 2725 percussum
2597 2656 2670 2705 se
2715 2632 3083 2716 indicans,

531 2722 765 2881 acridus
797 2720 1055 2824 saeyit:
1104 2734 1172 2793 et
1215 2721 1663 2794 recalcitrans
1694 2734 1933 2793 contra
1978 2722 2372 2804 stimulum,
2424 2722 2762 2811 quidnam
2815 2720 3081 2805 toleret,

582 2834 657 2882 ro
710 2823 764 2880 ιι
812 2823 1096 2882 invitus.

530 2832 578 2903 p
618 2901 656 2988 ξ
703 2904 852 2972 18.
905 2896 1184 2990 Expleta
1230 2911 1462 2970 autem
1494 2899 1805 2969 oratione
1836 2898 2213 2981 Dominica,
2267 2898 2620 2971 efficacius
2648 2900 2914 2971 hostem
2952 2922 3081 2990 ag-

529 2987 845 3081 greditur
903 2987 1009 3058 vir
1061 2986 1328 3057 beatus,
1393 2992 1687 3058 Patenae
1744 2987 2090 3076 siquidem
2151 2988 2390 3060 calicis
2460 3010 2740 3061 sacrum
2806 2988 3085 3059 Domini

531 3098 790 3166 corpus
835 3075 1227 3168 imponenS,
1277 3087 1345 3147 et
1391 3074 1708 3146 mulieris
1751 3076 1963 3169 capiti
2007 3099 2512 3169 superponenS,
2552 3076 2721 3149 talia
2755 3076 3084 3166 loqueba-

530 3177 690 3236 tur:
745 3187 782 3233 «
813 3164 1042 3246 Adest,
1075 3164 1313 3252 inique
1340 3164 1653 3256 spiritus,
1699 3165 1917 3252 judex
1946 3178 2134 3249 tuus,
2176 3166 2371 3237 adest
2401 3188 2681 3238 summa
2733 3180 3078 3258 potestas:

523 3253 674 3343 jam
722 3253 986 3335 resiste,
1042 3253 1102 3326 si
1150 3264 1363 3345 potes.
1414 3252 1618 3325 Adest
1665 3254 1803 3335 ille,
1841 3255 1963 3344 qui
1997 3276 2129 3359 pro
2158 3268 2392 3327 nostra
2422 3255 2648 3329 salute
2695 3278 3078 3346 passurus:

526 3347 754 3425 Nunc,
809 3340 1036 3430 inquit
1067 3397 1083 3424 ,
1146 3343 1455 3435 princeps
1520 3344 1726 3445 liujus
1769 3345 2006 3415 munde
2059 3345 2370 3436 ejicietur
2425 3348 2638 3436 foras.
2707 3344 2836 3415 Hic
2900 3343 3082 3417 illud

528 3452 808 3522 corpus,
849 3429 1035 3520 quod
1088 3429 1176 3500 de
1223 3453 1509 3523 corpore
1555 3432 1858 3524 Virginis
1903 3446 2260 3524 sumptum
2311 3447 2435 3516 est,
2489 3433 2677 3523 quod
2725 3434 2798 3504 in
2845 3432 3085 3523 stipite

530 3520 769 3590 Crucis
813 3531 1171 3591 extensum
1218 3531 1343 3602 est,
1394 3519 1580 3609 quod
1621 3522 1693 3591 in
1724 3521 1994 3593 tumulo
2013 3521 2259 3613 jacuit,
2311 3523 2496 3612 quod
2543 3523 2632 3593 de
2663 3533 2878 3592 morte
2915 3543 3084 3593 sur-

530 3608 748 3691 rexit,
801 3607 988 3697 quod
1046 3608 1440 3682 videntibus
1484 3609 1854 3703 discipulis
1898 3610 2211 3681 ascendit
2256 3611 2329 3682 in
2375 3610 2675 3683 coelum.
2717 3616 2807 3681 In
2857 3610 3081 3712 hujus

526 3719 694 3791 ergo
732 3697 1109 3786 majestatis
1157 3696 1446 3770 terribili
1493 3712 1823 3791 potestate
1861 3698 1987 3771 tibi
2017 3698 2306 3789 spiritus
2339 3700 2643 3793 maligne
2678 3698 3033 3791 praecipio
3057 3754 3076 3781 ,

526 3801 606 3860 ut
649 3787 739 3858 ab
786 3786 917 3858 hac
955 3785 1212 3859 ancilla
1245 3788 1398 3879 ejus
1449 3789 1853 3880 egredienS,
1904 3788 2304 3880 contingere
2348 3811 2500 3860 eam
2548 3787 2881 3881 deinceps
2931 3809 3077 3859 non

527 3898 1009 3968 praesumas.»
1059 3880 1226 3948 Cum
1279 3899 1367 3948 ue
1394 3898 1548 3948 eam
1582 3878 1843 3949 invitus
1871 3875 2220 3960 deserenS,
2271 3888 2338 3950 et
2382 3877 2566 3950 ultra
2613 3899 2897 3949 manere
2937 3899 3079 3949 non

524 3964 785 4047 valens,
836 3964 1140 4038 atrocius
1186 3989 1224 4036 a
1302 3967 1542 4038 ictaret
1570 4021 1587 4050 ,
1646 3979 1785 4037 tam
1842 3987 2168 4059 magnam
2217 3967 2421 4047 iram,
2465 3990 2678 4055 quam
2715 3964 3078 4038 modicum

525 4067 824 4146 tempus,
876 4053 1184 4127 habens:
1236 4055 1511 4126 rediens
1550 4068 1833 4126 sanctus
1913 4070 2058 4126 ater
2089 4056 2328 4139 altare,
2371 4054 2772 4127 fractionem
2805 4054 3079 4127 hostiae

522 4141 850 4215 salutaris
882 4144 1009 4215 rite
1044 4144 1436 4235 complevit,
1481 4142 1843 4215 diffunden
1897 4167 2149 4234 amque
2206 4146 2277 4215 in
2338 4166 2424 4235 po
2476 4145 2595 4217 ulo
2645 4166 2885 4237 pacem
2941 4144 3080 4215 mi·-

523 4232 741 4303 nistro
769 4231 985 4302 dedit:
1040 4245 1107 4304 et
1153 4231 1512 4305 confestim
1548 4255 1682 4324 pax
1712 4246 1779 4305 et
1806 4234 1995 4306 salus
2025 4234 2293 4325 integra
2325 4256 2393 4303 re
2444 4233 2589 4305 dita
2618 4247 2723 4306 est
2752 4233 3064 4316 mulieri,

523 4332 591 4390 et
635 4320 923 4408 iniquus
954 4320 1069 4392 ille
1101 4320 1368 4392 vivifica
1402 4322 1732 4413 mysteria
1777 4337 2075 4412 quantae
2110 4323 2250 4396 sint
2294 4322 2640 4395 efficaciae
2668 4338 2735 4396 et
2765 4322 3069 4405 virtutis,

523 4429 664 4478 non
712 4408 1140 4482 confessione
1166 4464 1184 4492 ,
1254 4409 1375 4483 sed
1436 4410 1603 4503 fuga
1659 4426 1938 4488 coactus
1964 4467 1986 4496 ,
2040 4412 2360 4485 ostendit.
2423 4419 2680 4507 Fugato
2727 4410 3012 4485 diabolo
3046 4464 3078 4495 ,-
