3308 5004
166 353 370 424 Ano.
421 353 513 423 2⁰
850 373 932 423 ns
976 374 1037 425 s.
1085 372 1423 426 musaeo
1464 375 1611 426 An.
1661 373 2048 428 munst.
2326 303 2331 308 Ι
2508 363 2642 434 m

167 461 404 531 orans
459 458 690 561 itaque
753 468 945 550 pater
993 472 1297 542 sanctus,
1354 470 1423 532 et
1476 479 1693 552 puero
1740 481 1991 534 manus
2044 463 2435 556 imponens,
2485 479 2729 541 utrum

165 546 445 629 audiat,
499 546 910 618 sciscitatur.
962 551 1040 619 Δι
1076 548 1195 620 ille
1227 550 1399 619 mira
1436 547 1796 622 devotione
1830 551 2291 643 proclamans,
2326 554 2569 639 Audio,
2603 556 2730 630 do-

165 637 391 720 mine,
444 635 691 707 audio:
745 648 884 706 tam
929 636 1224 708 firmiter
1250 637 1684 732 amplexatus
1714 651 1819 711 est
1852 661 2042 723 eum,
2086 655 2166 713 ut
2197 643 2307 713 vix
2337 643 2428 714 ab
2456 665 2539 716 eo
2571 666 2732 749 pes—

170 737 283 798 set
329 725 554 796 avelli.
607 725 928 796 Auditum
976 736 1082 796 est
1111 727 1425 810 verbmn,
1467 726 1743 801 oblatus
1772 740 1877 799 est
1906 749 2080 821 puer
2104 751 2385 803 summo
2412 734 2728 807 Pontifici

175 813 482 903 aliisque
529 813 866 906 personis,
920 813 1589 905 celeberrimumque
1636 816 1767 888 hoc
1816 818 2233 891 miraculum
2283 819 2437 891 l'uit.

269 905 308 992 9
353 906 512 977 84.
565 907 851 973 Venerat
899 916 1091 995 pater
1136 915 1420 990 sanctus
1465 903 1553 975 ad
1605 907 2102 979 monasterium
2152 907 2223 979 in
2274 907 2572 981 dioecesi
2618 912 2728 983 Bi·

170 992 486 1074 suntina,
536 992 652 1062 cui
704 1011 952 1062 nomen
1000 1005 1103 1064 est
1149 992 1412 1064 Charus
1459 996 1701 1076 Locus,
1743 1007 1813 1066 et
1840 1009 2039 1067 erant
2072 1017 2235 1067 cum
2274 1015 2355 1068 eo
2383 1020 2468 1069 ex
2503 1000 2726 1072 Abba-

167 1080 365 1152 tibus
411 1081 521 1151 sui
569 1080 847 1151 Ordinis
897 1080 1122 1152 multi.
1176 1080 1304 1153 Ubi
1356 1093 1670 1153 matrona
1713 1083 2055 1171 quaedam
2102 1085 2193 1156 de
2236 1085 2498 1158 finibus
2553 1088 2718 1173 illis,

166 1189 255 1239 ex
304 1169 524 1240 multo
571 1181 875 1261 tempore
900 1169 1046 1272 jam
1080 1169 1354 1253 clauda,
1393 1171 1463 1240 in
1498 1191 1698 1241 carro
1726 1172 1957 1256 allata,
1994 1173 2226 1245 oblata
2247 1188 2352 1247 est
2377 1176 2466 1246 ei.
2504 1181 2725 1249 orans

168 1277 337 1329 vero
386 1257 699 1341 breviter,
749 1271 818 1328 et
862 1279 1150 1351 signans
1194 1280 1347 1330 eam
1398 1259 1469 1329 in
1523 1261 1803 1332 nomine
1834 1262 2129 1345 Domini,
2166 1264 2378 1335 erexit
2412 1277 2483 1335 et
2517 1287 2726 1336 sana-

166 1345 290 1430 vit,
341 1356 422 1417 ut
463 1345 705 1418 eadem
753 1346 920 1417 hora
972 1347 1346 1420 incolumis
1393 1361 1727 1420 remearet
1770 1349 1855 1420 ad
1909 1351 2514 1442 propriasllodem
2549 1367 2725 1426 tem-

172 1455 346 1528 pore
390 1435 461 1505 in
513 1435 928 1506 monasterio
976 1436 1412 1508 morimundo
1441 1492 1458 1519 ,
1517 1458 1698 1526 quae
1753 1452 1856 1510 est
1916 1439 2387 1514 cisterciensis
2442 1443 2723 1515 Ordinis

171 1524 461 1595 Abbatia
511 1546 652 1595 una
695 1524 782 1594 de
830 1524 1117 1617 primis,
1173 1525 1559 1597 monachus
1659 1526 1894 1598 uidam
1942 1528 2221 1619 jacebat
2272 1549 2497 1621 usque
2550 1531 2724 1604 adeo

171 1613 477 1705 paralysi
526 1611 931 1695 dissolutus,
985 1625 1061 1684 ut
1107 1613 1396 1703 reliquis
1441 1616 1633 1685 omni
1686 1637 1771 1686 us
1816 1618 2151 1691 membris
2181 1616 2408 1691 officio
2442 1621 2723 1712 proprio

166 1700 544 1785 destitutis,
587 1703 657 1771 in
694 1701 840 1774 solo
867 1702 1096 1805 vigere
1132 1703 1479 1775 videretur
1506 1705 1735 1795 capite
1763 1725 2034 1789 sensus,
2077 1706 2151 1777 in
2200 1707 2347 1804 solo
2391 1708 2721 1803 deinceps

304 1805 448 1863 tore
504 1791 730 1862 vitalis
779 1791 1069 1882 spiritus
1122 1791 1479 1884 palpitare.
1537 1797 1681 1864 Non
1735 1815 2021 1867 manum
2072 1816 2364 1879 movere,
2417 1818 2555 1869 non
2606 1821 2722 1890 pe-

216 1900 367 1950 em:
411 1892 676 1950 tantum
708 1879 892 1968 loqui
925 1892 1208 1971 poterat,
1244 1894 1313 1951 et
1336 1880 1588 1952 videre.
1619 1886 1881 1953 Interea
1909 1886 2401 1976 superveniens
2429 1886 2532 1958 vir
2562 1887 2721 1959 bea-

167 1980 305 2050 tus,
346 1968 801 2060 paralyticum
837 1969 1085 2051 visitat,
1122 1991 1406 2042 manum
1447 1970 1833 2063 postulatus
1880 1971 2208 2065 imponit,
2268 1986 2335 2046 et
2385 1976 2719 2047 continuo

171 2078 374 2147 opem
415 2058 615 2128 sentit
655 2070 1010 2150 aegrotuss
1055 2063 1138 2129 Ut
1187 2073 1412 2130 tamen
1467 2060 1736 2151 gratius
1786 2073 1967 2133 esset
2013 2062 2431 2135 miraculum
2464 2118 2480 2151 ,
2536 2065 2720 2137 velut

176 2144 517 2237 gradatim
566 2167 690 2239 per
732 2146 997 2235 aliquot
1041 2146 1190 2219 dies
1239 2147 1324 2217 ad
1397 2148 1714 2241 singulas
1776 2152 1935 2241 ejusw
1999 2151 2424 2226 visitationes
2493 2156 2719 2245 magis

170 2255 253 2304 ac
320 2236 541 2326 magis
611 2235 1142 2319 convalescens,
1210 2238 1357 2328 jam
1428 2238 1742 2309 movebat
1804 2260 2104 2322 manus,
2158 2241 2354 2333 prius
2426 2240 2711 2313 alteram

169 2341 493 2404 manum,
560 2337 795 2416 postea
844 2324 1128 2400 alteram
1192 2346 1642 2417 recuperans:
1695 2327 1844 2417 jam
1908 2328 2206 2419 pedibus
2251 2329 2710 2415 consistebat,

157 2411 306 2504 jam
359 2412 688 2504 paulatim
737 2413 1205 2505 gradiebatur.
1256 2414 1476 2485 donec
1513 2414 1804 2486 fratrum
1846 2416 2137 2510 collegio
2177 2417 2578 2489 redderetur
2610 2420 2716 2489 in·

165 2499 488 2575 columis.
542 2501 791 2590 Sicque
835 2502 1083 2573 exinde
1131 2502 1561 2595 profecturus
1607 2504 1835 2576 Abbas
1881 2520 2205 2590 sanctus,
2258 2507 2541 2609 palliolo
2585 2528 2715 2579 suo

163 2591 434 2680 operuit
482 2591 944 2683 postulantem
977 2646 993 2673 ,
1044 2604 1110 2662 et
1154 2593 1289 2664 sub
1333 2614 1415 2664 eo
1461 2593 1770 2663 inbrevi
1819 2594 2122 2667 obtinuit
2187 2609 2395 2667 ettam
2463 2595 2714 2686 reliqui

168 2679 481 2768 corporis
519 2681 914 2770 sospitatem
927 2731 1062 2751 .....

254 2769 294 2855 ἓ
338 2770 497 2841 85.
551 2768 934 2841 Nonnullas
979 2769 1183 2841 etiam
1221 2770 1573 2853 sanitates,
1615 2789 1793 2858 quas
1833 2792 1955 2863 per
1994 2792 2243 2842 manus
2275 2770 2501 2843 fidelis
2532 2772 2712 2844 servi

164 2857 272 2927 sui
327 2855 736 2928 mirabiliter
781 2858 1093 2930 Christus
1136 2859 1382 2941 effecit,
1435 2878 1559 2949 per
1615 2858 1841 2930 visum
1890 2860 1956 2930 ei
2011 2858 2406 2932 mirabilius
2468 2882 2731 2963 praeo-‘

162 2942 461 3015 stendit:
515 2945 769 3018 multas
811 2948 1008 3038 ipse,
1058 2968 1223 3019 cum
1273 2947 1557 3029 flerent,
1615 2947 1833 3018 animi
1881 2949 2131 3018 virtute
2178 2964 2567 3041 persensit:
2619 2950 2707 3021 ad

162 3032 437 3121 aliquas
481 3033 712 3114 etiam,
766 3037 1017 3128 spiritu
1049 3050 1486 3128 suggerente,
1526 3056 1661 3105 non
1700 3049 1980 3129 rog-atus
2007 3039 2322 3110 accessit.
2367 3043 2416 3108 Ε
2447 3039 2709 3128 quibus

161 3141 249 3192 ne
296 3121 610 3194 videatur
654 3123 723 3193 in
774 3125 1195 3196 immensum
1248 3125 1666 3216 processisse
1715 3125 2018 3197 narratio
2046 3180 2062 3209 ,
2119 3126 2435 3219 exempla
2491 3149 2709 3218 pauca

161 3210 621 3298 subjicimus:
673 3211 843 3284 illud
893 3214 1100 3285 etiam
1147 3213 1470 3316 eregione
1517 3227 1920 3298 monentes,
1974 3236 2060 3285 ne
2114 3216 2278 3304 quis
2331 3214 2505 3287 forte
2563 3229 2705 3288 tam

161 3299 458 3370 breviter
501 3300 711 3371 scribi
742 3323 953 3392 opera
980 3313 1170 3372 tanta
1209 3316 1520 3374 miretur.
1555 3302 1913 3391 Siquidem
1946 3301 2162 3375 multa
2190 3324 2272 3375 ex
2305 3304 2416 3376 his
2454 3305 2529 3375 in
2559 3318 2702 3376 tam

160 3386 350 3459 brevi
398 3387 544 3459 lieri
594 3388 918 3472 vidimus,
969 3405 1049 3463 ut
1096 3402 1236 3460 tam
1282 3391 1596 3462 celeriter
1638 3412 1719 3462 ea
1769 3391 2086 3483 proloqui
2126 3414 2597 3483 nequeamus:
2639 3406 2709 3466 et

160 3498 316 3549 curn
368 3476 507 3547 dici
556 3477 792 3559 soleat,
847 3479 944 3548 nil
990 3500 1143 3549 esse
1188 3478 1464 3552 facilius
1510 3479 1747 3552 dictu:
1802 3481 1964 3552 huic
2013 3493 2240 3553 tamen
2294 3484 2408 3554 Dei
2440 3482 2706 3554 famulo

162 3586 283 3657 per
325 3566 619 3657 gratiam
666 3588 876 3655 quam
908 3582 1288 3659 acceperat,
1326 3570 1530 3662 sig-na
1561 3568 1786 3641 facere
1820 3570 2045 3662 magis
2078 3569 2280 3641 facile
2310 3571 2698 3655 videbatur,

160 3676 364 3743 quam
401 3655 602 3727 nobis
629 3654 804 3726 facta
836 3677 1140 3728 narrare.

244 3746 281 3844 ᾗ
323 3747 492 3816 80.
547 3745 934 3835 Egredienti
981 3746 1361 3835 aliquando
1408 3757 1600 3838 patre
1648 3759 1887 3817 sancto
1926 3748 2447 3831 monasterium,
2493 3747 2705 3818 homo

160 3830 438 3919 quidam
486 3832 574 3903 de
622 3833 881 3905 linibus
929 3834 1069 3908 illis
1113 3856 1533 3916 occurrens,
1598 3833 1991 3906 sanandum
2063 3836 2289 3907 fllium
2346 3837 2697 3908 offerebat.

161 3924 322 3991 Nam
374 3921 554 3992 intra
602 3924 1094 3995 monasterium
1145 3924 1426 4013 quidem
1474 3923 1778 3994 infirmis
1816 3923 2175 4014 imponere
2209 3947 2521 4005 manum,
2563 3924 2703 3995 dif-

164 4007 413 4081 ficilius
442 4012 945 4099 acquiescebat,
987 4033 1073 4082 ne
1108 4012 1442 4095 videlicet,
1481 4013 1541 4084 si
1578 4030 1966 4083 concursus
2004 4012 2368 4083 hominum
2405 4013 2552 4083 illic
2584 4012 2704 4085 fie-

165 4108 284 4177 ret,
334 4100 530 4185 quies
574 4101 886 4171 coenobii
938 4101 1358 4184 turbaretur,
1411 4113 1479 4171 et
1522 4099 1896 4192 disciplina
1946 4100 2221 4193 periret.
2272 4106 2432 4171 Erat
2468 4114 2701 4173 autem

161 4185 546 4278 praedictus
597 4210 768 4280 puer
813 4188 932 4261 ille
977 4190 1213 4261 fatuus
1257 4203 1325 4261 et
1372 4191 1621 4262 mentis
1670 4189 1896 4291 inops,
1951 4188 2592 4293 claudusquoque,
2633 4200 2702 4262 et

161 4274 435 4357 surdus,
484 4288 551 4347 et
599 4291 857 4351 mutus.
909 4279 1040 4364 Qui
1086 4278 1325 4349 eadem
1377 4278 1546 4348 hora
1595 4299 1718 4369 per
1763 4299 1988 4369 ipsius
2033 4290 2413 4350 orationem
2451 4291 2520 4350 et
2550 4300 2702 4350 ma·

159 4384 294 4434 nus
320 4364 823 4457 impositionem
858 4368 947 4438 ab
975 4368 1171 4438 omni
1199 4366 1409 4438 simul
1444 4365 1885 4436 incommodo
1935 4365 2288 4449 liberatus,
2343 4366 2691 4452 audiebat,

157 4465 221 4524 et
265 4450 695 4542 loquebatur,
745 4467 813 4528 et
857 4456 1283 4538 ambulabat,
1334 4468 1402 4526 et
1447 4475 1658 4526 sanae
1705 4454 1956 4527 mentis
1999 4455 2306 4541 effectae,
2366 4479 2409 4527 a
2470 4456 2700 4549 priore
