3308 5004
827 326 958 392 702
1597 343 1678 390 nt
1725 343 1781 391 s.
1834 342 2102 392 summo
2148 344 2439 392 narrar.
2941 326 3089 392 ΑΗΕ.
3119 328 3184 420 28

823 430 984 587 {2
1036 432 1114 498 In
1158 427 1313 497 loco
1361 441 1586 497 autem
1627 427 1767 508 illo,
1805 449 1944 514 quo
1996 428 2235 497 beatus
2265 442 2526 517 martyr
2556 441 2659 497 est
2687 449 3049 518 percussus,
3077 428 3166 497 fons

735 518 823 587 ha
878 531 1033 587 etur
1064 516 1500 608 splendidus,
1555 515 1747 598 levis,
1815 516 2142 586 dulcibus
2191 518 2392 603 aquis
2440 517 2854 597 uberrimus,
2905 518 2966 586 in
3005 535 3167 604 quoet

736 630 775 677 a
814 605 1619 697 persecutoribus-caput
1667 618 2099 694 amputatum
2133 605 2451 676 ablutum
2500 618 2627 686 est,
2672 606 2757 674 de
2786 607 3020 693 quibus
3043 607 3165 691 aqua

736 695 993 766 multae
1025 696 1353 765 sanitates
1386 695 1791 764 tribuuntur
1822 695 2142 764 infirmis.
2196 699 2362 763 Nam
2402 717 2604 784 saepe
2650 716 2992 764 caecorum
3031 696 3162 764 oculi.

734 784 823 854 ab
871 784 979 852 bis
1030 784 1212 865 tacti,
1266 783 1642 852 illuminati
1683 796 1875 852 sunt:
1933 784 2380 852 tertianarum
2431 799 2920 871 quartanarum
2965 782 3163 851 febrium

733 872 1100 943 ardoribus
1147 872 1443 950 accensi,
1498 883 1573 940 ut
1623 886 1955 960 potatum,
2061 872 2125 939 ui
2183 874 2558 960 patiuntur,
2613 873 2893 954 iverint,
2939 872 3166 958 conquie-

732 976 959 1033 scunt.
1027 967 1192 1032 Nam
1243 976 1309 1031 et
1374 960 1429 1029 si
1498 961 1657 1048 quis
1706 961 1897 1050 gravi
1959 960 2021 1029 la
2075 982 2282 1030 orans
2340 962 2824 1040 incommodo,
2891 962 3162 1049 inspirante

734 1064 1034 1140 martyre
1080 1049 1498 1138 desiderium
1571 1049 1888 1118 habuerit
1950 1049 2360 1132 hauriendi,
2417 1051 2730 1140 protinus
2792 1066 2866 1120 ut
2912 1049 3158 1122 hauserit,

731 1139 1191 1210 convalescit:
1243 1153 1310 1208 et
1356 1138 1448 1208 ita
1498 1138 1818 1209 velociter
1859 1138 2288 1228 extinguitur
2337 1140 2436 1209 vis
2485 1139 2829 1220 febrium,
2879 1161 2992 1208 ceu
3035 1138 3080 1206 si
3111 1136 3159 1203 ri-

730 1228 895 1329 deas
942 1250 1152 1330 super
1199 1229 1617 1297 immensum
1673 1248 1915 1316 rogum
1971 1228 2293 1318 projectis
2342 1228 2547 1297 undis
2583 1228 2900 1297 incendia
2943 1227 3157 1296 universa

731 1330 943 1387 resttn
1002 1340 1096 1386 ut.

819 1409 857 1493 ξ
903 1340 997 1477 §g
1042 1411 1196 1476 Post
1244 1404 1634 1495 passionem
1705 1425 1863 1473 vero
1913 1405 2087 1475 beati
2163 1406 2485 1494 martyris
2533 1428 2612 1475 ac
2673 1405 2851 1474 fama
2903 1414 3157 1495 praeeunte

731 1493 817 1563 de
864 1495 1174 1574 senibm,
1217 1494 1373 1580 qui,
1426 1494 1593 1562 dum
1647 1509 1930 1562 sanctus
1977 1508 2169 1564 artus
2218 1494 2614 1581 sepulturae
2657 1494 3050 1572 mandarent,
3087 1490 3156 1558 lor-

732 1583 1017 1654 titudini
1067 1583 1397 1673 pristinae
1445 1581 1703 1651 fuerint
1751 1584 2069 1662 restituti,
2127 1583 2340 1684 mu‘lta
2376 1584 2471 1653 ibi
2515 1582 2844 1653 beneficia
2884 1593 3155 1671 expetentes

729 1671 1247 1760 credentesque,
1280 1671 1684 1760 indulgente
1713 1687 2033 1762 martyre,
2073 1686 2616 1759 consequuntur.
2657 1677 2746 1741 De
2771 1673 3007 1760 quibus
3027 1685 3184 1758 pauca?

730 1762 1214 1852 perstringenti
1266 1761 1597 1849 deprecor
1633 1762 1898 1828 veniam
1933 1761 2333 1841 condonari,
2371 1761 2551 1848 quod
2592 1784 2702 1830 me
2752 1763 2970 1830 minus
2998 1759 3068 1826 vel
3093 1777 3150 1844 pe

731 1851 969 1930 ritum,
1026 1851 1125 1919 vel
1178 1850 1500 1919 idoneum
1554 1847 1636 1917 ad
1698 1849 1866 1918 haec
1919 1849 2260 1919 narranda
2308 1872 2689 1940 cognosco,
2745 1872 2869 1919 nec
2922 1849 3147 1940 imbutum

780 1939 1203 2008 rammaticis
1250 1939 1541 2014 artibus,
1599 1958 1723 2005 nec
1775 1937 1989 2008 literis
2039 1939 2441 2008 liberalibus
2487 1939 2866 2009 eruditum.
2917 1930 3143 2020 Sedqutd

729 1962 929 2106 gneio,
985 2028 1165 2114 quod
1222 2025 1514 2116 impellit
1563 2049 1670 2094 me
1717 2049 1912 2096 amor
1962 2029 2252 2120 patroni,
2307 2042 2385 2098 ut
2434 2050 2770 2116 nequeam
2825 2029 2972 2097 haec
3003 2021 3146 2094 silere?

727 2117 1011 2186 Vinctus
1044 2115 1326 2203 quidam
1380 2116 1466 2184 ab
1498 2115 1828 2216 Hispanis
1883 2132 1947 2185 et
1992 2120 2248 2186 carceri
2301 2118 2597 2198 dedituS,
2653 2117 2735 2187 ad
2785 2123 3141 2206 Imperatorem

729 2205 995 2274 Treveri
1044 2227 1201 2275 cum
1251 2204 1532 2294 capitali
1580 2203 2006 2291 dijudicatus
2055 2208 2386 2275 sententia
2440 2207 2821 2276 tenebatur.
2872 2203 3025 2289 Quod
3059 2220 3142 2268 ὥθ’

734 2294 847 2363 'ux
896 2293 1085 2363 illius
1145 2293 1544 2384 cognitum,
1614 2293 1782 2362 dum
1850 2295 2196 2364 tumulare
2259 2295 2380 2363 viri
2435 2296 2741 2364 membra
2800 2294 3059 2369 festinat,
3099 2281 3136 2351 td

724 2315 1187 2454 brivatensem
1264 2383 1489 2453 vicum
1564 2383 1909 2471 pervenit:
1981 2397 2418 2472 repertosque
2465 2385 2695 2464 viros,
2770 2385 2926 2453 dum
2981 2381 3132 2449 divers

727 2471 955 2544 studio
1005 2472 1263 2542 intento
1302 2472 1695 2551 rimaretur,
1738 2473 2113 2562 cognoscit,
2169 2472 2350 2560 quod
2403 2473 2471 2542 in
2522 2495 2601 2543 eo
2651 2474 2750 2543 vel
2809 2474 2889 2542 de
2932 2482 3121 2554 nial-tyn⁴

726 2562 830 2630 vel
879 2560 965 2630 de
998 2562 1282 2632 senibus
1330 2561 1533 2630 fuerit
1581 2574 1877 2651 gestum,
1933 2562 2260 2649 fidelique
2309 2562 2779 2633 insinuatione
2830 2545 3119 2632 credens&

727 2649 1123 2740 sepulcrum
1178 2650 1356 2720 beati
1407 2650 1729 2738 martyris
1776 2650 2109 2720 deliberat
2159 2672 2571 2740 properare,
2627 2667 2704 2720 ut
2773 2670 3014 2720 causam
3042 2659 3119 2725 ⁵³15·

725 2751 940 2828 gerat,
993 2761 1197 2809 casus
1260 2741 1533 2820 reseret,
1590 2738 1688 2807 vel
1737 2754 2066 2809 cunctum
2128 2739 2430 2809 laborem
2485 2740 2590 2809 sui
2641 2740 2900 2810 doloris
2938 2740 3121 2827 expont-

724 2829 1199 2899 Asserentibus
1239 2841 1466 2898 tamen
1522 2841 1868 2917 praeterea
1906 2828 2351 2898 hominibus:
2406 2828 2676 2915 Absque
2726 2829 2929 2899 dubio
2968 2819 3123 2914 pollleff

725 2938 908 2995 mur,
943 2916 1250 2998 domina,
1294 2917 1416 2988 tibi
1450 2939 1491 2987 a
1524 2931 1823 3007 martyre
1864 2917 2054 2986 reddi
2087 2917 2441 2997 laetitiam,
2477 2918 2597 3003 qui
2632 2938 2875 2987 senum
2910 2906 3114 3002 quondtffl
3183 2946 3184 2959 κ

724 3004 1112 3096 decrepitae
1159 3006 1422 3085 aetatis,
1478 3006 1786 3075 membra
1823 3005 2112 3095 rig-mnia
2162 3007 2447 3093 antiquo
2495 3007 2713 3096 vigori
2768 3002 3018 3076 restituit
3041 2996 3112 3088 lm·
3183 3074 3184 3079 ,

726 3093 1045 3185 pletaque
1095 3097 1231 3187 bac⁸
1256 3095 1588 3176 oratione,
1628 3095 1984 3184 promittit,
2038 3108 2115 3165 ut
2163 3095 2220 3165 si
2277 3095 2602 3184 sospitem
2645 3097 2957 3185 reciperet
2985 3096 3112 3165 ΜΨ

724 3205 910 3275 gem,
966 3197 1142 3254 mart
1196 3183 1289 3253 ris
1337 3183 1763 3273 sepulcrum,
1819 3184 1886 3253 in
1928 3206 2065 3270 quo
2117 3185 2331 3274 possit
2377 3184 2602 3274 spatio
2634 3238 2649 3263 ,
2702 3183 3116 3276 caemealtpffifl’
3183 3242 3184 3253 ,

724 3284 998 3363 tegeret.
1053 3274 1122 3341 Fi
1177 3295 1214 3340 e
1264 3272 1488 3362 plena,
1539 3285 1605 3341 et
1641 3272 1728 3341 de
1778 3274 2100 3363 martyris
2144 3273 2389 3363 pietate
2442 3295 2686 3343 secura
2718 3327 2734 3353 ,
2780 3279 3036 3342 Trevenm
3060 3261 3124 3321 &²

722 3361 1057 3450 ingressa,
1105 3365 1601 3447 inventumque
1646 3361 1736 3431 ob
1786 3363 2034 3441 virum,
2089 3376 2155 3430 et
2196 3362 2416 3449 gratia
2467 3362 2813 3451 imperiali
2866 3363 3127 3443 receptum·
3183 3370 3184 3373 ’

722 3448 898 3519 laeta
948 3450 1354 3540 regreditur.
1408 3450 1883 3537 Inquisitoque
1934 3465 2257 3538 tempore,
2311 3472 2449 3537 quo
2498 3451 2600 3520 vir
2640 3450 2964 3521 relaxatus
2987 3446 3133 3527 &Sele

719 3560 1017 3617 carcere,
1068 3537 1467 3625 novitquod
1502 3538 1670 3607 haec
1702 3538 1834 3608 suit
1861 3539 2318 3609 absolutionis
2366 3539 2559 3620 hora,
2612 3561 2752 3627 qua
2790 3539 2898 3607 illa
2929 3536 3135 3612 mffllffi

721 3640 824 3699 est
855 3627 1191 3699 auxilium
1234 3639 1532 3719 precata.
1589 3627 1846 3697 Dehinc
1893 3628 2486 3718 pollicitationem,
2539 3651 2751 3717 quam
2806 3622 3134 3718 promisersslv

720 3738 881 3789 curn
919 3716 1280 3789 immensis
1328 3716 1739 3787 muneribus
1770 3716 2202 3807 adimplevit.
3183 3788 3184 3791 ,

782 3814 851 3888 s
898 3809 994 3875 0.
1048 3811 1206 3876 Erat
1250 3805 1434 3875 enim
1486 3805 1670 3875 haud
1712 3806 1950 3896 procul
1982 3829 2020 3876 a
2052 3805 2329 3881 cellula,
2367 3827 2578 3892 quam
2619 3826 2830 3896 supra
2859 3793 3139 3889 sepulcfssfss

720 3894 1046 3985 martyris
1096 3894 1266 3965 haec
1317 3906 1629 3963 matrona
1675 3908 2199 3975 construxerat,
2253 3894 2515 3986 grande
2562 3894 2939 3967 delubrum.
2981 3880 3071 3952 ubl
3100 3890 3138 3939 ¹⁰

720 3983 1116 4056 columnam
1168 3983 1580 4054 altissimam
1629 3983 2086 4054 simulacrum
2125 3985 2357 4055 Martis
2388 3984 2837 4070 mercuriique
2868 3972 3140 4055 colebatur:

720 4072 1028 4160 Cu'mque
1073 4072 1345 4145 delubri
1396 4071 1590 4142 illius
1635 4071 1806 4145 festa
1863 4095 1906 4142 a
1960 4072 2336 4162 gentilibus
2396 4082 2805 4163 agerentur,
2868 4087 2938 4136 ac
2973 4062 3142 4159 mprtut

719 4161 1012 4232 mortuis
1063 4161 1265 4232 tbura
1303 4161 1669 4243 deferrent,
1726 4161 1951 4231 medio
1997 4182 2037 4230 e
2085 4160 2292 4248 vulgo
2337 4171 2852 4230 commoventur
2881 4168 3034 4252 ρξιθῦ
3057 4140 3144 4233 ⁶¹¹9

718 4249 791 4319 in
841 4250 1297 4321 scandalum:
1354 4249 1750 4338 nudatoque
1811 4249 2275 4340 unusgladio
2309 4302 2324 4329 ,
2379 4249 2672 4319 alterum
2732 4246 3145 4338 ερρθῑιῌῑΰθῒ

695 4338 1058 4410 dandum.
1109 4344 1185 4410 At
1232 4339 1348 4410 ille
1393 4354 1685 4412 cernens
1733 4337 1908 4409 nihil
1946 4340 2180 4408 veniae
2229 4338 2589 4422 reservari,
2643 4357 2797 4406 cum
2839 4326 3145 4427 adua-²³⁰2}

721 4449 858 4499 non
892 4429 1385 4514 defensaretur,
1407 4441 1681 4501 nostrae
1708 4428 2061 4521 religionis
2086 4428 2497 4511 custodiam,
2523 4440 2788 4499 nostrae
2803 4413 3145 4493 confesSwffl’
