3308 5004
146 308 327 376 AUG.
379 308 462 373 46
817 322 898 371 mt
942 321 1208 371 nucum
1255 320 1578 370 massana
1621 322 1686 368 ι).
1740 321 1806 371 Ν.
1859 325 1913 371 s.
1967 323 2028 372 c·
2128 297 2139 305 ’
2480 308 2608 375 385

232 412 269 500 ξ
313 414 409 482 θ.
454 413 624 479 Cum
671 418 900 478 autem
935 407 1056 494 qui
1084 408 1344 477 missus
1371 405 1592 476 fuerat
1622 408 1748 492 (a),
1786 408 2207 497 pervenisset
2237 409 2305 478 in
2337 408 2694 491 Judaeam,

144 499 406 569 invenit
449 496 795 567 Christum
846 495 978 566 sub
1024 495 1139 567 dio
1188 495 1636 566 disserentem
1702 516 1863 564 cum
1963 497 2199 587 opulo,
2265 498 2386 585 qui
2435 498 2704 570 conflu-

142 600 353 668 xerat,
384 599 449 657 et
481 584 875 688 prodigiose
904 583 1266 654 facientem
1299 584 1606 674 insignia
1640 582 1910 653 miracu
1941 608 2004 655 a.
2031 590 2199 656 Cum
2237 609 2397 658 vero
2477 600 2705 678 ropter

145 675 662 746 multitudinem
712 696 977 757 eorum,
1008 673 1129 761 qui
1161 685 1438 764 propter
1462 671 1757 754 diversa,
1803 674 2062 760 quibus
2096 696 2281 764 opus
2329 610 2697 757 habebant,

144 776 497 847 venerant,
545 785 683 833 non
719 775 949 854 posset
993 763 1292 833 Ananias
1336 762 1498 834 Jesu
1565 761 2149 852 appropinquare,
2207 764 2276 831 in
2327 765 2703 851 quamdam

194 866 437 935 etram,
492 874 671 940 quae
720 874 969 943 parum
1009 851 1358 922 eminebat
1388 873 1429 920 a
1457 863 1656 932 terra,
1689 871 1826 920 non
1879 851 2118 941 procul
2151 875 2191 922 a
2242 852 2416 935 loco,
2462 854 2531 922 in
2566 877 2703 941 quo

178 965 302 1014 esu
350 942 775 1022 versabatur,
829 940 1142 1011 ascendit
1200 952 1266 1010 et
1312 939 1591 1011 assedit.
1645 944 1724 1009 Et
1770 961 1933 1009 curn
1992 941 2055 1011 ei
2104 940 2237 1011 fuit
2290 942 2703 1029 manifestus

139 1037 366 1113 JesuS,
428 1052 634 1119 quem
694 1029 996 1121 populus
1066 1028 1577 1111 abscondebat,
1645 1041 2086 1117 caeterosque
2137 1031 2695 1120 supereminuit,

148 1121 377 1192 statim
429 1121 500 1189 in
551 1117 752 1190 illum
801 1118 1083 1206 quidem
1133 1117 1411 1200 oculos,
1468 1117 1538 1186 in
1588 1117 1901 1190 chartam
1951 1131 2181 1189 autem
2232 1140 2520 1189 manum
2581 1119 2701 1189 de-

145 1208 421 1300 figebat,
458 1221 526 1279 et
570 1208 722 1298 ejus
768 1208 891 1295 qui
935 1207 1369 1289 cernebatur,
1435 1206 1870 1277 describebat
1918 1206 2472 1278 similitudinem.
2518 1212 2699 1279 Haec

145 1311 374 1368 autem
425 1297 745 1388 cognovit
802 1297 1015 1368 Jesus
1089 1296 1387 1387 spiritu,
1440 1307 1505 1365 et
1563 1317 1723 1365 cum
1774 1297 2104 1365 Thomam
2172 1297 2694 1367 accersivisset:

150 1387 349 1468 Vade,
410 1385 660 1474 inquit,
713 1385 783 1454 in
823 1385 1022 1456 illum
1073 1385 1327 1466 locum,
1373 1396 1438 1454 et
1484 1383 1862 1467 hominem,
1915 1384 2036 1473 qui
2085 1385 2274 1455 sedet
2320 1407 2535 1476 supra
2582 1408 2701 1476 pe-

151 1488 345 1559 tram,
385 1488 454 1546 et
495 1474 720 1545 meam
753 1473 1044 1545 formam
1077 1474 1430 1555 describit,
1470 1472 1701 1543 adduc
1732 1474 1818 1543 ad
1846 1496 1978 1556 me,
2017 1474 2413 1544 afferentem
2463 1475 2694 1555 etiam,

149 1586 354 1652 quarn
407 1564 617 1635 habet
663 1563 750 1633 ad
787 1586 897 1633 me
943 1563 1333 1653 epistolam,
1369 1576 1446 1632 ut
1493 1562 1562 1631 id
1615 1561 1971 1653 impleam,
2022 1562 2204 1651 quod
2250 1564 2596 1655 praecepit
2643 1563 2703 1633 is
2808 1645 2821 1657 ,

149 1654 265 1741 qui
312 1653 529 1724 misit.
584 1653 853 1722 Vadens
910 1675 1073 1743 ergo
1122 1653 1453 1733 Thomas,
1506 1663 1571 1721 et
1628 1673 2013 1742 agnoscens
2076 1654 2434 1734 Ananiam,
2486 1674 2570 1723 ex
2623 1674 2702 1722 eo

150 1742 327 1830 quod
390 1742 710 1813 audierat
767 1741 934 1829 quid
984 1763 1143 1811 eum
1201 1752 1379 1811 esset
1424 1739 1836 1811 inventurus
1907 1740 2265 1811 facientem
2306 1795 2322 1824 ,
2374 1741 2571 1811 duxit
2616 1740 2705 1811 ad

148 1836 406 1901 Jesum.
463 1830 878 1918 Priusquam
946 1842 1175 1900 autem
1251 1830 1337 1899 ab
1399 1850 1478 1898 eo
1556 1829 1896 1921 acciperet
1958 1830 2368 1922 epistolam,
2421 1830 2593 1900 dixit
2639 1830 2703 1899 ei

157 1919 459 1991 Christus
508 1942 791 1990 causam
840 1941 966 1989 cur
1012 1919 1097 1988 ad
1147 1941 1221 1989 se
1268 1917 1587 2000 venisset,
1634 1930 1701 1987 et
1747 1918 1917 2006 quid
1966 1920 2345 1991 contineret
2385 1917 2697 2009 epistola.

157 2009 404 2079 Deinde
451 2030 614 2079 oum
655 2030 806 2078 eam
838 2008 1236 2099 accepisset,
1281 2020 1348 2078 et
1393 2006 1820 2098 perlegisset,
1855 2007 2141 2078 alteram
2189 2007 2546 2097 epistolam
2593 2030 2702 2077 re-

158 2098 425 2190 scripsit
476 2097 562 2167 ad
613 2097 1001 2188 Abagarum
1040 2096 1142 2187 (b)
1179 2096 1288 2167 his
1335 2096 1597 2166 verbis:
1652 2101 1898 2169 Beatus
1946 2119 2041 2177 es,
2110 2119 2150 2167 o
2188 2097 2530 2187 Abagare,
2581 2097 2705 2184 qui

159 2185 227 2254 in
272 2210 378 2258 me
411 2185 796 2268 credidisti,
850 2208 1011 2255 cum
1049 2207 1159 2255 me
1200 2207 1338 2255 non
1370 2185 1648 2255 videris.
1703 2191 1793 2255 De
1825 2207 1937 2255 me
1964 2185 2150 2256 enim
2200 2187 2540 2276 scriptum
2570 2199 2695 2265 est,

159 2276 330 2361 quod
378 2275 506 2365 qui
554 2297 664 2345 me
697 2274 1040 2357 viderunt,
1095 2274 1164 2342 in
1216 2297 1328 2345 me
1375 2296 1511 2345 non
1546 2273 1861 2345 credunt:
1900 2275 2121 2366 etqui
2172 2295 2310 2343 non
2353 2273 2696 2354 viderunt,

167 2362 290 2452 ipsi
329 2364 617 2436 credent
670 2375 736 2434 et
783 2364 1032 2433 vivent.
1087 2363 1280 2446 Quod
1330 2375 1560 2433 autem
1619 2360 1705 2432 ad
1778 2384 1886 2432 me
1938 2361 2328 2451 scripsisti,
2380 2376 2458 2432 ut
2505 2361 2591 2431 ad
2643 2376 2705 2433 te

167 2452 447 2538 veniam,
506 2463 771 2544 oportet
810 2474 920 2523 me
966 2452 1081 2522 hic
1130 2451 1365 2523 omnia
1414 2449 1700 2542 implere
1731 2506 1746 2533 ,
1808 2463 2089 2542 propter
2132 2472 2312 2539 quae
2360 2451 2496 2521 huc
2544 2473 2698 2522 sum

167 2541 432 2615 missus.
493 2549 570 2613 Et
618 2555 978 2635 postquam
1033 2541 1430 2632 implever0,
1483 2541 1750 2611 assumi
1810 2540 1897 2610 ad
1944 2562 2102 2610 eum
2159 2540 2281 2628 qui
2333 2540 2522 2610 misit
2568 2562 2700 2622 me,

165 2632 441 2703 Patrem.
498 2637 868 2719 Postquam
902 2644 1131 2701 autem
1183 2629 1376 2702 fuero
1425 2640 1865 2719 assumptus,
1930 2629 2196 2699 mittam
2247 2628 2332 2698 ad
2386 2641 2447 2699 te
2482 2650 2705 2698 unum

166 2739 237 2789 ex
280 2723 453 2794 meis
503 2720 892 2811 discipuliS,
923 2720 1046 2807 qui
1076 2732 1273 2790 tuum
1311 2720 1626 2790 morbum
1657 2718 1952 2801 curabit,
1997 2730 2063 2788 et
2098 2718 2303 2788 vitam
2356 2728 2703 2787 aeternam

167 2821 224 2878 et
267 2832 506 2900 pacem
559 2809 685 2881 tibi
733 2809 1126 2899 praebebit:
1179 2821 1244 2879 et
1292 2820 1449 2879 tuae
1496 2806 1755 2878 civitati
1802 2808 2090 2890 cavebit,
2141 2819 2219 2878 ut
2266 2805 2506 2878 nullus
2553 2828 2707 2877 eam

171 2900 371 2987 possit
402 2920 736 2989 superare
775 2898 1128 2968 inimicus.

214 2988 281 3144 ,ἓ
325 2993 403 3059 7.
458 2992 627 3058 Cum
660 2987 961 3057 Ananiae
995 2986 1303 3058 Christus
1331 3008 1482 3056 eam
1520 2984 1917 3057 tradidisset
1948 2985 2336 3077 epistolam,
2374 2984 2704 3072 quoniam

171 3093 229 3143 vi
278 3078 431 3148 ebat
462 3098 625 3147 eum
662 3076 1035 3158 solicitum,
1088 3088 1166 3146 ut
1211 3074 1502 3145 alterum
1556 3074 1822 3145 domini
1872 3076 1981 3146 sui
2019 3086 2468 3164 exequeretur
2514 3096 2711 3145 man-

173 3160 423 3248 datum,
478 3188 730 3255 nempe
768 3178 846 3236 ut
883 3164 969 3235 ad
1011 3186 1172 3234 eum
1219 3163 1510 3234 deferret
1569 3163 1762 3234 illius
1809 3163 2069 3235 formae
2121 3162 2652 3235 similitudinem
2687 3218 2703 3243 ,

168 3271 317 3323 cum
356 3255 542 3344 aqua
573 3254 816 3324 faciem
867 3254 1221 3335 abluisset,
1260 3252 1510 3324 deinde
1556 3252 1957 3341 humoremss,
2009 3253 2129 3341 qui
2176 3274 2257 3323 ex
2298 3276 2379 3324 ea
2426 3252 2711 3323 descen-

174 3337 385 3426 debat,
430 3345 505 3412 in
551 3343 710 3414 dato
757 3343 821 3412 ei
869 3341 1141 3413 mantili
1201 3342 1654 3425 abstersisset,
1722 3341 1954 3412 divine
2002 3342 2323 3434 providit,
2375 3354 2441 3412 et
2496 3363 2711 3432 supra

176 3430 524 3514 rationem,
576 3444 656 3503 ut
698 3432 851 3523 ejus
901 3432 1127 3523 figura
1187 3431 1258 3500 in
1319 3452 1399 3501 eo
1460 3431 1979 3523 imprimeretur
2029 3430 2170 3523 (c),
2224 3443 2291 3502 et
2337 3453 2498 3501 cum
2555 3452 2705 3500 eam

178 3520 564 3592 tradidisset
613 3521 957 3603 Ananiae,
1015 3519 1226 3610 jussit
1271 3519 1468 3590 reddi
1534 3522 1880 3612 Abagaro,
1937 3534 2017 3592 ut
2063 3532 2129 3590 et
2174 3520 2325 3611 ejus
2374 3519 2711 3591 solaretur

223 3695 282 3750 (α)
308 3701 538 3743 Solemnis
569 3712 678 3742 eum
709 3700 825 3742 haec
857 3698 1032 3742 fnisset
1062 3697 1260 3751 anagn-i
1296 3700 1354 3741 nd
1384 3700 1548 3741 Jesum
1582 3698 1757 3750 legatio
1791 3710 1898 3741 oum
1928 3696 2711 3749 literis,1nxt⁸Korenensem.non

176 3750 367 3794 Ananias
393 3753 497 3795 eive
525 3757 717 3796 Annuus
744 3757 944 3800 tentum,
960 3754 1044 3794 sed
1064 3751 1146 3793 elii
1166 3751 1260 3794 unt
1277 3751 1505 3795 Edeseeni
1525 3755 1749 3804 Sati-apte
1769 3757 2028 3795 necessisse
2047 3751 2233 3795 dicendi
2252 3755 2387 3800 sunt3
2410 3751 2537 3804 iique
2564 3751 2709 3802 signi·

180 3803 364 3848 ficantur
386 3807 436 3849 in
453 3810 627 3859 Ιίνιιις.
645 3810 720 3849 Jo.
742 3811 791 3848 c.
813 3818 896 3854 ιιι.
915 3817 991 3848 vv.
1015 3810 1067 3847 20
1085 3809 1135 3847 et
1153 3809 1219 3848 21.
2682 3854 2690 3863 ·

211 3856 286 3916 Jb)
311 3860 578 3902 Liternum
595 3860 792 3911 abagari
813 3862 871 3901 ed
890 3861 996 3901 chr.
1014 3862 1063 3901 et
1082 3858 1257 3901 Christi
1280 3861 1337 3901 od
1357 3860 1497 3911 Αἴης.
1520 3862 1760 3909 exemplu·
1786 3857 1993 3901 fideliter
2020 3869 2076 3900 ex
2105 3856 2359 3901 Edessenis
2386 3856 2528 3909 regiis
2554 3857 2713 3898 Archi-

177 3917 247 3950 vu
259 3914 448 3956 deduxit
465 3914 515 3956 in
534 3913 784 3957 historiam
803 3924 937 3955 sunm
954 3911 1225 3965 pradictus
1243 3915 1403 3955 nonen
1433 3916 1541 3955 Kor.
1563 3911 1739 3964 Quinto
1768 3922 1880 3964 ergo
1908 3915 2100 3955 memo
2127 3914 2279 3956 adnuo
2308 3913 2527 3954 exubant
2547 3911 2710 3951 autho-

179 3966 377 4055 gantiae.
405 3970 665 4020 Epistolnm
694 3972 850 4009 eutem
878 3977 974 4009 non
1002 3964 1162 4008 divina
1194 3968 1395 4017 ipsemet
1429 3964 1689 4009 salvatoris
1722 3976 1890 4007 manue
1923 3964 2222 4017 conscripsit,
2257 3968 2340 4008 sed
2370 3977 2425 4007 eo
2447 3966 2646 4016 jubente
2664 3966 2713 4005 et

227 4016 443 4069 enitente,
459 4024 516 4064 nt
533 4021 772 4064 unanimis
794 4018 1123 4063 Armeniorum
1141 4022 1237 4061 tert
1258 4018 1467 4068 traditio,
1487 4021 1733 4072 apostolus
1752 4020 1970 4061 Thomu.
2524 4067 2531 4073 .

228 4069 289 4130 (ι’),
305 4075 428 4117 mam
458 4078 746 4118 Graecorum
774 4076 833 4117 de
862 4073 1026 4116 divina
1051 4084 1247 4125 prorsus
1273 4075 1423 4125 Inuus
1452 4072 1626 4117 Christi
1653 4071 1895 4125 Imagini&
1923 4071 2123 4123 ideoque
2141 4069 2296 4114 dictae
2316 4084 2402 4113 uon
2422 4072 2714 4121 manufactae,

183 4130 349 4174 ungine
376 4128 643 4179 opinionem
672 4130 875 4171 rotunde
902 4125 1167 4170 Armenicis
1193 4129 1348 4169 fretus
1365 4125 1671 4175 testimoniis,
1689 4124 1867 4168 refeliit
1884 4128 1978 4167 Joae.
2006 4127 2258 4176 cappellae(
2283 4126 2334 4166 in
2362 4135 2450 4167 sua
2475 4127 2712 4172 Auxuma,

180 4175 443 4234 (florentine
472 4181 600 4234 typis
632 4185 801 4224 Fuerit
821 4181 944 4235 1842)
972 4184 1025 4223 Τ.
1057 4184 1097 4229 8.
1125 4191 1170 4231 p.
1208 4183 1273 4223 25.
1305 4183 1366 4222 At
1383 4192 1441 4222 en
1458 4183 1531 4224 eat
1548 4179 1731 4243 magici
1751 4182 1884 4228 mira,
1902 4181 2099 4221 nutum
2119 4177 2263 4240 etiem
2282 4177 2446 4240 habite
2463 4188 2622 4220 rernm
2643 4189 2714 4220 ra·

182 4229 316 4278 none.
340 4245 692 4287 quaquaversus
713 4234 951 4286 inspectae
970 4233 1196 4282 conditio,
1213 4237 1282 4282 ut,
1298 4232 1560 4284 peritorum
1579 4245 1662 4285 qm
1681 4235 1820 4275 fldem
1847 4243 1942 4275 non
1971 4234 2230 4283 abjecerint
2254 4234 2454 4283 jndicio,
2481 4232 2714 4273 humanae

180 4288 269 4342 Πομ
286 4292 420 4334 queat
436 4289 569 4337 mie.
585 4300 748 4332 eorum
767 4290 969 4332 maxime
989 4292 1271 4338 temporum.
1288 4288 1368 4329 vel
1404 4285 1833 4330 excellentissim-e
1863 4285 2004 4338 opera
2031 4284 2281 4337 prodiisse.
2310 4283 2558 4328 Fidentine
2588 4296 2714 4336 ergo.
2743 4296 2752 4305 ·

183 4338 395 4397 ‘lmdquid
418 4342 593 4391 dicant.
618 4343 795 4386 Christi
825 4342 1161 4394 omnipotentis
1180 4338 1461 4392 benignitati
1480 4351 1622 4391 quam
1647 4342 1854 4382 Ananim
1874 4338 2098 4391 peniculo
2112 4342 2395 4382 Edessenam
2416 4339 2713 4382 tribuendam

181 4386 381 4436 ducimus
408 4398 677 4448 Imaginem,
705 4396 831 4439 lineo
850 4396 1042 4447 quidem
1061 4392 1293 4437 divinitus
1313 4392 1611 4444 depingendo
1629 4391 1840 4437 adhibito
1857 4391 2127 4446 panniculo,
2145 4404 2240 4436 non
2257 4395 2421 4436 vultus
2443 4392 2563 4444 22un
2580 4392 2715 4445 prius

185 4444 350 4488 mi
370 4450 666 4503 abstergendi
686 4450 850 4503 grstia.
867 4454 922 4493 nt
941 4448 1113 4493 leviter
1128 4450 1208 4491 hio
1228 4450 1395 4490 unctor
1411 4445 1677 4499 descripsit.
2608 4455 2625 4464 ·

336 4533 565 4593 surius
592 4563 621 4581 -
656 4534 819 4595 Vitae
860 4531 967 4595 SS.
1000 4565 1024 4578 ·
1047 4531 1180 4594 Vol.
1201 4529 1361 4594 v111.
2474 4531 2554 4593 25
