3308 5004
168 359 340 426 AUG.
395 360 473 425 115
801 376 881 423 ns
927 373 983 422 s.
1035 371 1371 422 assumtio
1420 370 1749 422 sussston.
1800 368 2005 422 susc.
2476 358 2605 426 37³

166 461 543 549 sedemque,
591 479 806 548 quam
857 479 994 530 non
1026 458 1495 549 concupierat,
1547 468 1608 528 tr
1750 457 1922 528 uillo
1968 458 2202 530 animo
2250 459 2526 530 interim
2576 460 2696 532 dre·

165 549 387 632 seruit,
440 550 687 640 pietate
730 568 882 618 eam
923 546 1272 629 excolens,
1312 568 1521 634 quam
1573 546 1726 616 vide
1818 556 1934 617 tur
1967 554 2087 617 co'r
2183 568 2254 618 re
2301 548 2688 637 reliquisse.

241 640 276 726 ξ
319 642 474 711 85.
529 636 1134 709 Vernmenimvero
1193 657 1360 707 cum
1409 634 1605 707 sedes
1653 656 1790 706 non
1847 633 2054 707 faciat
2143 638 2331 728 pisce
2385 659 2532 720 um,
2570 639 2692 711 sed

161 727 528 818 Episcopus
567 726 829 807 sedem,
868 739 935 796 et
972 724 1190 796 virtus
1228 723 1604 813 majestatis
1637 745 1760 814 per
1808 722 1953 794 loca
2003 746 2138 795 non
2176 724 2322 797 scin
2377 739 2574 797 amr:
2618 728 2693 799 in

160 814 444 903 quodam
495 814 778 886 castello
831 813 1142 905 ejusdem
1192 812 1549 893 dioecesis,
1599 810 1783 913 quod
1836 812 2188 884 Uleiacum
2246 826 2490 885 vocant
2519 869 2539 897 ,
2586 816 2695 888 fo·

159 916 341 975 vente
388 903 587 974 illum
639 902 894 974 Comite
940 900 1355 984 Theobaldo,
1405 922 1835 972 mansionem
1869 915 1936 971 et
1982 901 2214 973 sedem
2261 902 2396 974 sibi
2434 906 2697 975 consti·

163 994 317 1064 tuit:
372 992 494 1064 ubi
555 991 1127 1063 convenientibus
1196 990 1646 1062 ecclesiarum
1717 989 2037 1080 praelatis
2096 1003 2165 1061 et
2218 992 2611 1064 senioribus
2654 1016 2695 1064 e

162 1082 358 1164 clero,
403 1080 933 1152 accurrentibus
975 1080 1182 1150 etiam
1235 1077 1652 1170 promiscuis
1700 1080 2121 1169 populorum
2170 1080 2416 1162 turbis,
2505 1081 2696 1152 oeni-

159 1171 424 1241 tentiam
474 1168 831 1251 confessiS,
882 1181 950 1238 et
981 1166 1197 1259 lapsis
1228 1168 1729 1258 reparationem
1769 1168 1986 1238 multa
2030 1168 2353 1239 aviditate
2399 1169 2446 1239 fi
2498 1169 2698 1242 eliter

158 1281 227 1330 ac
270 1270 547 1329 strenue
598 1258 1034 1350 procurabat.
1088 1255 1423 1328 advolant
1487 1255 1906 1357 populorum
1973 1269 2305 1340 catervae,
2360 1271 2698 1329 sanantur

161 1348 427 1439 aegroti,
462 1346 993 1419 adventantibus
1013 1344 1336 1433 frequens
1363 1344 1785 1433 praedicatio
1811 1344 2261 1436 impenditur,
2298 1346 2692 1418 animarum

163 1449 219 1506 et
253 1457 618 1525 corporum
654 1434 889 1507 ulcera
932 1447 1293 1516 curantur,
1335 1433 1676 1505 Ecclesiae
1717 1433 1974 1524 passim
2024 1447 2538 1516 consecrantur,
2590 1435 2699 1506 di·

163 1524 345 1596 vinae
392 1523 624 1594 laudis
669 1523 895 1595 officia
950 1535 1386 1595 sacrosancta
1439 1522 1713 1613 egregie
1769 1522 2269 1595 instaurantur.
2333 1528 2701 1595 laetantur

158 1633 382 1685 omnes
426 1612 758 1684 ccclesiae
804 1611 1252 1683 reformatum
1315 1609 1531 1682 decus
1575 1623 1642 1681 et
1691 1622 2118 1694 vetustatem,
2160 1634 2339 1701 quae
2388 1613 2699 1685 Ursionis

161 1701 418 1773 incuria
460 1723 596 1773 non
649 1701 1063 1772 mediocrem
1103 1702 1448 1788 jncturam
1500 1698 1774 1770 fecerat.

236 1792 273 1877 ξ
315 1795 483 1864 88.
538 1795 1014 1861 Commorante
1061 1790 1206 1860 viro
1260 1789 1377 1859 Dei
1425 1788 1495 1858 in
1544 1787 1667 1858 illo
1714 1787 2016 1870 castelle,
2078 1789 2505 1880 Everolphus
2551 1811 2696 1862 mo-

162 1879 414 1951 nachus
476 1891 539 1949 et
591 1879 969 1969 presbyter,
1023 1890 1261 1948 sancto
1311 1878 1647 1968 Episcopo
1694 1875 1889 1948 valde
1934 1877 2220 1949 devotus
2265 1893 2333 1949 et
2375 1880 2699 1970 impense

161 1966 422 2049 charus,
479 1969 549 2038 in
603 1969 922 2038 morbum
960 1966 1203 2038 incidit
1230 1965 1765 2057 gravissimum:
1818 1987 2120 2067 cumque
2165 1989 2238 2039 se
2276 1968 2696 2039 moriturum

161 2055 472 2138 crederet,
527 2056 790 2147 rogavit
837 2056 1281 2145 Episcopum,
1316 2064 1394 2125 ut
1426 2054 1602 2126 sacri
1651 2053 1785 2125 olei
1827 2059 2227 2126 Unctionem
2263 2057 2397 2147 ipsi
2439 2057 2698 2147 imper-

165 2145 324 2216 tiret.
368 2146 754 2236 Episcopus
781 2166 940 2215 vero
972 2144 1068 2215 ait
1090 2143 1177 2214 ad
1207 2164 1405 2214 eum:
1438 2147 1657 2213 Intem
1714 2144 1927 2215 estiva
1960 2156 2121 2215 sunt
2152 2167 2329 2232 quae
2358 2146 2691 2237 postulas:

166 2233 405 2318 quibus
438 2255 568 2336 ego
613 2256 694 2304 ea
740 2236 952 2304 causa
1000 2254 1137 2305 non
1186 2252 1446 2313 annuo,
1496 2253 1593 2319 qu
1734 2232 1947 2302 sciam
2003 2234 2345 2304 contraria
2396 2233 2699 2324 disposi-

168 2320 318 2392 tioni
363 2322 663 2393 divinae.
717 2327 862 2393 Non
911 2323 1096 2392 enim
1145 2342 1271 2411 ego
1322 2333 1384 2391 te
1430 2334 1550 2391 aut
1612 2341 1920 2411 ungam,
1972 2334 2093 2391 aut
2139 2322 2515 2411 sepeliam:
2574 2321 2698 2393 sed

173 2422 238 2479 tu
279 2432 380 2481 me
427 2411 567 2482 alio
612 2422 678 2482 et
725 2411 875 2482 loco
921 2425 987 2481 et
1034 2423 1342 2499 ternpore
1388 2409 1741 2480 unctionis
1786 2421 1852 2479 et
1898 2409 2293 2499 sepulturae
2330 2410 2546 2482 sacris
2591 2410 2697 2481 of-

169 2496 328 2571 ficiis
426 2502 838 2589 rosequeris.
892 2500 1021 2571 Illo
1052 2498 1348 2581 dicente,
1394 2498 1544 2570 fieri
1593 2498 1663 2568 id
1714 2519 1850 2569 non
1906 2519 2126 2588 posse,
2176 2522 2337 2570 curn
2378 2499 2701 2591 Episcopi

169 2587 256 2657 vel
289 2589 382 2659 Ab
431 2603 578 2661 ates
608 2590 1025 2680 Episcopum
1057 2587 1352 2659 debeant
1379 2588 1692 2678 sepelire,
1734 2592 1836 2658 vir
1867 2588 1985 2658 Dei
2015 2588 2404 2679 respondit:
2439 2610 2478 2655 «
2512 2589 2702 2660 Scias

167 2677 532 2748 certissime
578 2678 665 2748 ad
716 2700 829 2749 me
873 2677 1284 2768 ungendum
1316 2691 1383 2747 et
1430 2675 1921 2747 tumulandum
1968 2676 2239 2747 nullum
2287 2676 2696 2749 adfumrum

170 2765 525 2837 antistitem
576 2767 679 2837 vel
729 2767 1101 2837 Abbatem:
1156 2765 1276 2837 sed
1314 2777 1470 2836 tuae
1514 2765 1872 2837 charitatis
1920 2766 2325 2848 ministerio,
2360 2766 2700 2855 quicquid

170 2852 306 2950 ejus
349 2869 476 2936 est,
521 2855 709 2926 circa
758 2877 869 2926 me
914 2853 1335 2946 completum
1366 2855 1478 2925 iri.
1512 2878 1550 2922 »
1602 2854 1712 2925 Sic
1747 2854 2042 2938 locutus,
2090 2877 2376 2927 manum
2425 2867 2703 2947 aegroto

168 2960 247 3010 lm
345 2944 468 3017 nit.
523 2955 588 3014 et
620 2945 821 3035 pulso
857 2945 1120 3024 morbo,
1166 2943 1391 3014 reddit
1427 2943 1849 3013 incolumen.

318 3036 470 3104 82.
526 3033 757 3103 Multis
805 3033 893 3103 ad
931 3055 1092 3104 eum
1125 3032 1348 3104 turbis
1377 3032 1916 3113 confluentibus,
1954 3053 2262 3119 quarum
2292 3031 2407 3102 ille
2441 3031 2702 3104 morbis

170 3120 481 3190 curandis
528 3121 841 3192 sedulam
895 3125 1187 3192 navabat
1233 3142 1540 3222 operam,
1590 3120 1896 3208 quodam
1943 3120 2055 3191 die
2087 3143 2125 3191 e
2155 3120 2305 3192 loco
2353 3120 2699 3212 superiori

175 3226 278 3293 per
321 3207 691 3280 fenestram
745 3210 1199 3301 prospiciens,
1238 3209 1419 3280 videt
1463 3209 1531 3278 in
1577 3209 2188 3312 platea-hominem
2241 3210 2373 3281 sub
2422 3208 2697 3367 fflancu'

171 3315 360 3380 quam
393 3297 678 3379 ferebat,
710 3299 882 3368 mire
915 3298 1307 3369 sudantem:
1340 3320 1498 3369 mox
1528 3313 1622 3367 ait
1645 3298 1737 3367 ad
1770 3310 2338 3369 circumstantes:
2376 3303 2421 3369 P
2498 3319 2701 3370 neam

177 3382 351 3454 istam
397 3388 631 3478 rapuit
678 3387 790 3457 hic
839 3387 1069 3457 homo.
1122 3387 1333 3475 Ajunt
1391 3386 1536 3456 illi:
1593 3387 1785 3457 Unde
1837 3386 1965 3457 hoc
2022 3387 2199 3457 scire
2248 3388 2528 3477 potuisti
2572 3387 2704 3458 do-

179 3472 391 3544 mine?
439 3475 832 3566 Respondet
869 3476 972 3546 vir
1001 3475 1118 3546 Dei
1153 3499 1167 3544 z
1226 3502 1253 3540 ι
1292 3480 1420 3546 Pro
1467 3489 1819 3565 comperto
1865 3475 2083 3547 habeo
2116 3488 2321 3567 raptu
2357 3497 2509 3546 eam
2546 3497 2704 3567 par·-

179 3571 295 3631 tam
340 3585 515 3646 esse,
574 3586 733 3634 nam
785 3564 1074 3634 daemon
1124 3576 1366 3636 auctor
1413 3564 1723 3655 rapinae,
1756 3563 1935 3634 collo
1978 3565 2129 3654 ejus
2168 3564 2504 3645 insidens,
2539 3587 2702 3636 eum

177 3648 400 3748 misere
441 3653 714 3743 premit.
754 3679 779 3717 n
820 3658 969 3723 Mox
1010 3676 1193 3725 unus
1227 3675 1310 3724 ex
1340 3652 1506 3735 illis,
1540 3653 1749 3722 celeri
1780 3673 1993 3722 cursu
2018 3653 2164 3723 abit
2193 3652 2281 3723 ad
2316 3653 2695 3737 hominem.

178 3740 546 3812 sciscitatur
600 3741 787 3812 unde
850 3741 1098 3813 habeat
1170 3742 1537 3832 plancam,
1614 3763 1825 3829 quam
1898 3741 1994 3818 ita
2053 3741 2347 3812 anhelus
2412 3741 2698 3830 bajulet.

178 3822 284 3895 Ille
324 3828 575 3901 fatetur
621 3830 806 3920 apud
859 3852 1115 3921 pagum
1166 3830 1561 3901 Nantolium
1609 3831 1684 3900 in
1735 3828 2032 3917 quadam
2086 3852 2159 3902 se
2213 3830 2700 3920 congressione

178 3911 484 4001 adfuisse,
537 3931 602 3988 et
647 3940 800 3989 eam
856 3919 943 3989 ad
1011 3942 1084 3990 se
1135 3918 1452 4010 plancam
1502 3919 1845 4011 rapuisse.
1886 3919 2012 3988 His
2051 3918 2310 3989 auditis
2340 3973 2355 4000 ,
2409 3917 2703 3989 festinus

180 4007 517 4077 revertitur
553 4007 640 4077 ad
663 4028 786 4077 eos
815 4007 936 4095 qui
976 4007 1177 4078 illum
1213 4009 1564 4090 miserant,
1604 4007 2023 4095 nunciatque
2057 4007 2227 4098 ipsis
2261 4007 2704 4096 stupentibus

183 4106 318 4161 vera
347 4094 602 4166 dixisse
639 4101 687 4166 E
741 4096 1081 4187 iscopum.

226 4180 290 4273 ,ἓ
329 4187 481 4257 88.
535 4190 681 4267 Quo
732 4207 843 4255 am
882 4198 1187 4275 tempore
1215 4183 1584 4274 cujusdam
1621 4185 1785 4286 pagi
1818 4183 2188 4254 Ecclesiam
2226 4181 2697 4265 dedicaturus,

184 4277 266 4334 ait
304 4271 382 4341 ad
427 4272 733 4344 farmrlos
766 4296 974 4344 suos:
1029 4297 1066 4341 «
1100 4272 1268 4354 Tali,
1320 4294 1577 4360 quaeso
1606 4327 1623 4355 ,
1678 4274 1921 4344 itinere
1981 4272 2066 4342 ad
2120 4293 2275 4342 eam
2325 4271 2699 4343 Ecclesiam

191 4371 296 4425 nos
322 4361 733 4447 perducatiS,
787 4375 864 4432 ut
904 4361 1207 4454 populus
1249 4361 1531 4442 nesciat,
1583 4383 1722 4449 qua
1762 4361 2028 4431 venturi
2077 4361 2321 4431 simus.
2374 4360 2699 4432 Nonnihil

192 4458 432 4532 quoque
480 4448 966 4521 alimentorum
998 4452 1354 4522 vobiscum
1404 4447 1661 4531 seram,
1709 4461 1783 4519 ut
1812 4449 1989 4522 fessa
2025 4473 2104 4521 ex
2137 4451 2378 4521 itinere
2414 4471 2703 4543 corpora
