3308 5004
190 323 336 391 AUG.
383 323 407 387 l
798 339 879 386 nx
925 339 1163 387 sarran
1207 337 1559 387 muamus
1603 337 2007 388 uAannAms
2507 326 2592 391 37

183 450 287 497 non
332 426 647 495 rationem
688 424 1112 505 obliterabis,
1170 447 1302 494 non
1341 425 1595 515 eripies
1638 426 2106 495 testimonium
2158 427 2486 509 veritatis,
2543 450 2679 500 non

179 517 380 606 eripies
408 514 635 585 cordis
681 513 1082 593 clamorem,
1132 514 1199 583 Si
1236 513 1476 605 lingua
1525 511 1950 604 amputatur,
1989 517 2278 605 sanguis
2323 516 2675 591 clamabit.

172 620 223 677 et
257 606 499 674 dicetur
530 603 692 672 tibi:
750 608 888 673 Vooe
923 606 1207 694 sanyut's
1236 605 1480 693 fratris
1527 606 1635 672 tui
1662 607 1914 674 clamat
1944 606 2035 673 ad
2080 627 2210 674 me.
2246 604 2450 675 Audit
2490 607 2680 677 enim

175 693 489 784 sanguinis
538 713 798 772 vocem,
840 691 959 778 qui
1007 691 1205 762 audit
1244 692 1550 762 internas
1597 692 2071 783 cogitationes.
2133 696 2478 765 Tenebrae
2526 696 2684 765 licet

170 785 454 873 operiant,
506 794 573 850 et
607 781 947 872 parietum
1004 793 1195 871 septa
1244 781 1702 862 circumdent,
1762 803 1894 851 nou
1938 781 2120 851 dicat
2170 782 2467 874 impiuS,
2512 786 2682 871 quia

170 872 364 942 nullus
407 870 538 941 sibi
575 871 763 940 testis
811 870 1111 949 assistat,
1168 872 1477 960 explorat
1524 871 1870 951 universa,
1925 870 2109 941 videt
2167 873 2402 942 omnia
2455 878 2674 943 Deus:

167 983 266 1031 nec
291 974 381 1031 est
404 959 684 1046 aliquod
719 959 1013 1039 facium,
1046 958 1231 1046 quod
1264 960 1477 1049 possit
1506 958 1714 1029 latere
1737 959 2052 1028 omnium
2102 960 2398 1030 ‘udicem
2434 968 2676 1044 Deum,

164 1052 257 1137 qui
298 1049 646 1139 cognoscit
682 1049 1006 1118 universa
1069 1060 1439 1135 antequam
1495 1047 1688 1117 fiant.
1745 1048 1921 1132 Quid
1958 1071 2074 1118 ver
2127 1071 2161 1116 a
2214 1049 2508 1120 damus?
2556 1056 2680 1121 Lo·

163 1140 442 1227 quaciora
475 1149 643 1207 sunt
691 1137 1000 1206 vulnera:
1054 1149 1120 1207 et
1166 1137 1226 1207 si
1268 1137 1552 1208 vulnera
1591 1150 1931 1227 tegantur,
1985 1151 2050 1206 et
2096 1139 2156 1207 si
2206 1139 2679 1210 abscondatur

162 1228 426 1306 cicatrix,
471 1249 607 1297 non
642 1225 1096 1297 absconditur
1142 1225 1348 1295 fides:
1406 1248 1530 1294 nec
1582 1239 1808 1295 tamen
1863 1226 2194 1317 plaudas,
2249 1228 2430 1314 quod
2488 1229 2681 1297 aufe-

164 1317 340 1386 rendo
385 1316 741 1405 linguam,
821 1315 1323 1385 consessionem
1403 1314 1633 1385 laudis
1681 1316 1959 1406 eripias.
2023 1317 2199 1385 Satis
2251 1317 2397 1406 jam
2466 1324 2678 1387 Deum

161 1427 435 1476 sermone
478 1404 782 1485 laudavi,
841 1426 1028 1475 nunc
1065 1405 1386 1494 passione
1434 1403 1876 1475 laudemus.»
2543 1409 2554 1423 “

227 1496 368 1582 ἓῖ.
448 1499 528 1563 Et
575 1493 706 1563 hoc
756 1506 1152 1584 perempto,
1199 1493 1412 1580 jussit
1468 1507 1797 1580 quartum
1849 1493 2090 1562 vinciri
2143 1492 2227 1562 ad
2281 1506 2543 1575 rotam,
2599 1507 2675 1564 ut

157 1583 279 1671 ejus
310 1583 641 1674 vertigine
675 1582 1004 1652 membris
1057 1583 1387 1653 omnibus
1444 1582 1843 1651 solveretur.
1896 1587 1971 1651 At
2031 1581 2147 1650 ille
2193 1604 2353 1653 eum
2406 1596 2680 1671 torque-

160 1685 317 1740 retur
357 1672 792 1742 immaniter:
845 1694 882 1738 «
919 1669 1270 1751 Dissolvis‚
1310 1670 1558 1757 inquit,
1612 1672 1926 1760 corporis
1975 1671 2282 1740 membra
2312 1727 2328 1754 ,
2384 1673 2500 1742 sed
2553 1673 2683 1742 ad·-

144 1759 354 1851 jungis
388 1760 681 1850 gratiam
735 1760 1066 1850 passioni,
1125 1780 1248 1829 nec
1281 1760 1494 1849 eripis
1542 1759 1865 1830 solatium
1902 1759 2128 1829 morti.
2169 1765 2281 1829 Est
2314 1763 2498 1830 enim
2554 1784 2678 1831 vox

155 1851 405 1919 tonitrui
438 1850 512 1918 in
565 1861 733 1920 rota.
771 1850 938 1936 quia
985 1850 1056 1917 in
1094 1848 1274 1917 bono
1304 1860 1369 1917 et
1418 1850 1754 1919 inoffenso
1785 1849 1962 1918 vitae
1995 1849 2199 1918 istius
2245 1871 2484 1931 cursu,
2524 1872 2682 1920 coe-

152 1936 286 2008 leste
319 1937 605 2008 resultat
636 1938 1025 2017 oraculum,
1065 1939 1245 2007 sicut
1278 1936 1352 2007 in
1397 1943 1664 2007 Joanne
1711 1938 1875 2007 etin
1925 1938 2141 2007 Jacob
2183 1937 2346 2007 filiis
2389 1940 2674 2008 tonitrui

150 2027 517 2098 resultabat.
554 2033 792 2114 Itaque
841 2026 1012 2095 illud
1064 2026 1249 2113 quod
1300 2024 1458 2116 legi,
1507 2048 1693 2096 nunc
1743 2025 2181 2096 manifestius
2231 2048 2671 2129 recognoscO,

148 2115 283 2201 quia
331 2130 470 2186 rota
517 2117 697 2185 intra
747 2129 963 2185 rotam
1013 2115 1253 2195 currit,
1296 2135 1420 2184 nec
1453 2115 1852 2205 impeditur.
1892 2121 2093 2184 Teres
2123 2116 2307 2185 enim
2363 2130 2495 2186 vita
2528 2117 2680 2187 sine

149 2204 267 2272 ulla
310 2205 688 2275 offensione
720 2205 791 2274 in
839 2205 1083 2292 quavis
1119 2204 1438 2294 passione
1487 2218 1820 2286 versatur,
1857 2216 1925 2274 et
1975 2204 2152 2274 intra
2194 2205 2371 2274 hanc
2405 2227 2681 2292 quoque

150 2305 268 2362 rota
305 2295 549 2364 currit.
603 2295 828 2363 Currit
877 2294 981 2362 lex
1055 2294 1233 2362 intra
1341 2292 1616 2374 ratiam,
1674 2305 1740 2362 et
1794 2294 2228 2362 observantia
2278 2294 2450 2385 legis
2499 2297 2683 2365 intra

147 2380 388 2452 divinae
435 2383 869 2454 curriculum
920 2382 1240 2451 miserico
1331 2382 1436 2451 iae
1483 2395 1606 2452 est.
1652 2387 1819 2451 Nam
1870 2404 2028 2469 quo·
2061 2384 2281 2471 magis
2338 2383 2675 2467 volvitur,

148 2469 277 2558 plus
307 2472 665 2561 probatur.
700 2471 935 2542 Potius
983 2483 1086 2542 est
1133 2470 1245 2541 hic
1285 2471 1373 2541 ab
1424 2470 1659 2560 impiis
1698 2470 1986 2541 adversa
2028 2470 2336 2551 tolerare,
2389 2485 2464 2542 ut
2491 2472 2588 2542 ibi
2637 2495 2677 2542 a

148 2561 399 2631 Domino
454 2561 999 2632 consolationem
1059 2561 1366 2630 invenire
1418 2561 1842 2651 possimus.»
1896 2566 1971 2631 Et
2018 2561 2144 2630 iste
2202 2561 2349 2652 pari
2407 2561 2683 2631 fortitu-

144 2647 278 2720 dine
322 2672 828 2722 consummans
875 2671 1162 2721 cursum
1197 2672 1432 2731 suum,
1484 2650 1788 2740 abrupit‘
1816 2650 2174 2740 spiritum,
2236 2650 2684 2738 animamque

144 2738 327 2808 victor
356 2739 634 2833 effudit.
1521 2735 1585 2799 Ο
2255 2797 2262 2805 ,

213 2829 364 2914 §Q
418 2829 728 2912 Quintus
775 2849 933 2897 cum
975 2827 1357 2906 sisteretur,
1412 2849 1612 2898 caeso
1673 2827 1890 2917 prius,
1946 2826 2170 2897 eidem
2224 2827 2441 2918 jussit
2486 2829 2684 2918 ignes

145 2915 490 2999 admoveri,
524 2915 781 3006 subjici
813 2916 1158 2986 incendia.
1191 2917 1512 2986 Manabat
1548 2938 1586 2985 e
1616 2916 2024 2986 vulneribus
2049 2939 2278 2998 cruor,
2317 2931 2382 2987 et
2410 2918 2680 2987 effossis

145 3002 465 3077 ulceribus
511 3006 806 3106 sanguis
840 3005 1126 3086 effusuS,
1173 3006 1362 3096 ipsos
1402 3006 1847 3075 flammarum
1904 3006 2349 3096 extinguebat
2406 3007 2671 3095 globos

146 3095 206 3160 At
243 3093 349 3164 ille
400 3095 592 3165 inter
650 3094 920 3184 ignium
978 3095 1284 3183 crepitus
1332 3093 1770 3176 audiebatur,
1823 3094 2102 3164 dicens:
2167 3117 2203 3161 «
2238 3095 2506 3165 Gratias
2557 3095 2680 3164 tibi

150 3182 421 3264 Domine,
477 3183 671 3271 quod
714 3182 964 3254 dedisti
1015 3183 1215 3253 nobis
1271 3183 1535 3253 dicere:
1588 3183 2069 3253 Transibimus
2123 3205 2244 3273 per
2291 3185 2547 3274 ignem.
2603 3188 2683 3252 Et

148 3268 296 3341 sicut
338 3273 510 3343 alibi
570 3273 748 3342 idem
793 3283 954 3342 tuus
1000 3271 1169 3342 dicit
1217 3272 1588 3362 Propheta:
1623 3277 1792 3363 ane
1835 3294 1953 3341 nos
2007 3274 2445 3353 emaminasti,
2506 3275 2681 3342 sicut

147 3357 274 3456 {qne
314 3363 760 3432 cacuminatur
809 3372 1190 3452 arqentum.
1250 3361 1544 3431 Adstabo
1619 3361 1741 3431 tibi
1805 3361 1984 3430 sicut
2043 3382 2292 3430 aurum
2341 3374 2679 3451 purgatus

148 3450 474 3521 incendio:
533 3450 711 3520 etsi
767 3449 931 3537 quid
985 3449 1117 3520 fuit
1178 3449 1449 3541 culpae,
1511 3449 1698 3539 ignis
1734 3451 2093 3520 exussit.»
2146 3454 2386 3536 Itaque
2440 3464 2506 3520 et
2558 3451 2682 3520 iste

147 3539 483 3610 translatus
532 3561 580 3608 a
613 3537 1001 3629 corruptela
1050 3539 1133 3608 ad
1172 3539 1790 3629 incorruptionem,
1837 3539 2044 3607 vitam
2076 3539 2441 3608 exhalavit.

210 3627 241 3711 ξ
280 3632 368 3698 θ.
425 3634 634 3700 Sexto
682 3649 955 3716 quoque
983 3628 1264 3698 admota
1311 3639 1649 3698 tormenta
1697 3640 1884 3696 sunt.
1941 3633 2017 3697 At
2065 3627 2219 3697 ille:
2282 3652 2307 3691 ‹
2346 3626 2521 3704 Noli,
2576 3627 2685 3694 in-

146 3715 282 3797 quit,
340 3716 610 3789 frustra
669 3739 921 3798 errare,
974 3728 1041 3786 et
1086 3728 1244 3787 tuae
1294 3716 1420 3787 hoc
1472 3716 1868 3787 adscribere
1920 3718 2259 3807 potestati,
2312 3716 2495 3803 quod
2550 3715 2683 3786 ista

147 3800 470 3877 adversum
524 3828 658 3876 nos
704 3827 1042 3875 exerceas.
1090 3810 1493 3876 Nostrorum
1545 3805 1676 3875 hoc
1710 3804 2121 3875 delictorum
2175 3818 2278 3875 est
2322 3803 2621 3896 pretium
2655 3859 2672 3886 ,

149 3901 205 3956 ut
243 3908 597 3982 peccantes
670 3894 1074 3985 puniamur.
1129 3900 1208 3964 Et
1254 3897 1515 3986 gratias
1563 3894 1896 3976 Domino,
1949 3893 2132 3983 quod
2214 3894 2328 3964 hie
2384 3916 2423 3962 a
2475 3893 2679 3963 nobis

152 3973 413 4069 duplicia
465 3997 753 4076 peccata
823 3984 1244 4075 exiguntur,
1299 3996 1379 4054 ut
1425 3983 1522 4053 ibi
1572 3982 1775 4052 nobis
1839 3982 2219 4053 consolatio
2296 3982 2672 4052 deseratur.

155 4068 374 4142 Gratias
419 4086 659 4144 autem
696 4085 764 4143 et
810 4072 959 4153 tibi,
1014 4071 1198 4159 quod
1255 4085 1391 4142 tam
1441 4073 1667 4143 durus
1713 4084 1779 4141 et
1812 4072 2103 4142 immitis
2149 4094 2244 4144 es,
2301 4084 2379 4142 ut
2428 4070 2686 4141 talibus

159 4162 363 4234 uostris
409 4184 499 4233 su
558 4161 791 4253 pliciis
847 4162 1209 4242 Dominus,
1262 4162 1335 4231 in
1386 4183 1591 4251 quem
1645 4161 2128 4251 peccavimuS,
2173 4160 2361 4250 genti
2411 4172 2687 4230 nostrae

161 4249 453 4343 propitius
526 4262 650 4321 iat.
684 4256 820 4321 Nos
865 4272 1142 4338 quoque
1171 4250 1578 4321 ablevamus
1626 4271 2064 4330 aerumnam,
2105 4250 2273 4320 dum
2325 4249 2488 4320 fidei
2526 4247 2689 4340 pas-'-

167 4337 423 4434 Quibus
495 4339 1005 4411 delectamur.»
1055 4345 1135 4410 Et
1180 4340 1308 4410 iste
1359 4339 1559 4409 duris
1606 4351 1672 4408 et
1719 4339 1987 4429 asperis
2042 4339 2468 4410 dilaceratus
2515 4360 2687 4428 sup-

175 4419 365 4511 pliciis,
417 4429 790 4522 appositus
835 4441 938 4499 est
984 4427 1070 4498 ad
1121 4428 1368 4498 fratres
1419 4451 1608 4499 suos.
