3308 5004
162 307 356 374 AUG.
410 309 446 373 7
1009 325 1064 373 s.
1117 323 1473 373 casertanus
1522 325 1882 372 mutamus
2508 307 2625 372 22⁴

260 413 298 499 ξ
342 416 487 484 14.
573 411 840 494 Quibus
889 410 1285 492 virtutibus,
1318 408 1762 489 cumulatuS,
1816 432 1894 478 ac
1958 408 2312 479 laboribus
2346 464 2361 490 ‚
2417 409 2481 477 vi
2537 409 2673 478 iliis
2705 464 2722 490 ,

167 500 555 578 aerumnis,
608 500 889 591 'ugique
951 500 1061 570 sui
1114 499 1424 589 corporis
1463 498 1970 569 excruciatione
2022 497 2317 579 fractuS,
2375 520 2493 569 mu
2528 511 2730 584 toque

169 588 404 679 magis
446 610 595 658 mor
645 611 683 658 o
713 601 778 658 et
810 588 1025 658 animi
1080 610 1382 658 moerore
1412 600 1793 678 correptus,
1846 586 2056 744 guod,
2083 593 2242 656 ,acta
2288 609 2407 677 per
2434 609 2549 657 eos
2580 587 2729 658 dies

163 677 241 746 in
293 677 700 749 seditionem
766 677 1003 768 plebe,
1057 678 1356 768 graviter
1403 681 1617 746 Deum
1668 675 1843 745 offen
1904 677 1925 745 i
1986 688 2337 756 cerneret,
2399 676 2730 764 quodque

167 767 656 837 Tridentinum
710 766 1115 845 Concilium,
1172 767 1240 835 in
1292 787 1429 853 quo
1462 766 1760 834 maxime
1808 764 2083 845 fidebat,
2133 766 2595 854 interruptum
2633 764 2730 833 vi-

166 854 387 936 deret,
442 877 564 946 spe
604 859 727 926 sua
761 856 1156 936 frustratus,
1208 867 1274 924 et
1320 855 1407 923 ad
1455 867 1836 924 extremum
1875 875 2116 941 usque,
2162 853 2445 942 integris
2496 868 2724 923 tamen

171 945 501 1014 sensibus
527 957 593 1014 et
624 944 853 1034 vigore
882 944 1121 1022 animi,
1159 943 1558 1034 perductuS,
1595 943 1936 1013 Ecclesiae
1967 942 2420 1012 sacramentis
2449 946 2730 1011 summa

173 1034 430 1123 pietate
456 1056 534 1103 ac
568 1032 914 1123 spirituali
946 1032 1200 1124 gaudio
1235 1031 1552 1114 refectus,
1596 1045 1663 1102 et
1693 1032 1960 1101 veniam
1998 1053 2037 1101 a
2062 1030 2526 1124 confratribus
2553 1031 2723 1111 suiS,

171 1144 352 1209 quos
400 1143 759 1209 nunquam
810 1121 1208 1202 offenderat,
1264 1121 1697 1211 deprecatus,
1754 1121 1822 1189 in
1875 1120 2197 1191 crucifixi
2246 1119 2724 1207 Redemptoris

171 1210 543 1302 complexu
593 1211 901 1301 piissime
935 1211 1101 1280 obiit
1143 1210 1447 1301 Neapoli,
1487 1209 1598 1279 die
1630 1232 1719 1279 vn
1766 1209 2047 1299 augusti
2093 1228 2371 1279 unxcvn.
2424 1212 2573 1291 Qua
2620 1207 2731 1277 die

170 1300 552 1391 populares
585 1299 683 1369 illi
709 1299 1051 1369 tumultus
1075 1298 1823 1390 ipsiusintercessione,
1858 1297 2282 1377 utcreditur,
2295 1296 2513 1366 sedati
2537 1308 2722 1366 sunt.

267 1393 301 1476 ξ
354 1393 493 1461 15.
546 1389 640 1458 Ad
691 1388 997 1478 corporis
1037 1388 1104 1456 in
1136 1388 1430 1458 ecclesia
1475 1388 1790 1456 omnium
1845 1388 2016 1456 votis
2062 1399 2127 1456 et
2160 1385 2404 1456 solatio
2435 1385 2732 1476 expositi

174 1479 686 1548 venerationem
739 1477 986 1578 ingens
1064 1477 1302 1567 populi
1376 1475 1747 1546 multitudo
1813 1476 2167 1556 confluxit,
2220 1496 2398 1562 quae
2457 1474 2732 1558 jamdiu

179 1580 591 1658 conceptam
620 1566 1001 1637 sanctitatis
1030 1566 1423 1656 opinionem
1455 1564 1656 1635 multi
1710 1564 1829 1634 lici
1858 1564 2234 1660 testabatur
2271 1564 2729 1644 veneratione,

172 1678 515 1726 manuum
547 1655 937 1746 pedumque
963 1653 1499 1736 deosculatione,
1550 1675 1630 1724 ac
1690 1656 2015 1744 acrymis,
2048 1675 2222 1741 quas
2251 1653 2495 1742 optimi
2540 1652 2732 1743 apud
2784 1739 2798 1745 -

177 1750 396 1816 Deum
435 1746 905 1815 intercessoris
921 1743 1190 1832 jactura
1225 1744 1407 1814 ultra
1430 1756 1871 1834 erumpentes
1907 1743 2239 1813 trahebat.
2265 1747 2471 1810 Fama
2507 1741 2735 1828 itaque

175 1834 587 1914 sanctitatis,
638 1855 815 1921 quae
875 1833 944 1902 in
1016 1834 1152 1903 vita
1200 1833 1604 1913 invaluerat,
1663 1833 1863 1924 longe
1921 1831 2189 1919 lateque
2263 1843 2414 1921 post
2461 1830 2733 1899 obitum

176 1922 458 2004 diffusa,
514 1921 768 1992 mirum
819 1923 889 1991 in
941 1923 1226 1992 modum
1292 1921 1723 2013 percrebuit,
1792 1943 1924 1992 non
1979 1920 2346 1991 traditione
2394 1918 2616 1990 solum
2667 1930 2734 1988 et
2829 1927 2836 1942 “

181 2011 520 2082 memoria
544 2011 695 2098 ejus
735 2011 1199 2102 singularium
1228 2011 1583 2092 virtutum,
1619 2011 1736 2081 sed
1770 2010 2167 2081 excellentia
2204 2007 2726 2087 miraculorum,

182 2100 545 2190 signorum
579 2113 644 2170 et
676 2101 1082 2190 gratiarum,
1120 2100 1378 2188 quibus
1418 2101 1486 2168 in
1536 2099 1674 2170 vita
1706 2111 1773 2170 et
1808 2114 1958 2191 post
2007 2111 2293 2169 mortem
2343 2097 2737 2166 mirificavit

183 2189 521 2259 Dominus
571 2193 895 2259 Sanctum
947 2211 1179 2263 suum.

272 2279 308 2365 ξ
354 2284 508 2350 10.
563 2277 938 2367 Cujusdam
978 2279 1163 2347 enim
1199 2300 1281 2347 ex
1306 2277 1645 2369 religiosis
1672 2278 1855 2347 Beati
1896 2276 2211 2346 instituto
2252 2273 2548 2343 addictis
2573 2296 2736 2344 crus

182 2366 481 2437 alterum
532 2389 612 2436 ex
668 2368 855 2456 gravi
909 2366 971 2435 la
1064 2389 1110 2436 u
1180 2367 1281 2437 sic
1337 2366 1559 2437 fuerat
1604 2366 1988 2445 effractum,
2031 2377 2110 2434 ut
2169 2362 2519 2445 medicu5‚
2573 2363 2740 2449 quia

181 2454 495 2526 adhibita
531 2456 718 2526 varia
765 2477 951 2526 reme
1006 2456 1227 2526 iorum
1277 2477 1530 2548 genera
1565 2454 1740 2525 nihil
1796 2454 2124 2546 proficere
2166 2465 2465 2533 noverat,
2519 2465 2736 2522 extre-

185 2568 376 2614 mum
431 2546 624 2615 illius
654 2546 935 2635 secandi
983 2545 1353 2616 consilium
1407 2545 1697 2625 iniisset;
1731 2545 1848 2616 sed
1896 2566 2056 2614 cum
2095 2543 2335 2612 beatus
2367 2542 2493 2620 vir,
2553 2554 2626 2611 ut
2662 2541 2736 2609 in

187 2648 537 2724 posterum
590 2634 770 2703 diem
822 2635 1031 2704 sectio
1080 2634 1471 2705 differretur
1519 2647 1870 2724 rogasset,
1927 2647 2134 2702 noctu
2203 2629 2738 2700 decumbentem

182 2722 376 2803 adiit,
431 2746 510 2792 ac
550 2721 782 2794 fasciis
828 2723 1172 2803 detractis,
1231 2725 1299 2791 in
1360 2745 1587 2814 genua
1645 2723 2034 2813 procidens,
2088 2740 2411 2811 aegrum,
2470 2731 2544 2788 ut
2594 2722 2741 2788 una

183 2833 425 2881 secum
477 2813 769 2883 orationi
817 2834 1095 2904 operam
1130 2812 1344 2894 daret,
1380 2811 1782 2892 admonuit;
1824 2832 2040 2898 eaque
2069 2809 2362 2880 breviter
2392 2807 2736 2889 absoluta,

184 2901 387 2991 signo
436 2901 665 2971 crucis
714 2902 966 2972 vulnus
1013 2902 1309 2992 signavit
1355 2914 1420 2971 et
1451 2901 1807 2971 osculatus
1844 2915 1970 2979 est;
2004 2912 2070 2969 et
2116 2898 2235 2967 illo
2288 2919 2531 2968 rursus
2562 2897 2742 2967 obli-

231 3003 368 3069 ato,
424 2988 763 3060 discessit.
830 2996 1165 3061 Reversus
1214 3012 1417 3059 mane
1497 2989 1810 3059 medicus
1886 2990 2739 3078 interrogatum·aegrum

235 3078 449 3148 oloris
495 3080 724 3148 omnis
771 3092 1112 3170 expertem
1165 3079 1453 3160 audivit,
1486 3092 1553 3149 et
1593 3079 1902 3149 luxatum
1953 3099 2138 3157 crus,
2185 3074 2430 3145 solutis
2478 3075 2736 3156 fasciis,

191 3166 480 3256 perinde
527 3168 667 3237 inte
720 3190 872 3237 rum
921 3169 1222 3257 reperiit,
1267 3168 1731 3255 solidumque,
1778 3190 1857 3238 ac
1892 3168 1952 3236 si
2002 3186 2356 3253 nunquam
2408 3164 2741 3234 afflictum

191 3254 631 3344 fractumque
694 3257 942 3328 uisset:
987 3258 1095 3327 vix
1145 3259 1316 3327 tanti
1363 3257 1672 3327 vulneris
1702 3270 2097 3327 remanente
2146 3254 2306 3324 vesti
2365 3254 2451 3323 io.
2505 3258 2745 3323 Comes

190 3344 525 3435 Georgius
571 3345 954 3417 Trivulzius
1004 3347 1246 3437 viginti
1295 3346 1563 3416 dierum
1614 3346 1790 3416 febri
1829 3368 1908 3415 eo
1955 3344 2178 3413 fuerat
2224 3342 2307 3412 ad
2367 3356 2608 3425 uctuS‚
2663 3353 2744 3412 ut

190 3455 315 3503 nec
361 3433 625 3516 cibum,
664 3456 788 3503 nec
835 3434 1026 3504 aliud
1059 3435 1446 3526 quidpiam,
1507 3435 1689 3522 quod
1752 3433 2160 3504 reficiendae
2212 3442 2498 3503 naturae
2546 3433 2742 3522 inge-

188 3535 477 3604 reretur,
518 3523 809 3593 retinere
845 3523 1211 3613 minusque
1258 3523 1599 3615 deglutire
1631 3524 1904 3606 valeret,
1963 3522 2312 3614 pulsuque
2367 3521 2648 3601 amisso,
2702 3542 2745 3589 a

193 3611 486 3683 medicis
528 3613 730 3682 morti
772 3614 1125 3702 proximus
1162 3614 1387 3684 fuerat
1434 3612 1933 3705 proclamatus:
1987 3611 2105 3681 sed
2155 3612 2263 3681 ab·
2291 3632 2500 3681 uxore
2548 3610 2746 3679 beato

192 3700 509 3790 Cajetano
542 3701 1066 3772 commendatus
1108 3725 1352 3792 parum
1384 3703 1647 3790 jusculi
1690 3701 1994 3792 suscepit
2023 3699 2465 3786 retinuitque,
2496 3711 2560 3769 et
2596 3710 2747 3788 post

190 3789 671 3860 brevissimam
705 3792 1003 3878 quietem
1052 3814 1091 3859 a
1143 3791 1329 3861 febre
1366 3805 1432 3860 et
1466 3793 1708 3862 morbo
1740 3789 2092 3861 convaluit
2139 3788 2537 3859 incolumis.

280 3880 317 3965 ξ
364 3883 497 3952 n.
550 3878 805 3949 Helena
841 3880 1047 3950 Gritta
1100 3879 1355 3951 nobilis
1381 3886 1652 3959 Veneta,
1707 3902 1828 3970 per
1855 3879 2032 3949 duos
2063 3879 2204 3947 fere
2253 3897 2528 3945 menses
2559 3874 2748 3944 febre

191 3968 519 4036 continua
566 3970 976 4060 magnisque
1022 3970 1402 4059 angoribus
1448 3991 1802 4060 oppressa,
1845 3967 2122 4058 jacebat
2169 3964 2571 4044 immobilis,
2625 3963 2746 4032 de-

192 4054 464 4126 ficiente
512 4056 805 4144 loquela,
837 4079 916 4127 ac
967 4079 1252 4147 prorsus
1284 4059 1644 4149 desperata
1678 4080 1716 4127 a
1745 4057 2033 4126 medicis
2064 4055 2311 4135 salute;
2350 4053 2468 4123 sed
2502 4053 2746 4122 intimo

197 4144 421 4241 cordis
466 4147 715 4216 affectu
753 4168 880 4237 ope
929 4147 1230 4234 cajetani
1283 4148 1685 4237 implorata,
1738 4145 2211 4216 membrorum
2261 4142 2479 4233 vigori
2527 4154 2593 4211 et
2639 4164 2747 4212 sa-

202 4233 394 4303 nitati
440 4235 671 4305 statim
721 4235 1128 4305 restituitur.
1183 4242 1423 4306 Petrus
1474 4240 1815 4317 Francus,
1887 4234 2006 4321 qui
2070 4231 2423 4303 articulari
2482 4232 2747 4302 sinistri

198 4318 459 4419 brachii
511 4323 745 4394 dolore
805 4324 1290 4396 molestissimo
1337 4323 1573 4394 decem
1623 4347 1847 4395 annos
1913 4322 2373 4402 laboraverat,
2440 4321 2745 4408 quadam

198 4408 334 4490 die,
386 4413 857 4485 vehementius
926 4414 1125 4486 solito
1193 4413 1676 4496 excruciatus,
1746 4413 1829 4484 ad
1903 4412 2262 4485 ecclesiam
2326 4410 2744 4483 clericorum
