3308 5004
228 347 361 416 tuo.
400 347 435 416 t
1147 368 1231 417 n
1273 368 1331 417 s.
1381 366 1687 420 conmicc
2473 351 2601 418 tto

226 451 437 532 solvere,
469 461 590 521 aut
618 472 864 523 carnes
899 450 1122 532 edere,
1170 466 1289 523 aut
1327 452 1668 524 ferculum
1721 452 1980 524 lautius
2026 452 2391 524 admittere
2419 508 2435 536 ‚
2492 474 2690 545 prae-

223 553 461 628 terquam
493 562 571 610 ex
612 540 838 631 pomis
884 552 1007 611 aut
1052 542 1240 645 rapis
1284 541 1700 623 consectum,
1751 563 1891 628 quo
1940 541 2287 614 interdurn
2338 555 2441 613 est
2488 562 2685 625 usus.

210 629 392 699 omnia
414 630 703 699 Canonis
738 629 1095 699 monastici
1123 629 1393 720 Jejunia
1423 629 1606 700 haud
1637 651 1841 700 secus
1872 629 2146 710 afflicta,
2183 652 2394 718 quam
2425 631 2694 722 integra

208 716 537 787 valetudine
575 719 973 788 observans
1026 717 1217 788 Idem
1267 717 1425 789 fecit
1472 718 1751 790 viterbii
1799 731 1865 788 et
1896 718 2262 789 Mediolani
2303 720 2545 791 morbo
2578 741 2694 789 ve-

203 823 378 878 xatus.
412 807 815 877 Remittente
852 828 926 876 se
962 806 1183 877 morbi
1218 806 1476 889 dolore,
1511 827 1673 877 cum
1708 806 2040 878 fratribus
2068 807 2155 877 de
2191 812 2322 878 Deo
2357 808 2694 880 miscebat

203 894 512 982 colloquia,
557 907 677 966 aut
715 894 981 986 legebat
1018 917 1096 965 ex
1132 895 1331 976 libro,
1369 907 1489 966 aut
1531 895 1679 985 ipse
1725 895 1862 965 sibi
1920 895 2053 986 legi
2094 896 2406 976 curabat,
2450 895 2693 968 lauda-

205 983 403 1070 batque
449 984 838 1054 Dominum.
895 990 1264 1074 Aegrotans
1310 984 1733 1055 laetabatur:
1786 983 2376 1071 quemadmodum
2420 1006 2694 1075 semper

204 1071 452 1228 gagtdere
508 1073 736 1165 potius
781 1072 1043 1144 solebat
1100 1073 1171 1143 in
1221 1073 1569 1155 adversis,
1620 1094 1829 1161 quam
1881 1073 2207 1145 secundis
2253 1086 2318 1144 et
2355 1072 2695 1163 jucundis

202 1180 253 1228 m
293 1182 386 1230 us.

261 1250 292 1335 ξ
330 1254 416 1321 θ.
469 1253 712 1339 Magna
746 1251 814 1318 in
855 1248 919 1319 id
955 1253 1125 1321 cura
1163 1250 1481 1322 incubuit
1513 1250 1781 1341 primus
1814 1250 1926 1320 hic
1961 1249 2512 1320 Praedicator-um
2551 1249 2693 1321 dux

194 1347 242 1405 et
274 1358 525 1425 parens,
566 1353 642 1408 ut
672 1339 976 1429 seipsum
1020 1340 1366 1410 exhiberet
1411 1340 1803 1430 operarium
1859 1338 2416 1410 inconfusibilem
2443 1393 2460 1420 ‚
2516 1351 2695 1410 recte

194 1436 552 1496 tractantem
594 1428 875 1498 verbum
912 1429 1245 1499 veritatis:
1303 1427 1600 1516 nequod
1648 1428 1888 1519 lingua
1929 1428 2355 1499 extrinsecus
2390 1439 2687 1509 sonaret,

196 1512 296 1582 vita
336 1516 844 1606 reprehensioni
891 1516 1186 1587 obnoxia
1232 1517 1650 1607 deturparet.
1688 1517 1962 1587 Curavit
2010 1516 2224 1607 igitur
2254 1516 2449 1606 prius
2487 1535 2695 1605 opere

190 1622 480 1684 exercere,
510 1604 692 1691 quod
720 1618 951 1694 postea
975 1605 1148 1676 alios
1167 1606 1498 1676 docturus
1522 1615 1724 1676 esset.
1754 1606 2129 1676 conciones
2149 1605 2393 1676 crebro
2514 1605 2688 1686 buit,

190 1710 297 1759 aon
332 1694 590 1763 tacebat
625 1694 997 1774 veritatem,
1042 1707 1109 1763 et
1138 1694 1438 1766 salutare
1477 1694 1610 1777 Dei,
1652 1706 1729 1764 ut
1762 1705 1988 1784 posset
2015 1716 2174 1764 cum
2211 1699 2386 1782 Prop
2483 1705 2549 1763 ta
2583 1694 2694 1765 di-

186 1799 346 1849 cere:
373 1784 725 1852 Iustitiam
757 1794 944 1853 tuom
968 1806 1100 1853 non
1128 1784 1443 1855 abscondi
1462 1785 1537 1853 in
1565 1784 1761 1853 corde
1785 1805 1930 1854 meo
1959 1782 2240 1872 (Psalm.
2279 1782 2417 1871 39).
2455 1786 2693 1853 Sermo

186 1868 313 1954 ejus
341 1885 481 1940 erat
533 1872 793 1962 ignitus
846 1872 1082 1952 valde,
1141 1886 1206 1942 et
1260 1873 1380 1961 qui
1418 1872 1769 1942 auditores
1824 1872 1995 1942 mire
2092 1883 2492 1942 ermoveret.
2547 1871 2691 1942 Sub

182 1959 604 2030 concionibus
658 1960 910 2031 multae
957 1983 1038 2030 ex
1083 1961 1236 2049 ejus
1296 1961 1520 2031 oculis
1564 1958 1996 2032 distillabant
2069 1981 2391 2049 acrymae
2449 1961 2564 2041 ita,
2618 1972 2696 2032 ut

183 2047 545 2138 complures
591 2048 796 2118 corde
842 2050 1238 2140 compuncti
1290 2052 1552 2118 flerent.
1606 2049 2158 2122 concionabatur
2189 2049 2567 2139 generatim
2605 2048 2693 2120 ad

179 2154 414 2218 ornnes,
468 2137 553 2207 ad
610 2138 971 2228 populum,
1026 2137 1108 2208 ad
1162 2137 1550 2219 studiosos,
1604 2138 1691 2207 ad
1752 2160 1826 2208 sa
1880 2139 2095 2209 ientes
2142 2151 2208 2207 et
2260 2138 2687 2228 insipientes,

179 2223 489 2296 Omnibus
546 2247 620 2295 se
666 2226 1040 2296 debitorem
1089 2227 1489 2298 existimans
1517 2281 1533 2307 ,
1586 2248 1721 2296 non
1791 2160 2258 2297 abscondebat
2302 2249 2343 2296 a
2390 2226 2691 2297 concilio

175 2312 367 2384 inuito
410 2316 759 2385 veritatem
818 2328 882 2384 et
931 2315 1471 2386 misericordiam
1530 2317 1664 2386 Dei.
1716 2316 2121 2386 Monasteria
2157 2337 2283 2385 sua
2334 2315 2639 2386 invisens
2669 2369 2686 2396 ‚

176 2399 243 2467 ad
287 2401 529 2473 fratres
578 2425 930 2474 sermones
978 2404 1252 2475 babuit:
1308 2404 1710 2475 hortabatur
1746 2425 1900 2486 eos,
1954 2415 2031 2475 ut
2078 2424 2522 2492 summopere
2568 2426 2695 2473 cu-

173 2506 376 2562 rarent
435 2493 729 2563 salutern
781 2493 1219 2574 animarum,
1271 2508 1339 2564 et
1382 2494 1467 2567 ad
1524 2493 2062 2584 praedicandum
2126 2490 2283 2563 aliis
2335 2501 2692 2583 promptos

175 2593 564 2669 paratosque
612 2605 684 2651 se
729 2582 1144 2653 exhiberent.
1201 2588 1413 2672 Atque
1457 2596 1535 2654 ut
1586 2584 1652 2653 in
1703 2604 1781 2652 eo
1830 2581 2065 2652 divino
2106 2580 2488 2652 ministerio
2522 2580 2694 2651 libe—

170 2666 295 2738 rius
340 2683 407 2740 et
466 2670 856 2761 expeditius
906 2673 1161 2741 versari
1213 2686 1489 2762 possent
1521 2726 1538 2753 ‚
1592 2670 1814 2741 noluit
1859 2682 1932 2741 ut
1993 2670 2136 2759 apti
2182 2683 2249 2739 et
2315 2668 2541 2740 idonei
2603 2670 2688 2740 ad

169 2759 520 2830 conciones
582 2759 975 2840 faciendaS‚
1037 2759 1124 2830 ad
1182 2782 1434 2848 easque
1492 2760 1843 2850 deputati,
1912 2781 2137 2828 rerum
2205 2758 2690 2848 temporalium

167 2849 309 2916 cura
357 2848 443 2916 ad
501 2847 637 2917 alia
686 2848 1252 2920 distraherentur.
1312 2854 1387 2919 Et
1432 2850 1628 2919 initio
1675 2847 1953 2936 quidem
2019 2847 2411 2917 decreverat
2468 2847 2572 2916 vir
2619 2852 2688 2917 S.

172 2944 234 3001 ut
262 2933 773 3007 laici-illiterati
807 2936 1052 3007 fratres
1101 2937 1500 3027 temporalia
1531 2937 2127 3007 administrarent:
2165 2937 2414 3008 caeteri
2451 2935 2695 3008 fratres

166 3024 463 3121 orationi,
510 3025 959 3107 meditationi,
1004 3026 1491 3116 praedicationi
1535 3039 1874 3097 vacarent.
1912 3025 2036 3095 Sed
2066 3024 2150 3095 ad
2192 3024 2538 3114 ejusmodi
2571 3023 2696 3097 ad·-

172 3113 729 3208 mmistrationem
768 3136 899 3184 non
944 3137 1297 3186 assensere
1326 3115 1426 3186 illi
1462 3114 1940 3205 prudentiores
1976 3113 2238 3202 aliquot
2270 3112 2538 3194 fratres,
2585 3135 2697 3183 ve·-

169 3200 258 3268 nti
299 3224 382 3271 ne
420 3225 609 3290 quas
635 3225 716 3271 ea
751 3206 1016 3293 pareret
1047 3204 1530 3278 absurditates.

235 3290 387 3375 §2
446 3298 532 3361 Et
578 3292 750 3379 ⁴{mia
808 3293 957 3361 sine
1021 3307 1415 3363 sanctarum
1485 3291 1722 3363 notitia
1786 3290 2288 3381 scripturarum
2355 3288 2699 3381 perfectus

173 3378 590 3462 praedicator
640 3402 839 3451 nemo
886 3403 1033 3451 esse
1076 3395 1315 3472 potest,
1356 3381 1761 3455 hortabatur
1795 3379 2039 3450 fratres
2073 3379 2368 3451 fideliter
2404 3380 2505 3450 vir
2535 3401 2700 3450 san-

169 3475 296 3534 ctus
328 3522 344 3547 ,
399 3484 481 3538 ut
532 3491 809 3560 semper
867 3471 930 3538 in
997 3471 1150 3540 novi
1200 3483 1266 3541 et
1315 3471 1556 3541 veteris
1603 3471 2015 3542 Testamenti
2081 3469 2367 3541 lectione
2417 3479 2692 3540 essent:

172 3563 343 3642 atque
409 3559 569 3648 ipse
628 3581 901 3646 quoque
951 3558 1393 3651 Evangelium
1453 3559 1836 3630 secundum
1907 3558 2319 3629 matthaeum
2388 3572 2455 3630 et
2501 3556 2699 3628 Pauli

172 3644 489 3730 Epistulas
540 3647 726 3737 apud
779 3669 850 3718 se
896 3647 1169 3728 ferens,
1227 3648 1521 3719 multum
1587 3648 1652 3715 in
1713 3647 1813 3717 eis
1876 3646 2265 3728 lectitabat,
2314 3658 2393 3717 ut
2458 3668 2700 3737 prope-

178 3734 431 3805 modum
499 3737 832 3806 memoria
884 3737 1223 3807 retineret.
1262 3737 1737 3827 Evangelicam
1772 3735 1957 3805 enim
1990 3750 2055 3806 et
2092 3735 2548 3824 Apostolicam
2581 3735 2704 3803 do—

179 3823 441 3894 ctrinam
500 3836 569 3893 et
620 3825 823 3894 vitam
889 3847 1136 3895 amans
1194 3839 1260 3896 et
1324 3826 1788 3917 amplectens,
1845 3823 2323 3913 philosophica
2372 3823 2703 3913 figmenta

182 3925 281 3979 non
334 3913 953 4004 magnipendebat.
1000 3914 1090 3984 Ad
1138 3915 1570 4006 recipiendas
1690 3927 2038 3983 ccatorum
2072 3911 2538 3981 confessiones
2579 3932 2704 4001 pa·-

183 4014 332 4070 ratus
379 4016 453 4072 et
510 4002 852 4093 benignus
900 4002 1052 4084 suit,
1106 4004 1192 4073 ad
1242 4003 1571 4075 consolan
1625 4024 1703 4072 os
1749 4000 2040 4071 afflictos
2067 4022 2309 4071 omnes
2349 4000 2705 4071 humanus

187 4090 629 4183 ttcandidus.
686 4091 956 4180 Optime
1005 4106 1284 4162 noverat
1332 4092 1588 4163 mederi
1637 4089 1914 4160 tentatis
1960 4101 2026 4158 et
2074 4088 2490 4180 perturbatis
2551 4110 2704 4158 om-

190 4173 372 4260 abus,
437 4179 741 4249 maxime
779 4178 1112 4252 fratribus
1160 4182 1332 4263 suiS‚
1390 4178 1900 4250 misericordiae
1952 4178 2331 4248 visceribus
2378 4176 2696 4260 affluens»,

193 4259 691 4354 efficacibusque
737 4281 803 4338 et
849 4269 1066 4360 gratis
1115 4270 1342 4339 verbis
1388 4290 1660 4360 semper
1705 4267 2096 4338 abundans.

246 4354 399 4439 95.
460 4356 796 4426 Sacerdos
842 4357 1125 4444 quidam
1179 4358 1418 4428 videns
1468 4358 1536 4427 B.
1594 4357 2028 4427 Dominicum
2078 4368 2145 4425 et
2172 4354 2416 4426 fratres
2447 4354 2598 4443 ejus
2629 4355 2703 4424 in

195 4445 526 4515 muniones
572 4444 910 4516 ferventer
942 4446 1367 4530 incumbere,
1422 4445 1614 4517 nulla
1666 4459 2092 4517 terrenorum
2132 4445 2353 4536 premi
2384 4455 2504 4514 aut
2533 4442 2701 4535 angi
