3308 5004
607 253 742 321 m
1176 263 1258 318 ιιι
1299 268 1362 318 s.
1411 266 1748 319 ιιιιωιυο
1789 266 1936 318 m.
1987 264 2375 317 murm..
2743 245 2933 317 me.
2978 245 3074 316 10

509 353 892 457 ‘recepisset
934 372 1175 446 pacem
1224 351 1551 425 Ecclesia.
1594 357 1810 425 Tanta
1853 372 2017 425 vero
2072 352 2494 424 exultatione
2530 348 2849 423 =Boclesia
2869 346 3075 423 illm

512 443 874 517 ‘Gallicana
909 442 1199 535 recepit,
1250 455 1329 513 ut
1374 461 1512 513 non
1559 443 1902 514 mium-em
1951 441 2298 513 videretur
2326 440 2417 513 de
2445 457 2582 515 suo
2619 439 2846 511 redit-u
2866 438 3076 512 *exbi-

510 533 706 614 bere,
754 546 970 621 quam
1020 531 1106 603 de
1153 550 1321 623 pace
1360 530 1634 603 reddita
1683 530 2010 603 laetitiam
2063 531 2421 601 nunciare.
2474 527 2670 602 Unde
2696 530 2904 601 etiam
2941 529 3077 600 mi'-

518 623 661 700 rari
709 622 881 713 ipse,
932 620 1349 712 saepiusque
1396 620 1670 692 causari
1719 620 1983 693 solebat
2010 674 2028 701 ,
2079 619 2264 707 quod
2313 619 2483 690 dnm
2531 618 2668 692 sibi
2728 632 2883 710 post
2931 630 3075 690 tam

425 734 436 745 ·
571 731 763 782 raven
807 708 1229 798 frequentias
1276 708 1638 781 hominum
1688 722 1756 781 et
1801 707 2170 790 tumultus,
2224 707 2411 780 velut
2445 709 2538 781 ab
2572 706 2853 781 exordio
2891 707 3079 779 vale-

585 799 914 872 ciendum
964 796 1199 870 seculo
1238 796 1608 887 judicaret,
1662 811 1729 870 et
1763 812 2094 888 tanquam
2131 797 2220 868 de
2259 818 2434 869 novo
2460 796 2922 870 »adoriendum
2959 805 3076 869 sa·-

512 908 679 961 crae
742 888 1170 980 propositum
1231 887 1777 959 conversationis
1803 940 1821 971 ,
1892 901 2058 959 tunc
2089 886 2562 979 ⁴potissimum
2628 884 3078 959 uberioribus

511 976 990 1069 susciperetur
1035 974 1313 1068 gaudiis
1340 1030 1358 1060 ,
1408 977 1763 1065 obsequiis
1803 975 2171 1047 coleretur.
2237 975 2535 1048 Rediens
2582 988 2817 1048 autem
2873 974 3077 1067 pubet·

508 1079 805 1138 sanctus
848 1065 939 1136 ab
988 1065 1188 1146 Urbe,
1238 1086 1320 1136 ex
1366 1078 1765 1136 sanctorum
1813 1064 2295 1157 Apostolorum
2347 1076 2872 1157 martyrumque
2921 1082 3076 1136 oon-

512 1155 810 1248 poribus
855 1155 1058 1225 xenia
1102 1174 1339 1225 secum
1389 1154 1549 1225 tulit
1583 1154 1910 1245 pretiosa,
1955 1153 2139 1226 baud
2182 1154 2536 1226 modicum
2569 1154 2760 1226 bunc
2790 1153 2929 1225 sibi
2962 1172 3073 1224 re-

516 1258 777 1337 putans
820 1242 1122 1315 fructum
1170 1264 1322 1313 esse
1367 1242 1648 1314 laboris.
1708 1247 1896 1314 Inter
1956 1262 2136 1332 quae
2193 1243 2373 1316 beati
2431 1243 2732 1316 caesarii
2790 1242 3072 1315 dentem

511 1354 824 1423 quonam
874 1332 1078 1403 modo
1125 1331 1479 1423 receperit,
1534 1331 2092 1403 memorandum.
2147 1336 2316 1404 Cum
2362 1331 2551 1403 enim
2599 1332 2945 1423 integrum
2989 1330 3066 1401 ei

518 1421 853 1515 praedicti
901 1419 1229 1513 martyris
1274 1432 1485 1511 caput
1529 1420 1772 1492 Graeci
1817 1421 2164 1504 monachi,
2205 1421 2275 1491 in
2309 1442 2610 1510 quorum
2646 1420 2929 1493 basilica
2962 1436 3073 1491 re·-

511 1512 821 1603 positum
866 1523 995 1592 aet,
1044 1510 1468 1590 exhiberent,
1520 1521 1598 1579 ut
1644 1509 1910 1581 tolleret
1955 1509 2157 1592 inde,
2207 1510 2395 1598 quod
2446 1507 2678 1594 vellet,
2730 1507 2889 1580 dari·
2932 1507 3076 1581 sibi

517 1601 716 1692 petiit
760 1599 1030 1670 dentem
1083 1607 1332 1670 unum.
1384 1603 1665 1670 Frustra
1713 1620 1868 1670 vere
1912 1598 2007 1670 ali
2060 1599 2326 1670 uandiu
2371 1600 2619 1669 fratres
2647 1653 2665 1681 ,
2727 1598 2851 1689 qui
2905 1616 3075 1669 cum

512 1710 599 1761 eo
647 1701 996 1770 venerant,
1051 1687 1462 1767 laborantes,
1514 1706 1924 1759 concessum
1974 1619 2109 1759 sibi
2157 1686 2428 1759 trahere
2470 1687 2927 1779 *penitus‘non
2959 1707 3076 1757 va—

520 1777 777 1849 lebant.
831 1776 1091 1847 Fractis
1135 1775 1322 1847 enim
1370 1774 1670 1847 cultellis
1715 1775 1993 1848 dnobus
2030 1790 2151 1847 aut
2179 1777 2428 1859 tribus,
2467 1794 2643 1865 quos
2672 1775 3078 1881 upplieuv‘e-

522 1879 703 1948 rant,
757 1865 1215 1937 nihilominus
1244 1864 1417 1937 dens
1446 1864 1828 1937 immobilis
1860 1868 2329 1957 permanebat.
2363 1870 2556 1936 ‘runc
2587 1865 2743 1936 ifle:
2778 1882 2818 1934 tt
2852 1860 3076 1936 omn-

511 1954 693 2027 dum
741 1967 844 2026 est
891 1954 1115 2035 nobis,
1168 1953 1289 2024 ait.
1340 1958 1472 2025 Nec
1509 1954 1697 2025 enim
1732 1954 1986 2027 habere
2014 1974 2417 2046 possumus,
2450 1953 2590 2025 nisi
2613 1968 2892 2046 martyr
2923 1954 3076 2047 ipse

509 2043 875 2115 concedat.
918 2065 959 2111 »
1009 2048 1210 2113 Facta
1255 2041 1556 2132 denique
1597 2043 1944 2127 oratione,
1992 2056 2383 2115 reverenter
2426 2041 2786 2120 accedens,
2834 2043 3072 2114 incre-2

512 2132 721 2204 dibili
768 2130 1093 2235 facilitate
1131 2131 1414 2234 duobus
1457 2131 1744 2234 digitis,
1795 2131 1979 2222 quod
2047 2132 2287 2205 ferreis
2345 2145 2553 2205 antea
2609 2131 2871 2204 moveri
2931 2149 3072 2204 non

515 2235 786 2315 poterat
821 2234 1328 2304 instrumentis,
1372 2221 1725 2311 accepit&

605 2312 645 2401 fi
696 2317 784 2384 2.
837 2314 1108 2381 Fratres
1151 2322 1379 2380 autem
1427 2308 1986 2400 Jerosolymitani
2021 2320 2153 2381 tem
2213 2310 2286 2393 li,
2322 2307 2551 2381 fidelis
2583 2309 2877 2399 miiitiae
2903 2319 3072 2401 pro-

511 2397 834 2480 fessores,
885 2420 1047 2471 cum
1099 2419 1345 2469 novam
1394 2398 1646 2468 habere
1691 2420 1772 2470 eo
1821 2412 2126 2489 tempore
2201 2416 2440 2470 omum
2472 2399 2547 2469 in
2591 2398 2770 2471 Urbe
2790 2398 3074 2490 *coepis-

518 2502 692 2572 sent,
748 2487 1080 2561 redeunte
1128 2485 1477 2580 praedicto
1525 2492 1722 2559 Patre
1769 2486 2193 2580 specialique
2226 2500 2520 2580 patrono
2562 2509 2713 2571 suo,
2756 2488 3073 2561 tunicam

516 2578 670 2669 ejus
718 2599 842 2670 pro
886 2577 1139 2648 eximia
1189 2576 1668 2648 benedictione
1710 2577 2096 2648 servabant.
2149 2576 2346 2669 Apud
2395 2596 2572 2667 quos
2601 2577 2845 2650 eodem
2883 2595 3075 2650 anno

517 2667 838 2741 sacerdos
869 2665 1155 2755 quidam
1187 2666 1599 2768 gratfissima
1627 2666 1816 2738 febre
1846 2679 2229 2757 correptus,
2265 2666 2792 2759 desperabiliter
2824 2683 3078 2759 aegro·-

516 2757 727 2828 tabat.
783 2761 867 2828 Ut
900 2770 1132 2827 autem
1163 2776 1448 2826 omnmo
1474 2753 1830 2837 deficiens,
1867 2754 2226 2826 devenisse
2258 2754 2451 2827 visus
2477 2768 2583 2829 est
2604 2752 2700 2827 ad
2735 2769 3067 2838 extrema,

515 2846 775 2938 portari
824 2866 973 2916 sese
1021 2845 1090 2915 in
1135 2845 1542 2923 oratorium,
1584 2856 1652 2913 et
1687 2842 2104 2931 praedictam
2140 2843 2322 2916 beati
2350 2846 2482 2916 viri
2509 2844 2891 2938 superponi
2924 2843 3066 2915 sibi

514 2934 827 3006 tunicam
874 2933 1077 3014 fecit,
1133 2933 1202 3003 in
1257 2933 1401 3001 sola
1455 2935 1716 3021 positus
1769 2933 2237 3024 expectatione
2291 2933 2516 3006 exitus
2568 2935 2834 3007 mortis.
2886 2936 3064 3003 cum

516 3023 749 3094 subito
791 3042 871 3092 ra
925 3035 1038 3094 tus
1085 3022 1155 3091 in
1207 3023 1576 3109 quemdam
1634 3022 1883 3093 ruentis
1926 3033 2312 3105 excessum,
2356 3045 2437 3094 ac
2462 3020 2681 3094 'veluli
2709 3032 2916 3095 carne
2950 3040 3067 3092 εσ-

517 3111 731 3192 lutus,
782 3111 842 3180 vi
897 3131 1011 3181 ere
1055 3111 1191 3182 sibi
1238 3114 1431 3182 visus
1475 3126 1579 3181 est
1622 3133 1881 3201 corpus
1928 3131 2136 3182 suum
2177 3109 2444 3194 eodem,
2537 3131 2628 3183 uo
2656 3111 2948 3204 jacebat,
2987 3108 3066 3181 in

515 3198 669 3272 loco
713 3199 1028 3272 exanime
1062 3199 1212 3290 jam
1250 3199 1764 3270 circumdatum
1801 3198 2247 3271 multitudine
2283 3221 2443 3273 sace
2528 3212 2744 3284 otum,
2776 3211 3070 3293 apertos

515 3290 900 3361 tenentium
951 3288 1166 3361 libros
1196 3343 1213 3370 ,
1262 3301 1330 3359 et
1375 3287 1873 3360 celebrantium
1934 3289 2259 3392 exequias
2307 3308 2399 3362 ‘ex
2453 3308 2644 3363 more
2697 3289 3068 3362 solemnes.

514 3383 651 3450 Nec
699 3398 914 3459 mora,
968 3379 1039 3449 in
1088 3376 1287 3448 vultu
1332 3376 1717 3466 habituque
1764 3377 2099 3469 praedicti
2150 3378 2365 3469 patris
2412 3381 2634 3452 sancti
2695 3377 3073 3452 reverenda

514 3466 856 3557 quaedam
910 3487 1198 3558 persona
1249 3464 1575 3557 prodiens
1619 3488 1704 3538 ex
1748 3465 1975 3549 altari,
2030 3489 2245 3539 manu
2290 3467 2432 3541 illis
2481 3468 2736 3552 innuit,
2778 3479 2860 3540 ut
2892 3481 3073 3539 tace—

512 3570 691 3638 rent,
745 3577 907 3627 voce
955 3554 1211 3647 pariter
1255 3554 1657 3643 prohibens,
1716 3576 1802 3627 ne
1851 3569 2200 3628 mortuum
2248 3568 2675 3649 reputarent,
2727 3558 2935 3650 cujus
2973 3556 3071 3628 vi·

513 3657 655 3718 tam
705 3643 1189 3717 claravallensi
1239 3645 1474 3713 Abbati
1528 3645 1900 3717 donaverat
1946 3649 2149 3716 Deus.
2211 3645 2578 3718 Confestim
2629 3645 2932 3734 denique
2978 3643 3070 3717 ad

514 3755 590 3807 se
637 3733 933 3815 rediens,
986 3752 1233 3804 sanum
1287 3757 1359 3802 se
1397 3757 1464 3801 re
1520 3735 1668 3814 erit,
1705 3747 1773 3804 et
1798 3733 1983 3823 quod
2019 3733 2310 3825 viderat,
2339 3732 2672 3808 fratribus
2706 3734 3065 3806 iudicavit.

513 3824 647 3909 Qui
693 3821 1003 3912 quidem,
1056 3832 1136 3893 ut
1183 3846 1235 3922 a,
1273 3757 1596 3892 fideliffus
1648 3823 1810 3896 viris
1846 3843 2074 3914 nuper
2103 3824 2527 3916 accepimus,
2561 3821 2910 3914 hodieque
2948 3842 3076 3897 su*

512 3923 800 4004 pei-stes,
851 3923 919 3982 et
949 3911 1018 3981 in
1064 3912 1377 4002 partibus
1413 3910 1818 4000 Aquitaniae
1848 3911 2131 4003 degens,
2165 3912 2609 3996 beneficium,
2643 3912 2832 4011 quod
2871 3931 3073 3987 accoe-

514 4003 640 4095 pit,
693 3999 937 4074 sedulo
982 3998 1352 4072 confitetur
1395 3999 1467 4070 in
1516 4001 1670 4091 eJus
1719 4002 2190 4092 praeconium,
2241 4001 2448 4093 cujus
2488 4001 2734 4074 merito
2767 4001 2956 4074 vivit·
2999 3999 3071 4073 si

512 4092 674 4181 quis
721 4090 849 4162 boc
897 4089 1133 4160 minus
1184 4090 1499 4172 miratur,
1551 4090 2054 4162 animadvertat
2123 4090 2211 4162 de
2269 4091 2468 4163 beato
2512 4089 2791 4164 Nicolao
2834 4110 2917 4164 ex
2966 4091 3072 4162 in-

514 4181 851 4261 numeris,
905 4178 1168 4268 quibus
1202 4178 1576 4250 decoratus
1621 4190 1749 4262 est,
1784 4179 2171 4263 miraculis,
2215 4179 2286 4251 in
2339 4178 2590 4251 natalis
2627 4180 2786 4275 ejus
2831 4198 3072 4252 annua

518 4339 1054 4446 ιζῃξιίὲιιῧτῖιίζξέ
1072 4338 1238 4383 multis
1274 4349 1406 4392 seqq,
1425 4339 1483 4394 ες,
1501 4351 1587 4394 per
1605 4339 1771 4384 crebra
1788 4343 1839 4384 οι
1856 4338 2067 4384 illustria
2083 4342 2297 4393 exempl·
2317 4343 2449 4395 potat
2469 4353 2564 4394 qua
2591 4303 2800 4398 ”naut
2819 4312 3072 4389 motuin-
