3308 5004
160 348 344 416 AUG.
394 350 483 415 28
730 368 811 416 nn
855 366 915 436 s.
967 367 1326 418 Avousrmo
1371 367 1569 417 muse.
1607 369 1686 416 rr
1729 368 1903 419 nece.
1954 370 2133 421 noer.
2481 355 2608 423 677

158 452 426 522 civitate
471 451 944 543 ThagastenSi,
996 452 1083 523 de
1149 475 1438 524 numero
1474 452 1885 536 curialium,
1932 457 2333 546 parentibus
2389 458 2698 529 honestis

156 553 223 613 et
250 540 658 612 Christianis
706 542 1106 633 progenitus
1151 555 1319 624 erat,
1376 543 1722 629 alitusque
1767 565 1853 612 ac
1897 544 2199 614 nutritus
2247 567 2483 617 eorum
2531 549 2699 632 cura

156 654 237 702 ac
282 629 642 720 diligentia
670 630 1172 722 impensisque,
1210 630 1641 701 secularibus
1691 630 1906 701 literis
1950 632 2268 703 eruditus
2329 637 2649 724 apprime
2676 693 2692 717 ,

154 719 481 791 omnibus
505 718 821 789 videlicet
867 718 1626 811 disciplinis-imbutuS‚
1663 742 1837 807 quas
1873 720 2188 791 liberales
2227 736 2493 794 vocant.
2528 730 2696 795 Nam

155 822 222 879 et
267 807 795 878 Grammaticam
841 809 1034 899 prius
1083 809 1153 878 in
1196 831 1324 880 sua
1363 809 1654 889 civitate,
1710 822 1777 879 et
1824 809 2255 881 Rhetoricam
2306 811 2377 880 in
2439 812 2699 884 Africae

158 898 378 988 capite
426 897 833 987 Carthagine
869 909 1102 989 postea
1147 897 1402 968 docuit.
1444 898 1897 986 consequenti
1930 899 2134 969 etiam
2173 911 2477 991 tempore
2509 915 2699 974 trans

159 1008 345 1056 mare
391 986 459 1054 in
505 986 674 1056 urbe
722 992 977 1067 Roma,
1030 998 1096 1056 et
1150 985 1334 1078 apud
1388 985 1845 1058 Mediolanum
1879 1042 1895 1070 ,
1948 988 2070 1058 ubi
2139 999 2302 1059 tunc
2370 991 2698 1081 temporis

155 1075 603 1165 Imperatoris
650 1074 1107 1145 Valentiniani
1147 1076 1435 1146 minoris
1466 1076 1836 1146 comitatus
1873 1075 2095 1147 fue-rat
2128 1077 2567 1150 constitutus.
2618 1084 2695 1148 In

152 1186 293 1252 qua
351 1164 525 1234 urbe
574 1175 741 1234 tunc
786 1165 1270 1256 Episcopatum
1322 1163 1894 1247 administrabat,
1947 1166 2472 1255 acceptissimus
2522 1173 2692 1249 Deo,

149 1266 219 1324 et
266 1253 335 1322 in
375 1253 655 1342 optimis
687 1253 851 1321 viris
901 1251 1498 1344 praeclarissimus
1545 1254 1866 1324 sacerdos
1912 1254 2206 1325 eximius
2265 1256 2691 1325 Ambrosius.

148 1342 379 1432 Hujus
411 1342 665 1410 interea
707 1341 895 1412 verbi
964 1342 1076 1410 Dei
1126 1341 1615 1443 praedicatoris
1664 1341 2244 1430 frequentissimis
2292 1345 2362 1413 in
2407 1345 2699 1415 ecclesia

149 1429 744 1519 disputationibus
803 1429 1086 1502 adstans
1134 1452 1203 1499 m
1257 1429 1533 1521 populO,
1615 1431 2012 1502 intendebat
2060 1455 2446 1522 suspensus
2494 1447 2699 1522 atque

149 1518 427 1590 affixus,
474 1524 718 1590 Verum
752 1518 1129 1606 aliquando
1160 1519 1717 1590 Manichaeorum
1788 1521 1972 1611 apud
2014 1522 2493 1624 Carthaginem
2535 1522 2698 1594 ado-

150 1609 421 1679 lescens
453 1606 673 1677 fuerat
703 1629 932 1679 errore
977 1606 1329 1678 seductus:
1381 1622 1445 1678 et
1477 1608 1629 1680 ideo
1659 1610 1945 1706 caeteris
1984 1632 2387 1700 suspensior
2432 1610 2693 1695 aderat,

150 1720 240 1767 ne
270 1696 437 1786 quid
489 1695 590 1766 vel
626 1718 748 1797 pro
799 1697 970 1788 ipsa,
1016 1697 1119 1766 vel
1170 1709 1407 1767 contra
1466 1697 1688 1787 ipsam
1743 1697 2080 1769 haeresim
2138 1699 2504 1786 diceretur.
2568 1701 2696 1770 Sed

65 1786 471 1878 ρτονεηίῑ
528 1790 643 1854 Del
694 1784 1079 1855 liberatoris
1130 1785 1536 1868 clementia,
1608 1786 1719 1856 sui
1785 1786 2160 1857 sacerdotis
2207 1788 2544 1859 Ambrosii
2579 1811 2700 1858 cor

150 1874 659 1972 pertractantis,
697 1886 1040 1945 utcontra
1078 1874 1276 1944 illum
1311 1896 1608 1945 errorem
1647 1874 2030 1946 incidentes
2065 1875 2237 1967 legis
2270 1876 2700 1947 solverentur

56 1962 619 2053 quaestiones,
677 1976 882 2051 atque
929 1964 1025 2033 ita
1058 1962 1340 2034 edoctus
1396 1963 1651 2035 sensim
1712 1977 1916 2053 atque
1979 1966 2340 2056 paulatim,
2395 1965 2698 2036 haeresis

154 2052 279 2122 illa
312 2051 746 2122 miseratione
778 2052 1015 2144 divina
1046 2052 1200 2140 ejus
1229 2074 1308 2122 ex
1355 2053 1588 2122 animo
1629 2052 1832 2143 pulsa
1864 2066 1988 2124 est.
2043 2055 2500 2142 Protinusque
2551 2055 2700 2144 ipse

281 2139 413 2210 fide
446 2139 779 2211 catholica
821 2141 1271 2211 confirmatus
1316 2155 1451 2222 est,
1507 2142 1920 2233 proficiendi
1969 2143 2037 2212 in
2090 2143 2421 2232 religione
2476 2142 2697 2213 eidem

61 2230 419 2315 amoris
450 2230 654 2300 ardor
688 2242 919 2300 tantus
949 2230 1232 2300 innatus
1263 2243 1387 2311 est,
1410 2242 1499 2299 ut
1561 2231 2194 2320 propinquantibus
2215 2231 2488 2302 “diebus
2539 2253 2701 2301 san-

73 2318 146 2397 f³;·};.
203 2317 288 2388 tis
322 2319 619 2388 Paschae
653 2316 896 2389 salutis
920 2337 1192 2405 ,aquam
1229 2319 1628 2408 perciperet.
1669 2324 1747 2388 Et
1791 2319 2204 2404 factumest,
2241 2320 2473 2389 divina
2509 2342 2703 2409 prae-

73 2419 376 2478 ,.
447 2406 973 2497 opitulatione,
1018 2418 1094 2477 ut
1142 2428 1262 2498 per
1310 2407 1505 2476 illum
1558 2407 1762 2477 talem
1842 2429 1923 2476 ac
1988 2420 2252 2477 tantum
2326 2408 2700 2478 antistitem

55 2496 625 2577 Ambrosium,
679 2508 745 2567 et
790 2496 1174 2567 doctrinam
1227 2495 1597 2566 salutarem
1652 2495 1995 2567 Ecclesiae
2033 2495 2433 2579 catholicae,
2486 2509 2552 2568 et
2596 2496 2704 2566 di-

192 2587 310 2655 ina
358 2585 785 2676 Augustinus
836 2586 1213 2677 perciperet
1243 2597 1697 2654 sacramenta.
1841 2600 1851 2613 ·

241 2677 280 2762 ξ
331 2680 420 2745 2.
477 2681 761 2761 Moxque
808 2695 887 2743 ex
934 2673 1203 2744 intimis
1249 2673 1477 2744 cordis
1529 2671 1856 2743 medullis
1904 2674 1987 2744 ad
2041 2678 2250 2743 Deum
2302 2696 2697 2756 conversuS,

65 2775 352 2853 [apem
424 2785 748 2838 omnem,
801 2784 1010 2851 quam
1060 2762 1357 2832 habebat
1424 2762 1492 2831 in
1546 2760 1824 2844 seculo,
1894 2761 2304 2849 dereliquit,
2348 2763 2494 2853 jam
2563 2784 2702 2832 non

197 2871 458 2930 xorem,
506 2871 638 2920 non
674 2850 854 2923 filios
893 2852 1149 2932 carnis,
1188 2871 1332 2920 vnon
1384 2850 1682 2931 divitiaS,
1721 2871 1856 2920 non
1907 2850 2201 2921 honoros
2249 2850 2461 2920 seculi
2493 2874 2702 2938 quae-

182 2960 359 3007 ens:
413 2939 527 3008 sed
580 2939 708 3009 soli
762 2945 891 3010 Deo
937 2962 1094 3010 cum
1133 2939 1280 3009 suis
1329 2939 1581 3008 servire
1621 2939 1883 3017 statuit,
1924 2939 1991 3007 in
2038 2939 2154 3009 illo
2180 2951 2246 3008 et
2290 2962 2369 3008 ex
2404 2938 2523 3009 illo
2573 2963 2698 3029 pu-

126 3027 312 3097 i·.llo
345 3049 549 3117 grege
595 3050 743 3099 esse
791 3029 1100 3109 studens,
1152 3049 1360 3116 quem
1414 3028 1746 3098 Dominus
1785 3027 2186 3115 alloquitur,
2229 3027 2517 3098 dicens:
2572 3034 2702 3101 Νο-

168 3121 274 3187 ίιε
322 3118 555 3185 timere
598 3119 896 3208 pusillus
980 3140 1137 3187 rem:
1202 3118 1519 3207 quoniam
1568 3119 1974 3207 complacuit
2034 3119 2231 3188 Patri
2270 3128 2487 3187 vestro
2539 3119 2703 3188 dare

190 3207 331 3275 bis
387 3228 699 3297 regnum:
788 3211 915 3275 Ven
966 3209 1054 3275 ite
1123 3227 1298 3296 quae
1333 3206 1692 3295 possidetis
1715 3258 1737 3285 ,
1817 3216 1880 3275 ec
1927 3207 2083 3276 date
2156 3210 2643 3297 eleemosynam
2681 3231 2700 3272 .·

95 3315 98 3317 ·
132 3312 134 3315 ·
199 3297 384 3365 acite
415 3296 595 3363 vobis
620 3298 920 3365 sacculos
940 3297 1213 3386 quinon
1243 3304 1687 3375 veterascunt,
1726 3294 2119 3365 thesaurum
2141 3319 2273 3366 non
2293 3297 2703 3385 deficientem
2741 3294 2748 3301 ’

61 3460 64 3461 ⁷
147 3387 214 3455 'n
256 3384 486 3452 coelis.
528 3387 604 3451 Et
653 3382 850 3463 illud,
896 3382 1079 3470 quod
1132 3383 1373 3453 iterum
1425 3382 1592 3453 dicit
1641 3384 1997 3465 Dominus,
2037 3384 2216 3454 idem
2272 3384 2373 3453 vir
2420 3399 2702 3455 sanctus

59 3535 62 3538 .
133 3493 376 3543 acere
423 3470 754 3561 cupiens:
807 3474 886 3542 Si
926 3473 1028 3540 vis
1064 3494 1194 3575 per
1227 3482 1408 3541 ectu-s
1440 3495 1578 3541 esse
1618 3474 1827 3542 vende
1866 3475 2092 3542 omnia
2123 3496 2298 3564 quae
2354 3473 2576 3553 habes,
2640 3484 2703 3544 et

133 3562 156 3618 ἒ-
193 3593 210 3624 a
269 3562 712 3653 pauperibus,
746 3570 808 3629 ec
842 3560 1113 3630 habebis
1150 3571 1175 3630 t
1226 3583 1544 3631 esaurum
1576 3563 1644 3630 in
1684 3563 1907 3643 coeli&
1956 3573 2018 3631 et
2056 3564 2230 3641 veni,
2264 3584 2538 3653 sequere
2565 3585 2698 3631 me.-

75 3677 77 3679 ·
138 3663 217 3720 ‚tt
256 3671 474 3740 super
521 3648 680 3718 fidei
764 3647 1298 3719 fundamentum
1350 3650 1717 3720 aedificare
1763 3649 2391 3743 desiderans,lnon
2449 3650 2639 3740 ligna
2671 3703 2693 3729 ,

161 3769 189 3818 ἱι
218 3761 455 3819 ·num,
509 3736 867 3828 stipulam,
912 3739 1030 3808 sed
1065 3761 1342 3821 aurum,
1387 3752 1749 3830 argentum
1801 3753 1864 3808 et
1918 3737 2182 3829 lapides
2233 3739 2585 3829 pretiosos.
2627 3743 2702 3807 Et

344 3841 508 3898 tunc
575 3827 779 3896 annis
831 3827 1047 3918 major
1109 3828 1414 3919 triginta,
1469 3827 1614 3897 sola
1677 3829 2046 3918 superstite
2103 3842 2357 3909 matre,
2414 3827 2701 3896 nomine

494 3916 764 4003 sibique
811 3916 1246 3997 adhaerente,
1304 3931 1367 3987 et
1413 3917 1499 3986 de
1558 3928 1877 4006 suscepto
1946 3918 2097 4007 ejus
2160 3916 2507 4008 proposito
2557 3938 2702 3985 ser-

157 4003 376 4073 ·iendi
430 4010 583 4085 Deo,
636 4003 937 4094 amplius
982 4028 1190 4094 quam
1233 4005 1320 4075 de
1364 4005 1596 4075 carnis
1646 4005 2051 4096 nepotibus,
2116 4006 2484 4076 exultante.
2526 4010 2697 4075 Nam

344 4106 553 4183 pater,
621 4094 942 4163 Patritius
990 4095 1218 4163 dictus
1250 4150 1265 4176 ,
1333 4106 1530 4164 antea
1578 4094 1948 4165 defunctus
2007 4108 2177 4165 erat.
2243 4094 2703 4165 Renunciavit

81 4181 354 4276 &getiam
403 4181 857 4263 scholasticis,
908 4204 1083 4270 quos
1123 4182 1550 4253 Rhetoricem
1605 4184 1931 4264 docebat,
1988 4195 2062 4253 ut
2109 4183 2243 4254 sibi
2285 4185 2700 4275 magistrum

103 4269 368 4341 alium
422 4270 875 4362 providerent,
928 4293 1007 4341 eo
1033 4271 1216 4359 quod
1269 4273 1521 4341 servire
1558 4277 1686 4342 Deo
1721 4273 1870 4363 ipse
1902 4272 2340 4352 decrevisset.

234 4360 279 4447 ξ
327 4363 414 4430 8.
466 4364 555 4430 Ac
584 4359 842 4451 placuit
873 4361 960 4442 ei,
1015 4371 1332 4451 percepta
1366 4361 1693 4450 baptismi
1742 4362 1986 4451 gratia,
2016 4384 2176 4437 cum
2228 4360 2386 4431 aliis
2432 4360 2701 4430 civibus

79 4492 84 4531 z
129 4462 205 4521 et
258 4449 506 4519 amicis
554 4450 723 4531 suiS,
779 4455 910 4519 Deo
944 4450 1201 4541 pariter
1247 4449 1857 4535 servientibus,„ad
1893 4449 2182 4519 Africam
2235 4462 2301 4519 et
2343 4449 2695 4541 propriam
