3308 5004
788 301 916 367 740
1554 317 1632 363 nn
1681 316 1737 362 s.
1790 315 2102 364 unnaico
2149 312 2389 363 Annam
2939 296 3154 373 Auo.
3203 298 3285 365 2·ξὲ-

704 402 1004 472 Tandem
1043 413 1312 472 mortuo
1346 400 1582 472 Abbati
1619 400 1973 482 successit,
2029 401 2153 471 ubi
2199 421 2336 471 non
2370 399 2727 482 honorem,
2781 399 2912 469 sed
2971 421 3174 470 onus
3215 425 3261 470 se

699 491 1048 582 accepisse
1089 489 1583 572 consideranS,
1637 488 1965 561 omnibus
2015 490 2147 562 sibi
2198 488 2594 561 commissis
2642 510 2848 560 verus
2952 502 3123 559 ater
3170 513 3297 579 ap.

700 602 942 672 parere
991 579 1280 650 studuit.
1335 583 1494 670 Ipso
1541 591 1873 669 tempore,
1943 578 2229 667 quidam
2282 577 2667 648 monachus
2724 578 2884 665 ejus
2943 600 3075 647 em
3131 579 3261 650 loci.

701 690 862 740 cum
896 668 1212 740 libidinis
1265 680 1462 739 aestu
1503 669 1800 758 graviter
1839 680 2177 750 ureretur,
2208 680 2273 738 et
2304 668 2433 738 hoc
2467 666 2645 759 patri
2674 666 2795 767 pio
2836 666 3259 739 indicasset:

697 757 816 828 ille
846 758 1183 840 tunicam,
1223 778 1360 844 qua
1395 756 1839 841 induebatur,
1876 757 1940 826 ei
1989 755 2077 827 ad
2132 755 2569 827 induendum
2618 754 2900 827 direxit.
2962 761 3139 840 Qua
3183 759 3261 827 in·

699 846 936 929 dutus,
978 846 1138 916 ilico
1172 846 1464 915 daemon
1507 846 1820 916 incentor
1873 845 2095 936 ipsius
2143 844 2336 924 mali,
2389 843 2719 936 fugiendo
2768 843 3104 929 delituit,
3147 869 3261 915 ma-

699 936 857 1026 gnis
905 935 1193 1005 vocibus
1244 934 1712 1026 proclamans:
1768 939 2013 1005 Sancte
2044 934 2397 1015 Mederioe,
2430 955 2560 1005 cur
2591 933 2922 1004 incendis
2968 946 3101 1005 me
3134 958 3263 1027 pre-

699 1025 901 1096 cibus
958 1024 1142 1094 tuis?
1189 1024 1559 1095 vasculum
1619 1023 1804 1111 quod
1853 1022 1980 1094 diu
2048 1022 2489 1115 possederam
2552 1021 2977 1105 abstulisti,
3055 1036 3129 1094 et
3178 1047 3264 1094 me

698 1112 1212 1205 inextinguibili
1253 1112 1576 1183 incendio
1609 1112 2047 1203 mancipasti.
2083 1118 2274 1184 Tunc
2307 1124 2589 1182 sanctus
2619 1111 2859 1181 divina
2896 1133 3083 1183 voce
3123 1136 3260 1184 eum

697 1203 1100 1304 increpavit,
1134 1214 1199 1272 et
1229 1201 1346 1272 ille
1374 1202 1730 1273 abscessit.
1763 1202 2141 1273 Monachus
2171 1223 2325 1272 vero
2355 1199 2471 1271 ille
2497 1200 2954 1303 postmodum
2983 1203 3064 1272 in
3096 1215 3261 1273 tanta

700 1303 1059 1362 sanctitate
1107 1291 1511 1382 permansit,
1566 1301 1644 1361 ut
1683 1289 2026 1382 plurimae
2072 1313 2195 1382 per
2239 1312 2399 1361 eum
2450 1301 2735 1360 virtutes
2781 1288 3253 1362 efficerentur.

786 1382 823 1468 ξ
874 1386 963 1452 2.
1015 1378 1208 1450 Alius
1253 1401 1529 1468 quoque
1579 1378 1911 1470 praedicti
1961 1380 2179 1471 patris
2224 1378 2637 1470 discipulus,
2683 1378 2777 1448 ita
2817 1392 2980 1449 erat
3031 1381 3257 1451 diabo-

701 1468 834 1539 lica
884 1467 1207 1540 illusione
1239 1470 1595 1550 subactus,
1649 1479 1727 1539 ut
1772 1468 2357 1557 quandocumque
2403 1468 2594 1560 operi
2642 1467 2886 1539 divino
2946 1470 3253 1541 insistere

703 1558 1000 1640 deberet,
1055 1555 1288 1628 statim
1338 1570 1415 1628 ut
1462 1579 1799 1647 synaxeos
1831 1558 2046 1628 oratio
2088 1570 2419 1630 consueta
2463 1557 2772 1628 finienda
2809 1572 2995 1641 erat,
3033 1561 3125 1629 ab
3156 1583 3252 1629 ec-

698 1647 912 1718 clesia
950 1646 1187 1717 exiret.
1241 1652 1389 1730 Qua
1426 1646 1512 1717 de
1548 1669 1761 1718 causa
1808 1645 2201 1735 frequenter
2231 1647 2653 1729 admonituS,
2698 1667 2837 1716 non
2886 1659 3128 1719 tamen
3158 1663 3245 1718 est

700 1735 1138 1808 emendatus
1192 1741 1382 1807 Tunc
1430 1748 1716 1808 sanctus
1763 1736 1987 1806 Abbas
2036 1756 2286 1827 panem
2335 1736 2635 1826 accepit,
2687 1748 2754 1804 et
2800 1735 3238 1817 benedicens,

701 1824 1019 1917 eulogias
1067 1824 1259 1895 fratri
1303 1824 1567 1907 tribuit,
1619 1837 1687 1895 et
1718 1824 1805 1894 ab
1852 1847 1931 1895 eo
1972 1847 2130 1895 mox
2168 1824 2535 1894 inimicum
2573 1823 2897 1895 exclusit.
2956 1831 3129 1897 Cum
3172 1828 3235 1895 de

699 1914 994 1985 diversis
1042 1913 1490 2005 regionibuS,
1546 1913 1786 1983 audita
1832 1914 1989 2001 ejus
2035 1912 2221 1983 fama
2254 1968 2270 1995 ,
2323 1911 2408 1983 ad
2460 1934 2618 1982 eum
2670 1912 2877 1983 multi
2936 1937 3231 2007 propera-

701 2015 877 2084 rent,
930 2002 1279 2073 desertum
1330 2001 1557 2072 locum
1608 2002 1911 2103 expetiit,
1965 2014 2030 2074 et
2078 2003 2209 2073 sub
2257 2012 2438 2072 statu
2485 2001 2609 2072 diu
2654 2001 3064 2075 desiderato
3118 2026 3228 2075 sese

700 2091 1087 2162 conclusit:
1142 2091 1236 2160 ita
1301 2104 1377 2161 ut
1430 2090 1767 2180 quicquid
1820 2091 2136 2162 ciborum
2196 2089 2616 2162 sumendum
2673 2103 2906 2173 esset,
2966 2115 3095 2184 pro
3141 2094 3231 2163 riis

702 2180 1030 2253 manibus
1075 2179 1481 2251 elaboraret.
1535 2184 1804 2249 Fratres
1851 2201 2007 2250 vero
2052 2179 2139 2251 de
2185 2179 2512 2251 abscessu
2543 2181 2696 2281 ejus
2727 2181 2970 2251 tristes
3012 2205 3051 2252 e
3102 2183 3228 2261 enti,

702 2291 827 2371 per
872 2283 1135 2340 vastam
1195 2290 1509 2339 eremum
1559 2267 1764 2361 longe
1810 2267 2080 2357 lateque
2128 2288 2286 2340 eum
2350 2281 2812 2359 perquirunt,
2864 2282 2935 2340 et
2981 2272 3231 2341 tandem

698 2371 1097 2440 inventum,
1149 2380 1312 2428 cum
1369 2356 1700 2429 reducere
1748 2379 1883 2428 non
1937 2368 2258 2449 possent,
2309 2357 2731 2448 Episcopum
2783 2358 3068 2429 adeunt.
3118 2358 3230 2443 Qui

700 2469 862 2518 cum
914 2447 1015 2518 eis
1065 2468 1185 2538 per
1235 2468 1399 2530 enS,
1455 2458 1772 2517 sanctum
1824 2447 1894 2517 in
1943 2467 2175 2518 eremo
2224 2445 2523 2537 reperit:
2577 2459 2644 2518 et
2690 2450 3229 2520 excommunica-

702 2536 912 2606 tionis
971 2469 1248 2606 vincufi)
1308 2557 1470 2606 eum
1539 2535 1891 2627 alligans,
1961 2535 2048 2606 ad
2119 2536 2613 2607 monasterium
2688 2537 3039 2628 perduxit,
3103 2536 3221 2605 ubi

699 2623 919 2694 multa
954 2636 1108 2714 post
1153 2624 1511 2695 sanctitate
1560 2624 1817 2708 floruit,
1870 2637 1935 2695 et
1982 2623 2237 2695 multas
2279 2625 2721 2696 infirmitates
2744 2626 3018 2695 curavit.
3052 2629 3223 2694 Tan·

698 2712 855 2783 dem
896 2712 1228 2784 orationis
1265 2719 1501 2796 causfi,
1556 2714 1855 2784 Parisios
1895 2712 2240 2806 proficisci
2279 2713 2539 2784 voluit:
2593 2715 2665 2784 in
2716 2736 2841 2816 quo
2878 2714 3088 2785 etiam
3117 2713 3228 2784 iti-

699 2824 885 2882 nere,
939 2801 1159 2872 multa
1218 2824 1340 2893 per
1381 2823 1541 2873 eum
1593 2802 1931 2875 Dominus
1972 2801 2309 2873 miracula
2356 2802 2537 2874 fecit.
2595 2809 2901 2892 Denique
2940 2803 3228 2874 Parisios

699 2891 1006 2972 venienS,
1048 2891 1116 2960 in
1152 2890 1405 2961 cellula
1440 2912 1617 2992 quae
1651 2892 1783 2963 sub
1818 2893 2097 2963 nomine
2145 2896 2215 2964 S.
2265 2893 2446 2964 Petri
2476 2891 2783 2983 Apostoli
2836 2893 3061 2964 fuerat
3086 2913 3225 2963 con-

700 2991 988 3061 secrata,
1022 2979 1296 3050 duobus
1321 3002 1526 3050 annis
1557 2992 1623 3050 et
1652 3001 1895 3051 novem
1929 2982 2286 3053 mensibus
2318 2985 2450 3052 Deo
2477 2979 2831 3064 militavit,
2867 3005 2954 3054 ac
2977 2983 3220 3054 demum

700 3068 960 3138 vocatis
998 3068 1172 3140 disci
1226 3067 1366 3140 ulis
1414 3069 1585 3150 suis,
1638 3069 1870 3140 obitus
1917 3069 2029 3139 sui
2063 3068 2244 3139 diem
2280 3069 2633 3153 indicavit,
2680 3070 2753 3140 in
2789 3093 2943 3160 quo
2980 3069 3231 3164 expletis

700 3157 1050 3240 omnibus,
1090 3179 1168 3227 va
1197 3157 1478 3229 edicens
1508 3158 1632 3239 eis,
1686 3157 1867 3228 inter
1898 3158 2105 3229 verba
2152 3157 2483 3229 orationis
2522 3158 2609 3228 ad
2660 3163 2903 3233 Deum
2950 3159 3238 3256 migravit

697 3258 943 3333 quarto
976 3245 1316 3318 Kalendas
1349 3246 1793 3338 Septembris.
