3308 5004
159 315 349 382 ΔΗΕ.
404 317 490 383 29
777 334 844 384 n(
891 335 1085 384 usto
1133 333 1467 385 naccum.
1522 335 1579 383 s.
1630 334 1857 383 somn.
1910 335 2092 384 narr.
2492 319 2624 387 727

161 417 372 501 lecto,
407 418 723 506 inquam,
759 441 898 489 non
939 420 1090 491 sine
1131 419 1455 502 vestibuS,
1509 418 1626 489 sed
1669 419 1791 506 qui
1840 419 2184 511 stragulas
2230 433 2451 492 vestes
2497 421 2709 493 habe-

148 508 303 589 ·bat,
344 507 716 597 prophetae
761 509 1290 578 convenientes:
1344 507 1783 589 candelabr0‚
1840 529 1975 577 non
2027 509 2176 583 sine
2210 510 2525 593 candela,
2590 510 2710 582 sed

161 617 323 666 cum
359 595 531 676 olen,
586 595 767 683 quod
812 597 1036 667 lucem
1097 597 1474 687 irrigabat:
1530 618 1792 679 mensa,
1849 619 1983 667 non
2034 595 2298 667 defecta
2393 599 2696 683 anibuS,

163 684 280 755 sed
319 685 493 754 cibis
532 685 953 755 abundante.
1008 684 1183 769 Quid
1236 699 1464 755 autem
1514 684 1763 755 dixerit
1808 685 2157 776 quispiam
2209 685 2294 756 de
2394 702 2544 758 eata
2591 688 2714 759 illa

164 773 400 854 vidua,
453 795 632 860 quae
687 774 993 865 suscepit
1048 774 1262 844 Eliam
1325 774 1786 864 Prophetam?
1834 775 1956 844 Cui
2009 774 2180 844 nihil
2233 775 2712 866 impedimenti

165 862 390 932 attulit
427 862 758 949 pecuniae
807 863 1064 952 inopia,
1121 875 1400 953 propter
1444 885 1609 953 opes
1663 864 1882 933 bonae
1924 862 2317 934 voluntatis.
2387 865 2505 935 Cui
2573 888 2709 936 non

164 950 398 1020 aderat
430 950 881 1034 frumentum,
927 973 1064 1020 non
1123 951 1360 1020 vinum
1399 1006 1414 1033 ‚
1479 972 1612 1020 non
1663 949 1941 1039 aliquid·
1978 949 2165 1021 aliud
2219 964 2569 1024 terrenum
2621 954 2709 1024 ad

162 1039 653 1110 consolandam
693 1053 1190 1130 paupertatem.
1243 1045 1385 1111 Non
1421 1061 1586 1131 ager
1630 1039 1962 1110 frumenti
2010 1039 2256 1111 fertilis
2330 1042 2394 1111 ei
2473 1063 2707 1114 semen

163 1128 369 1218 panis
416 1128 763 1198 afferebat.
830 1134 973 1200 Non
1045 1128 1318 1199 botrum
1385 1128 1879 1199 suavissimum
1938 1128 2001 1197 ei
2052 1129 2207 1199 vitis
2254 1129 2703 1220 producebat.

161 1222 303 1286 Non
358 1215 843 1287 dulcissimum
880 1216 1181 1288 fructum
1231 1216 1436 1287 arbor
1484 1218 1547 1287 ei
1586 1216 1866 1288 ferebat.
1921 1217 2278 1300 Quomodo
2326 1219 2537 1299 enim,
2592 1221 2710 1290 cui

162 1327 248 1375 ne
275 1319 421 1375 erat
451 1304 729 1393 quidem
765 1329 802 1376 a
859 1307 916 1377 ri
948 1307 1140 1376 locus
1183 1305 1270 1375 ad
1310 1305 1670 1376 ferendum
1706 1305 1920 1376 unius
1949 1305 2188 1396 palmi,
2225 1329 2448 1395 neque
2479 1307 2709 1379 solum

157 1394 373 1465 unius
411 1395 628 1464 cubiti
661 1394 748 1464 ad
787 1418 829 1486 p
860 1395 1231 1466 amandam
1285 1395 1599 1465 vineam:
1654 1395 1771 1465 sed
1824 1395 1894 1464 in
1947 1407 2253 1484 tempore
2304 1394 2547 1467 messis
2588 1418 2710 1488 per

161 1504 365 1573 agros
414 1505 623 1552 curva
672 1483 998 1554 incedens
1028 1538 1049 1565 ,
1122 1484 1351 1574 spicas
1387 1537 1403 1565 ‚
1457 1505 1635 1571 quae
1682 1505 1719 1553 e
1777 1483 2101 1553 manibus
2156 1506 2541 1555 messorum
2593 1507 2710 1555 ex-

160 1572 482 1642 cidebant
515 1627 532 1653 ‚
585 1570 917 1663 colligens
947 1627 963 1653 ,
1018 1594 1141 1662 pro
1203 1570 1406 1641 modo
1453 1572 1805 1663 temporis,
1850 1572 2066 1642 unius
2110 1574 2277 1642 anni
2334 1574 2711 1664 reponebat

159 1660 595 1730 alimentum.
649 1660 743 1730 Ad
788 1662 965 1731 hanc
1003 1662 1172 1731 abiit
1220 1660 1401 1730 Elias
1436 1675 1741 1751 tempore
1788 1660 2015 1741 famiS,
2054 1661 2336 1748 quando
2382 1661 2707 1732 universa

159 1761 339 1819 terra
374 1760 649 1839 propter
682 1748 998 1820 humoris
1044 1762 1410 1841 egestatem
1449 1748 1949 1840 propemodum
1994 1748 2410 1820 feriebatur:
2464 1762 2530 1820 et
2571 1752 2708 1821 sic—

159 1838 365 1908 citate
411 1837 848 1927 aperiebatur
883 1893 898 1920 ,
950 1838 1230 1926 quando
1287 1838 1555 1909 coelum
1622 1837 2228 1920 inflammabatur,
2280 1851 2345 1909 et
2397 1841 2515 1913 aer
2560 1851 2708 1910 erat

159 1947 439 2008 aeneuS,
471 1937 536 1995 et
585 1928 804 1997 nubes
845 1925 1411 1998 refrenabantur:
1440 1926 1721 2014 quando
1761 1948 1897 1996 non
1930 1938 2074 1997 erat
2103 1927 2339 2010 herba,
2380 1950 2516 1998 non
2550 1929 2701 2011 flos,

160 2037 299 2085 non
358 2035 660 2105 germem
712 2016 1079 2086 baccarum
1111 2070 1131 2096 ‚
1188 2037 1323 2086 non
1374 2037 1545 2086 aura
1593 2015 1864 2086 roscida
1912 2038 2226 2087 summas
2263 2016 2510 2088 aristas
2557 2017 2704 2107 agi-

160 2104 387 2173 tabat:
431 2103 709 2191 quando
744 2103 1022 2175 suerunt
1059 2104 1390 2175 attenuati
1430 2104 1648 2185 fluvii,
1702 2119 1767 2174 et
1820 2103 2042 2176 fontes
2095 2107 2313 2175 ubera
2359 2127 2704 2193 aquarum

158 2193 377 2261 nimio
424 2204 617 2262 aestu
677 2194 1280 2264 constrinxerunt:
1346 2205 1412 2263 et
1475 2215 1663 2263 mare
1721 2191 1982 2263 salsum
2049 2193 2325 2283 penitus
2383 2195 2703 2265 effectum

158 2294 283 2360 est,
331 2282 686 2371 repressiS,
722 2303 899 2370 quae
937 2281 1006 2351 id
1046 2281 1637 2372 ingrediebantur,
1693 2281 2027 2359 dulcibus
2052 2281 2254 2368 aquis
2301 2294 2366 2352 et
2398 2281 2696 2372 pluviis:

159 2381 324 2440 tunc
356 2425 371 2452 ,
439 2370 749 2458 inquam,
803 2371 972 2441 abiit
1019 2370 1202 2441 Elias
1249 2370 1333 2441 ad
1389 2369 1911 2460 pauperculam,
1965 2368 2048 2439 ad
2110 2369 2413 2439 viduam.
2460 2368 2707 2453 Qualia

158 2471 386 2529 autem
454 2460 755 2561 patiatur
824 2459 1027 2530 vidua
1094 2460 1299 2530 etiam
1354 2459 1550 2530 laetis
1598 2458 1851 2540 rebuS,
1919 2457 2134 2530 scitis.
2205 2459 2475 2529 Dimisit
2542 2481 2703 2549 pro-

158 2548 365 2649 pheta
411 2548 686 2707 dim-ite&-
730 2549 986 2637 quibus
1031 2562 1177 2620 erat
1222 2549 1422 2639 copia
1469 2548 1713 2638 panis:
1765 2559 1831 2617 et
1877 2569 1913 2616 e
1963 2559 2194 2617 monte
2241 2547 2694 2630 descendenS,
2760 2611 2765 2618 .

155 2650 340 2706 venit
387 2660 424 2707 a
522 2661 545 2706 1
600 2660 771 2709 sam.

244 2728 281 2811 ξ
327 2730 404 2795 ⁸2.
458 2662 593 2796 Cui3
638 2739 891 2808 autem,
944 2726 1061 2814 qui
1112 2726 1345 2816 ignem
1396 2724 1482 2794 de
1528 2724 1719 2794 coelo
1765 2723 1973 2794 verbo
2040 2723 2360 2807 demisit,
2413 2746 2552 2795 non
2615 2723 2703 2794 ad

158 2831 234 2881 se‘
262 2814 490 2912 potius
538 2836 750 2904 panes
782 2814 1077 2886 detulit?
1122 2819 1266 2885 Non
1318 2818 1633 2904 poterat?
1681 2818 1948 2882 Poterat
1985 2825 2188 2883 certe.
2229 2813 2357 2884 Sed
2400 2812 2531 2883 hoc
2564 2835 2701 2883 non

156 2899 340 2970 fecit.
393 2902 909 2984 Quamobrem?
956 2909 1049 2974 Ne
1111 2902 1598 2993 hospitalitatis
1661 2901 2004 2971 fructibus
2035 2902 2333 2992 privaret
2386 2902 2695 2984 viduam,

155 3000 222 3058 et
277 3000 354 3058 ut
408 2991 667 3079 alioqui
715 2991 1058 3083 pugillum
1108 2990 1417 3072 farinae,
1471 3004 1536 3060 et
1599 2989 1949 3060 modicum
2014 2990 2145 3060 olei
2211 2990 2411 3061 multi
2468 2991 2707 3061 licaret

155 3099 282 3167 per
314 3078 884 3151 benedictionem.
938 3086 1080 3150 Non
1132 3080 1316 3149 enim
1370 3091 1632 3150 tantum
1671 3078 1855 3148 venit
1885 3079 2219 3169 propheta
2267 3092 2414 3149 uta
2447 3092 2699 3161 eretur,

153 3180 495 3253 quantum
554 3180 630 3237 ut
668 3168 879 3239 aleret
926 3167 1420 3258 pauperculam
1459 3222 1474 3245 ,
1526 3180 1592 3237 et
1641 3166 1960 3257 probaret
2006 3190 2124 3238 cor
2182 3168 2533 3238 occultum
2571 3222 2586 3248 ,
2639 3180 2706 3238 et

152 3255 338 3324 bona
386 3254 732 3327 voluntate
781 3256 1196 3347 praeditum.
1250 3261 1393 3326 Hoc
1439 3255 1605 3326 facit
1652 3262 1853 3326 Deus.
1908 3261 2076 3327 Nam
2110 3278 2270 3327 cum
2306 3256 2522 3346 possit
2554 3278 2706 3327 om-
2762 3311 2765 3314 >

154 3364 303 3424 neS,
348 3344 468 3431 qui
517 3358 679 3415 sunt
739 3346 807 3414 in
867 3345 1152 3427 mund0‚
1208 3367 1330 3434 per
1367 3367 1438 3414 se
1489 3344 1754 3414 nutrire
1784 3399 1799 3426 ,
1862 3345 2155 3415 sustinet
2202 3344 2574 3423 dationem,
2628 3356 2707 3415 ut

151 3432 389 3514 corda,
442 3455 617 3519 quae
650 3445 811 3504 sunt
858 3434 1039 3504 bona
1085 3433 1432 3504 voluntate
1482 3432 1815 3524 praedita,
1869 3434 1939 3501 in
1992 3447 2297 3524 temp'ore
2344 3433 2705 3525 hospitali-

152 3521 313 3590 tatis
353 3543 473 3612 per
520 3521 784 3594 fructus
818 3521 1185 3593 discernat.
1225 3524 1516 3606 Quando
1549 3534 1778 3592 autem
1817 3521 1994 3591 nulli
2042 3522 2320 3603 fuerint,
2359 3523 2479 3611 qui
2515 3524 2701 3613 ipsos

153 3609 451 3680 debeant
481 3612 816 3701 excipere,
856 3625 976 3682 aut
1016 3613 1230 3681 nutrit
1264 3633 1384 3702 per
1421 3633 1603 3694 aves,
1639 3625 1717 3681 ut
1756 3610 1970 3680 Eliam
2012 3611 2079 3680 in
2116 3624 2382 3682 monte:
2428 3623 2548 3682 aut
2583 3633 2704 3701 per
2764 3637 2765 3640 ¹

154 3699 559 3789 prophetam
601 3700 1065 3791 peregrinum,
1104 3712 1182 3770 ut
1217 3700 1563 3770 Danielem
1615 3700 1685 3768 in
1730 3699 1923 3769 lacu:
1960 3712 2079 3770 aut
2114 3723 2235 3790 per
2263 3699 2523 3770 animal
2560 3721 2704 3768 ma-

155 3788 415 3868 rinum,
448 3802 527 3858 ut
554 3794 801 3859 Jonam
845 3811 967 3879 per
1003 3801 1275 3862 cetum:
1328 3800 1449 3859 aut
1497 3789 1729 3879 ipsum
1786 3809 1904 3878 per
1941 3810 2014 3859 se
2047 3788 2222 3878 pluit
2260 3787 2696 3870 alimentum,

157 3876 334 3947 sicut
376 3877 689 3966 patribus
745 3878 1021 3948 nostris.
1080 3883 1246 3947 Nam
1299 3901 1460 3948 cum
1514 3899 1649 3947 non
1697 3888 1975 3958 essent,
2034 3877 2156 3965 qui
2204 3899 2321 3947 eos
2376 3876 2705 3947 deberent

156 3965 492 4055 excipere,
542 3988 795 4036 manna
848 3966 1024 4057 pluit
1068 3989 1106 4036 e
1153 3966 1363 4038 coe10.
1417 3979 1483 4037 et
1510 3987 1690 4053 aqua
1722 3987 1760 4034 e
1795 3977 1985 4056 petra
2033 3967 2370 4036 scaturiit.
2412 3964 2700 4057 Quando

158 4064 383 4123 autem
441 4054 699 4126 fuerint
744 4056 963 4125 sancti
1014 4057 1082 4124 in
1145 4054 1406 4125 mundo
1465 4067 1812 4124 versantes
1871 4076 2029 4124 cum
2086 4054 2290 4136 aliis,
2354 4054 2705 4124 dexteram

158 4162 352 4211 suam
406 4165 691 4214 manum
743 4144 1069 4214 retrahit:
1121 4156 1186 4214 et
1233 4145 1293 4213 si
1340 4166 1456 4216 eos
1504 4144 1685 4213 videt
1731 4143 2041 4225 afflict08‚
2103 4143 2400 4225 emittit,
2454 4156 2531 4214 ut
2580 4164 2702 4233 per

157 4228 253 4312 id,
305 4231 485 4316 quod
536 4233 607 4302 in
658 4233 846 4324 ipsos
884 4232 1234 4304 confertur
1267 4232 1709 4315 beneficium,
1762 4232 1876 4303 det
1917 4233 2143 4302 locum
2196 4231 2437 4303 multis
2467 4232 2701 4302 volen—

156 4317 345 4388 tibus
374 4320 862 4411 adipiscendae
901 4321 1170 4393 salutis.

244 4409 281 4496 ξ
326 4411 408 4482 8.
461 4409 639 4482 Abiit
683 4433 846 4503 ergo
867 4409 1078 4482 fElias
1116 4409 1201 4483 ad
1263 4409 1543 4481 viduam
1577 4464 1595 4494 ,
1647 4431 1825 4499 quae
1883 4409 2058 4480 nihil
2119 4409 2312 4481 aliud
2373 4408 2694 4491 habebat,
