3308 5004
241 322 428 388 Auo.
485 324 524 387 7
732 402 736 405 Α
2569 329 2637 392 21
2659 330 2681 392 t

573 494 696 594 DE
762 493 844 595 S.
916 492 1419 595 VlC'l'RlClO
1491 491 1801 595 EPlSC.
1876 494 2455 597 ROTHOMAG.

988 713 1066 760 Ex
1112 712 1415 761 EPISTULA
1463 713 1520 761 S.
1574 712 1832 760 PAULINI
1879 712 2022 762 NOL.

1186 817 1268 863 An
1317 778 1507 864 ILLUM
1555 814 1839 865 SECUNDA

912 969 1099 1028 Flor.
1148 982 1323 1025 saec.
1371 969 1469 1024 1v
1510 997 1588 1009 —
1628 969 1785 1026 Nat.
1830 969 2095 1025 Gallus.

321 1135 357 1221 ξ
405 1139 481 1207 1.
535 1140 778 1205 Notum
809 1135 1008 1206 nobis
1057 1134 1213 1205 fecit
1244 1134 1483 1216 Titius,
1519 1147 1683 1205 tuus
1721 1135 2175 1207 charissimus
2209 1135 2416 1206 frater
2442 1150 2508 1207 et
2554 1136 2782 1209 fidelis

233 1223 551 1293 minister
608 1224 679 1293 in
731 1225 1061 1304 Domino,
1127 1245 1261 1294 non
1323 1223 1605 1312 quidem
1656 1236 1718 1294 te
1767 1224 2027 1315 magis,
2081 1246 2288 1313 quam
2341 1226 2408 1296 in
2464 1239 2524 1296 te
2565 1231 2779 1296 Deum

232 1311 665 1402 praedicam,
718 1326 974 1402 quanta
1012 1312 1343 1383 Dominus
1393 1334 1513 1403 per
1562 1327 1623 1382 te
1665 1311 1934 1383 lumina
1983 1313 2050 1382 in
2107 1315 2424 1386 obscuris
2465 1327 2622 1386 ante
2673 1338 2783 1386 re-

231 1401 561 1490 gionibus
607 1402 1073 1472 accendisset:
1126 1402 1244 1488 qui
1294 1401 1592 1471 educens
1657 1403 1879 1473 nubes
1937 1402 2023 1472 ab
2071 1417 2370 1472 extremo
2425 1416 2662 1485 terrae,
2719 1418 2781 1475 te

281 1495 510 1576 noque
558 1489 628 1560 in
678 1490 902 1561 lucem
948 1491 1185 1581 populi
1238 1491 1347 1560 sui
1402 1490 1486 1560 de
1536 1490 1787 1560 extimo
1844 1490 2032 1560 orbis
2092 1491 2348 1573 eduxit,
2409 1506 2474 1562 et
2511 1493 2779 1562 clarum

262 1578 473 1668 ulgur
520 1579 589 1647 in
626 1579 929 1669 pluviam
972 1581 1249 1651 uberem
1286 1578 1464 1649 fecit.
1512 1580 1700 1650 Sicut
1754 1592 1928 1650 terra
1977 1580 2275 1651 Zabulon
2319 1581 2669 1669 quondam
2713 1596 2781 1653 et

229 1667 697 1758 Nephthalim‚
751 1669 858 1737 via
909 1670 1118 1740 maris
1154 1681 1341 1739 trans
1369 1668 1741 1738 Jordanem
1776 1669 2138 1751 Galilaeae,
2185 1685 2249 1740 et
2295 1672 2411 1758 qui
2450 1671 2780 1741 sedebant

228 1757 302 1826 in
358 1758 634 1847 regione
680 1759 970 1828 umbrae
1010 1759 1270 1839 morti5‚
1317 1759 1542 1828 lucem
1586 1757 1906 1829 viderunt
1953 1781 2061 1829 ma
2120 1781 2303 1828 nam:
2360 1760 2450 1828 ita
2480 1773 2545 1829 et
2592 1781 2776 1829 nunc

230 1848 301 1915 in
340 1859 519 1916 terra
560 1848 1004 1927 Morinorum,
1041 1847 1180 1917 situ
1226 1846 1415 1916 orbis
1461 1858 1784 1926 extrema,
1836 1869 2043 1935 quam
2131 1848 2398 1918 arbaris
2448 1849 2778 1919 fluctibus

227 1934 533 2006 fremens
568 1935 793 2006 tundit
825 1939 1159 2016 OceanuS,
1190 1935 1499 2026 gentium
1539 1935 1776 2025 populi
1806 1951 2248 2017 remotarum,
2290 1937 2409 2026 qui
2442 1937 2776 2007 sedebant

232 2025 303 2093 in
338 2022 642 2106 latebris,
682 2026 790 2093 via
822 2025 1031 2094 maris
1078 2045 1389 2105 arenosa,
1427 2037 1613 2094 extra
1644 2025 2042 2106 Jordanem,
2078 2037 2444 2113 antequam
2484 2026 2777 2117 pingue-

230 2127 499 2183 scerent
532 2114 704 2185 fines
751 2113 1024 2194 deserti,
1076 2113 1142 2181 in
1174 2135 1258 2188 ,ea
1287 2113 1607 2184 orta'sibi
1660 2136 1779 2204 per
1827 2126 2014 2183 tuam
2078 2114 2504 2185 sanctitatem
2556 2138 2595 2184 a
2650 2120 2780 2185 Do·

230 2202 422 2271 mino
475 2201 625 2271 luce
663 2201 1063 2292 gaudenteS,
1118 2202 1322 2272 corda
1380 2224 1625 2292 aspera
1673 2202 1935 2272 Christo
1987 2202 2278 2273 intrante
2341 2216 2770 2294 posuerunt:

227 2290 352 2360 ubi
399 2291 752 2379 quondam
794 2290 1059 2362 deserta
1108 2290 1457 2379 sylvarum
1508 2313 1587 2360 ac
1635 2290 1912 2361 litorum
1967 2292 2219 2381 pariter
2259 2293 2325 2361 in
2379 2306 2595 2364 totum
2649 2292 2774 2361 ad-

227 2401 439 2449 venae
513 2379 815 2459 barbari,
868 2392 986 2450 aut
1034 2378 1331 2449 latrones
1389 2379 1653 2449 incolae
1697 2378 2265 2467 frequentabant,
2320 2403 2506 2451 nunc
2575 2403 2777 2450 vene-

228 2468 446 2539 rabile
493 2483 559 2539 et
588 2469 890 2560 Angelici
921 2480 1312 2539 sanctorum
1342 2467 1559 2550 chori,
1606 2469 1837 2551 urbeS‚
1870 2468 2149 2560 oppida,
2181 2469 2472 2550 insulas,
2515 2469 2771 2628 sglvaS,

227 2557 540 2631 ecclesiis
569 2571 634 2628 et
689 2558 1122 2628 monasteriis
1164 2558 1359 2648 plebe
1416 2559 1805 2629 numerosis
1834 2579 1998 2648 pace
2046 2580 2349 2629 consona
2395 2559 2537 2629 cele
2595 2573 2769 2628 rant.

227 2647 423 2729 Quod
465 2669 884 2735 quamquam
936 2647 1142 2717 totius
1190 2647 1445 2717 Galliae
1478 2645 1754 2738 populis
1800 2660 1865 2716 et
1914 2648 2171 2736 ubique
2219 2647 2526 2738 gentium
2582 2648 2777 2718 Chri-

224 2747 378 2807 stus
423 2748 765 2827 operetur,
818 2737 940 2824 qui
990 2748 1203 2806 totum
1237 2735 1474 2805 orbem
1514 2736 1855 2815 circumit,
1900 2758 2237 2824 quaerens
2271 2737 2519 2827 dignos
2561 2759 2656 2817 se,
2712 2749 2779 2808 et

227 2846 350 2915 per
384 2827 694 2895 nationes
724 2825 793 2894 in
826 2826 1094 2896 animas
1132 2837 1405 2895 sanctas
1445 2846 1516 2894 se
1566 2824 1908 2903 transfert,
1952 2838 2017 2895 et
2071 2826 2139 2894 in
2194 2826 2319 2896 viis
2370 2825 2777 2896 directionis

225 2913 525 2986 ostendit
554 2937 626 2983 se
660 2913 988 2994 hilariter,
1023 2926 1089 2984 et
1119 2914 1309 2982 omni
1337 2913 1766 3014 providentia
1816 2915 2112 2984 occurrit
2145 2915 2569 2985 amatoribus
2597 2916 2771 2985 suis:

224 3013 456 3073 tamen
500 3004 567 3072 in
606 3003 1062 3073 remotissimo
1091 3003 1354 3072 Nervict
1404 3001 1622 3072 litoris
1676 3015 1919 3084 tractu,
1973 3024 2177 3090 quem
2231 3003 2419 3073 tenui
2480 3004 2775 3074 antehac

225 3092 481 3181 spiritu
537 3091 707 3161 fides
748 3092 1046 3162 veritatis
1093 3091 1461 3171 afflaverat,
1516 3105 1577 3160 te
1642 3092 2078 3181 potissimum
2131 3093 2197 3160 in
2251 3115 2368 3162 vas
2415 3092 2775 3162 electionis

225 3181 585 3271 excerpsit„
633 3181 701 3250 in
756 3193 815 3250 te
867 3180 1088 3272 prima
1123 3179 1410 3259 refulsit,
1462 3180 1720 3250 clarius
1752 3180 2065 3262 invaluit,
2123 3181 2479 3251 ardentius
2512 3195 2577 3251 et
2614 3205 2774 3273 pro-

225 3268 384 3358 pius
414 3270 773 3361 apparuit:
828 3281 912 3349 te,
967 3269 1036 3338 in
1073 3292 1210 3356 quo
1258 3269 1718 3339 sanctificaret
1767 3269 1907 3339 illic
1949 3291 2195 3339 nomen
2249 3291 2482 3351 suum,
2540 3283 2604 3341 et
2654 3292 2776 3372 per

224 3358 429 3459 cujus
481 3381 729 3429 nomen
770 3358 974 3459 etiam
1025 3358 1201 3430 Solis
1231 3358 1317 3427 ab
1346 3380 1597 3428 occasu
1652 3361 1723 3426 in
1765 3379 2039 3427 omnem
2078 3372 2327 3429 terram
2367 3380 2578 3432 sonus
2620 3381 2771 3449 ejus

223 3461 458 3530 exiret,
512 3458 910 3537 assumpsit.
2811 3512 2820 3525 ,

309 3538 345 3623 ξ
389 3541 478 3607 2.
529 3535 827 3623 Denique
874 3557 1061 3605 nunc
1095 3535 1596 3625 Rothomagum
1631 3534 1942 3625 (Rouen),
1977 3549 2041 3605 et
2082 3536 2326 3606 vicinis
2359 3548 2515 3606 ante
2551 3536 2771 3628 regio-

223 3624 434 3717 nibus
483 3626 672 3695 tenui
713 3626 992 3694 nomine
1033 3625 1539 3715 pervulgatum,
1594 3624 1665 3693 in
1703 3624 2106 3716 longinquis
2155 3627 2360 3696 etiarn
2401 3626 2774 3715 provinciis

224 3714 573 3783 nominari
607 3713 1087 3784 venerabiliter
1117 3714 1469 3794 audimuS,
1523 3726 1587 3783 et
1637 3712 1813 3784 inter
1862 3716 2068 3786 urbes
2117 3713 2403 3785 sacratis
2438 3714 2607 3784 locis
2650 3736 2774 3784 no-

222 3801 396 3872 biles
430 3824 591 3872 cum
634 3802 867 3872 divina
894 3801 1098 3873 laude
1127 3803 1477 3873 numerari
1519 3801 1704 3872 haud
1749 3803 2116 3882 immerito,
2160 3825 2320 3874 curn
2357 3814 2562 3872 totam
2601 3801 2767 3883 illic,

220 3891 450 3979 qualis
510 3892 581 3962 in
640 3893 911 3963 Oriente
964 3903 1385 3962 memoratur
1428 3891 1875 3971 Jerusalem,
1944 3890 2187 3960 faciem
2222 3946 2237 3973 ,
2292 3890 2770 3981 Apostolorum

218 4001 495 4069 quoque
529 3980 938 4072 praesentia,
981 3980 1300 4051 meritum
1334 3993 1488 4050 tuae
1523 3981 1905 4050 sanctitatis
1954 3979 2355 4063 adduxerit:
2409 3979 2526 4066 qui
2582 4001 2775 4070 pere-

218 4068 492 4159 grinam
544 4071 893 4140 memoriis
934 4070 1080 4141 suis
1127 4069 1411 4149 urbem,
1464 4068 1715 4139 affectu
1771 4081 2168 4138 sanctorum
2221 4068 2592 4158 spirituum
2623 4121 2643 4148 ,
2709 4082 2773 4139 et

220 4158 464 4228 effectu
491 4180 776 4249 operum
806 4159 1227 4239 divinorum,
1266 4158 1548 4229 sedibus
1573 4158 1721 4228 suis
1750 4170 2177 4248 comparant,
2218 4157 2438 4245 quiin
2476 4156 2772 4247 teipsum

219 4247 657 4336 aptissimum
717 4248 850 4318 sibi
897 4248 1351 4318 diversorium
1406 4259 1828 4335 repererunt.
1880 4246 2079 4316 Juvat
2141 4244 2454 4315 videlicet
2513 4246 2774 4316 amicos

221 4338 333 4406 Dei
364 4350 429 4407 et
480 4337 704 4427 princi
757 4359 831 4409 es
872 4336 1113 4427 populi
1149 4338 1288 4407 veri
1318 4336 1557 4418 lsrael,
1598 4335 1666 4404 id
1702 4347 1826 4415 est,
1872 4334 2109 4426 populi
2151 4336 2775 4426 appropinquantis

223 4425 349 4496 sibi
402 4427 471 4495 in
501 4447 581 4496 ea
629 4360 799 4497 urge
829 4426 1161 4496 remorari
1211 4425 1689 4518 etqcooperari
1741 4425 1863 4494 tibi
1894 4479 1910 4507 ‚
1977 4425 2042 4494 in
2106 4447 2244 4513 qua
2305 4445 2459 4495 cum
2504 4424 2775 4515 Angelis
