3308 5004
174 333 361 400 ΑΗΕ.
418 300 520 398 ⁴5*
769 348 849 397 nn
894 347 1282 397 noltmTIoNE
1328 348 1608 398 nurlss.
1661 348 1835 398 rme.
1886 350 2129 399 namu
2505 332 2621 400 34⁴

169 435 507 524 quaedam
580 434 688 503 his
733 433 1207 505 convenientia
1276 445 1339 504 et
1403 434 1894 537 consequentia
1962 447 2126 507 tunc
2186 435 2508 506 videntur
2574 458 2725 508 esse

167 525 368 595 facta.
426 523 706 594 Advenit
752 523 940 594 enim
990 528 1150 603 Rex,
1201 534 1279 591 ut
1314 524 1486 592 mihi
1531 523 1815 612 quldem
1865 524 2158 606 videtur,
2211 525 2298 595 ad
2349 547 2548 596 suam
2596 547 2718 617 pa-

169 628 462 695 rentem,
500 612 894 702 divinisque
944 626 1008 681 et
1055 612 1142 682 ab
1189 611 1473 684 interitu
1532 613 1778 683 alienis
1830 613 2154 682 manibus
2208 636 2408 684 susce
2461 615 2512 684 it
2571 615 2725 709 ejus

171 724 417 793 puram
470 714 536 771 et
569 700 746 772 nulli
785 700 1032 790 culpae
1079 700 1354 771 affinem
1397 701 1726 771 animam.
1795 705 1873 771 Et
1919 723 1998 772 ea
2044 701 2325 790 quidem
2442 702 2586 785 ixit,
2646 717 2725 775 ut

168 804 268 861 est
314 802 909 862 consentaneum:
965 812 1001 857 «
1035 794 1110 859 In
1180 812 1428 860 manus
1477 803 1652 872 tuas,
1707 788 1855 871 fili,
1921 789 2333 861 commendo
2395 792 2722 882 spiritum

174 902 448 950 meum:
488 879 763 970 suscipe
799 878 920 949 tibi
968 879 1250 949 charam
1301 880 1643 962 animam,
1700 901 1909 967 quam
1957 880 2373 949 conservasti
2422 880 2721 950 alienam

171 970 254 1039 ab
302 968 498 1038 omni
569 968 1124 1059 reprehensione.
1179 972 1400 1038 Meum
1454 989 1708 1058 corpus
1751 967 1874 1038 tibi
1913 968 2130 1049 trado,
2168 979 2233 1038 et
2283 989 2418 1037 non
2470 980 2713 1040 terrae.

172 1058 447 1127 Custodi
498 1057 790 1137 salvum,
841 1056 1025 1143 quod
1064 1055 1184 1126 tibi
1235 1056 1496 1146 placuit
1542 1056 1877 1138 habitare,
1921 1069 1986 1127 et
2033 1078 2192 1126 cum
2250 1068 2451 1126 natus
2489 1079 2717 1139 esseS,

170 1147 589 1216 conservasti
636 1146 998 1236 virginem.
1052 1151 1153 1215 Tu
1193 1167 1300 1215 me
1333 1145 1419 1215 ad
1472 1159 1532 1216 te
1571 1145 1886 1225 transfer,
1947 1159 2021 1214 ut
2059 1146 2177 1216 ubi
2231 1156 2304 1215 tu
2350 1167 2447 1225 οε,
2494 1146 2718 1217 foetus

172 1257 556 1305 memorum
601 1236 966 1315 viscerum,
1019 1256 1144 1324 ego
1190 1256 1463 1322 quoque
1513 1246 1734 1305 tecum
1779 1234 2050 1335 degam.
2104 1232 2199 1303 Ad
2237 1246 2298 1303 te
2337 1234 2521 1304 enim
2562 1237 2721 1326 prb-

175 1345 353 1413 pero,
406 1324 530 1413 qui
578 1324 661 1393 ad
718 1345 824 1392 me
847 1323 1184 1393 ventitasti
1218 1324 1390 1394 citra
1427 1323 1645 1392 ullam
1697 1324 1902 1413 spatii
1951 1322 2379 1393 distantiam.
2410 1326 2508 1393 'l’u
2548 1323 2719 1393 meis

172 1413 331 1483 filiis
382 1413 681 1482 maxime
748 1411 1366 1493 desiderabilibus,
1429 1432 1601 1500 quos
1651 1411 1775 1481 tibi
1826 1411 2090 1502 placuit
2136 1433 2377 1481 vocare
2426 1411 2670 1482 fratres
2700 1468 2717 1493 ,

168 1515 308 1572 esto
359 1503 499 1571 mei
547 1501 895 1572 discessus
944 1501 1293 1572 solatium.
1346 1500 1814 1570 Benedictioni
1863 1522 2099 1570 eorum
2162 1500 2381 1589 adjice
2439 1500 2723 1571 benedi-

170 1591 492 1671 ctionem,
543 1612 661 1680 per
682 1610 990 1659 mearum
1027 1612 1363 1660 manuum
1397 1590 1937 1660 extensionem.»
1969 1589 2225 1661 Deinde
2258 1612 2417 1660 cum
2472 1611 2725 1662 manus

170 1678 587 1759 sustulisset,
640 1692 716 1749 ut
761 1692 906 1749 erat
951 1691 1516 1760 consentaneum,
1560 1679 1660 1750 eis
1706 1677 2073 1748 benedixit.
2129 1678 2251 1764 qui
2298 1690 2496 1747 erant
2547 1701 2719 1750 con-

219 1769 458 1860 regati.
499 1773 674 1838 Cum
707 1768 873 1837 baec
913 1779 1139 1837 autem
1194 1767 1485 1849 fecisset,
1530 1781 1596 1837 et
1640 1766 1975 1838 audiisset
2006 1789 2045 1836 a
2078 1766 2244 1836 filio:
2282 1767 2471 1848 Veni,
2513 1767 2723 1838 bene-

171 1790 345 1926 gieta
391 1869 614 1926 mater
664 1878 836 1936 mea,
879 1857 949 1925 in
987 1857 1292 1943 requiem
1328 1878 1592 1926 meam:
1624 1855 1822 1936 Audi,
1855 1878 2061 1950 surge
2098 1855 2487 1947 propinqua
2538 1878 2712 1938 mea,

172 1946 466 2035 pulchra
515 1945 692 2014 inter
729 1944 1076 2015 mulieres.
1130 1950 1297 2015 Ecce
1331 1945 1572 2035 hyems
1622 1945 1992 2035 praeteriit,
2044 1945 2229 2014 venit
2273 1957 2543 2036 tempus
2599 1967 2721 2038 pu-

174 2035 474 2104 tationis.
540 2033 833 2103 Pulchra
878 2056 950 2104 es
1002 2035 1388 2124 propinqua
1468 2055 1658 2115 mea,
1710 2045 1776 2103 et
1825 2032 2097 2103 macula
2169 2055 2302 2103 non
2354 2043 2457 2103 est
2507 2033 2576 2104 in
2630 2046 2716 2105 te.

174 2122 348 2193 Odor
395 2134 914 2213 unguentorum
967 2134 1240 2193 tuorum
1298 2144 1509 2213 supra
1562 2123 1798 2192 omnia
1853 2136 2157 2192 aromata
2208 2125 2347 2207 (Em
2382 2123 2715 2194 Canticor.

175 2234 222 2280 11
257 2223 318 2282 et
358 2211 478 2301 1v):
523 2216 726 2291 Haec,
781 2212 1093 2299 inquam,
1133 2233 1290 2281 cum
1346 2211 1679 2281 audiisset
1727 2224 1998 2295 sancta,
2052 2210 2335 2302 deponit
2394 2210 2721 2304 spiritum

180 2301 243 2368 in
293 2301 624 2371 manibus
664 2300 815 2369 filii.

258 2392 292 2476 ξ
340 2392 488 2461 18.
544 2389 715 2471 Quid
770 2387 1017 2460 deinde
1064 2386 1187 2457 fit?
1233 2387 1788 2470 Elementorum,
1844 2400 1920 2457 ut
1963 2386 2130 2456 mibi
2195 2387 2476 2477 quidem
2532 2388 2723 2458 vide·

180 2490 304 2556 tur,
350 2477 573 2548 factus
600 2490 698 2548 est
733 2490 959 2548 motus
996 2489 1061 2547 et
1086 2476 1418 2558 alteratio,
1458 2498 1792 2567 vocesque
1823 2490 1889 2547 et
1927 2475 2278 2569 strepitus:
2320 2475 2724 2567 Laudesque

177 2566 417 2657 dignas
449 2568 792 2638 canebant
820 2567 1079 2659 Angeli,
1120 2580 1663 2658 praecurrentes,
1709 2565 2148 2643 deducentes,
2186 2579 2718 2655 consequentes:

181 2656 422 2744 partim
470 2656 750 2744 quidem
803 2656 1356 2736 sanctissimam,
1423 2666 1488 2727 et
1537 2655 1713 2726 nulli
1761 2654 2007 2748 culpae
2063 2653 2338 2724 affinem
2407 2656 2717 2725 animam

179 2745 600 2824 comitanteS,
646 2758 712 2813 et
745 2744 953 2814 simul
1004 2744 1486 2825 ascendentes,
1553 2744 1771 2815 donec
1820 2742 2032 2835 regali
2083 2742 2329 2813 throno
2376 2743 2717 2815 stitissent

182 2834 558 2923 Reginam:
606 2834 858 2935 partim
911 2845 1136 2903 autem
1173 2833 1489 2903 divinum
1532 2846 1596 2903 et
1653 2854 1926 2905 sacrum
1976 2854 2230 2923 corpus
2278 2831 2726 2903 circumdan-

181 2932 293 3001 tes,
333 2933 400 2991 et
436 2921 751 3002 canticis,
786 2943 964 3010 quae
995 2921 1266 3013 Angelis
1292 2921 1506 3013 digna
1531 2934 1748 3003 erant,
1792 2921 1907 2992 Dei
1940 2926 2218 2991 Matrem
2269 2919 2719 2993 celebrantes,

182 3010 346 3090 Quid
402 3032 560 3080 vero
610 3011 699 3089 ii,
754 3011 874 3098 qui
923 3010 1208 3082 aderant
1261 3010 1698 3082 sanctissimo
1746 3022 1811 3082 et
1874 3009 2343 3081 sacratissimo
2398 3009 2728 3110 corpori?

184 3100 349 3167 Metu
390 3113 457 3169 et
493 3099 857 3182 desiderio,
911 3113 976 3170 et
1023 3099 1350 3190 lacrymis
1407 3099 1847 3170 exultationis
1892 3095 2407 3171 divinissimum
2451 3113 2517 3170 et
2565 3121 2728 3170 san-

185 3186 560 3257 ctissimum
612 3188 1196 3258 circumsistentes
1233 3188 1783 3271 tabernaculum,
1838 3187 2472 3281 amplectebantur,
2528 3210 2730 3260 oscu-

187 3269 519 3357 labantur,
572 3277 901 3348 omnibus
938 3276 1266 3348 membris
1313 3299 1391 3347 os
1437 3276 1925 3359 admovebant,
1982 3298 2062 3346 ex
2109 3288 2428 3347 contactu
2476 3276 2723 3368 repleti

186 3365 716 3435 sanctificatione
749 3377 814 3434 et
859 3365 1358 3450 benedictione.
1412 3371 1602 3435 Tunc
1635 3378 1863 3437 autem
1920 3365 2141 3436 morbi
2188 3365 2469 3453 quidem
2506 3363 2729 3458 fugie-

187 3447 360 3534 bant,
399 3453 824 3545 fugabantur
855 3454 1096 3524 turbae
1126 3454 1572 3537 daemonum,
1616 3455 1806 3524 omni
1841 3476 1922 3524 ex
1964 3468 2152 3546 parte
2198 3453 2603 3546 compulsae
2636 3450 2724 3524 ad

188 3537 319 3608 sola
367 3542 516 3612 loca
565 3544 1034 3614 subterranea.
1100 3546 1225 3614 Aer
1255 3598 1270 3625 ,
1335 3543 1605 3625 aether,
1658 3556 1725 3614 et
1770 3542 2036 3615 coelum
2088 3564 2379 3613 ascensu
2431 3544 2730 3635 Spiritus

189 3631 758 3713 sanctificabatur,
804 3644 979 3702 terra
1007 3643 1233 3702 autem
1263 3631 1693 3723 depositione
1722 3633 2058 3725 corporis,
2096 3631 2221 3702 Sed
2254 3653 2477 3719 neque
2507 3652 2730 3721 aquae

190 3728 418 3789 natura
467 3732 613 3790 erat
659 3741 901 3811 expers
952 3720 1474 3791 benedictionis.
1515 3725 1810 3791 Lavatur
1839 3720 2024 3792 enim
2060 3723 2242 3808 aqua
2294 3742 2492 3811 pura,
2547 3742 2728 3809 quae

192 3822 313 3894 non
363 3830 511 3878 eam
564 3808 970 3892 mundabat,
1025 3809 1239 3879 immo
1275 3830 1430 3879 vero
1471 3809 1622 3899 ipsa
1672 3809 2258 3881 sanctificabatur.
2312 3808 2436 3880 Hic
2488 3808 2724 3879 surdis

190 3893 451 3987 quidem
492 3898 976 3987 perficiebatur
1011 3897 1333 3978 auditus,
1395 3897 1667 3968 claudis
1720 3910 1947 3969 autem
2001 3898 2264 3989 integer
2311 3896 2727 3967 reddebatur

194 3999 572 4070 lngressus:
617 3986 994 4074 firmaeque
1031 3999 1096 4057 et
1134 3986 1396 4058 solidae
1425 3986 1681 4056 fiebant
1714 3987 1911 4058 bases
1948 3985 2227 4087 pedum,
2266 3985 2489 4055 caecis
2528 3985 2724 4056 resti-

195 4071 493 4232 tuebatulf
540 4076 728 4146 visus
757 4130 774 4158 ,
840 4075 1327 4147 accedentibus
1375 4076 1857 4167 peccatoribus
1904 4074 2523 4166 dlsrumpebantur
2575 4072 2724 4145 chi-

198 4173 266 4223 ro
312 4181 427 4251 rap
484 4186 546 4233 a.
1402 4237 1405 4241 .
2550 4203 2554 4208 ’

270 4180 313 4345 ξ
348 4255 487 4323 u.
528 4251 779 4321 Deinde
807 4250 1031 4339 quid?
1080 4250 1412 4321 Mundum
1442 4251 1511 4321 in
1551 4251 1835 4322 mundis
1879 4251 2251 4321 involvitur
2282 4251 2722 4335 sindonibus,

203 4341 260 4396 et
300 4356 361 4404 ln
410 4339 577 4411 lecto
612 4362 856 4411 rursus
903 4340 1168 4442 Regina
1224 4340 1630 4430 imponitur.
1688 4341 1946 4410 Deinde
2007 4340 2410 4431 lampades,
2481 4355 2546 4412 et
2590 4364 2728 4413 un-

212 4436 459 4510 guenta,
494 4443 558 4499 et
606 4428 872 4520 hymni,
925 4428 1187 4518 qulbus
1232 4451 1386 4499 eam
1427 4428 2048 4518 prosequebantur.
2109 4430 2384 4522 Angelis
2444 4430 2723 4520 quidem
