3308 5004
165 357 349 425 AUG.
407 357 492 422 29
752 316 819 421 nv
866 374 1061 425 πετο
1111 375 1445 423 uncorum
1499 376 1556 423 s.
1608 374 1837 425 somn.
1890 376 2074 423 narr.
2496 358 2623 425 733

167 481 361 531 sacro
408 459 671 529 theatro
702 459 1094 550 explanare,
1124 472 1190 529 et
1235 481 1414 547 quae
1445 460 1530 530 de
1561 459 1672 530 his
1702 459 2099 530 audivimus
2126 471 2193 529 et
2231 460 2709 551 cognovimuS,

163 561 227 619 et
272 570 451 636 quae
483 560 741 618 veteres
790 548 1072 618 tradunt
1116 549 1466 629 historiae,
1533 548 1879 638 explicare
1925 547 2192 631 fusius,
2230 563 2297 620 et
2356 549 2711 620 undenam

167 637 402 707 divina
441 637 610 707 haec
650 637 870 727 gratia
911 637 1242 707 translata
1289 650 1391 708 est
1422 638 1878 718 Antiochiam,
1918 650 1983 707 et
2015 638 2299 707 ubinam
2346 638 2480 708 fuit
2518 660 2719 728 repo-

167 727 373 797 situm
429 728 838 797 translatum
889 726 1374 815 Propheticum
1435 725 1608 796 illud
1664 725 2215 807 tabernaculum,
2260 739 2327 796 et
2387 728 2714 815 quisnam

167 816 370 886 fuerit
399 815 681 917 quidem
697 814 962 917 ‘modus
998 816 1209 902 hujus
1237 815 1731 900 translationiS,
1774 828 1841 885 et
1872 816 2032 904 quis
2066 837 2312 886 rursus
2346 816 2717 886 ablationis

169 917 232 975 et
260 916 775 993 exportationis.

253 998 288 1080 ξ
333 999 411 1064 ⁸2.
467 993 769 1064 Herodes
818 993 940 1079 qui
978 991 1277 1062 infantes
1309 990 1679 1074 occiderat,
1732 1014 1891 1061 curn
1932 991 2302 1062 Judaicum
2336 992 2717 1062 multorum

171 1083 637 1174 principatum
688 1080 1103 1152 traduxisset
1162 1081 1251 1151 ad
1299 1104 1618 1173 regnum,
1676 1080 1957 1172 parebat
2052 1080 2285 1150 uidem
2350 1083 2705 1152 Romanis.

168 1176 333 1240 Cum
388 1171 626 1241 multis
673 1184 902 1241 autem
957 1170 1181 1241 modis
1227 1181 1609 1258 quaereret,
1664 1184 1740 1240 ut
1779 1170 1879 1242 eis
1938 1170 2003 1238 vi
2057 1182 2287 1239 eretur
2348 1170 2721 1241 benevolus
2823 1175 2831 1182 ’

166 1272 230 1329 et
291 1259 541 1342 fidelis,
598 1260 822 1329 effecit
866 1259 1177 1347 quidem,
1231 1272 1306 1330 ut
1356 1259 1648 1329 Romani
1710 1280 1868 1329 eum
1918 1259 2074 1328 beni
2133 1258 2241 1328 nis
2287 1258 2722 1350 adspicerent

167 1349 412 1429 oculis,
451 1362 518 1419 et
565 1371 690 1418 nec
737 1348 902 1429 fore,
955 1361 1033 1418 ut
1062 1348 1150 1419 ab
1197 1349 1298 1418 eis
1344 1348 1687 1427 deficeret,
1742 1346 1958 1417 ullam
2011 1347 2095 1416 ha
2151 1361 2343 1417 erent
2380 1348 2719 1439 suspicio-

169 1460 353 1507 nem.
408 1443 500 1519 Is,
555 1452 634 1508 ut
665 1437 919 1507 clarior
954 1449 1132 1508 esset
1180 1436 1409 1507 suain
1459 1459 1576 1507 eos
1610 1435 2108 1518 benevolentia,
2160 1436 2340 1506 inter
2386 1437 2522 1506 alia
2555 1459 2720 1506 con—

169 1526 344 1596 didit
390 1526 594 1596 etiam
635 1527 1005 1607 civitatem,
1059 1527 1260 1596 sitam
1295 1548 1430 1597 non
1483 1525 1729 1627 procul
1764 1526 1852 1595 ab
1887 1524 2156 1595 Jerosol
2215 1525 2370 1607 mia,
2432 1527 2550 1595 sed
2613 1526 2722 1595 di—
2770 1535 2778 1549 '

169 1629 458 1685 stantem
513 1628 778 1685 tantum
821 1615 1066 1685 itinere
1098 1616 1310 1685 unius
1363 1616 1524 1697 ἀίει,
1577 1636 1727 1682 eam
1780 1636 2034 1684 vocans
2085 1618 2166 1684 Se
2218 1628 2435 1693 asten,
2484 1615 2720 1684 Latine

168 1707 572 1795 Augustam,
627 1716 702 1774 ut
751 1704 1040 1793 Augusti
1075 1704 1382 1774 Caesaris
1421 1703 1887 1794 appellatione
1935 1702 2359 1793 significaret
2392 1726 2591 1772 suam
2645 1703 2718 1771 in

167 1816 327 1863 eum
357 1793 901 1863 benevolentiam
946 1805 1013 1862 et
1045 1794 1464 1862 servitutem.
1519 1798 1597 1862 In
1647 1814 1750 1874 ea,
1803 1792 1925 1879 qui
1976 1805 2128 1882 post
2166 1790 2365 1860 illum
2422 1792 2725 1862 obtinuit

167 1882 667 1984 principatum,
724 1882 1062 1952 tetrarcha
1100 1881 1402 1951 Herodes
1461 1881 1608 1951 fixit
1668 1881 1970 1971 regiam,
2031 1880 2103 1949 in
2153 1902 2289 1968 qua
2329 1880 2534 1949 etiam
2593 1880 2725 1950 fuit

169 1971 344 2041 1llud
379 1972 798 2051 convivium,
837 1992 975 2057 quo
1025 1971 1360 2061 Propheta
1400 1968 1530 2040 fuit
1558 1971 1857 2052 occisus,
1910 1982 1975 2039 et
1997 1969 2193 2057 juxta
2242 1990 2450 2057 quam
2502 1968 2723 2039 fuerat

172 2061 241 2128 in
282 2060 577 2130 vinculis
617 2061 728 2129 hic
783 2081 975 2130 sacer
1034 2060 1370 2149 Propheta
1412 2060 1480 2128 in
1515 2060 1819 2147 quodam
1875 2059 2232 2128 tenebroso
2283 2079 2557 2127 reorum
2598 2056 2719 2129 do-

171 2148 488 2219 micilio..
551 2150 761 2238 Cujus
808 2169 888 2217 ex
959 2159 1347 2219 transverso
1421 2147 1727 2218 referunt
1791 2147 2140 2237 sepultum
2192 2146 2406 2216 fuisse
2469 2167 2723 2237 corpus

169 2237 529 2328 praeconis
563 2238 886 2306 veritatis.
926 2242 1073 2319 Quo
1110 2236 1316 2306 etiarn
1369 2237 1438 2306 in
1477 2235 1625 2307 loco
1658 2236 1902 2306 dicunt
1930 2237 2124 2322 prius
2172 2234 2387 2304 fuisse
2419 2235 2720 2305 alterum

171 2327 569 2416 sepulcrum
605 2326 981 2416 Prophetae
1028 2324 1254 2405 Elisei‚
1311 2326 1482 2395 adeo
1533 2338 1610 2395 ut
1658 2326 1796 2393 duo
1832 2323 2040 2411 loculi
2084 2322 2479 2392 viderentur
2509 2322 2722 2393 simul

161 2415 472 2504 jacentes
520 2415 588 2483 in
637 2437 778 2485 uno
825 2426 891 2483 et
937 2414 1177 2484 eodem
1229 2413 1400 2483 locO.
1465 2414 1568 2483 Ibi
1624 2434 1900 2501 quoque
1951 2410 2286 2500 templum
2340 2412 2722 2481 maximum

167 2506 332 2575 olim
392 2515 776 2574 extructum
828 2502 1091 2584 suerat,
1144 2502 1328 2592 quod
1406 2516 1687 2593 propter
1746 2523 1825 2570 ea
1870 2523 2049 2590 quae
2108 2500 2178 2568 in
2234 2501 2386 2591 ipso
2460 2500 2722 2571 fiebant

165 2594 507 2664 miracula
555 2606 620 2663 et
694 2591 1287 2683 pulchritudinem
1323 2645 1344 2672 ,
1409 2591 1631 2662 fuerat
1704 2591 1931 2659 incom
1989 2589 2275 2659 arabile.
2346 2595 2512 2659 Cum
2566 2592 2721 2680 ejus

168 2697 399 2753 autem
436 2694 689 2752 tectum
741 2694 1049 2770 tempore
1095 2681 1518 2759 defluxisset,
1557 2681 1691 2750 sub
1724 2679 1840 2748 dio
1873 2700 1944 2748 re
1979 2680 2111 2748 icta
2150 2690 2313 2748 sunt
2345 2678 2498 2765 ejus
2531 2678 2719 2748 aedi-

168 2772 351 2852 ficia,
405 2770 577 2841 adeo
622 2784 701 2840 ut
733 2792 875 2840 una
909 2769 1071 2840 'sola
1118 2769 1356 2840 illaesa
1406 2769 1814 2839 remanserit
1860 2767 2326 2848 domuncula,
2380 2788 2558 2854 quae
2609 2789 2725 2837 vo-

168 2860 458 2929 cabatur
505 2865 870 2929 Sacrorum
921 2881 1240 2929 vasorum
1293 2857 1647 2927 custodia:
1685 2858 1754 2926 in
1796 2878 1936 2943 qua
1968 2857 2176 2925 etiam
2214 2854 2469 2926 inclusi
2504 2854 2718 2925 loculi

172 2948 665 3038 prophetarum
714 2950 1302 3018 conservabantur
1350 2946 1611 3033 absque
1659 2944 1804 3016 ullo
1851 2944 2290 3014 detrimento.

260 3039 296 3122 §
344 3039 425 3107 S.
481 3041 647 3106 Cum
683 3051 912 3106 autem
946 3041 1161 3105 Lucas
1195 3035 1625 3124 Evangelista
1653 3035 2204 3122 circumquaque
2233 3054 2477 3103 omnes
2506 3033 2726 3103 obiret

166 3125 510 3214 regiones,
561 3125 684 3196 ubi
723 3126 930 3194 etiam
981 3123 1303 3193 obeundo
1351 3125 1533 3193 venit
1587 3125 1952 3205 Sebasten,
2037 3122 2433 3192 Antiochiae
2501 3135 2725 3193 tactus

171 3213 538 3294 desiderio,
591 3227 668 3283 ut
715 3215 837 3302 qui
879 3213 946 3282 in
989 3234 1068 3281 ea
1102 3225 1280 3283 esset
1312 3225 1540 3294 natus»,
1582 3233 1833 3303 magno
1865 3210 2144 3298 quidem
2189 3212 2548 3280 tenebatur
2579 3222 2725 3281 stu-

168 3302 285 3371 dio
335 3323 607 3371 sacrum
668 3301 839 3371 illud
892 3302 1369 3371 Praecursoris
1438 3323 1694 3391 corpus
1759 3300 2045 3370 tollendi
2106 3301 2252 3369 inte
2307 3321 2486 3369 rum.
2555 3303 2723 3369 Cum

167 3404 399 3460 autem
454 3411 588 3460 non
626 3401 877 3481 posset,
931 3390 1258 3478 quoniam
1309 3389 1680 3481 diligenter
1728 3391 2172 3469 servabatur,
2226 3411 2264 3457 a
2321 3388 2454 3457 lata
2503 3408 2720 3457 manu

166 3480 471 3562 dextera,
534 3501 688 3548 eam
755 3479 1047 3569 portavit
1092 3479 1162 3548 in
1216 3501 1417 3549 suam
1466 3479 1839 3560 civitatem,
1892 3478 2044 3548 loco
2090 3476 2389 3568 alicujus
2438 3476 2726 3546 alterius

169 3568 533 3651 beneficii,
598 3580 665 3637 et
731 3567 1025 3637 aliarum
1079 3567 1477 3637 divitiarum
1544 3568 1632 3648 ei,
1686 3589 1865 3654 quae
1911 3567 2144 3658 ipsum
2194 3565 2482 3648 aluerat,
2537 3567 2722 3635 hanc

169 3656 468 3728 reddens
542 3656 925 3726 mercedem
990 3656 1445 3727 educationis.
1503 3657 1600 3727 Ab
1642 3655 1761 3725 illo
1808 3677 1972 3747 ergo
2034 3667 2165 3726 tem
2224 3676 2341 3725 ore
2404 3655 2532 3724 sita
2581 3665 2727 3724 erat

169 3768 427 3816 manus
476 3745 596 3814 illa
643 3744 827 3836 apud
879 3746 1357 3824 Antiochenos,
1394 3745 1462 3813 in
1507 3767 1763 3846 magno
1793 3744 2055 3814 honore
2098 3744 2184 3813 ha
2237 3745 2352 3825 ita,
2387 3755 2454 3814 et
2493 3742 2711 3834 jugia,

177 3857 359 3923 quae
409 3835 477 3904 in
527 3857 606 3903 ea
640 3833 924 3916 habitat,
979 3836 1238 3925 gratiae
1267 3834 1475 3903 fidem
1514 3833 1778 3907 faciens
1829 3833 2209 3904 miraculis.

264 3927 300 4011 ξ
347 3927 444 3993 9.
514 3927 680 3992 Cum
732 3940 963 3993 autem
1009 3923 1330 3993 Julianus
1388 3923 1748 4013 tyrannice
1811 3923 2084 3992 clavum
2141 3921 2550 4012 arripuisset
2587 3924 2728 3988 Im·—

175 4012 374 4167 gerii,
412 4012 739 4101 quoniam
789 4034 907 4082 eos
944 4012 1065 4099 qui
1115 4014 1345 4102 ipsum
1448 4023 1935 4092 raecesserant,
1993 4022 2464 4101 persecutores
2511 4021 2578 4079 et
2610 4008 2728 4079 Dei

227 4112 404 4171 ostes
438 4100 893 4171 contendebat
930 4122 1256 4192 superare
1289 4121 1401 4171 sce
1432 4100 1692 4173 eribus,
1740 4113 2102 4180 eteorum,
2140 4099 2261 4187 qui
2311 4120 2433 4191 pro
2464 4098 2727 4168 Christo

176 4188 631 4271 ‹lecertarant,
668 4212 1009 4278 quaecum
1065 4212 1152 4260 ue
1203 4203 1400 4260 erant
1450 4189 1804 4278 reliquiae,
1842 4200 1964 4260 aut
2010 4189 2357 4279 integrum
2407 4187 2728 4258 taberna-

175 4276 443 4363 culum,
508 4291 628 4349 aut
674 4278 938 4367 aliquid
989 4302 1026 4349 a
1059 4278 1179 4348 iud
1235 4301 1316 4349 ex
1383 4279 1470 4350 iis
1516 4301 1696 4366 quae
1742 4290 1906 4348 sunt
1954 4298 2171 4367 purae
2225 4288 2504 4347 nostrae
2565 4274 2727 4345 fidei

175 4365 403 4456 signa,
449 4390 530 4438 ea
574 4368 811 4438 omnia
844 4368 988 4460 igni
1025 4366 1399 4438 mandabat
1445 4379 1510 4437 et
1539 4367 1797 4437 cineri:
1838 4388 2091 4457 magno
2131 4364 2460 4457 deinceps
2497 4364 2727 4435 studio

173 4455 364 4527 venit
408 4456 860 4540 Antiochiam,
916 4457 1124 4528 simul
1173 4456 1455 4546 quidem
1505 4455 1893 4526 ’immunda
1942 4467 2349 4547 peracturus
2406 4454 2729 4545 mysteria
