3308 5004
202 348 332 420 tua.
375 350 407 416 l
1138 369 1218 417 nn
1267 369 1325 417 s.
1377 366 1682 418 nommco
2459 353 2587 420 ⁴43

197 463 438 522 accurate
482 450 702 521 voluit
749 451 1109 523 custodiri.
1165 450 1522 522 Interdum
1573 452 1874 540 quidem.
1907 452 2064 523 aliis
2113 453 2433 525 nonnihil
2467 455 2673 530 ratio-

194 539 441 610 nabiliter
488 539 804 622 indulsit,
862 554 928 610 et
978 541 1275 613 Canonis
1323 540 1617 632 gratiam
1668 540 1874 611 fecit:
1930 542 2204 633 sibiipsi
2253 565 2409 614 vero
2457 566 2673 635 supra

186 627 506 699 humanum
561 629 843 700 modum
886 651 1094 721 asper
1138 643 1204 700 et
1253 628 1545 721 rigidus,
1592 629 1867 700 nullum
1919 631 2198 731 penitus
2244 630 2460 704 voluit
2505 633 2674 706 dare

180 715 610 788 laxamentum.
666 718 830 788 Aliis
863 718 1003 788 duo
1089 718 1400 788 nimenta
1456 717 1863 801 edentibus,
1918 741 1936 788 ι
1992 740 2066 789 se
2112 742 2251 790 uno
2307 732 2671 794 contentus

174 803 291 886 fuit,
337 829 480 876 rara
526 805 712 876 enim
762 817 827 877 et
873 741 1219 878 excellens
1250 819 1397 878 erat
1430 807 1499 877 in
1540 828 1620 877 eo
1656 807 1873 878 virtus
1903 830 1942 877 a
1995 807 2384 880 stinentiae.
2420 815 2490 883 F.
2531 817 2668 884 Ru·

173 892 417 985 dolphus
452 910 857 986 procurator
894 896 1312 984 quandoque
1341 896 1546 967 etiam
1587 894 1778 966 aliud
1816 893 2181 978 ferculum,
2223 898 2406 987 quod
2442 900 2669 991 pitan-

172 983 297 1055 tiam
339 983 536 1077 vulgo
571 984 948 1075 appellant,
987 984 1318 1057 fratribus
1353 985 1762 1077 apparabat.
1799 984 1875 1055 Id
1912 986 2215 1057 sentiens
2253 988 2357 1055 vir
2395 988 2661 1073 beatuS,

171 1071 304 1142 clam
346 1073 423 1143 ad
457 1095 533 1143 se
579 1076 795 1145 accito
843 1074 1051 1143 dixit:
1089 1079 1222 1145 Cur
1253 1074 1356 1144 vis
1387 1095 1674 1145 enecare
1708 1073 1976 1156 fratreS‚
2022 1074 2234 1145 altero
2269 1075 2395 1145 hoc
2432 1076 2665 1148 edulio

169 1162 577 1251 apponendo?
627 1163 902 1235 Dicebat
949 1163 1125 1240 hoc,
1186 1163 1371 1252 quod
1433 1163 1579 1255 ipse
1627 1164 1877 1255 exigua
1917 1163 2249 1236 alimonia
2296 1176 2664 1237 contentus

169 1263 321 1320 esset.
371 1255 535 1321 Cum
586 1250 768 1321 idem
831 1252 1244 1353 Rudolphus
1298 1251 1362 1322 ei
1421 1273 1739 1322 annonae
1788 1252 2092 1343 inopiam
2138 1252 2521 1335 indicaret,
2575 1253 2664 1324 ad

166 1337 467 1409 ecclesiam
502 1361 660 1408 eum
703 1341 915 1431 Jussit
962 1341 1176 1422 abire,
1229 1351 1294 1410 et
1341 1339 1701 1430 deprecari
1749 1344 1988 1410 Deum.
2044 1339 2171 1414 Illo
2219 1353 2468 1424 eunte,
2525 1363 2664 1412 non

165 1447 279 1496 raro
320 1428 730 1516 sequebatur
779 1429 878 1498 vir
934 1430 1097 1510 Dei,
1165 1429 1601 1517 obtinuitque
1644 1429 1966 1519 precibus
2029 1430 2222 1511 suis,
2276 1443 2353 1500 ut
2392 1452 2666 1520 semper

162 1512 435 1587 fratribus
490 1530 929 1608 suppeteret,
984 1518 1169 1588 unde
1216 1518 1580 1588 commode
1638 1528 2212 1589 sustentarentur.
2268 1524 2665 1609 Apponente

159 1604 472 1696 liudolpho
521 1604 851 1676 fratribus
898 1608 1226 1697 exiguum
1282 1607 1482 1696 panis
1512 1606 1699 1694 quod
1736 1618 2094 1696 supererat
2123 1606 2257 1697 (sic
2295 1608 2479 1678 enim
2503 1608 2662 1698 jus-

156 1707 294 1762 serat
337 1695 436 1765 vir
489 1695 697 1780 Dei):
750 1696 900 1786 ejus
952 1696 1213 1766 meritis
1261 1696 1355 1765 ita
1403 1696 1830 1788 augebatur,
1859 1707 1960 1766 fut
2006 1695 2334 1766 omnibus
2382 1697 2662 1768 abunde

153 1781 470 1853 sufficeret.
516 1784 826 1867 Quodam
868 1784 1121 1875 jeJunii
1187 1784 1299 1854 die
1362 1807 1521 1855 cum
1589 1785 1661 1854 in
1716 1783 2068 1854 refectorio
2117 1784 2361 1854 fratres
2408 1808 2659 1876 panem

153 1888 255 1938 non
281 1870 629 1954 haberent,
667 1873 769 1942 vir
800 1889 1083 1945 sanctus
1114 1874 1314 1965 signo
1344 1874 1502 1944 dato
1535 1873 1766 1943 innuit
1798 1873 2254 1954 Procuratori‚
2295 1886 2372 1942 ut
2407 1897 2658 1975 panem

147 1957 218 2027 eis
243 1973 632 2051 apponeret.
669 1962 796 2032 Illo
836 1963 1130 2044 dicente,
1220 1985 1419 2032 anem
1453 1984 1588 2032 non
1626 1962 1892 2042 adesse,
1936 1962 2040 2032 vir
2071 1963 2184 2032 Dei
2215 1962 2427 2033 alacri
2460 1963 2659 2034 vultu

147 2049 315 2118 erexit
353 2072 604 2120 manus
637 2074 802 2121 suas
838 2107 853 2132 ,
906 2063 972 2122 et
1026 2052 1141 2122 lau
1194 2052 1332 2120 avit
1381 2051 1778 2123 Dominum.
1834 2051 2201 2121 Confestim
2244 2052 2314 2122 in
2373 2051 2660 2123 refecto-

144 2134 285 2233 rium
332 2138 906 2230 ingrediebantur
952 2139 1114 2221 duo,
1161 2140 1438 2210 totidem
1491 2141 1796 2210 canistra
1845 2139 2160 2218 ferentes,
2206 2139 2499 2211 alterum
2536 2163 2659 2233 pa-

147 2223 338 2380 ηιίζηιε,
389 2228 687 2299 alterum
738 2229 942 2300 siccis
989 2228 1144 2300 ficis
1196 2228 1524 2320 plenum,
1570 2229 1830 2317 quibus
1870 2229 2112 2301 fratres
2167 2230 2447 2301 abunde
2496 2242 2659 2301 sunt

141 2332 192 2379 re
215 2327 355 2385 ectr.

202 2403 232 2489 ἓ
279 2409 434 2477 2²1.
491 2404 820 2494 Ejusdem
853 2405 1167 2475 coenobii
1207 2409 1619 2475 Procurator
1649 2404 1892 2475 dolens
1937 2404 2381 2493 quandoque,
2419 2406 2657 2479 retulit

139 2487 201 2557 ad
241 2492 459 2565 virum
514 2496 654 2574 Dei,
712 2517 847 2564 non
900 2495 1037 2565 nisi
1084 2494 1261 2566 duos
1300 2517 1511 2585 panes
1562 2495 1802 2567 haberi
1860 2495 1929 2564 in
1973 2496 2435 2578 monasteriO,
2489 2519 2654 2566 cum

139 2599 221 2675 ma
270 2606 348 2652 na
395 2597 577 2656 esset
607 2584 899 2655 fratrum
951 2583 1346 2654 multitudo.
1403 2584 1524 2653 Ille
1570 2607 1783 2674 panes
1807 2585 2006 2670 jubet
2047 2584 2116 2653 in
2155 2585 2459 2655 minutas
2494 2608 2656 2675 par-

137 2677 240 2737 neu
267 2694 340 2742 as
371 2673 628 2753 scindi,
674 2695 926 2761 easque
966 2672 1358 2744 benedicit:
1413 2685 1478 2742 et
1512 2672 1598 2742 de
1646 2675 1761 2742 Dei
1805 2673 2226 2764 benignitate
2258 2674 2644 2756 confidens,

139 2754 267 2828 dicit
312 2763 657 2843 ministr0‚
701 2775 777 2832 ut
826 2762 1125 2852 singulis
1170 2760 1503 2831 fratribus
1543 2761 1723 2831 duas
1772 2760 1872 2830 vel
1917 2775 2051 2832 tres
2101 2763 2478 2853 particulas
2527 2786 2655 2854 ap-

136 2860 323 2930 ponat.
359 2851 552 2920 Facit
584 2850 715 2920 hoc
764 2851 880 2921 ille
909 2851 1115 2920 etiam
1160 2850 1467 2920 secundo
1498 2862 1562 2920 et
1596 2851 1818 2931 terti0,
1858 2861 1922 2920 et
1958 2873 2172 2940 panes
2205 2873 2292 2921 au
2357 2866 2644 2923 escunt:

137 2944 294 3027 {itque
318 2939 636 3010 abundat
669 2940 851 3030 pluS‚
881 2938 1212 3009 fratribus
1225 2939 1370 3030 jam
1398 2939 1748 3021 saturatis,
1771 2961 1979 3026 quam
2006 2939 2229 3010 fuerat
2254 2962 2290 3009 a
2376 2962 2652 3013 mensas

135 3018 383 3098 illatum.
426 3028 756 3098 Solebant
793 3029 1038 3098 fratres
1085 3029 1240 3116 ejus
1274 3029 1587 3099 coenobii
1633 3042 1910 3119 propter
1947 3039 2418 3120 paupertatem
2451 3031 2649 3101 initio

138 3129 339 3196 aquam
369 3117 786 3207 plerumque
817 3118 1092 3189 bibere:
1130 3117 1245 3187 sed
1280 3117 1580 3187 infirmis
1606 3118 2100 3204 undecumque
2123 3118 2387 3199 vinum,
2418 3119 2650 3206 quoad

136 3195 242 3270 lieri
288 3208 550 3294 potuit,
602 3207 1165 3294 conquirebatur.
1220 3211 1310 3275 Eo
1361 3206 1781 3293 quandoque
1838 3205 2195 3286 exhausto,
2241 3206 2470 3288 frater,
2523 3208 2649 3295 qui

136 3306 453 3387 aegrorum
507 3295 788 3386 gerebat
834 3318 1071 3365 curam
1108 3350 1124 3377 ,
1178 3317 1338 3364 cum
1395 3294 1613 3364 multa
1662 3294 2261 3366 commiseratione
2307 3295 2375 3364 id
2415 3300 2483 3365 B.
2522 3301 2650 3366 Do-

139 3381 343 3452 minino
389 3383 779 3454 nunciavit.
833 3390 900 3453 Is
945 3406 1072 3455 suo
1117 3405 1306 3453 more
1360 3383 1518 3453 ilico
1564 3383 1649 3452 ad
1692 3384 2116 3474 precandum
2162 3383 2529 3454 Dominum
2568 3407 2642 3455 se

136 3471 392 3565 eontulit,
454 3473 741 3542 hortans
788 3485 1112 3554 caeterOS,
1173 3486 1250 3542 ut
1286 3482 1350 3541 et
1397 3473 1533 3563 ipsi
1583 3472 1682 3542 sic
1739 3472 2017 3542 faciant.
2073 3479 2280 3544 Porro
2327 3474 2644 3544 coenobii

140 3552 279 3649 Prior
313 3562 488 3631 dixit
529 3573 967 3652 aegrotorum
1001 3562 1304 3631 curatori
1344 3615 1358 3635 ,
1411 3573 1487 3631 ut
1539 3561 1929 3632 sublevaret
1984 3585 2127 3644 vaS,
2187 3575 2252 3633 et
2298 3574 2642 3649 quantum

144 3635 339 3737 ltceret,
377 3672 414 3720 e
443 3650 607 3720 vino
633 3650 935 3720 infirmis
963 3651 1404 3720 ministraret.
1441 3656 1533 3720 Eo
1554 3652 1756 3738 jussa
1783 3664 2208 3741 capessente,
2243 3674 2361 3723 vas
2393 3651 2645 3742 reperit

146 3745 250 3803 'mo
284 3738 600 3826 plenum,
640 3739 824 3809 haud
864 3739 1076 3809 dubio
1109 3739 1444 3809 divinitus
1477 3739 1582 3810 illi
1632 3739 1886 3811 infuso.

196 3822 417 3909 5²2.
475 3828 680 3899 Nulla
727 3830 923 3900 beato
975 3829 1117 3899 viro
1166 3828 1534 3898 solicitudo
1586 3829 1688 3900 vel
1746 3851 1917 3899 cura
1976 3827 2106 3898 fuit
2165 3828 2449 3898 vestitus
2497 3827 2632 3897 sui.

150 3903 501 3988 Indumenta
549 3919 701 4007 ejus
739 3929 935 3988 erant
991 3940 1155 3989 sane
1196 3917 1357 3987 vilia
1388 3972 1403 3999 ,
1447 3931 1653 4005 atque
1712 3918 1871 3986 inde
1922 3917 1987 3985 in
2037 3917 2322 3987 Domino
2375 3915 2640 4007 gloria-

154 3987 303 4085 batur,
348 4028 479 4077 nec
521 4007 800 4078 erubuit
838 4007 1040 4075 etiam
1076 4005 1260 4096 apud
1309 4028 1598 4097 magnos
1630 4006 1810 4076 viros
1838 4006 1956 4074 vili
1991 4005 2234 4078 habitu
2265 4026 2630 4094 apparere.

156 4081 257 4158 Ram
288 4095 482 4165 brevi
515 4094 816 4183 quodam
853 4107 916 4164 et
954 4095 1217 4184 abjecto
1249 4093 1626 4182 aliquando
1660 4094 2034 4184 scapulari,
2072 4107 2150 4165 ut
2200 4105 2465 4175 vocant,
2520 4094 2633 4163 in-

159 4164 310 4263 dutus,
361 4184 595 4255 noluit
632 4183 909 4255 cucullo
950 4205 1022 4252 se
1056 4196 1278 4273 tegere
1318 4185 1505 4275 apud
1549 4185 1732 4254 viros
1772 4182 2107 4270 quosdam
2159 4182 2550 4274 primarios.
2591 4188 2641 4253 A

162 4272 457 4361 superfluis
528 4274 813 4343 omnino
861 4272 1260 4353 abstinens,
1315 4273 1563 4363 hyeme
1623 4285 1689 4344 et
1735 4282 1990 4341 aestate
2044 4271 2263 4342 solam
2327 4273 2637 4343 tunicam

161 4345 240 4419 Slbt
258 4361 567 4432 sufficere
599 4361 831 4432 voluit.
872 4368 1243 4449 Nunquam
1283 4384 1504 4449 neque
1537 4361 1750 4443 domi,
1793 4383 2012 4449 neque
2049 4359 2218 4431 foris
2253 4361 2425 4432 lecto
2456 4384 2634 4434 usus

160 4449 237 4519 0⁵1,
256 4448 373 4520 sive
403 4473 646 4533 sanuS,
694 4451 836 4522 sive
863 4464 1185 4543 aegrotus
1215 4462 1413 4523 esset.
1452 4451 1664 4523 Humi
1696 4451 2018 4533 cubabat,
2057 4450 2162 4521 vel
2203 4450 2272 4521 in
2315 4473 2625 4533 scamno,
