3308 5004
195 306 371 373 AUG.
431 307 500 371 Μ
847 324 926 372 ns
975 325 1031 372 s.
1085 323 1440 372 cxucsmco
1490 322 1801 372 emme.
1854 322 2049 377 muse.
2515 308 2643 374 265

197 408 461 479 Martini
510 407 907 499 sepulcrum
948 408 1295 500 pervenit:
1341 408 1575 497 ibique
1606 429 1647 477 a
1679 406 2009 479 fratribus
2044 430 2155 478 ma
2211 429 2297 478 no
2330 408 2587 499 gaudio
2616 432 2732 481 ac-

196 511 451 589 ceptuS‚
555 509 780 568 eracto
827 519 1067 589 opere,
1120 498 1324 589 cujus
1371 500 1582 569 causa
1628 518 1710 566 eo
1758 508 2072 580 venerat,
2125 519 2163 566 a
2265 519 2463 567 suam
2512 499 2733 570 eccle-

197 587 357 660 siam
412 607 484 656 re
537 586 636 657 ire
684 587 877 658 ocius
925 587 1163 657 voluit.
1215 592 1295 656 At
1341 597 1567 657 tamen
1624 585 1849 655 visum
1924 597 2027 656 est
2087 584 2189 655 illi
2309 587 2734 658 ossessiones

197 675 510 747 ecclesiae
557 697 745 758 suae,
797 698 973 764 quas
1019 698 1100 747 ea
1147 677 1216 745 in
1247 674 1786 766 Petragoricensi
1818 674 2222 744 *territorio
2307 674 2579 758 abebat,
2621 677 2732 746 in—

204 765 425 834 visere.
482 769 558 834 In
610 764 731 836 illo
778 778 1008 835 autem
1058 764 1303 835 itinere
1351 764 1435 834 ad
1488 775 2016 834 monumentum
2083 763 2262 833 beati
2316 766 2725 848 FrontoniS,

205 852 683 944 deprecaturus
733 853 1128 936 Dominum,
1181 853 1492 924 accessit.
1530 852 1811 922 Interim
1849 851 2254 942 scipionem,
2290 874 2427 941 quo
2457 866 2732 924 susten-

206 942 482 1026 tabatur,
537 955 715 1013 retro
811 943 1065 1014 orrexit
1114 942 1448 1013 ministris
1498 940 1900 1013 tenendum.
1956 940 2082 1010 Sed
2133 939 2275 1011 illis
2323 941 2408 1010 ad
2449 940 2587 1011 alia
2622 943 2731 1012 in-

202 1031 434 1113 tentis,
489 1051 692 1102 nemo
769 1033 871 1102 uit
917 1032 1037 1119 qui
1085 1031 1180 1101 sci
1239 1031 1460 1101 ionem
1525 1028 1944 1100 servandum
2011 1029 2413 1119 susciperet.
2481 1030 2732 1102 Nolens

198 1133 410 1190 autem
466 1120 624 1210 pius
673 1120 1006 1191 Dominus
1053 1054 1278 1190 fideiis
1328 1118 1501 1192 servi
1543 1119 1653 1189 sui
1689 1139 1924 1209 preces
1958 1117 2062 1188 vel
2105 1117 2382 1188 illorum
2427 1118 2722 1202 incuri3‚

195 1209 285 1279 vel
332 1209 668 1298 scipionis
715 1209 1025 1280 cadentis
1073 1208 1388 1300 strepitu,
1441 1207 1643 1277 etiam
1698 1207 1783 1277 ad
1834 1209 2033 1277 breve
2066 1207 2393 1297 temporis
2424 1209 2727 1297 spatium

196 1297 535 1389 impediri,
591 1298 805 1368 immo
855 1320 1036 1379 ver0,
1090 1297 1293 1398 cujus
1333 1297 1450 1367 ille
1487 1310 1664 1368 essct
1698 1295 1949 1376 meriti,
1986 1295 2390 1366 hominibus
2420 1295 2731 1367 indicare

191 1385 441 1467 volem,
497 1386 853 1478 angeliciS,
906 1401 984 1458 ut
1031 1386 1348 1474 equidem
1401 1385 1643 1468 sentio,
1700 1385 2026 1455 manibus
2075 1384 2452 1474 scipionem
2490 1384 2719 1468 illum,

192 1475 471 1565 perinde
516 1476 657 1544 acsi
708 1475 1041 1545 radicitus
1091 1488 1311 1545 terrae
1358 1474 1616 1546 infixus
1663 1485 1864 1554 esset,
1917 1474 2283 1542 immotum
2324 1473 2538 1563 jussit
2571 1475 2730 1544 reti-

190 1564 345 1633 neri.
404 1563 752 1635 Absolutis
800 1564 1146 1655 precibus,
1199 1565 1304 1632 vir
1352 1569 1417 1634 S.
1469 1584 1838 1654 exurgens,
1893 1561 2065 1632 vidit
2111 1561 2492 1652 scipionem
2535 1575 2727 1633 stan-

190 1664 311 1721 tem
362 1664 697 1740 tanquam
751 1675 890 1722 rem
946 1652 1195 1723 mentis
1244 1664 1654 1743 compotem,
1709 1664 1775 1721 et
1821 1650 1906 1720 ad
1943 1650 2004 1720 ei
2050 1651 2462 1742 praestanda
2500 1650 2729 1722 officia

189 1754 524 1840 paratam.
574 1741 841 1812 Gratias
887 1763 1052 1832 ergo
1101 1763 1313 1833 agens
1361 1747 1536 1823 De0‚
1589 1740 1707 1842 qui
1760 1762 2033 1830 semper
2083 1753 2149 1810 et
2213 1739 2471 1829 ubique
2535 1741 2729 1813 adest

187 1830 310 1919 ipsi
358 1829 889 1912 famulantibuS,
944 1830 1027 1900 ad
1065 1831 1354 1921 patriam
1390 1829 1768 1900 honorlfice
1799 1841 1864 1899 et
1898 1850 2219 1930 prospere
2255 1850 2565 1901 reversus
2597 1842 2722 1902 est.

265 1921 299 2005 ξ
346 1922 448 1989 9.
504 1924 804 1989 Morante
850 1919 998 1989 viro
1030 1920 1145 1989 Dei
1193 1918 1379 2009 apud
1429 1918 1669 1989 fanum
1723 1924 1954 1987 Martis
1983 1917 2051 1951 *³*
2088 1918 2156 1987 in
2197 1918 2531 1990 dioecesis
2563 1941 2729 1990 suae

188 2007 545 2089 territoriO,
604 2030 725 2098 pro
772 2008 1151 2079 sanctionis
1190 2007 1707 2078 Ecclesiasticae
1746 2006 2012 2077 solicita
2051 2008 2474 2088 executione,
2518 2029 2728 2099 nego-

190 2094 378 2166 tiator
429 2096 714 2185 quidam
768 2119 1019 2187 pueros
1067 2096 1418 2187 captivoS,
1471 2096 1771 2166 vinculis
1837 2096 2246 2167 constrictos
2281 2151 2297 2178 ,
2372 2118 2495 2187 per
2563 2118 2724 2167 eum
2825 2148 2833 2159 .

190 2182 406 2255 locum
464 2185 990 2256 venumdandos
1036 2186 1254 2256 duxit.
1308 2185 1384 2255 Id
1435 2187 1553 2257 ubi
1603 2185 1942 2276 comperit
1987 2197 2272 2255 sanctus
2313 2186 2719 2276 EpiscopuS,

188 2272 371 2345 valde
420 2295 581 2345 eum
635 2275 920 2366 rogavit,
972 2287 1048 2345 ut
1094 2297 1220 2377 pro
1266 2274 1638 2345 obtinenda
1681 2285 2117 2364 peccatorum
2162 2296 2443 2344 suorum
2487 2275 2730 2345 remis-

190 2361 371 2432 sione
425 2363 690 2434 vinctos
740 2363 894 2438 illos
941 2362 1353 2446 dimitteret,
1408 2375 1611 2451 atque
1660 2363 1730 2432 in
1782 2383 2109 2452 supremo
2160 2362 2277 2433 illo
2335 2383 2500 2433 sane
2569 2362 2725 2432 hor-

188 2452 393 2523 rendo
448 2451 694 2523 mundi
744 2452 880 2535 die,
936 2453 1089 2541 ejus
1126 2452 1355 2544 operis
1395 2452 1780 2523 mercedem
1823 2464 2168 2521 aeternam
2206 2462 2611 2542 expectaret.
2648 2456 2728 2521 At

191 2553 524 2612 mercator
570 2542 709 2623 ille,
762 2542 1088 2612 avaritiae
1137 2542 1593 2633 mancipium,
1648 2540 2274 2613 obstinato-animo
2321 2539 2578 2627 quibus
2608 2561 2728 2630 po·-

190 2629 306 2700 tuit
357 2630 587 2701 modis
634 2651 783 2700 sese
829 2631 1220 2713 excusavit,
1290 2653 1413 2701 nec
1478 2643 1715 2701 sancto
1779 2629 2068 2699 antistiti
2129 2628 2417 2715 obsequi
2481 2628 2720 2698 voluit.

187 2719 332 2788 Orat
375 2741 544 2811 ergo
593 2720 834 2790 beatus
888 2719 1156 2809 praesul
1188 2720 1806 2790 clementissimum
1848 2724 2084 2798 Deum,
2129 2731 2205 2788 ut
2235 2717 2385 2806 ipse
2419 2739 2544 2788 sua
2585 2717 2720 2786 im-

187 2826 409 2877 mensa
460 2808 711 2878 virtute
762 2821 1076 2898 praestet,
1129 2808 1310 2896 quod
1365 2821 1701 2879 mercator
1749 2806 1863 2876 ille
1913 2806 2127 2876 lucris
2177 2806 2458 2876 inhians
2505 2828 2720 2898 nega-

186 2891 310 2966 bat.
363 2896 517 2967 Abit
563 2897 819 2967 interea
872 2898 1250 2987 negotiator
1296 2897 1382 2967 ad
1432 2897 1809 2988 hospitium
1863 2918 2070 2965 suum
2104 2950 2120 2977 ‚
2182 2907 2249 2966 et
2312 2917 2468 2965 ecce
2541 2909 2720 2966 nutu

187 2981 404 3056 divino
452 3007 700 3057 somno
747 2986 1156 3077 gravissimo
1203 2986 1644 3076 opprimitur.
1700 2985 1775 3055 Id
1827 3006 1984 3055 vero
2031 2996 2391 3055 cernentes
2437 3007 2516 3054 ca
2577 2984 2720 3067 tivi,

189 3074 464 3145 nexibus
511 3074 897 3157 dissolutis,
950 3074 1033 3145 ad
1080 3075 1494 3165 Episcopum
1531 3073 1970 3164 confugiunt.
2007 3073 2176 3143 Inde
2208 3095 2501 3164 experge
2531 3085 2728 3145 actus

193 3177 534 3246 mercator,
589 3163 771 3234 videt
802 3185 937 3234 non
972 3164 1212 3237 adesse
1241 3164 1545 3235 vinctos:
1597 3164 1999 3255 suspicatur
2035 3184 2151 3232 eos
2182 3162 2361 3234 beati
2395 3163 2727 3233 antistitis

192 3253 497 3348 precibus
545 3252 679 3322 sibi
727 3264 996 3344 ereptos
1034 3274 1224 3323 esse:
1264 3255 1548 3343 propere
1580 3252 1847 3323 accedit
1882 3251 2271 3333 ecclesiam,
2309 3252 2377 3320 in
2415 3273 2552 3340 qua
2582 3263 2729 3321 erat

192 3357 279 3406 vir
323 3342 480 3411 Dei:
535 3341 819 3423 invenit,
873 3363 1048 3430 quos
1095 3342 1486 3430 quaerebat,
1522 3343 1633 3412 sui
1669 3341 2072 3411 liberatione
2108 3340 2459 3420 laetantes,
2494 3354 2561 3410 et
2597 3340 2723 3428 qui

196 3428 365 3513 prius
415 3429 642 3500 noluit
688 3441 930 3533 sponte
977 3431 1451 3522 obtemperare
1493 3431 1857 3521 Gaugerici
1901 3430 2245 3521 precibus,
2284 3429 2561 3500 divinae
2596 3452 2721 3520 po-

200 3518 420 3588 tentiae
461 3519 568 3589 vel
603 3520 864 3589 invitus
898 3519 1127 3589 cessit.
2156 3538 2160 3543 ·

268 3608 497 3693 §¹11
555 3609 867 3679 Obtinuit
913 3608 1308 3678 cathedram
1363 3629 1560 3677 suam
1613 3608 1858 3679 beatus
1908 3607 2291 3699 Episcopus
2348 3606 2431 3677 ad
2501 3628 2724 3676 annos

206 3689 335 3776 ptus
364 3698 603 3766 minus
646 3697 1198 3788 trigintanovem,
1238 3696 1611 3767 virtutibus
1641 3697 1962 3787 insignis,
2007 3696 2367 3766 miraculis
2399 3695 2714 3776 celebriS,

209 3776 315 3875 fide
354 3786 646 3877 integer,
698 3786 1027 3877 operibus
1075 3785 1274 3855 bonis
1324 3799 1656 3876 perpetuo
1706 3786 2035 3857 intentus,
2089 3790 2167 3855 Et
2215 3784 2373 3855 licet
2404 3785 2719 3855 animum

210 3885 386 3943 instar
433 3896 642 3945 arcus
690 3897 965 3966 semper
1011 3874 1293 3945 haberet
1332 3874 1710 3955 intensum,
1749 3886 1818 3945 at
1850 3888 2075 3944 tamen
2112 3874 2423 3965 corporis
2457 3873 2723 3943 viribus

215 3950 680 4045 deficientibus,
736 3965 875 4053 jam
927 3977 1145 4035 aetate
1193 3975 1577 4054 provectus,
1636 3963 1884 4054 plenus
1931 3963 2200 4033 dierum
2253 3964 2319 4033 in
2374 3973 2722 4032 senectute

214 4037 373 4149 boyla,
424 4053 500 4122 in
555 4074 720 4141 pace
768 4065 1044 4125 sanctae
1093 4052 1430 4124 Ecclesiae
1481 4053 1596 4123 Dei
1647 4053 1844 4123 tertio
1901 4052 2068 4122 Idus
2123 4051 2408 4142 Augusti
2467 4050 2720 4120 obdor-

217 4149 371 4207 mmt
411 4140 482 4210 in
537 4143 849 4212 Domino.
905 4142 1231 4233 Sepultus
1278 4155 1377 4211 est
1424 4155 1652 4212 autem
1706 4143 1774 4211 in
1841 4141 2168 4220 basilica,
2242 4161 2420 4227 quae
2484 4151 2587 4210 est
2646 4138 2717 4208 in

215 4228 423 4299 montis
470 4231 744 4314 vertice,
798 4232 886 4302 ab
935 4232 1085 4323 ipso
1137 4232 1206 4300 in
1257 4231 1586 4301 honorem
1639 4236 1706 4302 S.
1761 4230 2067 4302 Medardi
2113 4240 2543 4301 constructa:
2597 4228 2718 4316 qui

258 4382 376 4463 ᾅδω
389 4392 696 4439 Petrocorico,
712 4394 820 4444 gau.
841 4396 1051 4446 Ρονίρονα
1065 4394 1114 4434 in
1129 4391 1396 4444 Aquitania..
1417 4395 1457 4435 S.
1475 4396 1640 4435 Fronto
1654 4395 1743 4435 col.
1761 4404 1854 4435 xxv
1874 4394 1975 4435 Oct.

326 4442 441 4492 Apud
470 4447 733 4488 valencenas
758 4449 809 4489 tn
836 4449 1098 4489 Hannonis.
