3308 5004
723 325 855 391 4⁴8
1490 341 1569 388 nn
1617 340 1675 389 S.
1727 340 2011 390 nmmo
2057 339 2333 390 ascenso
2852 324 3037 391 AUG.
3089 325 3173 391 ⁴9

637 427 904 498 celebre
948 426 1294 499 ferebatur
1336 426 1407 496 in
1459 447 1550 516 po
1601 423 1743 506 ulo,
1796 447 1958 497 eum
2008 425 2531 516 praecipitatum
2578 448 2660 497 ex
2706 427 2986 510 arbore,
3037 450 3070 496 s
3120 427 3178 497 i-

637 517 846 587 ritum
870 514 1228 586 exulasse:
1283 515 1401 587 sed
1434 513 1536 584 evi
1588 526 1781 584 enter
1812 535 1947 585 non
1982 525 2084 584 est
2111 515 2492 605 cognitum,
2543 515 2873 605 quoniam
2907 539 2947 586 a
2983 538 3078 586 nu
3112 516 3181 588 lo

638 605 927 676 refertur
960 605 1211 674 visum.
1265 609 1454 674 Tunc
1501 602 1629 672 viri
1662 603 1781 692 qui
1831 602 2268 683 advenerant,
2320 603 2663 675 elevantes
2706 627 2895 684 eum,
2938 604 3181 675 attule-

634 706 801 765 runt
847 694 933 763 ad
973 692 1199 763 vicum
1250 697 1750 763 Evannensem.
1802 696 2018 774 Quem
2068 691 2411 764 ablutum.
2450 692 2820 785 dignisque
2852 692 3180 764 indutum

634 783 962 864 vestibus,
1014 780 1434 872 sepelierunt
1479 781 1552 852 in
1588 778 1904 851 ecclesia.
1958 785 2149 851 Festa
2196 803 2353 852 vero
2397 782 2630 854 obitus
2676 783 2831 871 ejus
2874 804 2996 873 per
3031 783 3182 852 sin-

636 871 838 973 gulos
881 868 1305 942 celebrantes
1349 890 1570 940 annos
1599 923 1616 952 ,
1677 881 1884 957 atque
1935 870 2417 941 convenientes
2479 870 2742 962 populi,
2802 871 3047 942 crebro
3094 869 3182 941 ab

636 959 1164 1031 lufirmitatibus
1196 959 1646 1030 sanabantur.
2613 979 2618 984 ·

722 1052 759 1138 ἓ
811 1054 900 1120 2.
952 1047 1248 1132 Quidam
1297 1061 1526 1118 autem
1575 1045 1663 1116 de
1711 1045 1955 1116 vicinis
2001 1067 2315 1118 annonas
2362 1046 2486 1117 diu
2531 1046 2822 1118 infectas
2851 1049 3061 1135 aqua,
3102 1069 3180 1117 ac

634 1137 945 1230 germine
1000 1135 1337 1228 producto
1395 1135 1774 1217 conflatas,
1825 1134 2004 1206 facto
2064 1135 2224 1226 igne
2276 1158 2486 1227 super
2543 1137 2806 1207 vimina
2866 1149 3181 1207 contexta

634 1247 928 1315 coquere
977 1237 1174 1316 parat
1216 1224 1303 1295 ad
1356 1223 1602 1325 pocula
1649 1223 1988 1294 facienda.
2039 1224 2383 1296 Accedens
2412 1236 2642 1295 autem
2676 1247 2867 1296 unus
2913 1225 3179 1296 vicino-

633 1337 791 1387 rum
827 1314 1002 1403 ejuS,
1055 1314 1190 1385 ait:
1242 1313 1421 1398 Quid
1469 1324 1568 1394 tu,
1620 1335 1662 1383 o
1707 1312 1938 1394 homo,
1993 1311 2322 1383 detineris
2351 1312 2421 1382 in
2461 1335 2503 1384 o
2553 1314 2721 1384 ere?
2763 1319 2862 1385 An
2893 1313 3178 1405 ignoras

634 1402 819 1492 quod
867 1402 1270 1474 solemnitas
1320 1414 1424 1473 est
1474 1402 1654 1472 beati
1708 1401 2051 1472 Mariani?
2096 1402 2226 1485 Qui
2277 1423 2436 1473 cum
2517 1424 2718 1474 urore
2765 1402 3170 1494 respondit:

636 1497 868 1574 Putas,
922 1514 963 1563 o
1010 1503 1110 1574 tu,
1159 1492 1282 1595 qui
1329 1492 1498 1562 haec
1546 1490 1873 1578 loqueris,
1915 1490 2079 1579 quia
2120 1490 2327 1561 homo
2371 1490 2586 1563 elisus
2632 1513 2715 1563 ex
2743 1492 2990 1562 arbore
3021 1514 3179 1582 pro-

634 1593 784 1673 pter
827 1577 1239 1671 compendia
1346 1579 1549 1660 ulae,
1605 1579 2011 1680 angelorum
2076 1578 2166 1649 sit
2227 1578 2484 1650 relatus
2544 1580 2888 1651 consortio
2917 1634 2934 1663 ,
2985 1593 3058 1650 et
3107 1590 3180 1653 ut

634 1681 917 1741 sanctus
955 1669 1198 1740 debeat
1229 1691 1273 1739 a
1321 1669 1547 1739 orari?
1577 1668 1820 1738 Melius
1848 1681 1973 1750 est,
2008 1667 2211 1739 crede
2249 1668 2447 1748 mihi,
2494 1689 2672 1760 opus
2705 1669 3179 1740 necessarium

633 1760 704 1829 in
746 1759 950 1831 domo
998 1779 1331 1839 exercere,
1383 1779 1594 1845 quam
1644 1756 1849 1828 talem
1901 1769 2216 1828 sanctum
2264 1757 2597 1828 excolere.
2648 1757 2839 1841 Quod
2891 1756 3009 1827 ille
3061 1780 3182 1828 au-

633 1848 854 1930 diens,
899 1847 1239 1927 discessit,
1282 1860 1538 1917 etcum
1573 1845 1861 1933 reliquis
1897 1845 1981 1916 ad
2025 1845 2382 1917 basilicam
2435 1846 2657 1917 sancti
2703 1846 2896 1928 abiit,
2935 1844 3178 1918 relicto

633 1935 824 2006 domi
852 1935 1080 2006 vicino
1116 1934 1188 2004 in
1220 1955 1425 2025 opere
1468 1933 1843 2005 laborante.
1883 1940 2014 2005 Nec
2048 1955 2273 2016 mora;
2308 1934 2519 2005 flante
2556 1947 2752 2005 vento
2791 1934 3182 2026 apprehen-

632 2023 822 2094 ditur
844 2023 1097 2095 domus
1121 2022 1462 2104 incendic,
1492 2023 1804 2094 exuritur
1828 2024 2077 2103 omnis,
2111 2045 2234 2094 nec
2258 2023 2631 2111 quicquam
2661 2022 2749 2094 de
2779 2024 3174 2096 substantia

633 2124 843 2183 restat
873 2112 1201 2182 hominis
1240 2110 1495 2182 Exinde
1540 2110 1783 2183 elevati
1822 2111 2008 2202 globi
2045 2112 2487 2182 flammarum
2528 2133 2738 2203 super
2769 2112 3169 2204 hospitiola,

633 2222 811 2289 quae
856 2200 1348 2272 circumlocata
1383 2212 1599 2281 erant,
1656 2200 1868 2289 hujus
1915 2201 2219 2272 hominis
2250 2222 2504 2282 aream,
2549 2222 2770 2292 sepes,
2823 2202 3176 2293 tuguriola

632 2290 735 2361 vel
778 2312 1170 2381 porcorum,
1208 2289 1313 2359 vel
1348 2289 1719 2380 pecudum,
1759 2311 1839 2360 ac
1874 2289 2138 2378 reliqua
2173 2312 2350 2377 quae
2382 2288 2467 2358 ad
2502 2310 2662 2361 eum
2696 2291 3165 2391 pertinebant,

631 2379 917 2450 flamma
963 2378 1349 2479 percussit,
1403 2400 1527 2449 nec
1574 2379 1946 2467 quicquam
2010 2379 2343 2449 remansit
2399 2377 2564 2449 huic
2619 2400 2914 2461 misero,
2985 2378 3173 2468 quod

630 2490 770 2540 non
803 2466 1009 2541 fuerit
1040 2467 1185 2560 igni
1224 2488 1663 2540 succensum.
1701 2466 1894 2552 Quod
1944 2467 2004 2538 si
2050 2467 2357 2539 evenisse
2402 2468 2563 2556 quis
2609 2467 2888 2540 fortuito
2949 2481 3169 2552 putat,

625 2557 1030 2640 admiretur,
1067 2556 1249 2645 quod
1303 2557 1480 2627 nulli
1529 2557 1914 2628 vicinorum
1945 2556 2648 2628 circummanentium
2686 2557 2945 2627 nocuit.
2988 2557 3167 2642 Quid

630 2669 820 2719 nunc
850 2646 1024 2739 agiS,
1059 2668 1101 2716 o
1123 2644 1339 2717 cruda
1374 2645 1745 2728 rusticitas,
1775 2667 1953 2734 quae
1976 2667 2249 2736 semper
2276 2646 2343 2715 in
2375 2650 2616 2729 Deum,
2639 2659 2706 2717 et
2732 2646 2884 2736 ejus
2909 2647 3174 2718 amicos

627 2757 1056 2817 murmuras,
1112 2747 1187 2806 ut
1233 2734 1356 2804 tibi
1388 2734 1634 2827 exinde
1666 2734 2003 2804 damnum
2037 2735 2415 2822 acquiras?

713 2827 752 2914 ξ
797 2829 891 2897 8.
944 2823 1236 2897 Alterius
1295 2834 1523 2893 autem
1589 2823 1892 2893 hominis
1940 2822 2142 2892 boves
2192 2822 2454 2893 malitia
2502 2822 2678 2893 furis
2741 2822 3169 2906 abstulerat,

625 2915 750 3002 qui
789 2936 876 3004 ap
933 2913 1220 2983 rehenso
1250 2911 1558 3002 vestigiO,
1591 2924 1660 2982 et
1688 2932 1769 2981 eo
1801 2911 1979 2980 inter
2009 2909 2278 2981 infusos
2315 2914 2497 2998 aqua
2528 2911 2796 2983 viarum
2834 2913 3170 2996 tramites,

626 3002 714 3070 ad
748 3023 871 3092 pro
900 3000 1127 3073 undas
1159 2999 1289 3071 luti
1320 3000 1684 3092 voragines
1713 3000 1999 3090 perdito,
2037 2998 2124 3069 ad
2156 3000 2378 3070 sancti
2410 3001 2702 3071 recurrit
2734 3000 3166 3091 sepulcrum,

628 3088 919 3178 fusaque
963 3088 1291 3171 oratione,
1329 3087 1499 3159 dum
1548 3088 1634 3159 de
1672 3087 1957 3160 basilica
2005 3087 2247 3160 fuisset
2291 3110 2649 3179 egressus,
2705 3088 3000 3160 advertit
3048 3090 3173 3161 ho-

628 3177 886 3247 minem
971 3199 1047 3247 er
1076 3198 1393 3269 aggerem
1436 3176 1797 3268 publicum
1845 3177 2253 3260 venientem,
2305 3177 2427 3266 qui
2468 3178 2673 3251 boves
2711 3176 2870 3250 illos
2900 3189 3066 3249 ante
3104 3199 3174 3251 se

628 3287 790 3337 cum
838 3201 1108 3339 cassallo
1169 3288 1250 3337 ex
1310 3266 1551 3337 itinere
1614 3264 1798 3336 lasso
1847 3287 2271 3357 prosequens
2334 3265 2747 3337 adducebat.
2813 3272 3175 3338 Erraverat

628 3355 814 3424 enim
850 3378 889 3425 a
924 3354 1054 3437 via,
1079 3366 1143 3425 et
1168 3354 1365 3443 quasi
1387 3376 1627 3426 amens
1650 3354 1894 3431 factus,
1927 3355 1995 3424 in
2030 3355 2217 3425 illam
2249 3367 2538 3457 partem,
2568 3355 2654 3425 de
2676 3377 2817 3445 qua
2847 3377 3173 3446 egressus

629 3441 874 3525 fuerat,
918 3454 1145 3514 mente
1178 3444 1451 3513 turbata
1484 3443 1771 3514 redibat.
1816 3443 2176 3535 Cognoscit
2213 3466 2316 3514 vir
2354 3444 2472 3514 ille
2505 3445 2711 3515 boves
2733 3498 2753 3527 ,
2789 3467 2967 3533 quos
3013 3466 3170 3536 per-

629 3531 920 3615 diderat,
956 3553 1209 3621 eosque
1247 3532 1610 3623 recipiens,
1665 3533 2014 3602 hominem
2056 3532 2318 3622 absque
2350 3533 2703 3604 calumnia
2751 3534 2975 3603 redire
3011 3555 3169 3625 per-

629 3621 842 3704 misit,
885 3621 1052 3710 quia
1087 3644 1168 3692 co
1220 3621 1403 3691 novit
1442 3621 1570 3692 hoc
1611 3621 1743 3694 sibi
1792 3643 1916 3723 per
1946 3621 2264 3692 virtutem
2299 3622 2522 3693 sancti
2553 3622 2842 3694 Mariani
2877 3621 3172 3712 praesti-

627 3723 801 3794 tum,
844 3730 1006 3781 cum
1047 3710 1117 3780 in
1150 3644 1269 3781 illa
1299 3712 1467 3781 hora
1513 3723 1839 3800 repererit
1879 3710 2249 3801 perditum,
2299 3733 2438 3800 qua
2483 3709 2638 3783 e'us
2670 3712 2884 3782 adivit
2913 3710 3170 3802 plenus

627 3799 765 3870 fide
820 3798 1248 3891 sepulcrum.
1310 3803 1497 3884 Quae
1553 3811 1917 3891 postquam
1982 3811 2174 3891 gesta
2221 3812 2430 3883 sunt,
2551 3800 2937 3893 iligentiore
2993 3801 3167 3872 cura

624 3888 1084 3962 confessorem
1116 3889 1234 3960 Dei
1266 3888 1490 3980 coepit
1525 3889 1831 3960 excolere
1860 3888 2196 3980 Bituriga.
