3308 5004
650 298 780 366 386
1241 314 1319 363 na
1369 315 1634 365 mmmm
1681 316 1999 367 xncssanx
2045 320 2106 365 n.
2161 316 2225 366 n.
2278 318 2331 363 J.
2385 314 2445 364 c.
2790 297 2975 364 AUG.
3032 298 3130 363 16

561 398 1012 477 desiderium,
1060 408 1125 467 et
1174 398 1489 468 morbum
1537 398 1964 487 reprimeret.
2021 403 2387 486 Postquam
2431 417 2594 489 ergo
2640 417 2801 467 cum
2856 397 2962 467 his
3011 420 3134 467 re-

559 498 831 559 vertens
879 487 1177 557 Ananias
1208 541 1223 567 ‚
1325 486 1585 556 ervenit
1653 486 1741 556 ad
1793 488 2135 558 civitatem
2209 485 2835 577 Jeropolitanorum
2870 541 2885 568 ,
2937 509 3133 574 quae

564 582 1058 647 Saracenorum
1135 576 1252 663 qui
1307 596 1414 645 em
1494 596 1652 644 voce
1721 576 1979 647 dicitur
2056 575 2421 657 Membz'clz,
2489 579 2814 664 Syrorum
2884 589 3131 647 autem

559 668 833 747 Mabuc,
901 682 1201 752 cumque
1260 670 1448 734 extra
1510 686 1662 733 eam
1725 664 2069 735 civitatem
2133 664 2518 733 divertisset
2565 665 2990 743 adolescens,
3048 666 3132 734 in

561 754 845 825 cumulo
896 753 1283 844 tegularum
1339 763 1646 822 recenter
1693 753 2057 834 factarum,
2109 753 2229 841 qui
2297 752 2441 822 illic
2485 753 2782 841 jacebat,
2837 772 3126 823 sacrum

560 845 761 915 illum
812 856 1123 932 pannum
1176 842 1565 912 occultavit.
1622 843 1817 912 Circa
1884 842 2181 912 mediam
2233 864 2389 911 vcro
2456 854 2723 912 noctem
2781 842 2970 911 visus
3017 854 3133 913 est

560 934 743 1035 ignis
785 932 1135 1022 plurimus
1181 930 1379 1001 illum
1425 930 1656 1000 locum
1710 930 1779 1001 in
1824 932 2058 1002 orbem
2100 929 2560 1012 circumdare,
2615 931 2785 1001 adeo
2819 943 2893 1001 ut
2935 932 3132 1002 intra

560 1023 899 1092 civitatem
942 1020 1340 1090 viderentur
1387 1020 1622 1089 omnia
1672 1020 2123 1091 circumcirca
2173 1020 2436 1100 ardere,
2490 1033 2555 1089 et
2588 1020 2673 1090 de
2721 1040 2792 1092 se
2831 1021 2976 1110 jam
3043 1021 3132 1090 ti·—

561 1124 847 1191 menteS,
900 1111 1183 1188 exirent,
1224 1122 1299 1178 ut
1340 1108 1771 1196 inquirerent
1802 1111 1888 1200 de
1935 1133 2037 1190 eo,
2090 1109 2273 1197 quod
2329 1109 2713 1191 videbatur,
2769 1108 3122 1180 incendic.

559 1199 710 1270 Illic
744 1212 973 1269 autem
1026 1198 1378 1266 inventum
1430 1199 2108 1289 comprehenderunt
2140 1197 2669 1280 adolescentem,
2709 1211 2785 1268 ut
2823 1198 2943 1285 qui
2988 1198 3129 1268 hoc

560 1288 955 1359 admisisset
1003 1286 1296 1368 facinus,
1336 1297 1402 1356 et
1448 1286 1533 1357 de
1584 1309 1654 1357 re
1700 1309 1861 1358 eum
1905 1300 2067 1358 sunt
2115 1286 2467 1369 sciscitati,
2498 1300 2564 1356 et
2596 1287 2918 1374 quisnam
2970 1286 3130 1378 ipse

560 1390 761 1456 esset,
815 1388 881 1445 et
925 1397 1064 1464 quo
1112 1376 1262 1455 iret,
1306 1387 1370 1444 et
1420 1375 1605 1445 unde
1639 1377 1921 1460 veniret,
1977 1389 2141 1447 sunt
2237 1375 2592 1445 ercontati.

649 1468 685 1553 ἓ
732 1466 814 1537 8.
869 1469 1036 1534 Cum
1088 1484 1247 1534 vero
1285 1463 1545 1536 dubius
1593 1465 1812 1535 animi
1844 1480 2021 1537 esset
2054 1466 2184 1535 ado
2216 1486 2455 1535 escens
2491 1474 2771 1555 propter
2814 1463 3127 1535 alienam

560 1554 1140 1636 criminationem,
1194 1566 1359 1624 tunc
1407 1554 1805 1636 declaravit,
1843 1556 2193 1625 undenam
2244 1566 2444 1636 esset,
2496 1567 2562 1624 et
2609 1554 2795 1624 'unde
2828 1555 3123 1637 veniret,

560 1656 625 1713 et
657 1643 825 1730 quid
877 1643 1186 1713 afferret:
1225 1655 1291 1712 et
1323 1642 1741 1732 significavit
1779 1666 1852 1714 se
1900 1643 2303 1735 deposuisse
2351 1644 2422 1713 in
2475 1642 2725 1733 tegulis
2780 1643 2967 1732 quod
3022 1645 3131 1713 af-

561 1731 842 1811 ferebat,
895 1731 1083 1802 unde
1129 1731 1333 1801 etiam
1388 1732 1532 1801 visa
1578 1746 1681 1802 est
1721 1733 2005 1803 flamma
2053 1732 2360 1803 accendi.
2419 1733 2655 1802 Statim
2716 1746 2943 1803 autem
3000 1756 3128 1803 vo·

559 1821 775 1891 lentes
822 1820 926 1889 illi
974 1820 1148 1889 scire
1197 1819 1546 1890 veritatem
1614 1844 1853 1891 eorum
1904 1845 2080 1910 quae
2151 1822 2607 1901 dicebantur,
2661 1843 2817 1891 cum
2882 1820 3127 1891 locum

560 1921 789 1979 essent
839 1910 1269 1999 perscrutati,
1309 1910 1722 1981 invenerunt
1751 1933 1886 1980 non
1932 1912 2155 1981 solum
2209 1910 2303 1991 id,
2345 1909 2527 1998 quod
2557 1910 2644 1980 ab
2683 1908 3126 1981 adolescente

561 1998 823 2068 Anania
872 1996 1015 2068 illic
1063 2011 1207 2068 erat
1241 1998 1641 2089 repositum,
1695 2000 1814 2069 sed
1863 2000 2069 2069 etiam
2128 2001 2197 2069 in
2248 2023 2413 2079 una,
2472 2021 2647 2086 quae
2682 2010 2895 2088 prope
2940 2012 3118 2081 erat,

562 2086 813 2177 tegula,
853 2086 1157 2157 divinam
1194 2086 1402 2157 aliam
1437 2109 1833 2178 expressam
1882 2089 2206 2180 effigiem,
2244 2087 2746 2160 admirabiliter
2792 2101 2857 2157 et
2900 2108 3125 2179 supra

559 2197 768 2263 quam
889 2188 1068 2247 osset
1140 2178 1469 2263 consequi
1543 2177 2046 2270 intelligentia,
2100 2202 2262 2249 cum
2324 2199 2503 2264 quae
2569 2176 2913 2265 descripta
2975 2198 3122 2247 non

559 2265 783 2335 fuerat
855 2288 1088 2347 orma,
1145 2265 1212 2334 in
1266 2274 1437 2335 testa
1499 2288 1578 2336 ex
1639 2281 1953 2338 contexta
2016 2268 2146 2338 tela
2207 2266 2553 2357 descripta
2600 2265 2865 2336 fuisset.
2917 2265 3124 2347 Quod

562 2377 722 2424 cum
756 2353 1109 2436 vidissent,
1165 2354 1352 2445 pleni
1403 2364 1683 2444 stupore
1730 2369 1796 2427 et
1842 2356 2320 2440 admiratione,
2425 2365 2734 2445 ropterea
2766 2353 2948 2442 quod
3000 2377 3128 2424 ar-

560 2445 731 2516 dens
773 2443 955 2536 ignis
1006 2466 1350 2533 nusquam
1403 2456 1581 2515 esset
1630 2444 1973 2528 inventuS,
2030 2445 2146 2518 sed
2197 2469 2276 2517 ex
2338 2468 2375 2515 c
2406 2445 2683 2526 aritate,
2745 2465 2922 2532 quae
2966 2457 3129 2515 erat

558 2534 628 2605 in
682 2533 925 2616 forma,
967 2534 1252 2603 flamma
1299 2535 1444 2604 visa
1491 2548 1671 2606 esset
1708 2537 1950 2616 emitti,
2007 2536 2307 2627 tegulam
2349 2533 2656 2622 quidem,
2707 2555 2888 2621 quae
2932 2532 3000 2601 in
3036 2555 3128 2605 se

557 2625 863 2693 divinam
914 2644 1307 2713 expressam
1361 2622 1659 2694 habebat
1705 2624 2029 2715 effigiem,
2083 2625 2269 2714 apud
2307 2646 2380 2694 se
2424 2621 2897 2704 detinuerunt,
2938 2635 3128 2693 tam-

554 2735 763 2800 quam
799 2711 1099 2801 aliquem
1152 2729 1425 2782 sacrum
1463 2724 1528 2781 et
1566 2713 1941 2802 pretiosum
1979 2712 2406 2785 thesaurum:
2445 2725 2521 2783 ut
2552 2712 2674 2799 qui
2706 2731 2788 2780 ex
2819 2733 2900 2781 eo
2929 2711 3124 2799 quod

560 2801 913 2882 viderant,
975 2800 1423 2888 conjecissent
1471 2800 1821 2883 divinam,
1875 2823 2053 2890 quae
2102 2805 2173 2871 in
2221 2824 2301 2872 ea
2348 2814 2538 2882 erat,
2589 2800 3117 2893 operationem:

558 2890 863 2980 primum
899 2900 1129 2959 autem
1179 2888 1530 2979 exemplar
1574 2902 1641 2961 et
1688 2890 1843 2980 ejus
1892 2891 2288 2962 ministrum
2339 2890 2535 2960 veriti
2584 2890 2915 2971 retinere',
2984 2890 3127 2958 mi-

558 2990 798 3047 serunt
845 2977 932 3047 ad
965 2979 1382 3078 Abagarum.
1429 2983 1508 3048 Et
1547 2997 1732 3049 nunc
1772 2992 2240 3062 conservatur,
2278 2990 2344 3049 et
2390 2979 2459 3048 in
2512 2979 2771 3049 honore
2817 2978 3124 3051 habetur

555 3065 741 3155 apud
790 3066 940 3157 ejus
974 3067 1214 3157 oppidi
1263 3066 1707 3148 habitatores,
1762 3067 1983 3139 forma
2015 3087 2193 3157 quae
2230 3081 2331 3139 est
2381 3068 2451 3136 in
2505 3067 2758 3159 tegula,
2813 3087 2953 3138 non
2992 3066 3125 3137 de-

557 3155 853 3245 scriptae
901 3154 1161 3226 formae
1196 3173 1332 3225 non
1382 3155 1751 3258 descripta,
1791 3169 1856 3227 et
1885 3179 2020 3228 non
2052 3157 2485 3228 manufactae
2516 3179 2651 3227 non
2686 3155 3117 3240 manufacta:

557 3243 855 3344 Ananias
893 3256 1122 3313 autem
1162 3267 1322 3314 cum
1372 3244 1778 3316 confecisset
1811 3246 1938 3316 iter
1982 3245 2116 3317 sibi
2168 3247 2623 3338 propositum,
2661 3246 2937 3336 aperuit
2991 3245 3123 3315 do-

558 3353 749 3402 mmo
804 3353 884 3401 ea
931 3354 1109 3421 quae
1156 3333 1430 3403 interim
1482 3333 1661 3404 facta
1720 3349 1905 3418 sunt,
1956 3336 2019 3405 ei
2065 3336 2271 3406 etiarn
2336 3334 2623 3406 redditis
2687 3334 3121 3407 salutaribus

559 3442 735 3509 quae
783 3422 1109 3492 afferebat
1155 3420 1513 3510 symbolis.

645 3511 681 3597 ξ
729 3514 825 3578 9.
879 3515 956 3580 Et
1004 3510 1130 3581 hoc
1178 3509 1456 3598 quidem
1508 3521 1631 3592 est,
1672 3512 1856 3599 quod
1897 3513 2152 3584 dicit'ur
2183 3536 2224 3584 a
2272 3513 2619 3604 pluribuS,
2659 3512 2847 3601 quod
2886 3533 3121 3600 neque

559 3611 900 3670 remotum
933 3610 1035 3670 est
1073 3621 1112 3669 a
1161 3599 1665 3690 probabilitate,
1705 3624 1928 3691 neque
1968 3603 2168 3674 bonis
2207 3615 2357 3695 eget
2406 3603 2721 3674 testibus.
2754 3606 3117 3673 Caeterum

558 3688 688 3759 hoc
719 3708 995 3777 quoque
1027 3709 1390 3779 exponam,
1437 3711 1521 3760 ne
1566 3690 1727 3777 quis
1765 3692 2177 3782 suspicetur,
2236 3715 2366 3772 me,
2405 3691 2575 3762 dum
2614 3713 2743 3782 ego
2790 3690 2864 3761 id
2914 3691 3121 3783 igno-

559 3799 810 3860 rarem,
865 3778 1167 3848 tenuisse
1205 3778 1524 3848 alterum.
1569 3785 1798 3869 Neque
1844 3781 2127 3852 omnino
2155 3792 2258 3851 est
2293 3781 2575 3862 mirum,
2607 3780 2680 3850 in
2716 3793 2902 3851 tanto
2945 3794 3117 3850 tem-

558 3889 721 3958 pore
755 3888 960 3958 saepe
991 3887 1219 3937 errare
1251 3866 1636 3940 historiam.
1690 3875 1859 3940 Nam
1895 3869 1965 3940 in
1999 3892 2103 3951 ec,
2137 3870 2322 3960 quod
2370 3884 2475 3941 est
2521 3869 2652 3939 hac
2679 3869 2751 3940 in
2794 3891 2867 3939 re
2915 3889 3117 3971 prae-

556 3957 616 4027 ci
672 3979 887 4038 uum,
940 3977 1182 4027 omnes
1246 3957 1734 4040 consentiunt,
1812 3970 1878 4029 et
1938 3959 2354 4030 confitentur
2396 3981 2478 4029 ex
2526 3957 2701 4030 facie
2748 3958 3114 4029 Dominica

558 4069 596 4115 a
650 4044 1060 4117 mirabiliter
1102 4045 1176 4116 in
1225 4046 1434 4117 linteo
1508 4046 1721 4118 fuisse
1780 4047 2074 4118 formam
2142 4070 2581 4140 expressam:
2642 4048 2715 4118 in
2769 4047 3115 4118 nonnulla

558 4147 782 4207 autem
837 4134 934 4206 rei
970 4135 1514 4219 circumstantia,
1567 4159 1691 4209 seu
1738 4137 1806 4207 in
1842 4150 2147 4228 tempore
2192 4137 2545 4219 differunt,
2583 4137 2771 4226 quod
2818 4135 3106 4225 quidem

559 4223 733 4294 nihil
790 4224 998 4296 laedit
1044 4225 1419 4309 veritatem,
1471 4249 1598 4297 seu
1650 4226 1848 4318 prius
1904 4226 2161 4298 factum
2212 4228 2340 4309 sit,
2396 4250 2521 4297 seu
2570 4227 2939 4317 posterius.
2994 4225 3107 4296 Sic

559 4325 787 4382 autem
830 4313 1036 4385 habet
1090 4315 1380 4386 alterum
1434 4337 1733 4405 quoque,
1772 4316 1955 4406 quod
2002 4317 2299 4388 dicitur:
2345 4321 2540 4397 Cum,
2595 4316 2948 4404 inquiunt,
3000 4336 3107 4385 es-

560 4410 660 4470 set
698 4399 1007 4472 Christus
1059 4402 1286 4476 iturus
1342 4403 1428 4476 ad
1487 4405 1860 4479 salutarem
1910 4405 2331 4497 passionem,
2388 4405 2671 4496 quando
2718 4406 3127 4478 humanam-
