3308 5004
681 348 809 415 574
1358 364 1436 412 ns
1484 363 1541 412 s.
1593 358 2096 412 naaraononso
2141 359 2359 410 Arosr.
2810 343 3007 411 AUG.
3066 344 3159 411 24

591 449 1045 530 celebremus
1144 469 1304 519 uem
1351 447 1594 518 extulit
1637 448 1874 518 divina
1920 446 2163 539 gloria.
2209 444 2579 516 Videamus
2615 446 2942 534 quisnam
2987 459 3162 518 ante

590 539 818 621 fuerit,
869 550 937 609 et
981 558 1116 626 qua
1152 538 1233 621 is,
1291 550 1524 629 postea
1561 538 1889 607 evaserit:
1923 535 2510 624 quemadmodum
2546 535 2667 622 qui
2696 537 2892 626 prius
2929 536 3161 606 idiota

590 640 758 710 erat,
808 637 875 697 et
924 647 1295 718 pauperem
1348 627 1557 697 vitam
1606 626 1875 717 agebat,
1927 626 2120 695 omni
2166 646 2247 695 ex
2291 636 2478 715 parte
2511 625 2789 716 sapiens
2820 626 3149 705 effectus,

590 727 656 789 et
690 715 1004 786 omnium
1037 715 1376 786 bonorum
1412 714 1674 785 divitiis
1702 726 1987 785 ornatus
2020 713 2259 784 fuerit:
2298 713 2887 802 quemadmodum
2924 736 2965 784 e
3010 728 3159 784 ter·

590 805 788 877 restri
834 803 1148 876 coelestis
1193 804 1506 886 evaserit,
1559 825 1597 874 e
1633 803 1924 874 minimo
1955 804 2325 885 maximus,
2371 816 2437 872 et
2468 824 2547 872 ex
2585 803 2878 894 piscium
2918 803 3158 896 pisca·

594 908 757 976 tore,
792 893 1153 964 hominum
1189 894 1488 985 piscator
1515 892 1739 962 factus
1768 893 1876 962 sit.
3082 911 3095 928 ·

673 985 712 1072 ξ
760 989 849 1056 ².
903 986 1142 1071 Itaque
1186 1003 1346 1052 cum
1392 987 1566 1053 Deus
1598 982 1746 1071 ipse
1778 981 1984 1051 homo
2016 980 2261 1062 factus,
2296 992 2583 1083 propter
2615 980 3145 1053 misericordiae

588 1093 755 1143 suae
802 1071 1064 1142 viscera
1114 1082 1427 1142 nostrum
1476 1092 1732 1160 corpus
1779 1082 2096 1162 gestaret,
2139 1082 2205 1140 et
2240 1070 2747 1162 discipulorum
2787 1070 3148 1141 delectum

588 1160 892 1240 baberet,
931 1161 1013 1242 is,
1053 1159 1365 1249 inquam,
1458 1160 1528 1229 ui
1562 1160 1917 1250 praenovit
1949 1160 2205 1241 omnia,
2249 1159 2653 1250 priusquam
2690 1173 3145 1250 generentur,

587 1249 1112 1321 celeberrimum
1184 1254 1434 1339 Aposto
1465 1271 1583 1319 um
1658 1247 2252 1318 Bartholomaeum
2316 1247 2617 1339 delegit,
2688 1247 3151 1336 amicumque

588 1338 722 1409 sibi
786 1359 1020 1410 verum
1083 1350 1150 1408 et
1196 1337 1468 1408 fidelem
1516 1339 1879 1428 cooptavit.
1933 1341 1986 1408 Ο
2031 1337 2306 1407 divinae
2353 1337 2729 1408 vocationis
2777 1351 3149 1438 praestan-

587 1428 780 1508 tiam,
831 1448 873 1497 o
921 1448 1244 1518 magnam
1293 1438 1357 1496 et
1405 1426 1831 1517 singularem
1880 1425 2298 1509 felicitatem,
2337 1447 2378 1496 o
2409 1427 2683 1514 qualem
2723 1426 2836 1496 hic
2869 1427 3146 1497 invenit

590 1516 1024 1606 magistrum,
1076 1516 1197 1604 qui
1248 1515 1566 1586 maximis
1603 1515 1950 1606 mysteriis
1976 1536 2136 1585 eum
2174 1515 2491 1597 initiavit,
2526 1527 2591 1586 et
2623 1516 3005 1607 sapientem
3052 1515 3149 1585 ef-

588 1604 777 1676 fecit:
829 1627 871 1676 o
921 1604 1184 1675 beatam
1237 1604 1430 1675 illam
1481 1605 1815 1685 animam,
1870 1603 2155 1694 dignam
2207 1603 2540 1685 habitam,
2597 1624 2776 1692 quae
2807 1625 2970 1673 cum
3014 1609 3148 1675 Deo

590 1705 998 1775 versaretur,
1050 1716 1212 1763 cum
1264 1698 1397 1763 Deo
1441 1706 1507 1765 et
1553 1694 2021 1784 omnipotente
2073 1692 2359 1763 Domino
2407 1693 2641 1764 cibum
2692 1704 3023 1773 sumeret,
3080 1707 3146 1764 et

588 1804 783 1854 sacra
831 1782 1147 1854 doctrina
1178 1837 1194 1865 ,
1245 1782 1621 1853 orationem
1671 1794 1738 1852 et
1783 1781 2178 1853 facultatem
2236 1802 2512 1852 omnem
2564 1794 2973 1871 superante,
3036 1783 3145 1852 in·

590 1882 993 1944 stmeretur.

675 1962 713 2048 ἕ
758 1964 852 2032 8.
905 1965 1141 2031 Postea
1189 1981 1368 2042 vero,
1419 1981 1627 2050 quam
1683 1960 2084 2051 Magistrum
2135 1982 2341 2031 suum
2394 1961 2461 2030 in
2516 1965 2728 2031 Cruce
2780 1959 3140 2044 suffixum,

586 2049 1049 2137 eumdemque
1086 2049 1460 2140 sepultum,
1494 2061 1561 2119 et
1592 2061 1746 2140 post
1777 2050 2344 2120 resurrectionem
2377 2049 2461 2119 ad
2497 2048 2723 2119 coelos
2756 2048 3139 2120 ascenden·

588 2151 723 2208 tem
773 2137 964 2220 vidit,
1015 2149 1082 2208 et
1127 2138 1547 2210 sanctissimi
1587 2137 1884 2229 Spiritus
1915 2138 2120 2220 dono,
2163 2160 2378 2225 aeque
2409 2161 2488 2209 ac
2521 2138 2768 2241 reliqui
2801 2139 3133 2240 Apostoli,
3276 2135 3282 2476 ι

588 2225 885 2298 donatus
937 2240 1061 2309 est,
1115 2239 1444 2315 tanquam
1485 2248 1861 2316 generosus
1889 2226 2146 2315 aliquis
2180 2225 2400 2309 miles,
2437 2227 2887 2298 validissimis
2917 2229 3139 2298 armis

589 2314 761 2386 undi
813 2336 899 2385 ue
947 2316 1284 2396 munitus,
1330 2315 1662 2386 adversus
1696 2316 1941 2386 hostile
1972 2316 2231 2386 bellum
2270 2316 2591 2408 prosiluit
2614 2325 2732 2387 :flet
2762 2313 2954 2405 ipsos
2987 2317 3141 2405 qui-

586 2403 741 2475 dem
843 2418 1025 2475 ostes
1074 2404 1498 2475 validissime
1549 2406 1910 2495 percussit,
1965 2404 2075 2475 his
2121 2425 2300 2486 vero,
2365 2406 2486 2493 qui
2530 2405 2615 2476 ad
2666 2406 2871 2475 vitam
2911 2406 3140 2496 ipsam

587 2493 817 2565 venire
849 2493 1239 2577 studebant,
1278 2493 1569 2565 salutem
1599 2493 2012 2565 conciliavit.
2048 2494 2358 2564 Tetendit
2387 2495 2718 2567 orationis
2744 2516 2909 2565 suae
2942 2495 3137 2576 retia,
3281 2506 3283 2563 l

583 2596 650 2654 et
694 2594 931 2675 gentes
978 2584 1169 2675 ipsas
1212 2604 1250 2653 e
1290 2583 1633 2675 profundo
1671 2596 1963 2673 ereptaS‚
2002 2582 2156 2654 illas
2194 2583 2476 2672 quidem
2517 2584 2847 2675 captivaS,
2892 2585 3016 2655 sed
3052 2585 3141 2653 ad

586 2671 791 2742 vitam
842 2684 1070 2744 tamen
1119 2672 1387 2755 ductas,
1427 2672 1895 2743 conservavit:
1933 2674 2172 2743 evertit
2210 2671 2555 2743 idolorum
2600 2672 2878 2764 templa,
2915 2685 2983 2743 et
3018 2673 3134 2743 Dei

585 2760 924 2833 Ecclesias
968 2762 1221 2832 erexit:
1273 2761 1581 2832 humana
1627 2761 1837 2831 corda
1887 2761 1955 2830 in
2005 2760 2429 2831 sterilitatem
2496 2782 2846 2841 conversa,
2914 2760 3139 2831 coele-

585 2850 710 2921 stis
756 2849 1110 2920 doctrinae
1156 2861 1383 2921 aratro
1429 2851 1820 2921 renovavit:
1872 2870 2090 2938 eaque
2137 2851 2228 2920 ita
2284 2848 2605 2931 excoluit,
2666 2861 2745 2920 ut
2800 2863 3125 2936 tanquam

583 2937 845 3009 feraces
890 2938 1145 3030 campi,
1198 2939 1500 3009 fructum
1550 2942 1725 3010 ferre
1772 2950 2085 3029 possent:
2137 2938 2451 3009 accendit
2499 2937 2989 3008 miraculorum
3017 2935 3114 3005 fa-

585 3049 760 3109 cem,
790 3041 857 3097 et
886 3027 1254 3098 affectuum
1293 3028 1759 3099 humanorum
1789 3027 2155 3119 caliginem
2191 3026 2616 3119 profugavit:
2656 3028 2724 3096 in
2757 3046 3117 3115 quascum-

584 3136 720 3274 gue
769 3127 994 3208 partes
1041 3115 1459 3207 permeabat,
1513 3116 1699 3187 velut
1726 3116 1925 3187 stella
1955 3115 2295 3206 quaedam
2320 3116 2631 3207 justitiae
2669 3114 2885 3186 solem
2922 3135 3119 3205 prae-

638 3204 830 3276 icans
861 3257 876 3285 ,
962 3203 1442 3306 illustremque
1529 3205 1626 3276 ful
1681 3227 1869 3276 orem
1961 3207 2326 3285 emittenS,
2423 3204 2736 3275 fallaciae
2817 3204 3131 3274 tenebras

585 3291 1017 3365 destruebat:
1068 3305 1133 3363 et
1172 3307 1478 3364 oratione
1505 3295 1625 3383 qui
1680 3317 1788 3365 em
1824 3294 2195 3365 daemones
2235 3295 2425 3385 ipsos
2464 3293 2771 3385 fugabat,
2812 3293 3134 3384 precibus

585 3393 814 3453 autem
853 3382 1130 3453 morbos
1162 3382 1586 3455 insanabiles
1627 3383 1938 3464 curabat,
1975 3382 2285 3475 leprosos
2326 3383 2627 3453 mundos
2658 3382 2941 3463 faciem,
2979 3405 3142 3452 cae-

585 3470 688 3542 cis
735 3471 960 3541 visum
1012 3472 1401 3554 restituenS,
1453 3471 1740 3543 claudos
1788 3471 1871 3541 ad
1923 3472 2345 3542 currendum
2396 3471 2748 3563 expeditos
2802 3470 3130 3554 reddens,

585 3559 794 3632 corda
824 3558 1124 3647 denique
1150 3573 1216 3631 et
1243 3562 1516 3631 animos
1553 3559 2045 3633 imbecilliores
2076 3561 2526 3631 confirmans.
2709 3622 2721 3635 ,

672 3651 711 3738 ἓ
755 3653 842 3724 4.
897 3652 1055 3719 Erat
1098 3653 1241 3721 una
1286 3672 1449 3722 cum
1486 3649 2004 3721 Bartholomaeo
2042 3663 2107 3719 et
2140 3651 2383 3721 beatus
2416 3649 2533 3719 ille
2570 3648 2934 3741 Apostolus
2972 3649 3142 3719 Phi-

585 3736 845 3840 lippuS,
880 3759 1014 3828 quo
1045 3760 1206 3809 cum
1242 3738 1461 3809 multo
1502 3751 1632 3810 tem
1736 3761 1807 3809 re
1842 3736 2159 3808 divinum
2192 3739 2639 3829 Evangelium
2681 3736 3133 3830 praedicavit.

581 3831 667 3898 Hi
713 3849 875 3898 cum
925 3828 995 3897 in
1044 3829 1286 3898 urbem
1336 3828 1631 3919 Hierapo
1663 3829 1758 3897 im
1816 3827 2184 3909 venissent,
2246 3828 2361 3898 cui
2424 3828 2620 3919 prius
2680 3848 2929 3897 nomen
2989 3838 3143 3897 erat

582 3917 1022 4008 Ophioryme‚
1078 3916 1333 3987 multas
1378 3938 1774 3997 aerumnas,
1827 3928 1894 3985 et
1939 3917 2290 3987 cruciatus
2333 3939 2467 3987 non
2507 3916 2886 3987 mediocres
2919 3917 3139 3986 susti-

583 4018 906 4088 nuerunt,
961 4027 1122 4076 cum
1170 4005 1325 4094 ejus
1371 4006 1668 4076 civitatis
1716 4003 2032 4075 homines
2081 4006 2355 4076 violenti
2404 4018 2655 4087 essent,
2693 4016 2759 4075 et
2795 4004 2994 4075 valde
3027 4006 3143 4075 in·

582 4095 907 4164 humani:
960 4095 1130 4186 quip
1184 4118 1222 4165 e
1253 4096 1373 4183 qui
1423 4095 1726 4186 viperam
1777 4091 2000 4165 colere
2048 4107 2566 4176 consueverant,
2621 4115 2961 4164 venenum
3012 4117 3139 4184 pe-

580 4184 891 4254 stiferum
941 4195 1008 4253 et
1055 4118 1324 4265 letssale,
1380 4192 1708 4271 tan‘quam
1759 4183 2064 4254 fructum
2112 4184 2414 4272 aliquem
2475 4183 2953 4275 percipientes.
3022 4183 3136 4254 Illi

577 4272 1041 4343 cum·divinos
1070 4272 1426 4362 Apostolos
1460 4272 1811 4355 vidissent,
1856 4272 2177 4344 dicebant
2218 4295 2468 4344 novum
2503 4272 2872 4361 quemdam
2914 4276 3135 4341 Deum

579 4361 664 4430 ab
717 4359 853 4432 illis
902 4362 1245 4443 nunciari‚
1299 4375 1362 4431 et
1408 4385 1448 4431 a
1497 4375 1716 4433 vetere
1762 4362 1954 4433 cultu
2004 4365 2191 4453 ipsos
2221 4363 2457 4443 averti,
2496 4377 2701 4450 atque
2740 4384 2779 4431 a
2822 4362 3136 4453 paternis

583 4449 1064 4520 traditionibus
1085 4450 1485 4521 abalienari.
1515 4454 1976 4535 Quamobrem
2003 4475 2162 4523 cum
2189 4475 2438 4525 manus
2466 4452 2534 4522 in
2559 4474 2675 4525 eos
2696 4450 3124 4542 injecissent.
