3308 5004
195 300 415 368 AUG.
471 301 555 369 30
1098 317 1179 363 na
1227 316 1282 364 s.
1335 315 1497 364 Rosa
1548 315 1718 393 ymo.
1772 316 1902 362 Lm.
2567 300 2695 366 775
2780 288 2787 293 ’

321 406 358 491 ἓ
405 408 558 477 54.
610 400 881 473 Interea
951 400 1214 471 Limam
1267 421 1633 489 pervenere
1679 397 1943 470 litterae
2005 399 2218 489 hujus
2266 412 2541 473 sauctae
2594 403 2789 473 Sedis

217 490 695 583 apostolicae,
747 504 826 562 ut
869 512 949 561 ex
996 488 1299 560 formula
1337 512 1378 560 a
1426 489 1961 580 congregatione
2024 488 2308 560 Rituum
2367 492 2794 582 praescripta

198 578 201 587 ’
242 581 810 652 examinarentur
859 588 1057 651 testes
1105 577 1194 647 de
1235 578 1377 648 vita
1421 592 1488 648 et
1532 579 1743 669 gestis
1797 577 2008 679 hujus
2054 578 2347 648 ancillae
2395 581 2553 661 Dei,
2652 581 2795 652 uod

242 682 563 760 coeptum
594 691 779 739 anno
809 668 1077 739 Domini
1128 689 1400 746 ποια,
1435 668 1525 738 ob
1557 666 2073 736 multitudinem
2116 668 2418 750 testium,
2455 670 2579 756 qui
2632 692 2798 741 uere

245 780 536 829 numero
576 771 851 829 centum
901 758 1301 847 octuaginta
1334 771 1491 837 tres,
1526 778 1667 825 non
1715 757 1934 846 potuit
1966 754 2227 827 absolvi
2269 757 2411 827 nisi
2454 757 2524 826 in
2560 780 2797 830 mense

237 849 446 935 majo,
500 868 685 917 anno
718 866 1045 916 uncxxxn.
1080 850 1293 916 Fuere
1341 867 1466 937 pro
1505 845 1893 914 visitatione
1942 845 2393 932 reliquiarum
2445 852 2661 916 Rosae
2708 846 2797 919 de

251 958 441 1007 more
499 935 811 1028 deputati
860 937 1324 1026 inspectoreS,
1376 934 1498 1022 qui
1560 938 1798 1026 aperta
1861 937 2023 1004 arca
2086 935 2315 1025 lignea
2393 949 2799 1027 repererunt

243 1025 633 1116 virgineum
662 1024 1157 1115 corpusculum
1193 1034 1345 1114 post
1368 1023 1688 1111 quintum
1727 1022 2075 1093 decimum
2107 1022 2450 1115 expletum
2483 1023 2571 1094 ab
2600 1024 2796 1096 obitu

232 1135 528 1195 annum,
582 1114 1017 1205 consumptis
1065 1112 1518 1194 indumentis,
1571 1111 1849 1183 ossibus
1896 1112 2183 1202 integris
2228 1126 2294 1181 et
2330 1112 2560 1182 adhuc
2609 1114 2794 1185 sicca

239 1203 405 1273 hinc
455 1202 617 1272 inde
665 1225 871 1273 carne
917 1200 1260 1283 obductis,
1295 1224 1474 1289 quae
1520 1201 1799 1285 odorem
1853 1221 2167 1271 rosarum
2215 1201 2651 1272 exhalabant.

319 1294 362 1380 ἕ
405 1294 559 1367 55-
616 1290 930 1362 Maximis
979 1290 1202 1382 signis
1229 1291 1586 1362 ostendere
1619 1289 1836 1361 voluit
1857 1288 2294 1381 omnipotens
2345 1296 2544 1372 Deus,
2578 1313 2788 1381 quem

242 1378 544 1451 sublime
576 1379 837 1469 gloriae
923 1380 1169 1449 radum
1212 1380 1281 1448 in
1318 1379 1528 1449 coelis
1575 1379 1879 1448 obtineat
1925 1383 2127 1460 Rosa,
2180 1400 2473 1467 quorum
2526 1380 2647 1450 illa
2677 1402 2790 1450 ce·

235 1467 611 1538 leberrima
647 1480 710 1537 et
758 1403 1001 1538 cregra
1048 1468 1262 1547 suere,
1317 1490 1494 1556 quae
1522 1467 1696 1536 coeli
1745 1479 2098 1554 terraeque
2138 1468 2551 1538 creationem
2601 1491 2793 1539 exce-

239 1557 438 1637 dunt,
490 1558 972 1626 conversiones
1004 1556 1267 1626 scilicet
1347 1569 1763 1637 eccatorum,
1798 1578 1974 1643 quae
2001 1577 2042 1626 a
2065 1560 2199 1626 Deo
2225 1557 2548 1647 precibus
2578 1558 2791 1649 hujus

232 1644 522 1734 virginis
569 1645 883 1725 obtentae
915 1646 1227 1734 insignes
1306 1657 1579 1715 uerunt.
1637 1644 1735 1713 Ad
1782 1644 2009 1715 solum
2050 1645 2236 1714 enim
2297 1645 2587 1737 virginei
2634 1668 2788 1716 cor-

232 1732 510 1824 pusculi
557 1746 950 1804 contactum
999 1734 1071 1802 in
1143 1733 1387 1804 feretro
1437 1733 1942 1891 qiuamplurimi
2020 1734 2400 1823 repentinis
2448 1756 2791 1825 compun-

233 1821 481 1891 ctionis
528 1822 832 1899 stimuli-s
882 1824 974 1893 ita
1011 1822 1203 1892 fuere
1251 1844 1458 1915 percu
1493 1823 1573 1904 si,
1613 1834 1691 1891 ut
1739 1823 1967 1893 statim
2016 1822 2215 1892 elatis
2264 1822 2549 1894 vocibus
2601 1824 2790 1894 dete-

235 1911 392 1980 stati
439 1909 697 1982 fuerint
744 1934 870 1982 sua
918 1911 1199 1993 scelera,
1240 1922 1769 2002 prorumpentes
1799 1912 1868 1979 in
1900 1911 2359 2000 lacrymosam
2408 1911 2790 1983 criminum

234 1998 734 2069 confessionem
764 2055 779 2082 ,
833 2000 1192 2082 audiente,
1274 2011 1622 2090 spectante
1669 2011 1735 2069 et
1785 2000 2077 2071 mirante
2127 1999 2428 2070 maximi
2485 2002 2791 2072 circum-

238 2088 570 2158 stantium
607 2088 834 2159 turba.
889 2095 1096 2159 Mater
1137 2090 1448 2190 virginiS,
1505 2089 1717 2158 Maria
1748 2088 1835 2160 de
1880 2089 2094 2171 Oliva,
2149 2110 2385 2160 coram
2426 2088 2792 2181 judicibus

235 2177 584 2247 recensuit
614 2190 766 2268 post
810 2179 1134 2265 exequias
1182 2178 1365 2248 filiae
1412 2177 1808 2268 complures
1855 2178 1943 2247 ad
1989 2200 2061 2249 se
2108 2178 2384 2248 devotas
2419 2181 2792 2250 accessisse

235 2288 566 2355 personas
621 2267 824 2335 etiam
879 2267 1235 2357 religiosas
1290 2279 1490 2336 antea
1557 2268 1829 2355 ignotas
1876 2266 2145 2336 liberali
2208 2266 2522 2337 subsidio
2587 2289 2791 2339 suam

235 2368 605 2446 egestatem
656 2354 1116 2437 sublevantes,
1169 2368 1234 2425 et
1281 2355 1679 2446 profitentes
1728 2377 1801 2423 se
1866 2354 2124 2426 tributa
2173 2355 2791 2447 pendere,virgini

235 2448 480 2523 Rosae,
536 2443 740 2544 cujus
790 2444 1401 2516 intercessionibus
1476 2444 1657 2514 vitae
1716 2465 1883 2514 suae
1941 2445 2277 2536 optimam
2342 2446 2821 2515 mutationem

234 2532 484 2602 debere
532 2535 863 2602 sciebant.
941 2533 1505 2603 Bartholomaeus
1571 2534 1931 2614 Martinez,
1987 2534 2316 2622 quondan
2384 2534 2597 2625 hujus
2654 2535 2795 2603 vir-

236 2623 426 2712 ginis
469 2621 959 2704 confessariuS,
993 2644 1077 2693 ex
1122 2625 1309 2692 certa
1357 2622 1643 2692 scientia
1675 2623 1945 2712 aperuit
1977 2624 2044 2692 in
2085 2623 2378 2714 judicio,
2414 2623 2793 2712 quemdam

286 2710 640 2801 rofligatae
688 2711 862 2781 vitae
911 2711 1301 2793 hominem,
1371 2711 1781 2802 longissima
1844 2733 2187 2782 annorum
2238 2712 2415 2782 serie
2464 2712 2797 2803 sacrilege

266 2811 781 2887 requentantem
832 2812 1285 2881 sacramenta,
1341 2805 1560 2870 Rosae
1599 2799 1748 2887 Jam
1801 2801 2178 2871 tumulatae
2226 2800 2556 2891 precibus
2603 2822 2790 2872 com-

236 2887 645 2958 mendatum
694 2887 933 2969 fuisse,
985 2900 1051 2958 et
1101 2911 1256 2958 mox
1317 2888 1516 2959 illum
1569 2889 1869 2960 sensisse
1915 2890 2190 2959 divinae
2238 2890 2499 2980 gratiae
2548 2889 2799 2960 motio-

239 2997 425 3058 nem,
460 2999 597 3064 qua
644 2999 762 3047 cor
807 2978 958 3065 ejus
1005 2977 1396 3064 liquescens
1444 2977 1835 3067 generalem
1885 2979 2093 3048 totius
2133 2979 2311 3048 vitae
2361 2978 2795 3080 exomologe-

242 3066 377 3135 sim
425 3066 860 3136 amarissime
895 3065 1199 3157 perfecit,
1234 3079 1300 3136 et
1346 3066 1520 3136 adeo
1561 3067 2055 3137 conscientiam
2089 3068 2243 3154 ejus
2287 3067 2492 3137 timor
2527 3066 2799 3137 Dommi

237 3154 561 3244 pervasit,
616 3167 693 3224 ut
723 3154 1166 3246 postmodum
1216 3175 1695 3244 quoscumque
1741 3155 2433 3243 defectustamquam
2466 3178 2800 3248 pergran-

236 3242 360 3312 des
407 3265 726 3313 excessus
773 3245 1006 3313 eluere
1035 3243 1408 3314 festinaret.
1442 3249 1716 3315 Constat
1753 3246 1959 3314 etiam
2001 3245 2178 3315 duas
2218 3247 2590 3335 probrosae
2621 3246 2798 3316 vitae

235 3333 654 3434 peccatrices
678 3332 765 3402 ad
795 3338 1012 3403 Rosae
1051 3333 1262 3424 huJus
1302 3332 1713 3403 odoriferam
1754 3333 2009 3403 famam
2046 3345 2500 3425 compunctas
2537 3336 2794 3426 jugum

232 3420 663 3511 lmpuritatis
709 3421 999 3492 feliciter
1043 3423 1451 3505 excussisse,
1506 3434 1570 3492 et
1614 3422 1682 3491 in
1715 3421 1890 3494 calle
1942 3423 2214 3493 virtutis
2276 3435 2670 3495 constanter
2716 3422 2802 3492 fi-

233 3511 426 3581 xisse
478 3509 744 3599 pedem.

209 3671 220 3676 ,
328 3601 364 3684 ξ
411 3604 572 3671 ὅθ.
627 3599 977 3670 Limenses
1008 3611 1073 3670 et
1119 3600 1238 3670 alii
1275 3600 1342 3668 in
1375 3600 1697 3669 universa
1730 3601 2041 3671 Peruana
2085 3601 2365 3690 regione
2403 3621 2801 3670 sacramen·
2877 3628 2883 3634 ·

236 3686 400 3758 talis
432 3687 888 3778 poenitentiae
933 3689 1260 3771 ministri,
1305 3690 1838 3759 communicatis
1883 3689 2184 3769 indiciis,
2224 3689 2602 3780 generatim
2655 3700 2803 3758 stu-

242 3798 458 3865 puere
496 3776 579 3845 de
622 3780 809 3846 tanta
857 3779 1236 3847 mutatione
1304 3799 1572 3848 morum
1627 3778 1697 3846 in
1762 3778 2015 3868 populo
2068 3801 2109 3847 a
2156 3779 2269 3848 die
2315 3799 2453 3868 qua
2510 3782 2687 3847 Rosa
2730 3776 2803 3845 in

242 3865 485 3955 sponsi
526 3865 634 3935 sui
689 3865 1006 3954 paradiso
1055 3878 1324 3956 recepta
1375 3865 1526 3947 tuin
1583 3887 1743 3936 nam
1794 3867 2105 3936 certatim
2157 3867 2482 3949 feminae,
2538 3865 2806 3954 abjecto

207 3961 212 3964 ’
242 3953 538 4032 vestium
573 3954 762 4034 ium,
793 3954 1242 4044 simplicioris
1279 3955 1650 4025 modestiae.
1686 3956 2003 4026 habitum
2030 3955 2290 4045 ubique
2321 3967 2799 4047 sumpserunt,

245 4042 670 4132 regularium
711 4043 1014 4113 claustra
1061 4045 1369 4114 cruentis
1418 4044 1852 4135 flagellorum
1905 4044 2161 4117 ictibus
2208 4045 2521 4134 undique
2568 4044 2810 4134 poeni-

245 4130 526 4200 tentiam
581 4132 1016 4203 resonabant.
1063 4133 1353 4220 Fuitque
1402 4146 1541 4203 tam
1593 4133 1872 4224 publice
1921 4147 2159 4204 notum
2197 4134 2326 4204 hoc
2377 4132 2801 4225 prodigium,

245 4230 323 4285 ut
356 4218 425 4287 in
474 4220 1288 4309 tribunalijurejurando
1326 4234 1672 4293 assertum
1699 4223 1931 4304 fueri-t,
1960 4246 1998 4293 a
2032 4236 2339 4314 tempore
2357 4243 2495 4325 quo
2520 4221 2809 4293 Peruvria

251 4308 506 4377 nostris
533 4310 795 4380 detecta
843 4309 998 4391 suit,
1053 4310 1327 4382 nullum
1363 4327 1675 4399 unquam
1705 4313 1802 4384 ibi
1850 4312 2188 4383 claruisse
2210 4323 2800 4400 concionatorem,
2886 4361 2889 4366 -

248 4396 370 4482 qui
414 4408 504 4469 tot
550 4421 629 4468 ac
691 4399 898 4471 tantis
947 4398 1250 4471 stimulis
1305 4410 1546 4492 gentes
1594 4399 1755 4470 illas
1798 4401 1885 4470 ad
1938 4401 2254 4474 virtutem
2305 4399 2692 4492 impulerit,
2744 4409 2812 4468 et
