3308 5004
223 332 410 400 AUG.
469 332 538 397 Μ
801 349 880 398 nit
928 349 983 399 s.
1037 346 1328 398 susum
1375 350 1545 399 vnio.
1598 351 1791 401 nar.
1844 350 1972 400 cuir
2019 348 2221 400 sociis
2547 334 2669 400 25⁴

225 434 555 506 Claudius
609 433 824 504 dixit:
894 457 930 502 «
973 438 1022 504 E
1076 433 1306 506 uidem
1371 435 1859 526 poenitentiam
1910 457 2086 527 ago,
2138 434 2320 524 quod
2387 435 2768 594 praeceptis

224 523 562 616 principis
593 523 919 603 serviens,
972 543 1008 593 e
1066 522 1182 593 udi
1232 524 1643 616 sanguinem
1682 524 2183 605 innocentium,
2234 537 2300 595 et
2346 525 2769 595 Ciristianos

220 611 635 694 excruciavi,
690 613 959 682 tametsi
993 611 1063 681 id
1101 611 1430 703 ignorans
1462 612 1615 684 feci.
1649 635 1686 680 »
1721 613 2057 684 Maximus
2094 612 2309 684 dixit:
2359 634 2395 680 «
2433 614 2765 685 Dominus

216 723 421 773 meus
469 700 932 772 Diocletianus
979 700 1299 802 princeps
1344 722 1424 772 eo
1482 714 1542 771 te
1597 700 1867 783 direxit,
1921 714 1998 773 ut
2045 701 2309 772 Caesari
2351 714 2417 772 et
2463 706 2768 793 Augusto

220 789 636 860 Maximiano
683 788 896 859 filiam
956 789 1230 859 Gabinii
1283 788 1517 860 fratris
1563 791 1778 861 nostri
1818 811 2097 861 uxorem
2166 790 2575 860 adcisceres.
2628 795 2769 862 Hoc

222 880 436 969 igitur
478 899 607 970 ego
663 899 825 948 cum
886 877 1141 969 gaudio
1204 878 1555 966 inquirere
1605 879 1827 969 coepi,
1884 877 2447 979 quandoquidem
2499 891 2765 950 tantum

223 968 420 1039 nobis
452 966 865 1037 beneficium
914 966 1219 1049 offertur,
1263 979 1342 1038 ut
1380 988 1601 1068 genus
1648 982 1961 1039 nostrum
2014 984 2230 1057 possit
2267 967 2505 1058 augeri
2554 967 2771 1039 subli-

225 1056 482 1139 mitate,
537 1077 623 1126 ne
670 1066 1026 1146 separetur
1058 1078 1097 1126 a
1128 1066 1536 1147 cognatione
1581 1056 1963 1126 communi.
2016 1061 2114 1126 Tu
2164 1077 2323 1126 vero
2373 1077 2558 1127 nunc
2606 1055 2771 1126 talia

217 1144 395 1216 milii
422 1147 979 1216 commemoras?
1013 1166 1050 1210 »
1083 1143 1413 1215 Claudius
1444 1144 1797 1236 respondit
1830 1166 1845 1212 :
1882 1168 1918 1213 «
1953 1149 2091 1233 Ego
2131 1143 2611 1216 charissimam
2641 1144 2765 1215 do-

217 1234 483 1304 minam
534 1245 601 1303 et
649 1246 917 1323 neptem
972 1254 1192 1304 meam
1225 1286 1242 1312 ,
1298 1233 1383 1303 de
1436 1255 1571 1322 qua
1623 1231 1947 1304 mandata
1995 1233 2212 1305 habui
2258 1254 2298 1304 a
2347 1232 2766 1304 Diocletiano

220 1326 551 1412 Augusto,
585 1322 845 1393 accessi
875 1333 939 1390 et
972 1320 1361 1412 appellavi:
1413 1321 1530 1392 sed
1582 1322 1993 1393 invenieam
2045 1334 2381 1403 sanctam,
2420 1321 2767 1412 praeclare

222 1408 1191 1570 sapientemgfulchritudine
1222 1410 1565 1502 insignem
1607 1421 1676 1481 et
1708 1416 1839 1482 Deo
1876 1422 2151 1481 aeterno
2182 1410 2523 1481 dicatam:
2561 1422 2768 1498 atque

216 1521 343 1591 per
377 1521 529 1571 eam
570 1520 607 1568 r
697 1510 971 1589 emptus
1020 1520 1174 1570 sum
1229 1520 1267 1568 a
1318 1499 1617 1590 pcccatis
1651 1500 1846 1570 meis.
1886 1504 1965 1570 Et
2010 1511 2088 1570 ut
2140 1499 2319 1569 scias
2357 1503 2566 1569 Deum
2618 1520 2769 1570 om-

216 1589 637 1679 nipotentem
671 1608 872 1678 posse
892 1608 1133 1658 omnes
1166 1587 1483 1659 homines
1508 1587 1797 1670 salvare,
1827 1610 2070 1659 eamus
2102 1587 2188 1658 ad
2225 1587 2508 1657 domum
2539 1586 2770 1658 fratris

219 1678 439 1748 nostri
485 1689 550 1747 et
609 1676 823 1767 patris
877 1675 1151 1747 Gabinii
1210 1677 1586 1767 presbyteri
1635 1698 1780 1747 una
1831 1689 2049 1758 nocte,
2103 1689 2170 1747 et
2218 1675 2481 1748 videbis
2528 1675 2765 1747 lumen

215 1778 601 1836 aeternum.
634 1788 672 1832 »
704 1764 1042 1835 Maximus
1073 1765 1212 1835 ait:
1272 1786 1310 1832 «
1363 1765 1705 1853 Quicquid
1741 1766 1909 1836 mibi
1946 1764 2224 1846 dixeris,
2267 1763 2541 1835 faciam.
2597 1787 2635 1832 »

303 1857 341 2012 ῗ
389 1857 547 1925 10.
598 1853 847 1924 Eadem
905 1866 1098 1924 nocte
1152 1865 1485 1924 venerunt
1539 1853 1623 1924 ad
1682 1874 1885 1925 arcus
1947 1866 2178 1942 portae
2231 1853 2535 1924 Salariae
2571 1853 2767 1944 juxta

218 1964 303 2033 pa
335 1942 554 2012 atium
614 1941 938 2022 Salustii,
1010 1941 1131 2012 ubi
1188 1942 1511 2012 manebat
1557 1942 1892 2014 Gabinius
1941 1942 2344 2033 presbyter:
2398 1943 2512 2013 cui
2560 1942 2766 2013 etiam

216 2030 630 2103 nunciatum
676 2042 801 2111 est,
844 2030 1205 2100 Claudium
1252 2043 1319 2101 et
1366 2031 1735 2104 Maximum
1789 2031 2030 2102 fratres
2076 2032 2230 2121 ejus
2260 2042 2438 2101 stare
2475 2053 2635 2121 prae
2668 2030 2771 2100 fo-

220 2120 460 2203 ribus,
534 2140 691 2190 eum
768 2117 1065 2189 salutare
1130 2140 1219 2189 cu
1274 2119 1512 2190 ieiiteS.
1587 2120 1923 2191 Gabinius
1990 2120 2347 2211 presbyter
2406 2119 2543 2190 illis
2614 2140 2769 2190 mox

224 2207 548 2289 occurrit,
585 2221 651 2278 et
682 2207 1060 2278 introduxit
1092 2207 1159 2277 in
1259 2228 1497 2280 omum
1548 2231 1773 2279 suam.
1828 2213 2133 2297 Cumque
2181 2207 2473 2298 ingressi
2512 2220 2763 2288 esseut,

220 2297 436 2368 dixit:
474 2300 808 2367 Oremus:
862 2295 1143 2384 illisque
1191 2296 1385 2367 humi
1441 2298 1822 2388 prostratis,
1877 2298 2008 2367 ait:
2064 2297 2346 2368 Domine
2396 2302 2592 2377 Deus,
2646 2296 2766 2385 qui

220 2386 533 2473 dispersa
579 2405 983 2477 congregas,
1036 2396 1102 2454 et
1132 2387 1546 2477 congregata
1596 2385 1905 2477 respicis,
1959 2385 2228 2474 respice
2272 2385 2341 2456 in
2378 2405 2585 2475 opera
2621 2406 2768 2454 ma-

224 2496 446 2547 nuum
510 2486 788 2546 tuarum
820 2528 835 2554 ‚
895 2484 964 2545 et
1016 2472 1338 2549 illumina
1383 2494 1626 2546 omnes
1674 2475 1743 2545 in
1795 2486 1859 2545 te
1912 2473 2307 2545 credentes:
2359 2473 2523 2562 quia
2573 2485 2649 2545 tu
2695 2493 2768 2544 es

225 2564 460 2635 lumen
512 2585 749 2633 verum
804 2563 874 2632 in
926 2561 1158 2633 secula
1207 2562 1627 2635 seculorum.
1667 2570 1797 2634 Res
1850 2562 2490 2644 onderuntomnes,
2526 2567 2763 2642 Amen:

216 2664 718 2743 surgentesque
777 2674 819 2722 a
880 2664 1105 2732 terra,
1161 2664 1402 2723 mutuo
1463 2673 1535 2723 se
1598 2674 1803 2743 comp
1832 2663 2157 2724 ectuntur
2219 2665 2284 2721 et
2330 2650 2759 2723 osculantur.

216 2741 547 2813 Claudius
593 2752 823 2811 autem
873 2763 1034 2812 cum
1132 2739 1342 2811 audio
1391 2740 1838 2811 osculabatur
1885 2740 2094 2830 pedes
2140 2739 2436 2812 Gabinii.
2491 2740 2563 2810 Id
2621 2761 2769 2810 cer·

214 2852 391 2901 nens
424 2829 785 2910 Maximus,
838 2828 1107 2899 admira
1160 2842 1338 2909 atur,
1380 2829 1757 2917 orabatque
1793 2840 1871 2901 ut
1900 2834 2218 2901 Susanna
2247 2829 2318 2900 in
2356 2828 2577 2920 ipsius
2605 2850 2769 2900 cou-

211 2931 527 3010 spectum
578 2919 861 2989 veniret.
913 2922 1279 3010 Ingressus
1331 2917 1548 3009 igitur
1592 2918 1929 2990 Gabinius
1993 2920 2060 2988 in
2110 2918 2260 3008 ejus
2306 2917 2710 2989 cubiculum
2744 2972 2760 2999 ,

215 3007 481 3079 vocavit
515 3029 695 3078 eam.
730 3006 857 3077 Illa
888 3005 1251 3095 egrediens
1288 3019 1355 3078 et
1386 3007 1757 3078 Dominum
1806 3005 2129 3091 adorans,
2163 3006 2336 3097 dixit
2377 3006 2555 3097 patri
2593 3025 2760 3077 suo:

114 3098 119 3109 '
210 3096 575 3188 Impertire
638 3096 837 3168 nobis
898 3093 1471 3167 benedictionem.
1524 3096 1620 3166 Ad
1670 3096 1824 3186 ejiis
1869 3117 2032 3188 ergo
2098 3095 2469 3166 adventum
2522 3116 2766 3166 rursus

211 3185 431 3255 oravit
470 3184 807 3256 Gabinius
861 3185 1241 3275 presbyter,
1294 3183 1390 3255 ita
1436 3183 1723 3257 dicens:
1778 3189 1911 3255 Pax
1961 3185 2160 3255 nobis
2208 3184 2503 3255 donetur
2548 3205 2589 3253 a
2640 3189 2767 3254 Do-

211 3275 404 3344 mino
439 3278 608 3345 Jesu
638 3273 927 3354 Christo,
963 3273 1084 3361 qui
1126 3272 1288 3344 vivit
1318 3285 1385 3344 et
1421 3285 1668 3363 regnat
1713 3295 1869 3344 cum
1910 3276 2043 3343 Deo
2071 3278 2267 3344 Patre
2299 3273 2771 3363 omnipotente

209 3362 278 3432 in
324 3361 563 3434 secula
594 3361 1011 3433 seculorum.
1044 3364 1298 3432 Omnes
1330 3361 1861 3452 responderunt,
1892 3366 2127 3431 Amen.
2167 3362 2508 3433 Maximus
2534 3372 2761 3431 autem

211 3471 501 3521 cernens
540 3450 611 3520 in
655 3455 973 3522 Susanna
1018 3450 1473 3521 constantiam
1526 3449 1942 3521 humilitatis
1972 3462 2044 3521 et
2086 3450 2562 3533 verecundiae,
2615 3450 2767 3542 ejus

211 3538 681 3640 apprehensas
726 3559 982 3609 manus
1027 3538 1498 3610 osculabatur.
1535 3539 1665 3610 Illa
1712 3559 1872 3609 vero
1907 3538 1978 3608 id
2017 3539 2411 3641 respuebat.
2457 3545 2767 3627 Cumque

215 3627 334 3699 diu
374 3649 540 3718 prae
590 3627 799 3698 audio
847 3627 1111 3709 flerent,
1159 3628 1566 3698 nunciatum
1599 3639 1702 3699 est
1732 3632 1798 3699 S.
1839 3627 1999 3716 Cajo
2030 3633 2390 3721 Episcopo,
2428 3629 2548 3716 qui
2570 3628 2767 3715 juxta

218 3650 690 3787 habitacufum
725 3715 1055 3786 ecclesiae
1085 3769 1105 3798 ,
1152 3737 1364 3804 quam
1417 3716 1566 3806 ipse
1610 3716 2017 3788 condiderat
2053 3739 2265 3810 prope
2316 3717 2596 3789 Salustii
2650 3737 2769 3807 pa-

215 3802 483 3881 latium,
524 3807 947 3876 morabatur.
1889 3865 1898 3875 .

300 3895 336 3980 §
377 3897 512 3967 u.
568 3893 713 3974 Ille,
757 3892 940 3981 quod
986 3905 1292 3994 speraret
1334 3892 1419 3963 ad
1476 3892 1779 3984 palmam
1833 3894 2145 3984 martyrii
2195 3915 2268 3963 se
2321 3894 2573 3973 vocari,
2629 3891 2764 3963 cito

214 3982 600 4072 properavit
644 3981 731 4052 ad
764 3981 1037 4053 Gabinii
1068 3981 1295 4061 aedes,
1332 4003 1586 4069 easque
1617 3995 1805 4053 tanto
1834 4005 1994 4052 cum
2031 3981 2373 4053 desiderio
2407 3982 2764 4072 ingressus

208 4083 338 4151 est,
376 4083 447 4141 ut
480 4071 565 4142 ad
608 4071 763 4142 e‘us
792 4082 1241 4161 conspectum
1277 4091 1520 4141 omnes
1552 4070 1880 4142 caderent
1922 4071 1993 4141 in
2046 4071 2544 4161 pavimentum.
2587 4068 2765 4140 Dixit

206 4171 438 4229 autem
488 4159 576 4230 ad
626 4095 828 4231 iilos:
883 4164 960 4230 In
1013 4159 1293 4230 nomine
1343 4160 1615 4230 Domini
1663 4159 1903 4231 auimo
1949 4172 2342 4232 constantes
2388 4169 2646 4229 estote:
2696 4169 2765 4229 et

204 4246 616 4349 subjunxit:
693 4253 1035 4321 Oremus:
1110 4246 1399 4319 Domine
1460 4251 1640 4319 Deus
1709 4253 1907 4318 Pater
1976 4248 2251 4318 Domini
2316 4246 2532 4318 nostri
2596 4252 2765 4318 Jesu

203 4336 505 4422 Christi,
563 4338 683 4426 qui
740 4336 1067 4408 omnibus
1114 4336 1197 4407 ad
1241 4335 1535 4407 salutem
1582 4349 1649 4407 et
1699 4336 1908 4407 vitam
1959 4349 2306 4408 aeternam
2352 4336 2600 4409 misisti
2638 4341 2764 4407 Do-

211 4427 488 4498 minum
565 4436 879 4499 nostrum
938 4425 1172 4497 Jesuni
1238 4424 1632 4506 Christum,
1710 4438 1789 4496 ut
1849 4446 1976 4497 nos
2045 4447 2084 4497 e
2154 4424 2400 4498 mundi
2467 4425 2763 4497 tenebris
