3308 5004
736 369 868 434 422
1330 385 1411 433 m:
1457 385 1515 434 s.
1565 382 1874 433 Lunovico
1920 382 2121 433 msc.
2170 383 2493 434 romsmo
2863 367 3054 435 AUG.
3122 370 3205 436 ⁴9

650 469 1044 540 innocentia
1072 469 1142 539 in
1183 468 1411 540 medio
1447 467 1700 539 domus
1726 490 1915 551 suae,
1950 467 2038 539 ad
2073 473 2289 540 Deum
2330 490 2535 540 suum
2573 469 3205 561 contemplandum

653 559 727 628 in
752 558 1031 650 gaudio,
1062 557 1235 629 facie
1267 559 1561 628 revelata
1585 558 1651 627 in
1673 580 1798 627 sua
1816 558 2210 628 innocentia
2226 569 2328 629 est
2348 559 2730 649 ingressus.
2750 564 3000 630 Verum
3024 561 3206 647 quia

652 647 936 717 decebat
983 647 1279 718 multum
1328 646 1601 717 divinae
1648 647 2202 737 magnitudinem
2251 647 2577 717 bonitatis
2606 702 2622 728 ,
2690 647 2873 735 quod
2931 648 3154 719 illum
3187 705 3202 730 ,

652 756 859 824 quem
893 736 962 805 in
998 735 1221 819 terris,
1257 735 1488 826 ipsum
1534 735 1905 827 praeclaris
1937 735 2340 807 adornando
2375 735 2767 819 virtutibuS,
2823 758 2987 809 suae
3017 737 3207 807 ima-

654 825 802 916 gini
857 823 1105 896 fecerat
1144 837 1281 894 tam
1321 823 1785 906 conformem,
1826 846 2061 896 secum
2102 823 2490 895 ostenderet
2528 846 2816 917 regnare
2863 826 2932 895 in
2981 827 3207 896 coelis

650 913 925 984 virtutis
957 935 1121 985 suae
1154 913 1602 985 testimoniis:
1653 913 1994 1002 quaedam
2048 934 2168 1004 per
2199 935 2359 984 eum
2412 913 2748 984 miracula
2779 916 3058 1006 operari
3098 915 3205 985 di-

652 1015 905 1093 gnatus
950 1014 1076 1084 est,
1112 1024 1290 1090 quae
1323 1001 1407 1072 ad
1440 1002 1662 1072 sancti
1709 1002 1923 1092 hujus
1968 1001 2458 1074 declarandam
2493 1001 2813 1094 gloriam,
2869 1026 3203 1095 praesen-

652 1091 842 1162 tibus
879 1089 1209 1163 duximus
1256 1091 1679 1162 annotanda.

740 1181 778 1268 ξ
822 1183 904 1252 S.
956 1179 1304 1262 Quaedam
1357 1201 1657 1267 namque
1702 1177 2000 1251 duorum
2049 1201 2394 1252 annorum
2445 1179 2699 1271 puella,
2761 1203 2938 1269 quae
2990 1181 3063 1250 vi
3114 1180 3204 1251 fe·
3299 1195 3300 1200 ’

648 1266 819 1349 bris,
871 1289 1081 1357 quam
1119 1290 1323 1359 passa
1349 1267 1480 1339 fuit
1508 1268 1784 1338 duobus
1817 1268 2196 1351 mensibus,
2248 1270 2624 1360 expiravit:
2676 1269 2854 1341 facto
2888 1280 3044 1341 voto
3081 1293 3204 1361 per

648 1369 913 1448 patrem
965 1370 1201 1427 sancto
1249 1357 1386 1439 isti,
1438 1355 1622 1445 quod
1654 1357 1789 1448 ipsi
1826 1356 2199 1449 imaginem
2235 1357 2321 1428 de
2352 1380 2508 1429 cera
2556 1358 2850 1440 offerret,
2886 1360 2945 1429 si
2979 1359 3198 1429 vitam

651 1467 694 1515 a
737 1449 869 1515 Deo
902 1444 1085 1515 filiae
1116 1467 1281 1517 suae
1312 1447 1732 1550 impetraret:
1780 1447 2206 1529 resuscitata,
2245 1446 2459 1518 ubera
2509 1449 2747 1518 matris
2782 1448 2988 1518 suxit.
3037 1449 3198 1531 Qui·

651 1533 814 1602 dam
848 1533 1050 1604 etiam
1085 1535 1394 1623 quinque
1440 1557 1784 1606 annorum
1827 1556 2021 1625 puer,
2087 1535 2515 1607 vehementia
2561 1535 2772 1606 febris
2824 1536 3198 1607 continuae

651 1622 793 1691 vita
840 1621 1144 1704 functuS‚
1182 1623 1360 1694 facto
1400 1637 1550 1695 voto
1582 1645 1706 1715 per
1744 1636 2032 1715 patrem,
2084 1638 2185 1695 est
2224 1624 2397 1694 vitae
2433 1625 2759 1716 pristinae
2807 1625 3194 1706 restitutus,

651 1732 781 1781 nec
814 1711 1037 1782 dictae
1068 1711 1278 1784 febris
1326 1713 1395 1781 in
1438 1734 1518 1782 eo
1558 1714 1884 1804 apparuit
1921 1712 2147 1784 ullum
2200 1713 2505 1804 signum.
2556 1713 2905 1797 Quaedam
2957 1713 3197 1804 puella

650 1821 998 1870 annorum
1040 1813 1325 1892 septem,
1376 1823 1553 1888 quae
1633 1823 1711 1871 er
1748 1803 2168 1892 septimanas
2217 1815 2352 1872 tres
2410 1800 2667 1872 febrem
2719 1824 2922 1894 passa
2969 1803 3197 1873 conti-

650 1910 891 1970 nuam,
920 1890 1277 1979 expiravit,
1318 1890 1493 1960 facto
1527 1913 1561 1960 a
1652 1890 1914 1960 dictum
1946 1902 2262 1961 sanctum
2302 1904 2452 1961 voto
2489 1912 2611 1981 per
2640 1913 2827 1973 suos,
2863 1891 3193 1983 spiritum

650 1979 1103 2068 recuperavit,
1140 1991 1207 2048 et
1236 1978 1496 2049 revixit.
1550 1978 1898 2062 Quaedam
1947 1979 2247 2068 denique
2296 1980 2569 2061 mulier,
2621 2003 2799 2069 quae
2828 1980 3005 2050 duas
3036 2003 3197 2051 con·

650 2078 923 2156 ceperat
954 2066 1157 2149 filias,
1196 2070 1338 2138 una
1365 2066 1638 2138 illarum
1673 2068 1742 2136 in
1776 2082 2006 2139 ventre
2049 2082 2339 2149 mortua,
2379 2090 2459 2138 ex
2496 2091 2663 2139 casu
2704 2069 2926 2139 dictae
2955 2069 3196 2139 matris

652 2153 738 2224 de
775 2155 1016 2237 asino,
1076 2169 1142 2226 et
1200 2156 1268 2224 in
1310 2157 1463 2247 ejus
1517 2169 1747 2227 ventre
1787 2179 1866 2226 ex
1917 2179 2110 2227 mora
2166 2157 2436 2227 diutina
2498 2157 2916 2248 putrefacta,
2970 2158 3193 2248 coepit

650 2245 1020 2402 ¹puuerperio
1056 2243 1386 2315 laborare.
1425 2250 1731 2332 Cumque
1767 2246 1995 2316 dictus
2029 2258 2267 2336 partus
2293 2245 2438 2334 jam
2479 2247 2799 2336 putridus
2829 2267 2951 2334 per
2979 2245 3194 2317 frusta

732 2332 895 2403 isset
917 2345 1283 2415 extractus,
1318 2347 1383 2404 et
1413 2333 1548 2404 alia
1580 2334 1725 2404 filia
1753 2346 2046 2417 mortua,
2076 2336 2224 2425 Jam
2256 2334 2503 2405 educta
2534 2348 2711 2407 esset
2742 2335 3186 2406 obstetricum

650 2421 1035 2494 ministerio
1083 2422 1434 2506 violenter,
1471 2436 1538 2493 et
1589 2425 1888 2516 projecta
1938 2424 2205 2495 stabulo
2239 2445 2450 2515 super
2476 2423 2764 2494 fimum:
2817 2423 3079 2493 emisso
3113 2421 3187 2494 ad

650 2510 880 2601 ipsum
914 2526 1152 2584 sancto
1185 2526 1360 2595 voto,
1397 2512 1581 2601 quod
1619 2514 1677 2585 si
1714 2526 1951 2605 partus
1983 2513 2098 2583 ille
2129 2525 2532 2604 resurgeret,
2577 2535 2787 2583 unam
2828 2513 2963 2583 sibi
2996 2534 3187 2583 cerae

648 2600 1025 2690 imaginem
1080 2613 1586 2691 praesentaret,
1662 2601 1892 2692 puella
1999 2602 2285 2692 alpitare
2342 2601 2612 2691 coepit,
2682 2614 2748 2672 et
2799 2602 3184 2691 baptizata,

649 2702 911 2779 septem
962 2690 1319 2761 mensibus
1357 2690 1757 2781 supervixit.
1795 2691 1924 2775 Qui
1978 2714 2088 2760 am
2123 2691 2327 2761 etiam
2380 2712 2551 2781 puer
2577 2690 2815 2760 aetatis
2845 2712 3186 2760 annorum
3299 2754 3300 2757 ,

651 2791 913 2868 septem
950 2833 965 2860 ‚
1020 2779 1186 2848 dum
1240 2780 1370 2850 sub
1418 2779 1635 2862 lecto,
1693 2781 1759 2849 in
1810 2801 1947 2867 quo
1995 2801 2156 2848 cum
2206 2780 2353 2851 suis
2400 2779 2674 2870 jacebat
2738 2779 3185 2869 parentibus,

649 2878 965 2957 repertus
1015 2880 1372 2951 mortuus,
1428 2868 1697 2959 rigidus
1745 2880 1809 2937 et
1855 2866 2150 2958 frigidus
2211 2867 2444 2954 aliquo
2502 2881 2806 2960 tempore
2857 2889 3190 3025 (perman-
3299 2902 3300 2909 κ

652 2955 898 3056 sisse-t,
953 2954 1128 3027 facto
1179 2979 1299 3048 per
1345 2970 1664 3048 parentes
1710 2956 1796 3026 ad
1846 2955 2035 3027 hunc
2084 2968 2399 3026 sanctum
2451 2969 2627 3039 voto,
2680 2956 2810 3026 fuit
2907 2957 3188 3026 ivinitus

653 3056 1051 3115 suscitatus,

741 3134 778 3218 ξ
825 3137 919 3202 9.
974 3132 1240 3203 Mulieri
1290 3133 1594 3215 cuidam,
1649 3155 1827 3221 quae
1873 3143 2153 3234 propter
2200 3132 2668 3204 vehementem
2718 3133 3188 3204 infirmitatem

652 3217 836 3289 diem
884 3234 1265 3291 extremum
1323 3221 1710 3303 clauserat,
1763 3243 2017 3291 emisso
2067 3243 2187 3311 per
2233 3242 2395 3294 suos
2460 3221 2546 3291 ad
2597 3235 2914 3292 sanctum
2982 3223 3184 3292 istum

649 3321 828 3390 voto,
880 3310 1034 3397 ejus
1066 3310 1328 3380 meritis
1363 3310 1627 3380 reddita
1660 3310 1788 3380 fuit
1835 3311 1994 3379 vita.
2048 3310 2398 3393 Quaedam
2437 3310 2667 3401 puella
2701 3306 2979 3392 nobilis,
3018 3330 3188 3399 quae

651 3418 731 3466 ex
786 3420 953 3468 casu
1000 3398 1084 3467 ad
1130 3412 1379 3468 terram
1430 3399 1516 3468 de
1555 3400 1845 3471 nutricis
1897 3399 2227 3481 brachiiS,
2287 3421 2407 3490 per
2456 3412 2606 3471 octo
2665 3422 2937 3469 menses
2992 3420 3190 3489 passa

653 3484 878 3556 fuerat
925 3486 1355 3569 surditatem,
1396 3487 1570 3557 facto
1603 3501 1754 3559 voto
1785 3487 1868 3558 ad
1909 3488 2337 3577 praedictum
2387 3504 2698 3559 sanctum
2744 3510 2866 3579 per
2899 3500 3182 3578 patrem,

653 3597 694 3644 a
739 3574 922 3645 dicta
971 3576 1303 3647 surditate
1350 3576 1437 3645 ad
1502 3576 1788 3677 plenum
1836 3577 2056 3647 extitit
2125 3575 2433 3647 liberata.
2487 3576 2782 3662 Quidam
2843 3598 3183 3665 namque,

652 3686 813 3733 cum
852 3676 1004 3755 post
1036 3664 1293 3735 febrem
1335 3677 1734 3735 continuam
1771 3665 2182 3756 perdidisset
2229 3665 2596 3753 loquelam,
2633 3677 2699 3735 et
2732 3665 2913 3737 sicut
2958 3678 3190 3736 mutus

651 3774 778 3844 per
838 3775 1145 3823 mensem
1216 3754 1562 3845 integrum
1634 3755 2180 3846 permansisset,
2243 3754 2589 3826 adductus
2643 3753 2730 3824 ad
2794 3754 3188 3843 sepulcrum

653 3842 876 3912 sancti
926 3841 1162 3933 hujus,
1219 3841 1350 3911 fuit
1397 3843 1652 3913 ibidem
1706 3842 2040 3930 loquelae,
2094 3842 2290 3912 finita
2337 3844 2564 3923 Missa,
2622 3844 3003 3914 restitutus.
3051 3848 3183 3913 Mu-

656 3930 785 4000 lier
837 3931 1177 4020 quaedam
1212 3986 1227 4013 ‚
1280 3953 1457 4019 quae
1521 3932 1751 4002 subito
1801 3944 1989 4002 muta
2038 3944 2103 4001 et
2168 3932 2511 4022 impotens
2558 3931 2643 4001 de
2702 3953 2842 4002 uno
2910 3930 3189 4003 brachio

654 4019 834 4089 facta
881 4020 1035 4102 fuit,
1090 4018 1219 4089 hac
1260 4020 1660 4090 infirmitate
1694 4020 1825 4089 sibi
1862 4042 1985 4111 per
2016 4041 2321 4090 mensem
2357 4020 2674 4103 durante,
2725 4020 2982 4091 emisso
3017 4033 3182 4097 voto,

654 4110 882 4178 statim
932 4110 1020 4179 ad
1071 4110 1434 4179 sanitatem
1486 4108 1847 4199 pristinam
1896 4121 1998 4178 est
2045 4109 2348 4178 reducta.
2404 4109 2754 4192 Quaedam
2801 4108 3011 4178 etiam
3051 4131 3189 4179 mu-

655 4195 806 4276 lier,
859 4197 1029 4268 dum
1078 4221 1159 4267 ex
1208 4211 1412 4289 partu
1443 4198 1744 4286 quodam
1795 4197 2090 4267 violento
2129 4197 2214 4266 de
2248 4219 2461 4287 puero
2502 4209 2794 4279 mortim,
2836 4199 3006 4268 etin
3052 4199 3187 4288 ejus
3299 4216 3300 4259 z

652 4297 850 4354 utero
882 4298 1364 4369 transversato,
1418 4298 1768 4356 contracta
1801 4286 1870 4356 in
1909 4285 2234 4357 manibus
2280 4286 2672 4377 etpedibus
2716 4297 2781 4356 et
2811 4284 3184 4382 femoribus
3299 4326 3300 4351 η

655 4371 939 4443 biennio
980 4376 1511 4463 permansisset:
1564 4374 1743 4445 facto
1792 4388 1941 4445 voto
1987 4374 2076 4445 ad
2111 4388 2430 4445 sanctum
2474 4375 2875 4466 praefatum,
2916 4375 3102 4463 quod
3134 4393 3184 4443 st
3299 4390 3300 4395 ’

653 4474 1040 4544 curaretur,
1096 4476 1408 4554 scoparet
1444 4464 1516 4532 in
1569 4476 1705 4535 tota
1741 4464 1878 4534 vita
1924 4463 2284 4535 ecclesiam
2323 4464 2392 4532 in
2433 4485 2570 4552 qua
2610 4465 2837 4553 jacet,
2889 4464 3181 4534 dormire
