3308 5004
121 325 307 392 AUG.
347 325 446 393 >28
684 342 764 389 nx
810 342 869 390 s.
920 340 1278 391 Ancusmto
1326 342 1527 392 zmsc.
1579 343 1658 389 rr
1701 340 1870 391 neci..
1924 339 2103 390 nocr.
2445 325 2572 391 685

120 445 257 494 non
308 423 552 516 fuerat,
598 420 668 491 in
713 421 1079 523 praesenti,
1124 421 1276 492 sine
1306 422 1609 513 alicujus
1642 422 1997 523 potestatis
2044 421 2506 523 prohibitione
2543 433 2666 512 aut

121 511 476 603 potentia,
531 531 821 582 securus
880 510 1111 592 dicere
1159 511 1447 588 minime
1491 511 1885 590 dubitaret,
1937 524 2003 581 et
2049 533 2122 580 in
2171 533 2300 582 sua
2345 512 2659 598 civitate,

119 600 270 672 suis
315 598 645 672 omnibus
692 598 1175 690 praesentibus
1223 600 1516 681 civibus,
1570 599 1988 670 fiducialiter
2028 601 2379 692 propriam
2429 601 2666 672 defen-

122 688 287 759 dere
335 688 895 761 communionem
949 709 1085 757 non
1135 687 1525 780 denegaret.
1578 688 1705 759 Ille
1751 710 1876 760 nec
1923 688 2053 759 hac
2098 689 2506 774 hortatione,
2542 713 2670 762 nec

120 799 407 849 suorum
463 790 823 867 parentum
865 787 932 845 et
976 776 1230 846 civium
1291 777 1578 849 instanti
1625 777 1952 869 petitione
2009 777 2078 848 id
2127 776 2353 848 facere
2400 778 2659 861 voluit,

121 867 244 956 qui
291 866 354 938 ei
407 865 915 956 pollicebantur
967 887 1042 944 se
1078 864 1164 936 ad
1219 865 1374 957 ejus
1428 866 1771 938 redituros
1821 868 2408 947 communionem,
2460 868 2667 938 etiam

121 976 281 1026 cum
338 954 746 1026 discrimine
798 953 1411 1044 patrimoniorum,
1463 955 1854 1045 salutisque,
1893 978 2063 1026 suae
2111 967 2244 1026 tem
2300 955 2555 1036 oralis,
2609 954 2670 1027 si

122 1042 328 1113 modo
379 1042 788 1113 catholicam
857 1055 1215 1144 superaret
1263 1036 1737 1116 assertionem.
1789 1048 1867 1114 At
1921 1044 2038 1115 ille
2085 1066 2249 1135 amp
2282 1046 2394 1116 ius
2440 1044 2671 1115 dicere

120 1131 264 1202 illis
302 1132 525 1223 gestis.
562 1130 735 1202 nihil
784 1131 1023 1213 voluit,
1079 1154 1203 1204 nec
1245 1132 1480 1216 valuit,
1536 1134 1670 1203 nisi
1706 1145 1998 1214 tantum,
2033 1133 2194 1204 Jam
2232 1133 2377 1217 illa,
2416 1133 2666 1222 inquit,

118 1233 315 1313 gesta
361 1221 800 1292 continentur
857 1221 1047 1312 apud
1096 1222 1575 1325 Carthaginem
1640 1223 1820 1292 inter
1877 1221 2254 1312 Episcopos
2314 1221 2667 1305 confecta,

118 1324 357 1382 utrum
392 1308 785 1390 vicerimus,
839 1332 925 1380 an
976 1310 1134 1380 victi
1184 1309 1548 1383 fuerimus.
1601 1316 1680 1381 Et
1706 1311 1877 1381 dum
1925 1332 1970 1379 a
2001 1310 2265 1381 notario
2304 1311 2441 1382 alio
2488 1310 2665 1392 loco,

115 1411 201 1469 ut
248 1398 689 1490 responderet
725 1398 1234 1480 admoneretur,
1270 1412 1336 1470 et
1383 1401 1716 1480 reticeret,
1751 1400 1901 1491 ejus
1933 1399 2207 1484 cunctis
2243 1399 2676 1472 manifestata

122 1487 537 1567 diffidentia,
591 1486 929 1557 Ecclesiae
978 1487 1095 1556 Dei
1142 1501 1516 1579 augmenta
1562 1511 1642 1559 ac
1691 1489 2125 1558 firmamenta
2175 1502 2666 1579 provenerunt.

121 1576 454 1664 Quisquis
498 1596 663 1666 ergo
710 1575 1155 1667 diligentiam¹
1191 1590 1255 1646 et
1310 1600 1601 1668 operam.
1643 1575 2079 1648 beatissimae
2128 1577 2500 1648 memoriae
2538 1582 2675 1648 Au-

173 1665 391 1735 ustini
427 1687 549 1754 pro
583 1665 922 1734 Ecclesiae
955 1666 1068 1735 Dei
1103 1677 1284 1736 statu
1330 1679 1743 1758 cognoscere
1786 1665 2062 1757 plenius
2093 1666 2406 1750 voluerit,
2465 1666 2671 1736 etiam

124 1777 147 1822 ι
183 1753 248 1823 la
283 1767 638 1844 percurrat
668 1766 857 1843 gesta
888 1777 903 1819 ι
935 1765 1002 1824 et
1043 1754 1339 1825 inveniet
1370 1777 1547 1843 quae
1577 1755 1679 1825 vel
1720 1754 1955 1843 qualia
1992 1754 2376 1844 protulerit,
2416 1756 2676 1843 quibus

125 1841 330 1911 illum
362 1841 666 1922 doctum,
713 1841 1144 1929 eloquentem
1193 1856 1259 1914 et
1314 1844 1787 1935 praedicatum
1829 1843 2181 1914 hominem
2286 1844 2669 1926 rovocarit,

124 1931 577 2017 hortatusque
613 1929 838 2021 fuerit,
891 1942 969 2002 ut
1007 1952 1130 2021 pro
1163 1955 1328 2004 suae
1360 1932 1759 2004 defensione
1800 1931 2039 2024 partiS,
2075 1954 2212 2022 quo
2296 1931 2495 2004 vellet
2525 1932 2677 2002 edi-

125 2029 336 2098 ceret,
378 2017 712 2106 illumque
760 2020 1014 2090 victum
1056 2043 1137 2090 co
1192 2036 1444 2093 noscet.

160 2163 165 2164 ν
220 2110 255 2194 ξ
300 2113 449 2182 16.
506 2108 655 2177 Scio
688 2108 846 2177 item
886 2130 1021 2178 non
1058 2132 1132 2179 so
1166 2133 1284 2180 um
1317 2111 1465 2202 ipse
1498 2109 1858 2183 Possidius
1904 2109 2177 2201 praesul
2207 2109 2265 2192 ⁴²,
2311 2110 2432 2198 qui
2466 2109 2673 2180 vitam

130 2196 314 2265 hanc
358 2197 785 2286 conscripsi,
840 2219 1077 2266 verum
1126 2198 1333 2269 etiam
1382 2200 1498 2269 alii
1550 2199 1793 2270 fratres
1839 2212 1908 2269 et
1949 2199 2310 2279 conservi,
2347 2199 2484 2287 qui
2555 2220 2680 2269 no-

128 2285 403 2356 biscum
468 2285 648 2356 intra
710 2286 1223 2376 Hipponensem
1278 2289 1638 2358 ecclesiam
1701 2309 1863 2357 cum
1925 2287 2163 2357 eodem
2205 2299 2465 2374 ¹sancto
2530 2289 2678 2357 viro

131 2374 499 2455 vivebant,
565 2375 767 2444 nobis
841 2375 1095 2464 pariter
1153 2375 1240 2444 ad
1282 2399 1613 2446 ¹mensam
1684 2376 2078 2446 constitutis
2140 2397 2300 2444 eum
2372 2375 2672 2445 dixisse:
2751 2419 2754 2420 ν

128 2485 165 2530 ι
203 2463 601 2535 Advertistis
639 2463 844 2535 hodie
894 2464 961 2533 in
1012 2463 1302 2536 ecclesia
1338 2488 1566 2535 meum
1603 2485 2019 2546 sermonem,
2071 2464 2361 2554 ejusque
2399 2464 2673 2535 initium

125 2565 196 2621 et
232 2552 437 2623 finem
473 2567 711 2624 contra
762 2576 980 2623 meam
1032 2554 1602 2625 consuetudinem
1659 2552 2109 2643 processisse:
2162 2554 2493 2640 quoniam
2539 2575 2676 2623 non

125 2654 269 2711 tam
325 2665 464 2711 rem
520 2643 954 2712 terminatam
1002 2642 1476 2733 explicuerim,
1529 2664 1740 2730 quam
1795 2663 2317 2731 proposueram,
2355 2642 2470 2713 sed
2509 2664 2681 2733 pen-

120 2730 405 2801 dentem
457 2730 906 2818 reliquerim?
938 2754 974 2798 »
1025 2732 1146 2802 Cui
1190 2731 1728 2821 respondimus:
1783 2735 1883 2800 Ita
1926 2752 2049 2800 nos
2099 2731 2167 2800 in
2212 2743 2346 2801 tem
2404 2753 2519 2801 ore
2555 2732 2679 2801 mi·

125 2830 319 2905 ratos
364 2817 575 2891 fuisse
612 2832 679 2889 et
717 2820 1002 2902 scimuS,
1045 2832 1110 2890 et
1168 2819 1752 2911 recognoscimus.
1815 2825 1893 2890 At
1940 2818 2100 2888 ille:
2154 2843 2191 2886 «
2222 2824 2340 2890 Cre
2392 2842 2432 2890 ο
2466 2874 2481 2902 ,
2536 2819 2674 2901 ait,

121 2905 314 2996 quod
382 2905 550 2977 forte
618 2908 920 2996 aliquem
981 2922 1323 2979 errantem
1374 2910 1443 2978 in
1497 2908 1756 2999 populo
1806 2908 2139 2979 Dominus
2185 2931 2307 2999 per
2372 2922 2677 2979 nostram

125 2995 550 3069 oblivionem
599 3008 665 3067 et
711 3019 1010 3068 errorem
1060 2997 1288 3067 doceri
1335 3011 1401 3067 et
1445 2996 1680 3067 curari
1731 2997 2044 3079 voluerit,
2090 2998 2160 3067 in
2211 2997 2417 3086 cujus
2467 3019 2682 3067 manu

121 3096 300 3156 sunt
344 3096 410 3153 et
457 3106 581 3154 nos
627 3099 693 3155 et
739 3108 1103 3159 sermones.
1139 3087 1376 3156 nostri.
1429 3091 1597 3157 Nam
1641 3108 1804 3156 cum
1839 3086 2227 3176 propositae
2256 3085 2683 3174 quaestionis

123 3173 431 3244 latebras
498 3188 1035 3263 pertractarem,
1108 3174 1181 3244 in
1224 3174 1452 3254 ⁸alium
1518 3174 1863 3246 sermonis
1922 3196 2290 3245 excursum
2362 3175 2678 3265 perrexi,

122 3276 340 3351 atque
388 3261 480 3330 ita
542 3284 676 3333 non
739 3262 1071 3340 conclusa
1121 3262 1218 3332 vel
1267 3262 1600 3354 explicata
1638 3263 2084 3351 quaestione,
2142 3257 2683 3354 disputationem

123 3350 539 3430 terminavi,
597 3352 821 3442 magis
865 3350 1199 3421 adversus
1246 3352 1805 3423 Manichaeorum
1863 3374 2162 3423 errorem
2206 3407 2222 3436 ,
2274 3353 2460 3424 unde
2508 3353 2681 3422 nihil

122 3441 361 3512 dicere
409 3438 840 3509 decreveram
876 3494 891 3521 ‚
945 3439 1309 3531 disputans
1339 3495 1354 3523 ‚
1408 3462 1615 3530 quam
1669 3441 1756 3512 de
1801 3441 1911 3525 iis,
1963 3464 2140 3530 quae
2173 3464 2478 3514 asserere
2525 3464 2686 3533 pro-

126 3550 532 3621 posueram.
568 3551 605 3594 »
2049 3592 2052 3597 ,
2347 3564 2352 3573 .
2525 3592 2528 3595 ,

213 3620 253 3706 ξ
309 3620 442 3690 12.
495 3621 572 3687 Et
624 3628 773 3707 post
820 3615 1012 3698 haec,
1068 3616 1201 3689 nisi
1238 3617 1461 3701 fallar,
1513 3640 1677 3689 ecoe
1724 3618 1860 3689 alio
1892 3618 2003 3689 die
2042 3619 2144 3689 vel
2198 3619 2685 3709 postbiduum

128 3708 321 3777 venit
368 3706 680 3793 quidam,
735 3706 1007 3776 Firmus
1055 3707 1359 3787 nomine,
1415 3707 1821 3799 negotiator,
1857 3720 1924 3778 et
1963 3708 2162 3778 intra·
2191 3710 2686 3779 monasterium

136 3795 421 3865 sedente
484 3807 721 3866 sancto
771 3796 1154 3885 Augustino
1200 3818 1432 3867 coram
1486 3797 1689 3868 nobis
1722 3851 1738 3869 .
1789 3796 1874 3867 ad
1928 3796 2138 3887 pedes
2196 3798 2348 3887 ejus
2393 3796 2689 3889 genibus

142 3883 565 3973 pervolutus,
621 3905 767 3954 sese
813 3884 1122 3973 jactavit,
1184 3884 1527 3975 lacrymas
1574 3885 1917 3968 fundenS,
1968 3899 2035 3957 et
2080 3907 2334 3977 rogans
2366 3940 2381 3966 ,
2442 3897 2517 3956 ut
2565 3906 2687 3975 pro

138 3972 288 4062 ejus
335 3972 609 4064 delictis
656 3972 981 4044 sacerdos
1017 3995 1174 4043 cum
1216 3975 1362 4045 suis
1394 3974 1765 4045 Dominum
1806 3974 2314 4065 deprecaretur,
2349 3974 2687 4043 confitens

139 4060 325 4160 quod
377 4062 933 4133 Manichaeorum
984 4075 1239 4133 sectam
1289 4076 1568 4135 secutus
1615 4062 1881 4146 fuisset,
1932 4077 2000 4134 et
2054 4064 2121 4134 in
2179 4086 2263 4134 ea
2314 4062 2689 4152 quamplu-

141 4149 341 4218 rimis
389 4151 592 4221 annis
642 4151 938 4231 vixisset,
991 4162 1056 4220 et
1107 4163 1463 4242 propterea
1513 4152 2224 4243 pecuniamlmultam
2259 4153 2428 4244 ipsis
2471 4152 2690 4222 Mani—

142 4237 401 4320 chaeis,
451 4238 550 4309 vel
593 4240 718 4322 eiS,
755 4262 929 4328 quos
961 4240 1205 4311 dicunt
1250 4240 1523 4324 electos,
1579 4242 1930 4315 incassum
1960 4253 2343 4334 erogasset:
2391 4264 2476 4312 ¹ac
2507 4243 2683 4312 sein

138 4402 921 4509 Agmffgogozeraez‘quaengiuu
947 4406 992 4447 Β.
1030 4401 1272 4447 Possidiuo
1298 4401 1547 4455 Augustini
1576 4406 1941 4447 contubernalis
1971 4404 2082 4449 mit.
2121 4398 2406 4448 ool-iturus
2426 4406 2563 4458 nni:
2582 4408 2691 4450 vide
