3308 5004
132 338 309 405 AUG.
365 340 445 403 ⁴5
800 356 878 404 ως
925 352 984 401 s.
1033 354 1370 403 Attumne
1418 355 1747 404 suession.
1799 354 1998 405 smsc.
2398 288 2413 297 ·
2448 339 2577 407 363

130 442 242 512 illo
279 460 536 511 manus
574 438 1189 527 lavante,'aquam
1239 439 1520 510 servetis
1550 494 1565 522 ,
1618 450 1697 510 ut
1746 440 2004 530 possim
2052 440 2316 513 absolvi
2366 442 2669 514 tenebris

130 542 260 601 tam
309 530 678 601 diuturnae
724 528 1097 600 caecitatis.
1150 533 1316 599 Cum
1364 550 1530 619 ergo
1576 550 1818 600 servus
1865 530 1982 599 Dei
2032 550 2284 601 manus
2323 531 2662 613 ablueret,

129 619 228 689 illi
254 640 502 707 aquam
532 617 923 689 luminibus
943 617 1223 689 orbatae
1249 616 1568 699 offerunt,
1600 617 1978 706 eodemque
2016 620 2349 710 temporis
2376 632 2662 712 puncto,

126 728 253 796 quo
295 729 448 778 eam
499 707 721 778 oculis
757 706 1065 777 admovit
1112 707 1283 789 suis,
1337 707 1562 776 visum
1599 706 1852 777 mulier
1900 707 2178 808 recepit.
2232 708 2363 778 Sed
2406 708 2533 779 ubi
2563 711 2672 779 vir

127 797 234 867 Dei
280 796 349 866 id
382 796 742 888 comperit,
782 816 917 865 non
951 796 1108 866 tulit
1141 817 1366 883 aequo
1396 796 1656 877 animo,
1693 794 2005 867 celeriter
2049 795 2215 865 inde
2250 797 2663 879 abscedens,

128 899 197 956 ut
226 907 361 976 ‚pro
395 898 623 956 tantae
656 885 927 955 virtutis
956 886 1156 975 signo
1197 883 1566 976 populares
1598 883 1985 976 applausus
2013 884 2414 958 declinaret.

202 978 331 1048 1².
361 979 508 1046 Non
538 975 741 1065 longe
772 974 861 1044 ab
890 974 1062 1044 urbe
1093 973 1573 1044 suessionensi
1606 974 1898 1064 degebat
1926 973 2032 1042 vir
2060 973 2341 1057 nobilis,
2378 974 2672 1045 militiae

132 1063 385 1134 actibus
418 1063 841 1154 implicatus,
879 1063 1100 1133 Guido
1131 1063 1437 1134 nomine.
1481 1063 1643 1149 Ejus
1673 1083 1847 1133 uxor
1893 1062 2358 1153 Ermegardis,
2445 1064 2673 1134 ietatis

132 1151 365 1223 cultrix
402 1165 572 1223 erat.
616 1152 830 1222 Ambo
858 1164 1086 1253 ἅψαι
1111 1164 1183 1222 et
1207 1151 1465 1223 divitiis
1492 1163 1561 1221 et
1589 1152 1790 1222 bonis
1822 1151 2152 1241 operibus
2183 1152 2370 1222 abun
2428 1153 2665 1223 abant.

132 1245 322 1312 Porro
370 1242 594 1312 Guido
645 1242 715 1311 in
771 1260 1045 1332 gravem
1088 1240 1404 1311 incidens
1438 1242 1784 1322 morbum,
1828 1239 2221 1310 dormiendi
2262 1254 2330 1311 et
2370 1241 2674 1312 mandu-

132 1329 320 1400 candi
350 1329 679 1401 facultate
725 1330 1006 1412 amissa,
1060 1353 1099 1400 a
1149 1330 1297 1401 suis
1324 1329 1845 1419 desperabatur,
1882 1341 1948 1400 et
1978 1341 2308 1416 tanquam
2351 1344 2673 1401 mortuus

134 1419 211 1489 ab
254 1419 499 1489 amicis
547 1419 1029 1510 plangebatur.
1083 1418 1333 1488 Eodem
1385 1417 1524 1488 sere
1571 1430 1878 1509 tempore
1909 1418 2164 1519 conjux
2209 1418 2403 1509 ejuS,
2458 1419 2675 1490 vicini

134 1519 357 1597 partus
407 1507 771 1579 doloribus
816 1519 882 1577 et
930 1508 1273 1597 angustiis
1317 1507 1800 1609 premebatur,
1853 1507 1948 1577 du
2002 1507 2259 1594 licique
2305 1508 2535 1578 attrita
2587 1509 2676 1577 ti-

134 1618 331 1679 more,
386 1596 553 1667 hinc
593 1619 792 1667 suam
825 1651 840 1679 ‚
895 1596 1057 1666 inde
1105 1597 1334 1666 mariti
1383 1609 1673 1667 mortem
1717 1595 1919 1667 sormi
1973 1597 2153 1667 abat.
2192 1601 2271 1666 In
2323 1608 2420 1668 tot
2466 1596 2677 1667 malis

133 1684 249 1756 hoc
293 1707 517 1757 unum
578 1685 713 1756 sibi
758 1685 1054 1756 credidit
1100 1706 1460 1776 superesse
1516 1685 1900 1756 remedium
1930 1739 1946 1767 ,
2012 1685 2072 1754 si
2120 1707 2285 1757 suos
2330 1697 2396 1755 et
2444 1686 2677 1756 mariti

131 1796 318 1845 casus
372 1774 807 1845 orationibus
854 1774 1076 1845 sancti
1134 1773 1473 1865 Arnulphi
1526 1774 2067 1844 commendaret.
2120 1775 2392 1845 Mittens
2439 1774 2676 1862 itaque

137 1862 214 1932 ad
256 1885 411 1933 eum
464 1863 923 1935 domesticum
965 1863 1330 1945 clericum,
1369 1875 1434 1933 et
1474 1885 1681 1934 suum
1730 1876 1799 1934 et
1842 1863 1968 1933 viri
2021 1862 2409 1953 periculum
2451 1862 2676 1953 lacry-

133 1952 473 2023 mabunda
506 1953 570 2023 ei
608 1953 910 2041 exponit.
965 1952 1091 2022 Ille
1137 1952 1530 2023 futurorum
1583 1952 1759 2022 mire
1808 1952 2210 2042 praescius,
2264 1973 2424 2022 cum
2478 1952 2676 2053 prius

139 2053 402 2124 orasset,
457 2042 552 2112 ita
586 2042 682 2112 ait
722 2041 981 2111 Clerico
1008 2041 1155 2110 illi:
1189 2064 1224 2108 «
1261 2042 1384 2111 Abi
1424 2040 1656 2122 frater,
1696 2052 1762 2112 et
1798 2040 2252 2111 charissimae
2282 2062 2502 2111 sorori
2550 2061 2677 2110 no·

141 2142 301 2199 strae
347 2131 519 2200 haec
567 2152 898 2222 responsa
954 2143 1272 2201 accurate
1318 2144 1384 2201 et
1429 2130 1739 2200 celeriter
1788 2143 2083 2221 reporta.
2137 2135 2323 2199 Duae
2373 2129 2498 2200 tibi
2538 2129 2675 2199 im-

144 2219 388 2289 minent
435 2241 680 2311 graves
725 2220 1113 2311 angustiae,
1167 2241 1343 2307 quas
1391 2218 1688 2311 propitio
1737 2220 2028 2289 Domino
2060 2217 2350 2289 feliciter
2389 2237 2676 2307 supera·

145 2305 283 2376 bis:
317 2308 433 2378 sed
472 2308 584 2379 his
623 2309 818 2380 tertia
849 2308 1149 2391 accedet,
1192 2330 1403 2396 quam
1446 2319 1519 2378 tu
1548 2307 1831 2395 quidem
1869 2308 2172 2399 ignoras,
2219 2305 2338 2378 sed
2368 2328 2448 2377 ea
2488 2319 2675 2379 tanto

146 2394 261 2465 erit
298 2397 593 2487 gravior,
631 2411 891 2485 quanto
923 2397 1011 2467 ab
1041 2398 1235 2467 omni
1276 2395 1579 2467 remedio
1615 2396 1932 2468 alienior.
1976 2396 2261 2466 Maritus
2289 2395 2475 2465 enim
2514 2409 2676 2467 tuus

149 2485 493 2557 revalescet
523 2543 539 2569 ,
591 2499 658 2558 et
702 2486 906 2558 firma
952 2485 1428 2559 incolumitate
1474 2485 1826 2577 gaudebit.
1878 2490 1977 2555 Tu
2025 2506 2302 2573 quoque
2358 2484 2676 2575 pariendi

146 2574 513 2662 periculum
562 2577 848 2660 evadeS,
902 2588 966 2647 et
1011 2577 1141 2647 hac
1207 2588 1404 2646 nocte
1449 2587 1609 2646 ante
1659 2575 1979 2645 nocturni
2014 2573 2227 2644 officii
2288 2574 2527 2644 datum
2578 2575 2675 2643 si-

147 2683 366 2752 gnum,
420 2664 648 2756 paries
694 2665 918 2735 filium
951 2664 1488 2756 gratulabunda.
1538 2668 1615 2734 At
1663 2663 1862 2734 tertia
1906 2662 2288 2744 calamitaS‚
2326 2682 2506 2749 quae
2543 2663 2674 2734 tibi

143 2771 220 2821 ne
241 2752 309 2821 in
339 2767 639 2824 mentem
690 2753 971 2843 quidem
1023 2754 1253 2824 adhuc
1301 2754 1508 2835 venit,
1560 2765 1628 2824 et
1675 2752 2078 2843 prolixiores
2126 2765 2228 2823 est
2267 2750 2539 2821 dolores
2571 2751 2677 2821 al-

148 2836 383 2926 latura,
434 2842 781 2934 ejusmodi
828 2843 1000 2913 erit:
1054 2843 1369 2914 Albrlcus
1416 2842 1626 2913 frater
1673 2853 1857 2924 tuuS,
1911 2841 2239 2912 Codiciati
2294 2840 2505 2911 castri
2552 2840 2678 2910 do-

149 2929 385 3013 minuS,
436 2931 759 3033 conjugis
806 2954 974 3004 suae
1019 2931 1342 3002 Anelinae
1385 2930 1678 3003 consilio
1707 2930 1852 3020 jam
1886 2930 2203 3021 proditus
2249 2942 2374 3011 est,
2425 2941 2492 2998 et
2541 2931 2677 2999 nisi

148 3015 265 3116 cito
290 3031 355 3089 et
385 3033 586 3091 caute
623 3021 757 3091 sibi
800 3022 1242 3124 prospexerit,
1283 3021 1668 3108 turrimque
1717 3040 1916 3090 suam
1966 3033 2035 3090 et
2066 3031 2281 3089 totum
2309 3017 2678 3090 castellum

146 3103 488 3198 diligenter
520 3111 1031 3193 communierit,
1074 3131 1230 3180 cras
1268 3122 1426 3180 ante
1459 3130 1814 3200 vespera-m
1857 3108 1944 3178 ab
1984 3107 2303 3178 hostibus
2335 3107 2672 3198 capietur,

151 3197 645 3281 exturbabitur,
697 3213 764 3270 et
808 3202 1068 3271 damno
1115 3198 1550 3290 irreparabili
1594 3197 1957 3268 afficietur.
2011 3197 2196 3268 Mitte
2251 3217 2415 3286 ergo
2461 3216 2678 3298 ocyus

154 3303 327 3380 soror
380 3308 556 3368 mea,
608 3298 674 3357 et
720 3300 858 3358 tam
908 3288 1142 3359 uxoris
1191 3287 1527 3358 malitiam
1578 3308 1788 3375 quam
1840 3286 2143 3358 hostium
2193 3284 2488 3354 insidias
2525 3305 2676 3375 Jam

153 3390 212 3438 ιι]
263 3387 556 3458 ruentes,
603 3376 795 3447 fratri
844 3391 961 3448 tuo
1007 3377 1376 3448 denuncia.
1423 3406 1448 3441 ι
1503 3376 1626 3446 His
1672 3375 1903 3456 dictis,
1959 3374 2263 3446 nuncius
2310 3375 2398 3445 ab
2444 3394 2525 3444 eo
2572 3395 2680 3443 re-

195 3547 208 3560 ·
251 3484 424 3561 ens,
476 3464 787 3535 celeriter
847 3479 1169 3567 properat
1215 3465 1300 3536 ad
1350 3466 1754 3536 dominam:
1810 3463 2013 3534 refert
2072 3462 2400 3564 mandata
2455 3461 2678 3532 sancti

155 3566 304 3618 vlt-1:
355 3560 710 3625 matronae
756 3576 1036 3626 ammus
1081 3577 1224 3625 uno
1268 3555 1650 3642 eodemque
1696 3566 1829 3623 tem
1886 3574 2004 3623 ore
2048 3563 2116 3621 et
2161 3550 2416 3643 gaudio
2455 3563 2521 3621 et
2554 3571 2680 3642 pa·-

156 3655 294 3737 vore
336 3642 674 3714 afficitur:
730 3644 938 3714 mittit
976 3666 1263 3735 propere
1294 3644 1631 3714 nuncium
1685 3642 1772 3712 ad
1853 3652 2126 3723 ratrern,
2166 3640 2531 3730 perspicue
2570 3640 2679 3708 in-

155 3722 318 3798 dicat
359 3733 594 3803 uxoris
638 3732 795 3820 ejus
843 3733 1226 3815 machinas,
1278 3744 1345 3802 et
1389 3731 1694 3802 hostium
1745 3729 1866 3800 illa
1908 3730 2090 3800 duce
2135 3740 2428 3799 conatus
2474 3740 2680 3815 atque

155 3814 546 3891 molitiones,
588 3822 904 3892 Albrlcus
942 3822 1054 3892 his
1082 3821 1405 3912 acceptis,
1458 3819 1679 3891 credit
1705 3818 1985 3907 quidem
2028 3818 2270 3900 sorori,
2302 3817 2420 3887 sed
2450 3829 2678 3887 tamen

160 3903 420 3999 conjugi
478 3911 879 4002 perneganti
929 3911 1264 4000 maiorem
1313 3908 1706 3980 commodat
1752 3906 1987 3977 fidem.
2040 3912 2279 3994 ltaque
2308 3904 2682 4007 ‚dumsibi

162 4008 282 4059 non
321 4010 534 4081 cavet,
589 3999 950 4070 castellum
992 4022 1128 4072 non
1180 3999 1430 4079 munit,
1474 3996 1787 4068 diluculo
1831 3997 1923 4067 ab
1956 3993 2271 4066 hostibus
2302 3992 2673 4076 invaditur,

157 4081 407 4168 capitu-1·
438 4141 453 4169 ,
505 4088 871 4180 expellitur
903 4144 919 4171 ‚
985 4102 1051 4160 et
1095 4100 1255 4160 ante
1314 4108 1672 4178 vesperam
1730 4085 2013 4156 alterius
2048 4083 2215 4153 diei
2274 4083 2427 4174 eJus
2472 4083 2681 4153 castri

159 4174 568 4252 possessione
604 4178 935 4249 nudatur.

242 4257 276 4342 ἓ
316 4266 446 4335 18.
499 4266 748 4336 Eadem
797 4278 1029 4338 autem
1081 4278 1277 4337 nocte
1324 4262 1765 4355 Ermegardis
1812 4273 2017 4353 partu
2073 4259 2396 4331 laborans
2425 4312 2442 4345 ,
2496 4271 2683 4332 ante—

163 4359 352 4425 quam
384 4351 449 4422 in
485 4354 664 4424 beati
697 4356 1001 4427 Medardi
1021 4355 1311 4438 ecclesia
1339 4364 1718 4423 nocturnae
1744 4351 2025 4442 synaxis
2059 4350 2365 4441 primum
2398 4349 2679 4440 signum

165 4429 476 4525 ederetur,
513 4443 738 4514 filium
769 4446 973 4516 enixa
1008 4456 1132 4518 est.
1187 4449 1356 4515 Ecce
1388 4452 1618 4513 autem
1654 4440 1968 4529 sequenti
1998 4439 2109 4510 die
2141 4438 2683 4531 deprehenditur
