3308 5004
712 335 841 402 658
1330 350 1411 410 ms
1457 350 1514 398 s.
1567 348 1875 399 casamo
1922 346 2124 398 unse.
2177 345 2446 416 aaran.
2851 331 3044 400 AUG.
3098 333 3206 398 27

620 457 759 507 non
794 435 1020 506 solum
1069 433 1387 506 cordium
1437 445 1932 518 scrutatorem,
2000 433 2121 504 sed
2182 432 2388 504 etiam
2438 455 2606 505 suae
2659 433 3202 522 quodammodo

618 524 1078 597 conscientiae
1120 535 1357 595 testem
1406 523 1923 594 confiterentur.
1960 523 2149 594 Sicut
2196 534 2428 594 autem
2475 536 2625 593 erat
2668 545 2834 616 erga
2873 544 3028 596 sese
3072 546 3201 595 se-

622 612 1047 694 verissimuS,
1112 612 1205 683 ita
1256 612 1466 682 etiam
1507 612 1694 682 circa
1739 611 1913 682 alios
1960 611 2408 702 corrigendos
2470 611 2743 704 rigidus
2782 612 3190 684 videbatur.

615 702 845 773 Voluit
885 723 1065 784 vero,
1135 714 1340 790 atque
1405 700 1613 771 etiam
1662 699 2002 793 compulit
2049 700 2262 773 laicos
2306 713 2373 771 et
2420 700 2792 791 populares
2855 702 3197 773 homines

620 789 924 883 psalmos
982 805 1048 861 et
1095 788 1395 892 hymnos
1447 811 1805 880 promere,
1859 789 2135 878 altaque
2180 801 2249 860 et
2320 788 2674 860 modulata
2741 813 2904 861 voce
2951 792 3198 862 instar

619 879 1038 951 Clerieorum
1074 878 1247 950 altos
1288 882 1564 959 Graece,
1609 877 1784 949 alios
1817 877 2053 948 Latine
2078 899 2343 1035 ‘prosas
2378 890 2447 949 et
2470 879 2892 971 antiphonas
2924 879 3196 951 decan-

614 983 783 1051 tare,
839 991 923 1038 ne
972 967 1113 1039 illis
1160 967 1464 1058 spatium
1502 979 1895 1058 suppeteret
1940 967 2028 1037 ad
2105 966 2350 1038 abulas
2391 967 2462 1037 in
2511 967 2805 1038 ecclesia
2850 969 3190 1040 effutien-

516 1101 519 1106 ·
614 1057 764 1129 das.
803 1057 1180 1129 conciones
1223 1056 1596 1148 piissimaS,
1633 1067 1700 1126 et
1730 1055 1815 1126 ad
1844 1056 2116 1126 animos
2137 1056 2713 1156 compungendos
2740 1057 3183 1148 aptissimaS,

617 1146 909 1236 tempori
957 1158 1023 1217 et
1070 1145 1261 1216 festis
1315 1144 1564 1215 diebus
1607 1157 2069 1236 congruentes
2117 1142 2499 1216 introduxlt
2557 1159 2624 1216 et
2669 1146 2996 1218 instituit.
3063 1152 3192 1219 Ae-

614 1236 830 1338 grotis
881 1257 1037 1305 vero
1085 1235 1258 1305 mire
1305 1232 1682 1315 consuluit,
1736 1233 2193 1336 amplissimis
2238 1234 2339 1305 eis
2390 1233 2765 1324 assignatis
2826 1235 3134 1308 aedibus
3163 1291 3182 1317 ,

617 1348 686 1397 tn
737 1325 998 1413 quibus
1046 1323 1195 1396 sine
1239 1322 1387 1394 ullo
1418 1323 1712 1413 strepitu
1750 1322 1985 1392 divina
2015 1321 2265 1403 officia,
2299 1343 2478 1410 quae
2524 1323 2594 1393 in
2646 1323 2936 1394 basilica
2974 1347 3185 1415 pera-

615 1413 979 1506 gebantur,
1027 1411 1418 1483 auscultare
1468 1424 1769 1503 possent.
1823 1416 2057 1500 Lectos
2094 1433 2371 1500 quoque
2408 1424 2475 1483 et
2506 1411 2807 1494 lecticas,
2846 1427 3185 1503 sumptus

616 1514 679 1573 et
715 1502 1055 1583 homineS,
1107 1501 1230 1590 qui
1277 1499 1531 1571 servire
1589 1513 1656 1570 et
1697 1500 1953 1570 mederi
2009 1500 2108 1570 eis
2158 1514 2459 1591 possent,
2526 1501 2669 1571 illis
2716 1504 3174 1593 comparavit.

614 1595 866 1663 Locum
916 1603 983 1661 et
1013 1591 1311 1682 copiam.
1365 1589 1426 1659 si
1465 1588 1634 1677 quid
1673 1588 1944 1671 vellent,
1997 1588 2416 1680 suggerendi
2463 1589 2754 1682 captivis
2799 1604 2868 1660 et
2917 1613 3063 1682 pau

617 1681 813 1752 ribus
863 1702 1000 1749 non
1053 1678 1345 1770 negavit:
1400 1679 1615 1748 immo
1666 1697 1822 1748 vero
1872 1677 2190 1748 ministro
2238 1700 2364 1750 suo
2398 1699 2672 1769 semper
2714 1679 2947 1750 dicere
2996 1702 3077 1751 so
3106 1703 3178 1751 e·

611 1769 769 1840 bat:
824 1793 860 1835 «
898 1767 1081 1850 Vide,
1128 1789 1298 1838 num
1330 1768 1452 1855 qui
1496 1789 1833 1858 pauperes
1882 1766 2021 1838 sint
2070 1788 2232 1857 prae
2279 1766 2571 1849 foribuS,
2624 1789 2712 1837 ne
2760 1790 2883 1859 pro
2933 1782 3173 1840 nostra

612 1857 924 1929 fortassis
970 1857 1221 1945 quiete,
1276 1854 1543 1946 trepida
1601 1869 1669 1926 et
1712 1854 2100 1926 verecunda
2149 1869 2540 1946 paupertaS,
2596 1878 2733 1927 non
2782 1857 2938 1928 sine
2965 1857 3179 1949 culpa

615 1958 850 2017 nostra
880 1957 1270 2035 expectanS,
1327 1944 1586 2035 injuria
1633 1944 2097 2015 afficiantur.»
2133 1945 2576 2033 Trahensque
2602 1945 2868 2037 prolixa
2912 1946 3005 2017 ab
3038 1946 3173 2018 imo

614 2046 887 2127 pectore
934 2034 1260 2125 suspiria,
1313 2032 1620 2104 dicebat:
1662 2056 1700 2101 «
1730 2039 1982 2116 Revera
2033 2033 2344 2105 Christus
2369 2032 2592 2106 factus
2636 2047 2739 2105 est
2774 2036 3165 2118 mendicus,

610 2135 676 2194 et
713 2123 1062 2214 garruluS,
1097 2134 1162 2193 et
1195 2121 1490 2193 surdus:
1533 2135 1600 2192 et
1639 2135 1866 2192 tamen
1903 2137 2095 2213 rogat
2124 2144 2389 2204 omneS,
2431 2123 2765 2205 hortatur,
2809 2123 3160 2208 admouet,

613 2223 1058 2284 contestatur.
1101 2235 1138 2279 »
1173 2211 1476 2283 Addebat
1521 2211 1770 2281 etiam:
1826 2234 1864 2279 «
1896 2210 2157 2283 Nostris
2212 2210 2673 2302 proculdubio
2719 2213 3170 2284 cumulandis

662 2300 1032 2372 rofectibus
1081 2301 1152 2370 iu
1219 2300 1350 2370 hoc
1397 2299 1629 2372 seculo
1679 2322 2019 2402 pauperes
2079 2300 2315 2370 donati
2364 2312 2565 2382 sunt,
2639 2313 2715 2371 ut
2764 2301 2852 2371 iis
2900 2301 3165 2372 Christo

609 2325 1016 2481 ¹fidejussore
1062 2389 1631 2461 commendemus
1682 2411 1750 2458 m
1802 2390 2025 2471 terriS,
2069 2411 2248 2478 quae
2283 2403 2519 2480 postea
2548 2389 2751 2461 nobis
2796 2391 3170 2461 restituan-

609 2491 723 2550 tur
769 2479 841 2549 in
877 2477 1161 2550 coelis»)
1310 2508 1317 2513 ·

696 2570 732 2656 ἐ
779 2573 937 2642 10.
992 2566 1250 2638 Accidit
1283 2579 1538 2649 autem,
1581 2579 1660 2637 ut
1693 2567 1909 2638 sancti
1954 2566 2081 2637 viri
2134 2567 2585 2656 tranquillum
2644 2568 2946 2637 animum
3000 2578 3158 2656 post

606 2656 870 2744 aliquot
901 2656 1049 2726 dies
1090 2655 1301 2725 livida
1328 2668 1604 2726 satanae
1638 2655 1803 2725 mali
1862 2656 2039 2725 nitas
2069 2655 2455 2727 infestaret:
2510 2668 2577 2727 et
2615 2657 2730 2727 cui
2762 2678 2891 2725 non
2923 2668 3157 2747 posset

599 2745 751 2816 ulla
797 2745 1107 2836 corporis
1152 2745 1451 2835 objicere
1484 2745 1672 2826 vitia,
1712 2744 1776 2814 ei
1841 2744 2083 2815 oedam
2126 2744 2552 2851 proditionis
2600 2759 2832 2816 notam
2885 2745 3162 2817 inurere

605 2848 996 2906 conaretur.
1049 2839 1214 2906 Nam
1255 2833 1726 2903 Licumannus
1786 2834 1961 2905 beati
2015 2834 2143 2903 viri
2208 2835 2541 2915 notariuS,
2611 2835 2818 2905 homo
2868 2855 3165 2922 nequam

603 2937 669 2995 et
718 2923 1051 3016 perditus,
1102 2944 1234 2991 non
1272 2922 1611 3016 dubitavit
1663 2921 1869 2993 talem
1911 2945 1994 2993 se
2039 2945 2276 3080 gerere
2323 2946 2487 3016 erga
2549 2922 2770 2993 virum
2825 2923 3166 3013 Apostoli-

603 3034 791 3094 cum,
826 3011 1103 3100 qualem
1137 3010 1302 3080 olim
1336 3017 1374 3081 J
1384 3011 1556 3081 udas
1589 3010 1921 3082 adversus
1955 3016 2040 3081 Sa
2074 3025 2398 3083 vatorem.
2441 3018 2759 3082 Armatur
2800 3011 3168 3102 improbus

602 3100 721 3172 ille
769 3122 1008 3171 saevae
1057 3099 1420 3170 delationis
1454 3122 1754 3170 veneno:
1807 3099 2116 3192 suggerit
2159 3100 2427 3172 Alarico
2466 3105 2560 3172 Re
2615 3101 2657 3181 i,
2713 3122 2836 3192 per
2881 3122 3005 3171 eos
3093 3101 3168 3172 ui

548 3262 553 3265 ,
602 3189 709 3259 illi
757 3202 955 3261 erant
983 3211 1024 3259 a
1072 3189 1374 3270 secretiS,
1417 3188 1899 3260 beatissimum
1934 3189 2356 3270 Caesarium,
2407 3212 2445 3259 e
2478 3125 2718 3261 Gaffiiis
2764 3211 2994 3279 genus
3095 3213 3169 3261 u·

603 3288 899 3359 centem,
939 3277 1095 3349 totis
1132 3278 1198 3347 in
1235 3277 1302 3347 id
1356 3277 1620 3349 viribus
1651 3276 2077 3359 incumbere,
2132 3290 2206 3347 ut
2263 3278 2592 3349 ditionem
2625 3292 2693 3348 et
2721 3279 2973 3349 urbem
3011 3285 3168 3349 Are-

600 3367 936 3439 latensem
985 3365 1600 3458 Burgundionibus
1642 3366 1923 3457 prodat:
1977 3388 2137 3437 eum
2196 3366 2312 3437 ille
2372 3378 2603 3456 pastor
2656 3368 3168 3458 praestantissi-

610 3479 819 3537 mus,
864 3456 1059 3526 flexis
1142 3455 1439 3547 genibus
1508 3478 1748 3546 pacem
1826 3456 2182 3547 gentium,
2253 3454 2537 3526 urbium
2585 3455 3166 3544 tranquillitatem

604 3543 852 3616 diebus
907 3568 988 3617 ac
1037 3544 1356 3615 noctibus
1404 3566 1445 3614 a
1494 3545 1783 3615 Domino
1831 3548 2249 3635 precaretur.
2325 3549 2604 3628 Quare
2662 3546 2886 3637 magis
2949 3546 3164 3616 etiam

532 3687 555 3709 .
603 3633 1026 3705 credendum
1075 3644 1201 3714 est,
1255 3632 1531 3703 diabolo
1579 3633 1975 3723 instigante,
2029 3634 2099 3703 in
2152 3634 2371 3704 sancti
2404 3633 2534 3704 viri
2579 3633 2865 3704 exilium
2910 3634 3167 3706 barba-

602 3745 749 3793 ram
787 3721 1202 3807 ferocitatem
1255 3720 1609 3793 incitatam
1642 3744 1818 3792 esse.
1867 3726 2010 3791 Non
2060 3722 2245 3792 enim
2295 3734 2534 3813 gratus
2584 3734 2706 3794 aut
2751 3723 3012 3794 charus
3060 3734 3166 3794 est

600 3811 806 3892 hosti,
840 3811 962 3899 qui
997 3809 1065 3880 id
1098 3822 1246 3880 orat
1267 3811 1452 3898 quod
1494 3833 1656 3881 cum
1691 3811 1842 3902 ejus
1873 3810 2071 3881 factis
2097 3823 2163 3881 et
2208 3811 2574 3882 conatibus
2601 3823 2889 3904 pugnet.
2918 3816 3163 3902 Itaque

598 3899 710 3981 iis,
755 3901 1057 3988 quitum
1101 3899 1408 3982 aderant,
1463 3899 1999 3990 instigantibuS,
2060 3922 2185 3970 nee
2232 3900 2668 3971 innocentiae
2715 3900 2889 3973 fides
2934 3913 3162 3972 atten-

600 3988 839 4071 ditur,
894 4008 1019 4060 nec
1083 3989 1548 4059 accusationis
1594 3989 1844 4061 veritas
1900 3989 2325 4077 inquiritur:
2378 3989 2498 4060 sed
2562 4012 2740 4061 vana
2785 4005 2850 4061 et
2911 3989 3161 4078 iniqua

597 4077 939 4148 delatione
985 4076 1380 4161 damnatus,
1434 4078 1521 4148 ab
1568 4077 1831 4148 Arelate
1862 4090 2231 4159 extractus,
2265 4079 2537 4170 cogitur
2574 4101 2613 4148 a
2670 4079 2763 4152 ud
2806 4078 3160 4169 Burdega·

596 4166 825 4238 lenses
853 4166 1279 4258 (Bordeauoe)
1300 4167 1601 4239 exulare.
1642 4167 1769 4237 Sed
1821 4166 2235 4259 nejobscura
2263 4182 2445 4239 esset
2476 4167 2545 4238 in
2588 4171 2606 4237 i
2642 4168 2707 4238 lo
2751 4167 2977 4259 gratia
3011 4167 3148 4250 Dei,

599 4279 766 4328 casu
821 4256 1096 4339 accidit,
1161 4269 1241 4328 ut
1287 4269 1484 4327 nocte
1529 4256 1831 4346 quadam
1895 4278 1975 4327 ea
2022 4256 2264 4327 civitas
2329 4256 2696 4328 voracibus
2772 4266 3154 4327 vastaretur

566 4386 571 4391 ν
602 4345 928 4417 flammis,
974 4350 1143 4415 Tum
1176 4367 1329 4417 vero
1359 4346 1539 4417 cives
1568 4368 1785 4435 ocyus
1809 4358 2187 4417 accurrunt
2214 4345 2302 4416 ad
2336 4345 2690 4418 hominem
2721 4345 2874 4415 Dei:
2907 4349 3154 4417 Sancte

605 4434 895 4515 Caesari,
949 4434 1330 4517 clamitant,
1408 4434 1732 4523 precibus
1789 4436 1925 4509 tuis
1988 4435 2352 4527 extinguas
2409 4433 3148 4526 ignemsaevientem.
