3308 5004
657 299 745 367 42
1498 318 1579 366 ns
1626 319 1718 368 ss.
1782 259 2186 367 mennatis
2836 295 3023 365 Aue„
3076 297 3114 363 i-

563 401 894 493 operibus
931 400 1443 473 demonstrabo.
1479 407 1620 473 Non
1652 403 1838 505 enim
1870 402 2032 473 talis
2052 400 2465 492 agonotheta
2487 419 2618 490 ego
2649 420 2833 483 sum,
2865 412 2943 470 ut
2971 423 3119 472 cer-

565 491 851 561 taminis
894 492 1154 561 exitum
1192 492 1263 562 in
1302 490 1535 579 aliqua
1570 493 1982 562 certantium
2027 491 2276 561 virtute
2307 489 2754 571 constituam,
2805 489 2922 559 sed
2974 490 3121 581 ipse

566 579 818 652 assisto
841 579 1291 663 luctantibus,
1321 593 1387 650 et
1407 581 1745 651 auxilium
1784 580 2101 671 praebeo,
2134 592 2200 649 et
2226 599 2510 649 manum
2539 577 2834 668 praebeo
2848 578 3122 649 athletis

566 669 769 741 meis.
824 674 903 739 Et
945 668 1130 757 quod
1181 691 1264 740 ex
1312 670 1574 761 proprii
1608 669 1876 739 arbitrii
1920 669 2231 739 libertate
2279 666 2713 757 suscipiunt,
2768 666 2856 737 de
2902 668 3123 738 bonae

567 758 945 829 voluntatis
975 758 1247 841 affectu,
1297 772 1376 828 ut
1424 781 1550 849 pro
1591 758 1863 849 legibus
1917 758 2090 828 meis
2119 770 2187 827 et
2233 756 2515 857 nomine
2548 776 2701 827 meo
2754 754 3111 838 dimicent,

567 846 637 917 id
691 848 762 917 in
803 847 1154 917 victoriam
1194 847 1366 939 ipsis
1451 848 1793 929 rocedere‚
1831 847 1966 917 mei
2013 858 2118 918 est
2143 845 2427 916 auxilii.
3095 856 3102 871 “

654 937 694 1024 ὃ
741 941 826 1009 «1.
879 941 1055 1027 Ergo
1093 959 1254 1006 cum
1312 937 1373 1005 vi
1429 937 1567 1006 eris
1627 937 1988 1007 mulierem
2040 936 2244 1006 annis
2290 932 2696 1014 confectam,
2749 934 2948 1005 senio
2988 947 3125 1005 tre·

568 1025 859 1105 mulam,
912 1024 1167 1095 baculo
1209 1025 1632 1116 indigentem
1703 1026 1985 1108 induci,
2048 1037 2117 1094 et
2159 1043 2600 1114 congressam
2654 1023 2915 1114 praelio
2963 1046 3125 1115 pas-

568 1112 787 1185 sionis
833 1112 1207 1184 dissolvere
1262 1114 1616 1185 crudelem
1669 1114 1947 1205 tyranni
2008 1112 2299 1184 furentis
2345 1112 2720 1193 insaniam,
2772 1125 2839 1183 et
2885 1112 2972 1183 de
3018 1114 3125 1182 in-

568 1204 918 1304 corporeis
965 1203 1336 1273 virtutibus
1377 1203 1949 1294 triumphantem,
2005 1217 2073 1273 et
2122 1201 2398 1273 diabolo
2456 1201 3004 1292 praevalentem,
3056 1213 3125 1272 et

566 1290 770 1361 facile
804 1292 1013 1361 .vires
1061 1291 1254 1361 illius
1298 1292 1772 1363 concidentem
1832 1313 1992 1361 cum
2057 1304 2385 1382 potestate
2425 1289 2723 1378 maJore:
2776 1289 3126 1362 admirare

568 1378 785 1453 divini
855 1380 1306 1470 agonothetae
1402 1381 1643 1451 ratiam
1679 1435 1695 1462 ‚
1749 1380 2157 1470 obstupesce
2226 1378 2311 1450 ad
2389 1378 2800 1450 intuendam
2870 1380 3124 1451 Christi

566 1468 917 1551 virtutem,
969 1468 1176 1556 cujus
1226 1469 1341 1539 ath
1373 1482 1521 1540 etae
1578 1490 1715 1540 non
1772 1470 2084 1559 corporis
2146 1470 2411 1549 robore,
2480 1466 2599 1539 sed
2658 1467 2819 1538 fidei
2870 1469 3124 1540 virtute

569 1556 927 1627 luctantur
960 1556 1018 1627 ⁴.
1057 1557 1344 1628 Infirma
1391 1580 1630 1629 eorum
1696 1572 1966 1640 natura,
2021 1557 2122 1628 vel
2174 1571 2367 1627 vetus
2412 1568 2537 1639 est,
2598 1556 2718 1627 sed
2765 1579 2948 1645 quae
3002 1578 3126 1630 eos

550 1646 771 1717 unxit
828 1647 1073 1738 gratia,
1128 1660 1368 1738 potens
1419 1660 1548 1718 est.
1600 1647 1925 1717 Resoluta
1990 1659 2158 1716 sunt
2208 1666 2498 1735 corpora
2563 1658 2946 1724 senectute,
2999 1646 3126 1717 sed

570 1734 903 1806 solidatae
949 1747 1114 1805 sunt
1162 1750 1426 1807 mentes
1484 1735 1836 1806 ‘desiderio
1872 1736 2164 1827 pietatis.
2224 1739 2367 1804 Non
2406 1745 2512 1803 est
2555 1734 2908 1805 sensibilis
2954 1735 3131 1807 haec

572 1845 832 1915 pugna,
887 1845 1108 1912 neque
1157 1825 1563 1895 insensibile
1609 1839 1983 1895 certamen.
2036 1823 2183 1894 Noli
2234 1844 2399 1923 ergo
2450 1822 2619 1893 istos
2664 1823 2956 1894 athletas
3006 1845 3132 1895 ex-

572 1913 914 1984 trinsecus
937 1913 1397 1996 considerare,
1425 1914 1932 2005 sedjngredere
1962 1934 2170 1985 sensu
2199 1910 2590 1981 rationabili
2621 1911 2707 1982 ad
2728 1913 3130 1984 interiorem

569 2022 807 2071 eorum
861 2002 1369 2073 habitudinem:
1408 2004 1733 2094 conspice
1771 2002 1928 2072 fidei
1963 2023 2202 2071 eorum
2255 1999 2756 2083 fortitudinem,
2795 2013 2874 2073 ut
2918 2001 3129 2072 intel-

570 2089 619 2159 li
673 2112 772 2173 as,
815 2093 1149 2178 quoniam
1242 2092 1315 2160 ui
1362 2104 1595 2162 contra
1632 2091 2008 2162 daemones
2046 2102 2346 2182 pugnat,
2401 2110 2538 2160 non
2590 2091 2834 2161 robore
2878 2111 3132 2182 corpo-

570 2200 647 2249 ra
682 2181 725 2261 i,
780 2201 1002 2268 neque
1048 2179 1181 2249 vali
1236 2203 1274 2249 a
1351 2184 1687 2271 compage
1734 2180 2203 2251 membrorum
2249 2178 2538 2271 indiget,
2593 2201 2716 2249 nec
2761 2180 2849 2250 de
2906 2192 3131 2251 aetate

560 2267 858 2369 juvenili
908 2268 1237 2339 fiduciam
1288 2270 1544 2339 sumit:
1598 2268 1718 2339 sed
1764 2282 1831 2339 et
1886 2269 1946 2339 si
1995 2281 2186 2339 tener
2257 2268 2491 2338 adhuc
2564 2267 3129 2340 adolescentulus

573 2378 645 2426 in
695 2357 864 2427 flore
899 2358 1249 2448 primaevo
1280 2359 1445 2451 agit,
1497 2370 1564 2427 et
1594 2358 1652 2430 si
1695 2379 1901 2429 senex
1939 2358 2027 2429 ad
2065 2370 2406 2428 extremas
2434 2358 2678 2428 aetatis
2707 2378 2876 2428 suae
2909 2370 3132 2430 metas

571 2446 990 2538 pervenerit,
1046 2447 1355 2519 animam
1409 2469 1566 2519 vero
1611 2447 1851 2518 fortem
1904 2448 2155 2519 habeat
2200 2459 2267 2517 et
2311 2448 2825 2519 corroboratam
2862 2446 3068 2518 fidem
3098 2499 3122 2531 ,

571 2535 749 2606 nihil
791 2535 878 2605 de
923 2549 1142 2608 aetate
1171 2593 1187 2620 ,
1240 2539 1342 2608 vel
1390 2538 1660 2608 modica
1694 2593 1709 2620 ,
1763 2537 1865 2608 vel
1913 2549 2216 2607 extrema
2285 2536 2376 2606 ab
2421 2537 2669 2608 effectu
2722 2537 3132 2607 certaminis

569 2624 972 2716 impeditur.
1028 2632 1107 2696 Et
1150 2627 1317 2715 quid
1377 2627 1535 2697 dico
1583 2649 1818 2698 senem
1858 2637 1925 2697 et
1953 2627 2276 2716 juvenem
2309 2679 2325 2708 ,
2379 2625 2662 2714 quando
2707 2626 2913 2695 etiam
2967 2646 3132 2696 mu·-

540 2713 773 2784 ·lieres
818 2715 1174 2806 expeditae
1219 2716 1307 2786 ad
1350 2716 1518 2787 haec
1558 2715 1819 2805 praelia
1851 2727 2335 2798 cucurrerunt,
2370 2727 2436 2785 et
2484 2714 2793 2785 illustres
2828 2734 3131 2785 coronas

570 2801 860 2893 adeptae
908 2808 1123 2874 sunt?
1168 2810 1337 2875 Nam
1385 2804 1489 2874 illi
1538 2804 1840 2875 extranei
1885 2804 2107 2885 nobis,
2161 2803 2228 2872 id
2279 2815 2405 2886 est,
2449 2803 2791 2874 mundani
2838 2823 3124 2895 agoneS‚

570 2903 637 2962 et
683 2892 950 2972 aetatis,
1002 2904 1068 2962 et
1120 2892 1405 2974 formae,
1455 2905 1523 2964 et
1571 2893 1845 2985 generis
1896 2892 2302 2984 dignitatem
2354 2892 2741 2980 requirunt.
2809 2891 3003 2963 Unde
3058 2904 3134 2964 et

573 2980 792 3051 servis
821 3035 838 3057 ,
887 2992 955 3051 et
1003 2981 1441 3064 mulieribuS,
1493 2995 1560 3052 et
1604 2982 1915 3063 senibus,
1955 2993 2023 3051 et
2064 2980 2296 3072 pueris
2342 2981 2426 3050 ad
2479 3001 2598 3052 eos
2634 2980 2869 3052 aditus
2914 2981 3133 3051 dene-

572 3081 819 3159 gatur:
872 3069 1076 3140 isthic
1125 3091 1285 3140 vero
1313 3071 1499 3162 apud
1555 3092 1679 3142 nos
1733 3072 1923 3140 omni
1977 3092 2332 3161 personae,
2385 3069 2719 3159 omnique
2756 3071 3008 3151 aetati,
3059 3081 3132 3141 et

572 3156 852 3245 utrique
897 3159 1092 3230 sexui
1139 3159 1511 3230 indiscreta
1545 3159 1869 3230 facultate
1906 3159 2208 3230 stadium
2260 3171 2464 3250 patet,
2515 3171 2584 3230 et
2628 3160 2908 3251 agonis,
2961 3158 3133 3229 ade-

571 3246 747 3316 undi
793 3268 1165 3319 commune
1200 3249 1346 3340 juS,
1383 3259 1449 3317 et
1495 3269 1637 3317 una
1679 3249 1958 3319 libertas
2002 3261 2126 3330 est,
2162 3259 2242 3317 ut
2269 3260 2590 3339 prompta
2617 3248 2946 3319 omnibus
2976 3248 3132 3319 sine

573 3335 836 3406 invidia
885 3336 1210 3419 bonitate,
1245 3336 1661 3407 ineffabilem
1701 3337 2071 3408 salvatoris
2104 3338 2322 3407 nostri
2362 3337 2680 3408 virtutem
2713 3357 3124 3428 cognoscas,

572 3436 641 3494 et
685 3425 1149 3515 Apostolicum
1201 3447 1593 3497 sermonem
1653 3447 1859 3516 opere
1915 3425 2316 3496 confirmari
2363 3425 2633 3498 videas:
2686 3429 2862 3511 Quia
2907 3428 3134 3496 virtus

572 3514 646 3583 in
682 3516 1075 3605 infirmitate
1096 3517 1472 3606 perficitur.
1508 3515 1802 3598 Quando
1847 3516 2034 3584 enim
2088 3515 2325 3605 pueri,
2376 3527 2445 3584 et
2491 3531 2690 3586 senes
2738 3535 2955 3606 supra
3004 3535 3130 3584 na-

574 3615 800 3672 turam
852 3603 1103 3677 valent.
1147 3617 1213 3674 et
1260 3604 1551 3674 internis
1599 3604 1865 3676 viribus
1914 3603 2155 3675 modos
2210 3604 2454 3674 aetatis
2515 3603 2932 3686 extendunt,
2986 3604 3132 3674 evi-

572 3690 814 3762 denter
856 3694 1206 3782 operaniis
1240 3693 1308 3762 in
1362 3693 1537 3784 ipsis
1583 3694 1803 3785 gratia
1853 3691 2380 3764 manifestatur..

662 3783 700 3868 5
745 3787 833 3854 ὅ.
911 3785 988 3850 Et
1036 3794 1127 3851 ut.
1162 3782 1438 3874 plenius
1485 3795 1855 3874 appareat,
1907 3782 2074 3870 quia
2123 3781 2494 3852 infirmitas
2541 3781 2954 3853 athletarum
3007 3801 3138 3852 no·

573 3882 904 3950 strorum,
966 3891 1146 3957 quae
1193 3872 1263 3941 in
1312 3872 1630 3941 exteriori
1679 3885 1803 3954 est,
1847 3871 2176 3942 clariores
2223 3870 2431 3941 saciat
2480 3892 2632 3941 esse
2677 3871 2967 3942 victores
2996 3925 3012 3952 ,
3063 3882 3138 3940 et

576 3978 807 4028 senem
856 3969 923 4028 et
971 3979 1224 4049 pueros
1272 3960 1762 4047 relinquentes,
1807 3960 2262 4031 infirmiorem
2310 3958 2486 4050 ipsis
2531 3959 3005 4050 producamus
3055 3958 3131 4028 in

575 4046 884 4205 ffedium
940 4047 1341 4129 mulierem,
1397 4048 1585 4118 illam
1637 4069 1852 4118 anum
1883 4104 1899 4129 ,
1952 4061 2017 4119 et
2065 4060 2328 4150 septem
2381 4067 2756 4138 puerorum
2807 4061 3129 4118 matrem.

634 4156 740 4204 am
771 4135 1040 4206 labores
1068 4149 1392 4227 partuum
1432 4159 1566 4208 non
1603 4137 1708 4207 vel
1742 4137 2011 4208 modice
2042 4138 2210 4207 huic
2235 4136 2600 4206 certamini
2632 4136 3140 4228 impedimento

576 4235 762 4295 sunt.
836 4225 1012 4308 Quid
1071 4247 1236 4319 ergo
1294 4226 1447 4318 ejus
1514 4227 1714 4317 prius
1775 4241 1898 4298 aut
1957 4227 2190 4318 potius
2253 4225 2720 4297 mirabimur?
2783 4225 2975 4309 Quod
3048 4246 3140 4296 ex

628 4385 654 4414 Φ
684 4385 937 4435 spirituale
956 4386 1195 4428 certamen
1209 4397 1304 4428 non
1331 4383 1541 4437 corporis
1560 4385 1728 4428 rbbore
1755 4388 1953 4438 indiget,
1984 4388 2068 4428 sed
2096 4384 2222 4434 fidei,
2247 4397 2335 4437 per
2360 4381 2536 4428 Christi
2555 4386 2798 4429 virtutem.
2825 4386 3053 4436 nampio
3083 4385 3141 4427 in

571 4437 809 4482 Ecclesiae
838 4438 991 4480 rastis
1021 4444 1134 4480 sune
1150 4443 1403 4492 utria-que
1421 4450 1563 4483 nexus
1582 4442 1632 4481 et
1648 4450 1790 4482 senos
1807 4443 1858 4482 et
1886 4442 2039 4491 pueri.
