3308 5004
733 296 863 363 ⁴36
1651 311 1738 362 ιι
1779 311 1837 361 s.
1888 309 2190 380 nominc
2793 298 2810 316 '
2892 292 3061 364 ine.
3101 294 3136 364 t

643 393 993 474 manibus,
1030 413 1153 464 coe
1203 391 1256 464 it
1298 411 1495 464 orare
1540 389 1627 462 ad
1661 412 1999 464 mensam.
2060 398 2138 466 Et
2180 415 2361 475 ecce,
2414 402 2493 464 ut
2538 390 2875 483 promisit,
2936 390 3140 466 aderat

644 481 1079 574 providentia
1175 480 1383 561 ivina,
1429 492 1716 581 pastura
1765 501 2002 554 servos
2053 503 2242 556 suos.
2283 487 2432 556 Duo
2475 481 2662 554 enim
2702 480 3138 552 formosissimi
3243 543 3250 554 Ν.

643 570 1111 644 adolescentes
1159 569 1228 638 in
1265 569 1492 641 medio
1541 567 1897 642 refectorio
1935 592 2343 661 apparuere,
2394 591 2609 661 panes
2650 568 3144 646 candidissimos

642 660 981 742 ferentes,
1041 670 1109 731 et
1154 658 1242 729 ab
1289 657 1555 731 infimis
1616 658 2029 750 incipientes
2100 658 2432 734 fratribus
2461 713 2478 740 ,
2530 657 2821 749 singulis
2866 655 3144 748 singulos

641 770 1024 839 apposuere
1055 769 1300 839 panes,
1325 769 1513 819 unus
1542 768 1585 817 a
1617 746 1939 828 dexteris,
1976 747 2149 819 alter
2183 771 2226 820 a
2255 748 2583 824 sinistris.
2621 748 2750 824 Ubi
2782 746 2866 820 ad
2899 746 3141 818 beatum

642 837 1077 912 Dominicum
1130 848 1408 910 ventum
1460 835 1623 918 fuit,
1685 834 1785 908 illi
1832 857 2111 924 quoque
2204 859 2405 910 anem
2456 837 2852 928 praebuere,
2899 849 2963 906 et
3002 835 3144 933 sub-

643 927 881 1000 missis
935 926 1309 1018 capiiibus,
1354 924 1443 996 ab
1498 946 1741 1000 eorum
1798 925 2022 996 oculis
2069 926 2156 996 ab
2187 927 2280 998 ati
2338 939 2526 1000 sunt.
2578 926 2755 1000 Dixit
2803 938 3014 998 autem
3062 943 3148 992 vir

643 1016 798 1086 Dei:
851 1014 1193 1088 comedite
1242 1036 1430 1084 nunc
1477 1012 1767 1095 fratres,
1820 1013 2158 1088 comedite
2209 1037 2492 1106 panem,
2556 1015 2747 1092 vobis
2803 1014 3072 1086 missum
3111 1031 3148 1081 a

644 1105 958 1176 Domino.
1003 1103 1259 1176 Deinde
1303 1102 1400 1172 ait
1445 1101 1531 1173 ad
1581 1102 1742 1173 illos
1783 1103 1905 1191 qui
1942 1104 2203 1176 mensis
2252 1103 2782 1185 ministrabant,
2830 1116 2905 1178 ut
2942 1100 3144 1169 vinum

643 1193 1015 1266 adferrent.
1067 1192 1215 1264 Illis
1260 1191 1657 1264 dicentibus
1705 1213 1777 1263 se
1823 1192 1998 1264 nibil
2069 1193 2209 1263 vini
2259 1193 2554 1276 habere,
2608 1193 2712 1264 vir
2761 1192 2874 1263 Dei
2932 1189 3147 1279 plenus

646 1283 906 1373 Spiritu
953 1286 1241 1352 Sancto:
1297 1285 1434 1360 lte,
1490 1279 1757 1367 inquit,
1809 1281 1895 1351 ad
1946 1281 2251 1363 dolium,
2304 1294 2369 1351 et
2436 1281 2522 1353 de
2589 1283 2748 1356 vino
2802 1281 2876 1356 in
2919 1275 3072 1376 illud
3114 1295 3149 1346 a

643 1371 934 1445 Domino
982 1368 1238 1450 infuso,
1295 1369 1499 1442 nobis
1530 1368 1824 1444 haurite.
1857 1375 2035 1440 Eunt
2061 1370 2188 1452 illi,
2245 1371 2605 1448 inveniunt
2630 1370 2894 1442 dolium
2924 1380 3150 1457 optimo

642 1460 805 1532 vino
831 1458 1254 1537 redundans,
1275 1458 1459 1545 quod
1491 1457 1815 1532 haustum
1839 1458 2178 1532 fratribus
2194 1471 2583 1550 apportant,
2605 1460 2909 1547 dixitque
2938 1457 3147 1528 beatus

642 1548 1084 1623 flamininus:
1136 1547 1354 1619 Bibite
1401 1546 1645 1618 fratres
1679 1547 1914 1620 vinum
1968 1548 2160 1621 vobis
2207 1571 2247 1619 a
2288 1548 2575 1624 Domino
2635 1549 2987 1624 donatum.
3048 1547 3151 1641 Co-

640 1636 1005 1710 mederunt
1053 1635 1283 1724 itaque
1328 1650 1395 1708 et
1440 1637 1766 1708 biberunt
1797 1636 1959 1713 inde
2006 1637 2118 1708 die
2167 1636 2286 1710 illo
2316 1652 2384 1708 et
2429 1638 2767 1726 sequenti.
2820 1635 3032 1707 Tertio
3054 1630 3147 1729 die

769 1738 797 1796 t
839 1737 1197 1816 sumptum
1238 1725 1513 1805 cibum,
1566 1725 1909 1814 quidquid
1959 1725 2502 1818 fragmentorum
2552 1725 2932 1818 superfuit,
2972 1723 3156 1818 jussit

725 1828 885 1893 atus
940 1814 1343 1888 Dominicus
1409 1813 1560 1885 dari
1612 1815 2079 1906 pauperibus,
2133 1837 2258 1888 nec
2327 1816 2706 1904 quicquam
2766 1813 2923 1892 inde
2970 1808 3153 1908 voluit

635 1904 991 1975 reservari.
1052 1907 1290 1973 Postea
1345 1902 1447 1971 vir
1478 1916 1790 1976 *sanctus
1833 1904 2241 1976 hortabatur
2313 1904 2552 1976 fratres
2600 1926 2799 1996 spem
2857 1922 3044 1974 suam
3088 1917 3146 1964 in

638 1995 935 2065 Domino
975 1991 1353 2067 collocare.
1409 2013 1534 2062 nec
1587 1992 1664 2061 in
1709 1992 1855 2066 ulla
1922 1993 2325 2068 necessitate
2369 1993 2455 2066 de
2502 1993 2699 2068 illius
2766 1989 3154 2082 benignitate

637 2080 975 2162 diffidere,
1016 2102 1189 2152 usus
1228 2080 1416 2170 apud
1450 2102 1567 2151 eos
1614 2082 1952 2152 concione
1996 2083 2300 2173 egregia.

669 2171 765 2328 a}
809 2175 895 2243 4.
948 2169 1093 2242 Alio
1130 2192 1406 2256 quoque
1434 2181 1740 2260 tempore
1768 2175 2177 2246 Procurator
2223 2170 2513 2244 fratrum
2547 2171 2860 2262 eiusdem
2908 2167 3152 2265 domita,

638 2256 665 2327 i
767 2257 970 2332 ieavit
1001 2270 1243 2330 sancto
1289 2259 1433 2328 viro
1461 2257 1700 2329 deesse
1747 2281 1988 2350 panes.
2032 2260 2153 2331 Ille
2183 2260 2508 2351 iucundo
2543 2261 2798 2352 spiritu
2844 2253 3158 2352 benedixit
3249 2281 3250 2308 κ

640 2350 877 2428 Deum,
930 2358 997 2422 et
1040 2347 1368 2448 exiguum
1418 2346 1619 2428 illud,
1671 2348 1858 2435 quod
1906 2362 2285 2440 supererat,
2332 2350 2545 2440 jussit
2687 2346 3046 2424 rticulatim
3090 2361 3149 2408 in

639 2437 907 2509 mensis
937 2458 1221 2528 apponi.
1258 2440 1465 2509 Erant
1513 2448 1658 2508 tum
1695 2438 1766 2507 in
1819 2437 2233 2515 monasterio
2267 2437 2509 2514 fraires
2558 2462 2720 2530 pus
2755 2439 2983 2511 minus
3009 2451 3160 2519 qu&-

638 2525 984 2618 draginta.
1038 2531 1303 2598 Fratres
1350 2525 1437 2597 ad
1505 2526 1787 2615 signum
1858 2527 2100 2601 datum
2163 2528 2459 2620 ingressi
2508 2528 2982 2606 refectorium,
3034 2528 3161 2611 post

637 2613 1185 2711 benedictionem
1238 2614 1498 2706 singuli
1534 2615 1886 2687 buccellas
1932 2618 2067 2689 sibi
2107 2618 2462 2708 appositas
2506 2639 2672 2688 cum
2755 2616 2961 2688 audio
2997 2610 3160 2708 fran-

636 2717 859 2795 gunt,
916 2726 1210 2791 moxque
1269 2703 1411 2775 duo
1462 2704 1759 2791 juvenes
1828 2705 2137 2795 ejusdem
2188 2719 2255 2778 et
2299 2706 2559 2778 formae
2617 2722 2690 2776 et
2786 2706 3055 2778 abitus,
3102 2716 3162 2764 1¹¹

638 2792 1074 2865 refectorium
1109 2792 1364 2862 multos
1413 2814 1629 2884 panes
1650 2794 2049 2893 important,
2089 2793 2315 2882 iisque
2362 2796 2559 2867 beato
2589 2796 2743 2871 viro
2774 2794 2970 2868 tacite
2996 2785 3164 2886 obla-

640 2881 749 2962 tis,
802 2881 1033 2952 subito
1080 2880 1433 2963 recedunt,
1489 2903 1615 2951 nec
1667 2882 1830 2952 sciri
1939 2882 2154 2963 otuit,
2206 2883 2498 2970 quinam
2545 2883 2832 2956 fuerint.
2869 2888 3030 2952 Tum
3077 2893 3166 2945 vir

638 2982 920 3069 sanctus
959 2968 1043 3038 ad
1094 2989 1338 3069 omnes
1386 2991 1636 3068 manus
1682 2905 2081 3071 emendem,
2135 2993 2172 3038 «
2202 2978 2582 3053 Jamnunc‚
2629 2973 2897 3063 inquit,
2951 2968 3167 3039 fratres

638 3056 995 3126 comedite.
1050 3060 1105 3128 Ο
1152 3079 1398 3129 miram
1439 3063 1551 3131 Dei
1600 3058 2124 3151 benignitatem,
2161 3060 2366 3132 talem
2399 3083 2474 3135 se
2519 3062 2934 3137 timentibus
2959 3072 3165 3128 escam

639 3157 1240 3236 praeparantem.»

727 3236 764 3321 ἓ
808 3238 899 3306 5.
933 3238 1029 3334 ,In
1079 3233 1317 3305 eadem
1358 3234 1567 3305 domo
1615 3236 1717 3305 vel
1776 3238 2193 3309 monasterio
2243 3236 2346 3307 vir
2390 3238 2508 3311 Dei
2570 3238 2908 3311 fratribus
2954 3232 3165 3329 palam

641 3322 1002 3413 praedixit,
1041 3321 1219 3395 duos
1247 3344 1329 3393 ex
1366 3323 1538 3414 ipsis
1564 3344 1874 3414 corpore,
1903 3325 2081 3396 duos
2106 3328 2340 3399 animo
2373 3327 2779 3402 morituros.
2816 3333 2946 3399 Neo
2972 3340 3164 3418 mora.

638 3423 717 3487 ut
781 3411 1249 3501 praedixerat,
1305 3412 1393 3482 ita
1438 3413 1534 3482 rei
1582 3412 1957 3485 declaravit
2015 3429 2322 3488 eventus.
2377 3420 2609 3488 Frater
2670 3416 3037 3509 Gregorius
3081 3426 3169 3504 vu}

640 3498 1155 3592 pulcherrimus
1200 3514 1266 3571 et
1310 3502 1688 3573 admodum
1738 3503 2107 3593 gratiosus,
2150 3506 2395 3596 prime,
2448 3518 2516 3577 et
2563 3512 2627 3576 F.
2688 3507 3022 3580 Albertus,
3058 3515 3165 3595 qq!

641 3610 765 3680 pro
812 3588 1270 3680 eleemosynis
1305 3591 1584 3674 missus,
1639 3614 1885 3683 panem
1922 3593 2166 3685 angelo
2205 3594 2416 3677 dedit,
2459 3596 2680 3669 tertio,
2709 3597 2824 3665 die
2860 3598 3172 3683 percepti}

636 3678 1015 3755 admodum
1068 3678 1382 3771 religiose
1447 3682 1908 3752 sacramentis
1955 3683 2030 3753 in
2078 3683 2368 3759 Domino
2435 3684 2986 3757 obdormierunt.
3049 3673 3165 3747 Ain

633 3765 777 3841 duo
822 3767 911 3838 ab
949 3768 1203 3839 Ordine
1243 3768 1542 3860 profugi,
1597 3770 1975 3861 periei-unt.

720 3858 902 3945 §a
960 3862 1191 3929 Frater
1233 3858 1538 3929 Jacobus
1602 3864 2009 3931 Procurator
2076 3859 2496 3947 quandoque
2566 3861 2762 3951 gravi
2830 3866 3172 3943 correptus

634 3946 900 4029 morbo,
956 3946 1075 4017 illo
1123 3947 1435 4036 magism
1537 3947 1730 4035 isque
1761 3948 2243 4031 invalescente,
2285 3962 2353 4020 et
2378 3953 2623 4020 natura
2663 3948 3167 4027 succumbente,

526 4060 535 4065 ·
633 4033 719 4109 tid
766 4049 1068 4109 extrema
1116 4035 1459 4109 deductus
1529 4037 1650 4107 uit.
1706 4037 1999 4108 Aderant
2045 4037 2312 4121 fratres,
2368 4052 2444 4109 ut
2492 4044 2697 4109 Sacra
2749 4037 3074 4110 Unctione
3114 4038 3174 4101 et

631 4123 957 4222 precibus
987 4124 1296 4195 animam
1343 4124 1802 4216 emigrantem
1860 4128 2396 4197 communirent.
2449 4128 2783 4198 nolebant
2850 4147 2982 4197 non
3037 4140 3170 4192 ine·

631 4209 975 4311 diocriter,
1031 4213 1213 4300 quod
1264 4212 1473 4285 frater
1522 4227 1659 4284 tam
1713 4215 2144 4289 necessarius
2193 4216 2366 4306 ipsis
2427 4216 2819 4298 tolleretur,
2873 4235 3008 4303 quo
3065 4229 3175 4305 tie-5

632 4319 890 4399 minem
967 4302 1299 4374 haberent
1377 4302 1711 4373 notiorem
1781 4303 1848 4373 in
1903 4304 2103 4375 Urbe.
2188 4308 2544 4378 Permotus
2606 4316 2840 4377 autem
2912 4303 3011 4371 vir
3068 4303 3175 4367 Dei

631 4385 935 4460 filiorum
965 4389 1409 4475 desolatione,
1445 4391 1752 4462 exclusis
1783 4392 2112 4465 omnibus
2157 4406 2224 4464 et
2251 4394 2424 4464 ostio
2462 4393 2727 4475 clausO‚
2760 4392 2940 4463 fusis
2970 4405 3174 4477 super
