3308 5004
118 345 308 415 AUG.
365 347 449 413 24
893 364 972 412 us
1019 364 1076 413 s.
1129 361 1634 413 mammonae
1682 363 1903 413 Avosr.
2461 348 2591 416 573

119 450 366 520 faciem
406 447 559 539 ejus
588 446 1015 531 contundite,
1055 448 1392 536 humique
1423 459 1860 540 prostratam,
1903 447 2134 540 ligatis
2166 449 2461 542 pedibus
2485 450 2674 543 ejus,

119 537 371 609 acriter
414 536 825 608 excruciato.
877 534 1231 607 Theonilla
1277 537 1414 608 ait:
1468 558 1507 604 «
1556 542 1734 608 Num
1796 537 1920 610 tibi
1970 558 2271 640 aequum
2305 549 2373 609 et
2414 540 2679 612 bonum

119 626 459 707 videatur,
513 638 590 697 ut
634 624 995 697 mulierem
1032 626 1102 695 in
1197 647 1406 697 nuam
1440 639 1511 697 et
1541 627 1978 728 peregrinam
2012 626 2124 697 hts
2158 624 2494 717 subjicias
2524 649 2684 699 cru-

121 715 509 798 ciamentiS‚
565 727 640 786 tu
687 715 890 785 nosti.
944 720 1078 785 Nec
1107 647 1288 785 ἧὲιθῑ
1340 720 1551 785 Deum
1601 714 1771 803 quid
1821 737 2014 806 agas,
2071 740 2109 784 »
2171 718 2407 805 Lysias
2461 717 2674 788 dixit:

126 809 259 876 Sus
349 825 547 876 nsam
597 803 897 894 capillis,
954 803 1026 873 in
1077 803 1321 875 faciem
1373 803 1661 876 caedite.
1713 802 2069 875 Theonilla
2112 806 2250 876 ait:
2296 829 2335 873 «
2375 810 2518 878 Non
2559 807 2685 878 tibi

127 916 213 964 su
291 893 404 973 cit,
457 891 643 982 quod
686 914 797 964 me
844 892 1104 962 nudam
1154 892 1476 974 statuisti,
1531 914 1695 963 cum
1742 914 1823 963 ea
1871 915 1943 964 re
1984 915 2120 965 non
2155 915 2265 965 me
2293 894 2678 977 dumtaxat,

130 982 250 1054 sed
297 983 503 1053 etiarn
557 993 844 1052 matrem
894 993 1086 1052 tuam
1134 995 1199 1053 et
1248 1002 1530 1053 uxorem
1596 981 1983 1073 ignominia
2033 982 2389 1054 affeceris?
2426 987 2684 1056 Omnes

126 1072 313 1141 enim
347 1069 728 1152 -foeminae,
779 1071 995 1140 unius
1041 1070 1314 1172 generis
1361 1092 1615 1161 corpus
1665 1070 2026 1154 habemus,
2079 1072 2263 1160 quod
2301 1085 2375 1143 tu
2405 1093 2684 1160 quoque

127 1181 267 1230 non
309 1160 611 1250 ignoras.
651 1182 688 1227 »
730 1159 968 1249 Lysias
1005 1159 1216 1231 dlxit:
1254 1160 1482 1230 Habes
1514 1160 1871 1243 maritum,
1909 1174 2030 1231 aut
2065 1161 2277 1232 vidua
2314 1164 2438 1233 es‘l
2468 1160 2684 1231 Theo-

125 1247 302 1319 nilla
346 1248 743 1340 respondit:
781 1271 820 1315 «
851 1253 1006 1319 Jam
1044 1271 1265 1321 annos
1295 1261 1432 1319 tres
1463 1261 1529 1318 et
1559 1249 1802 1340 viginti
1841 1272 1999 1321 sum
2036 1250 2268 1332 vidua,
2306 1262 2375 1320 et
2409 1262 2687 1340 propter

128 1342 343 1408 Deum
397 1358 628 1407 meum
677 1337 777 1406 sic
873 1340 1201 1421 ermansi,
1248 1337 1560 1428 jejuniis,
1614 1338 1873 1429 vigiliis
1918 1351 1984 1408 et
2036 1340 2359 1431 precibus
2403 1360 2677 1420 vacans,

127 1441 498 1516 postquam
541 1428 810 1496 immun
868 1425 1010 1496 itiis
1044 1427 1346 1510 valefeci,
1388 1439 1457 1497 et
1486 1427 1777 1519 cognovi
1819 1432 2030 1498 Deum
2068 1450 2327 1499 meum.
2366 1451 2404 1495 »
2446 1427 2686 1519 Lysias

122 1516 336 1586 dixit:
389 1512 731 1586 Novacula
768 1527 971 1586 acuta
1005 1516 1225 1587 radite
1257 1530 1467 1607 caput
1496 1518 1673 1606 ejuS‚
1711 1529 1789 1587 ut
1820 1515 1924 1586 vel
1959 1517 2060 1587 sic
2092 1517 2489 1590 erubescat:
2534 1516 2686 1588 cin-

125 1617 451 1692 ctamque
483 1603 659 1675 rubo
687 1605 1082 1705 campestri,
1121 1606 1207 1676 ad
1238 1617 1537 1693 quatuor
1570 1604 1764 1696 palos
1795 1605 2157 1688 extendite,
2196 1619 2264 1676 et
2295 1605 2440 1677 loro
2470 1618 2687 1676 totum

130 1695 285 1784 ejus
333 1713 588 1785 corpus
637 1693 1080 1782 proscindite.
1137 1696 1480 1765 Carbones
1526 1715 1802 1782 quoque
1848 1694 2006 1784 ejus
2053 1696 2273 1765 ventri
2322 1693 2682 1787 imponite,

132 1795 340 1870 atque
389 1782 484 1853 ita
515 1781 870 1852 moriatur.
907 1782 1215 1855 Eulalius
1249 1783 1901 1854 commentariensis
1937 1795 2004 1854 et
2039 1782 2415 1856 Archelaus
2452 1782 2689 1874 spicu-

132 1870 310 1941 lator
356 1870 715 1941 dixerunt:
771 1872 1079 1955 Domine,
1124 1873 1273 1961 ¹jam
1323 1873 1713 1942 exanimata
1758 1885 1884 1942 est.
1940 1873 2174 1962 Lysias
2224 1873 2360 1943 ait:
2428 1877 2691 1974 Corpus

129 1960 284 2060 ejus
332 1958 572 2029 eculeo
617 1960 956 2040 insutum,
1012 1961 1325 2033 mittatur
1370 1960 1441 2030 in
1494 1983 1707 2031 mare.
1752 1961 2067 2032 Eulalius
2105 1965 2692 2033 Commentarlen-

134 2069 234 2119 sis
280 2060 349 2118 et
394 2046 764 2119 Archelaus
813 2049 1195 2140 spiculator
1239 2050 1603 2121 dixerunt:
1658 2050 2258 2134 Quemadmodum
2300 2050 2514 2139 jussit
2543 2048 2690 2120 cel-

135 2135 368 2206 situdo
416 2149 555 2219 tua,
609 2137 703 2207 ita
750 2136 1005 2208 factum
1055 2151 1181 2208 est.
1234 2140 1424 2210 Passi
1475 2151 1640 2210 sunt
1686 2141 1909 2211 sancti
1957 2152 2295 2229 martyres
2343 2138 2529 2229 apud
2566 2142 2691 2209 Ae-

136 2245 336 2323 geam
386 2225 518 2295 sub
564 2227 762 2315 Lysia
810 2227 1173 2309 Praeside,
1232 2233 1314 2297 lo
1362 2227 1698 2298 calendas
1747 2229 2169 2318 Septembris
2199 2283 2214 2309 ,
2266 2234 2574 2328 Augusto
2622 2238 2693 2297 et

135 2314 521 2385 Aristobulo
562 2314 1018 2387 Consulibus:
1066 2327 1396 2407 regnante
1437 2317 1726 2387 Domino
1766 2329 1999 2386 nostro
2031 2319 2199 2387 Jesu
2239 2317 2528 2387 Chrtsto:
2568 2316 2691 2387 Cui

137 2413 240 2472 est
280 2402 519 2487 honor,
559 2402 803 2496 gloria,
850 2403 1004 2475 laus
1040 2418 1106 2475 et
1145 2405 1362 2476 virtus
1396 2405 1465 2474 in
1508 2405 1742 2476 secula
1775 2405 2195 2487 seculorum,
2231 2409 2464 2475 Amen.

451 2720 555 2821 IN
626 2718 715 2824 s,
789 2718 1388 2841 APOSTOLUM
1456 2717 2376 2824 BARTHOLOMAEUM
2450 2646 2454 2653 ’

1111 2953 1642 3036 LAUDATIO
1691 2955 1731 2995 *
2348 2878 2354 2888 .

800 3191 1092 3239 HABRTUR
1139 3191 1205 3239 IN
1255 3191 1526 3240 SIMEONE
1573 3192 2025 3241 nETAPflRASTss

859 3371 1115 3427 Passus
1154 3369 1417 3428 incerto
1458 3372 1495 3427 1
1534 3385 1709 3430 saec.
1757 3384 1960 3431 anuo,

223 3562 260 3647 ἓ
306 3568 386 3635 1.
442 3564 668 3633 Hu'us
716 3563 1070 3635 concionis
1118 3574 1379 3646 auctor,
1431 3576 1497 3635 et
1543 3564 1683 3635 diei
1734 3564 1886 3637 festi
1925 3565 2434 3655 jucunditatem
2490 3567 2696 3657 spiri-

142 3649 395 3722 tualem
446 3673 536 3722 no
588 3653 648 3722 is
694 3652 1042 3724 afferentis
1090 3652 1429 3735 hilaritas,
1482 3666 1584 3725 est
1631 3654 1874 3725 beatus
1934 3655 2296 3747 Apostolus
2336 3654 2693 3731 Bartholo-

143 3752 420 3832 maeus:
475 3742 597 3829 qui
644 3763 803 3811 cum
836 3741 1115 3813 divinus
1147 3742 1233 3813 sit
1264 3742 1654 3844 Apostolus,
1693 3756 1758 3815 et
1797 3742 2091 3814 luminis
2129 3742 2523 3835 splendore,
2564 3765 2697 3834 pu-

145 3839 373 3911 risque
430 3830 661 3900 Sancti
728 3831 1023 3921 Spiritus
1089 3831 1481 3923 fulgortbus
1540 3843 1809 3903 tantum
1866 3831 2289 3914 illustretur,
2357 3845 2696 3921 quantum

147 3912 366 3986 verbis
413 3917 746 4076 explicari
793 3942 927 3990 non
982 3930 1240 4009 potest:
1294 3921 1497 3992 nobis
1534 3921 1740 3991 etiam
1779 3919 2018 3990 lumen
2054 3921 2387 4023 suggerit,
2424 3920 2550 4010 qui
2586 3943 2700 3992 sa-

149 4014 331 4099 cram
355 4019 421 4077 et
529 4009 824 4080 oriosam
859 4008 1011 4096 ejus
1046 4010 1450 4080 memoriam
1487 4009 1945 4082 celebramus,
1991 4014 2125 4101 Age
2162 4011 2402 4102 :gitur,
2441 4010 2700 4080 divinis

151 4089 428 4195 voctbus
453 4031 657 4167 filum
690 4096 1165 4168 collaudantes
1193 4120 1404 4186 quam
1443 4099 1742 4170 maxime
1771 4119 2170 4189 possumuS,
2204 4098 2445 4169 divina
2474 4099 2701 4201 ipsius

152 4188 536 4256 narratlone
572 4184 1018 4268 delectemur,
1056 4200 1121 4256 et
1154 4186 1677 4258 laudationibus
1711 4188 2133 4258 honoremus
2165 4189 2417 4270 virum,
2454 4210 2702 4276 quovls

155 4253 408 4339 honore
452 4276 905 4366 superiorem.
960 4275 1352 4346 Laudemus
1388 4276 1817 4367 Apostolum,
1861 4297 1903 4346 a
1942 4282 2077 4348 Deo
2115 4277 2268 4369 ipso
2309 4276 2694 4349 laudatum.

154 4346 428 4428 Beatum
483 4364 960 4454 praedicemus
1008 4387 1194 4448 eum,
1248 4366 1372 4454 qui
1418 4387 1693 4457 semper
1740 4366 1984 4438 beatus
2030 4380 2155 4438 est.
2210 4367 2376 4458 Ejus
2404 4365 2698 4459 gloriam

209 4471 235 4499 ’
262 4475 449 4534 aonam
469 4489 775 4540 probabuiter
795 4494 1134 4545 flymmrapm
1153 4492 1236 4543 qui
1253 4493 1414 4536 somn
1431 4493 1622 4536 saecuto
1642 4502 1715 4537 xx.
