3308 5004
153 351 330 419 AUG.
385 351 468 417 18
994 368 1073 415 nr
1120 368 1177 416 s.
1231 366 1501 417 AGAPITQ
1550 366 1845 416 ium-m
2483 349 2612 415 407

161 465 224 525 et
246 452 611 545 splendore
641 452 992 535 eximiam,
1032 464 1098 523 et
1122 451 1585 543 amplitudine
1613 450 2098 522 admirabilem
2125 449 2446 522 efficeret.
2483 456 2708 535 Quare

163 543 335 614 inter
361 563 465 623 ea,
504 563 683 630 quae
721 541 807 612 ad
841 541 995 631 ejus
1029 540 1433 612 memoriam
1466 539 1963 611 illustrandam
1997 539 2277 623 faciant,
2331 540 2462 611 ista
2499 540 2705 611 etiam

165 653 295 702 non
331 631 481 701 sine
509 652 721 702 causa
751 631 1037 722 repetita
1070 643 1277 702 sunt:
1379 652 1511 699 uae
1550 628 1721 699 dum
1774 640 2053 720 propter
2098 628 2526 720 singularem
2564 629 2709 732 pie-

163 720 314 791 tatis
356 719 842 810 praestantiam
894 720 964 789 in
1007 731 1223 790 matre
1279 740 1361 789 co
1389 718 1569 788 enda
1624 717 2028 799 exercebat,
2092 731 2456 809 praecepta
2502 731 2709 788 etiam

163 808 413 891 divina,
452 830 631 897 quae
661 809 991 878 honorem
1030 808 1435 900 parentibus
1462 807 1786 878 decenter
1818 805 2357 897 impertiendum
2404 805 2706 891 tradunt,

168 909 475 969 accurate
512 896 826 989 explevit.

794 1093 934 1174 DE
1019 1092 1389 1172 EADEM
1470 1091 1543 1173 S.
1629 1089 2060 1172 HELENA

271 1311 348 1357 nx
399 1308 780 1358 rnssonoam
828 1310 993 1358 msr.
1048 1307 1221 1358 nect.
1276 1309 1400 1357 un.
1456 1291 1519 1369 1,
1572 1307 1712 1357 car.
1769 1290 1876 1368 18,
1930 1306 2139 1355 nonen
2186 1307 2594 1357 mnarum.

247 1502 732 1574 Illustrissima
777 1500 946 1584 illa,
1014 1511 1079 1572 et
1136 1500 1437 1571 maxima
1503 1499 1717 1592 digna
1780 1499 2238 1572 admiratione
2296 1501 2704 1592 Imperatrix

166 1590 446 1675 Helena,
482 1590 673 1662 aliud
722 1590 1019 1673 facinuS,
1071 1589 1255 1677 quod
1308 1590 1768 1682 posteriorum
1817 1590 2193 1662 memoriae
2241 1591 2487 1661 merito
2518 1612 2710 1662 com-

165 1680 478 1751 mendari
524 1681 769 1763 debet,
823 1680 1015 1751 obiit.
1069 1684 1234 1752 Nam
1287 1678 1615 1749 mulieres
1646 1733 1664 1762 ,
1717 1700 1898 1767 quae
1963 1692 2101 1751 toto
2165 1678 2342 1751 vitae
2406 1692 2711 1771 tempore

161 1769 622 1872 virginitatem
655 1769 1077 1848 excolebant,
1132 1768 1438 1860 primum
1488 1789 1734 1838 omnes
1781 1768 1852 1837 in
1901 1791 2125 1839 unum
2175 1770 2607 1861 congregari,
2643 1781 2711 1840 et

164 1859 444 1931 sedibus
508 1859 935 1960 praeparatis
1000 1856 1410 1928 accumbere
1472 1855 1701 1946 jussit.
1774 1857 2031 1928 Deinde
2095 1858 2346 1950 illapsa
2414 1858 2710 1929 ancillae

164 1968 417 2018 munus
465 1968 734 2035 exequi,
791 1969 1138 2049 apponere
1184 1946 1471 2029 cibaria,
1527 1944 1779 2037 pocula
1828 1945 1967 2016 illis
2006 1948 2379 2040 porrigere,
2417 1946 2708 2019 fundere

160 2035 414 2119 vinum,
456 2048 523 2106 et
656 2049 990 2107 tturnmm
1015 2058 1174 2107 cum
1207 2035 1538 2106 malluvio
1567 2035 1835 2116 afferre,
1862 2058 2116 2124 aquam
2140 2036 2438 2125 denique
2463 2057 2704 2107 earum

161 2126 506 2207 manibUS,
587 2147 705 2195 um
734 2124 986 2209 lavant,
1015 2124 1409 2195 ministrare
1432 2146 1566 2195 non
1602 2123 1764 2194 dedi
1816 2138 1976 2195 nata
1995 2136 2119 2195 est.
2158 2130 2342 2209 Quas
2367 2146 2475 2196 res
2501 2137 2705 2214 atque

163 2215 416 2285 slmiles
458 2213 648 2284 hisce
679 2235 841 2285 cum
882 2213 1310 2294 confecisset,
1368 2213 1572 2283 rediit
1600 2213 1685 2284 ad
1729 2213 1779 2284 fi
1810 2213 1997 2284 ium:
2053 2225 2255 2302 atque
2304 2236 2440 2284 non
2478 2215 2698 2286 multo

162 2316 305 2391 post
339 2304 519 2374 laeto
547 2304 782 2374 animo
806 2326 886 2375 ac
916 2301 1319 2391 tranquillo,
1355 2302 1479 2372 ubi
1511 2302 1658 2373 filio
1683 2302 1770 2373 de
1802 2302 1916 2393 pia
1940 2302 2212 2373 vivendi
2247 2302 2510 2372 ratione
2540 2303 2699 2403 plu-

163 2390 330 2461 rima
381 2404 870 2484 praeceperat,
923 2403 987 2462 et
1032 2413 1193 2462 eum
1244 2391 1870 2474 benedictionibuS,
1921 2413 2101 2480 quae
2146 2392 2234 2462 ab
2281 2391 2692 2461 exeuntibus

159 2498 192 2549 e
226 2481 358 2553 vita
394 2481 552 2552 dari
600 2479 841 2565 solent,
898 2480 1307 2563 muniverat,
1363 2480 1526 2551 hinc
1558 2480 1646 2551 ad
1687 2479 1972 2551 alteram
2008 2481 2212 2551 vitam
2255 2478 2689 2570 demigravit.

162 2571 267 2638 Cui
302 2583 457 2663 post
491 2581 774 2641 mortem
812 2569 966 2640 talis
992 2571 1296 2641 tributus
1320 2582 1421 2640 est
1447 2571 1690 2653 honOS,
1775 2570 1956 2640 ualis
1980 2569 2066 2651 ei,
2098 2591 2276 2658 quae
2309 2574 2522 2639 Deum
2552 2590 2698 2638 om-

161 2658 340 2728 nium
385 2658 887 2730 moderatorem
935 2671 1071 2730 tam
1114 2659 1396 2731 assiduo
1435 2672 1640 2747 atque
1672 2680 1713 2729 a
1763 2680 1844 2730 eo
1886 2658 2155 2729 ardenti
2202 2656 2433 2729 studio
2465 2657 2700 2728 colue-

160 2759 274 2830 rat,
309 2749 557 2820 merito
598 2748 1011 2820 tribuendus
1039 2760 1208 2818 erat.

691 2956 932 3058 VITA
998 2959 1077 3059 S.
1153 2956 1559 3058 AGAPlTl
1630 2954 2160 3060 MARTYRIS

891 3204 1179 3255 AUCTORE
1212 3202 1422 3253 Anomt
1454 3203 1653 3254 nmsc.
1693 3202 1944 3252 mun.

811 3375 1066 3431 Passus
1120 3373 1298 3430 cirea
1340 3373 1458 3429 2¹75
1520 3404 1596 3416 -
1657 3374 2029 3431 Romanus.

244 3554 279 3639 ἓ
321 3561 397 3628 1.
442 3560 492 3624 Α
544 3553 637 3625 ud
690 3554 1199 3626 Praenestinam
1232 3554 1479 3624 urbem
1516 3552 1844 3624 milliario
1875 3553 1962 3623 ab
1998 3553 2169 3623 urbe
2199 3552 2686 3644 trigesimoter-

169 3636 289 3723 tio,
342 3577 566 3713 natale
615 3644 836 3715 sancti
875 3644 1139 3735 Agapiti
1204 3643 1572 3734 martyris»,
1629 3642 1761 3715 sub
1807 3640 2172 3713 Aureliano
2220 3645 2681 3733 Imperatore,

167 3727 487 3815 Praeside,
529 3733 881 3802 Antiocho.
949 3737 1116 3802 Cum
1180 3745 1357 3804 esset
1421 3753 1767 3803 annorum
1826 3730 2275 3820 quindecim,
2344 3741 2410 3800 et
2458 3752 2689 3799 amore

165 3814 396 3891 Christi
436 3821 767 3912 martyrio
792 3821 1097 3903 ferveret,
1120 3821 1331 3912 jussu
1360 3820 1804 3913 Imperatoris
1832 3829 2082 3901 tentuS,
2113 3830 2179 3889 et
2210 3818 2693 3919 primo‘nervis

165 3907 384 3981 crudis
410 3909 535 3980 diu
566 3934 809 3982 caesus
838 3921 961 3981 est.
999 3911 1255 3981 Deinde
1281 3910 1607 3993 Praesidi,
1644 3922 1723 3980 ut
1761 3908 1854 3980 im
1910 3907 2235 3979 elleretur
2272 3906 2688 3986 sacrlficare‚

166 3995 464 4094 traditur.
524 4001 655 4083 Qui
701 4001 774 4070 in
823 4000 1178 4072 dirissimo
1224 4021 1497 4070 carcere
1547 4021 1710 4070 eum
1760 4019 1872 4068 rec
1904 3998 2066 4080 usit,
2118 4006 2184 4067 et
2233 4018 2356 4088 per
2401 4006 2698 4084 quatuor

170 4078 306 4184 dies
348 4089 580 4158 cibum
634 4111 907 4159 omnem
953 4088 1248 4179 negavit.
1300 4087 1471 4158 Inde
1525 4089 1610 4158 de
1646 4108 1924 4158 carcere
1959 4085 2307 4158 exhibitus
2353 4096 2457 4156 est
2496 4090 2697 4154 Prae-

169 4170 327 4273 Sldb·
355 4178 475 4263 qui
515 4198 778 4268 prunas
811 4178 1129 4248 ardentes
1159 4199 1370 4267 super
1394 4188 1605 4267 caput
1650 4176 1804 4265 ejus
1829 4175 2044 4265 jussit
2090 4173 2383 4265 imponi.
2423 4178 2696 4243 Etcum

171 4272 406 4343 gratias
437 4271 570 4335 Deo
600 4278 858 4357 martyr
888 4279 1139 4359 ageret,
1180 4265 1473 4356 flagellis
1506 4278 1607 4336 est
1637 4287 1906 4347 caesuS,
1940 4274 2005 4334 et
2040 4263 2274 4335 nudus
2312 4284 2697 4353 suspensus

171 4348 377 4434 'capite
420 4354 741 4427 deorsum
799 4379 994 4427 verso
1024 4412 1039 4440 ,
1093 4356 1233 4426 acri
1285 4355 1522 4425 subter
1576 4354 1769 4424 fumo
1833 4353 2035 4423 facto.
2090 4357 2169 4422 Et
2229 4373 2388 4422 cum
2442 4351 2697 4422 diceret

174 4432 494 4511 Praesidi:
556 4468 592 4511 «
638 4446 984 4536 Sapientia
1032 4459 1150 4516 tua
1211 4456 1277 4516 ct
1340 4443 1603 4545 vanitas
1663 4443 1735 4512 in
1777 4442 1969 4513 fumo
2010 4441 2309 4513 laborat:
2361 4464 2400 4509 »
2443 4440 2689 4511 iterum
