3308 5004
115 344 300 411 Arm.
358 344 445 411 27
803 363 884 410 nn
931 363 987 413 s.
1036 362 1311 412 :ostano
1359 363 1742 427 causamur.
1795 363 1980 413 cour.
2441 348 2568 414 675

116 446 186 517 in
234 446 439 517 domo
476 456 926 528 contraxerat,
973 468 1182 535 quam
1223 448 1659 536 aliquamdiu
1691 446 2200 522 dissimulatam
2239 449 2464 520 celare
2502 473 2654 520 am-

114 534 300 626 plius
350 557 486 605 non
538 536 781 625 potuit.
832 541 957 606 Per
1004 536 1330 608 undecim
1380 537 1567 627 ipsos
1613 560 1858 615 annos,
1901 537 2182 609 assidua
2216 538 2427 609 febris
2464 538 2652 610 dete-

113 626 297 695 riora
343 624 413 725 in
462 624 646 694 diem
695 636 1154 715 symptomata
1198 625 1467 696 tertium
1507 626 1729 698 morbi
1766 626 1959 697 illius
1996 626 2289 716 gradum
2327 627 2509 697 clare
2550 629 2657 698 in·

113 714 456 794 dicantiaf.
509 712 831 784 Seii-rhus
879 714 946 782 in
975 714 1208 802 jecore
1241 714 1418 786 duro
1454 716 1904 797 extrinsecae„
1943 728 2007 785 et
2045 716 2172 786 late
2202 716 2351 788 fuse
2384 730 2654 787 tumore

113 825 187 874 se
236 801 591 893 pandens,
642 801 914 890 aliaque
957 801 1207 873 exinde
1251 804 1743 875 subnasoentia
1793 804 2188 875 morborum
2299 827 2505 875 enera
2567 827 2647 875 eo

108 892 254 981 jam
301 912 578 981 aegram
628 890 1078 975 adduxerant,
1130 904 1208 962 ut
1257 892 1431 983 pelle
1478 892 1836 964 dumtaxat
1872 907 2077 981 atque
2110 893 2246 965 ossi
2304 916 2409 976 us,
2457 893 2653 963 nulla

116 991 458 1072 praeterea
505 979 815 1070 corporis
882 993 1073 1071 parte
1127 994 1445 1052 constare
1501 983 1867 1054 videretur.
1937 987 2177 1069 Itaque
2241 1004 2376 1052 non
2439 982 2651 1052 semel

113 1082 412 1140 extremo
460 1081 1046 1139 sacramentorum
1099 1070 1411 1141 subsidio
1458 1072 1751 1152 munita,
1808 1071 1982 1141 nihil
2021 1073 2170 1161 jam
2212 1070 2400 1141 aliud
2444 1093 2653 1161 oppe-

110 1158 234 1228 riri
266 1169 433 1240 erat,
482 1179 697 1250 quam
748 1169 827 1228 ut
865 1180 905 1227 e
949 1172 1366 1250 consumpto
1411 1182 1698 1251 corpore
1742 1160 1976 1230 anima
2024 1159 2209 1230 demi
2263 1175 2465 1230 raret.
2520 1158 2649 1229 Sed

109 1246 235 1317 des
284 1249 542 1317 erat‘am
591 1245 998 1317 humanitus
1048 1245 1507 1318 valetudinem
1561 1249 1672 1340 pia
1707 1247 2029 1319 monialis
2070 1271 2191 1339 per
2279 1263 2503 1318 eatum
2542 1248 2653 1318 Jo-

108 1358 231 1427 sep
289 1357 404 1405 um
454 1334 789 1405 divinitus
824 1350 929 1406 est
954 1351 1349 1408 consecuta.
1389 1341 1615 1421 Quum
1652 1337 1837 1407 enim
1874 1338 2084 1418 brevi,
2120 1359 2329 1424 quam
2371 1337 2652 1407 morbus

109 1425 176 1494 in
234 1422 483 1493 lectulo
531 1424 805 1506 sineret,
858 1424 1272 1495 novemdiali
1314 1448 1512 1517 prece
1552 1425 1745 1497 illius
1775 1448 1846 1496 se
1881 1426 2258 1516 patrocinio
2296 1446 2654 1496 commen-

108 1513 366 1594 dasset,
395 1513 508 1581 die
541 1512 715 1603 ipsa,
758 1535 935 1600 quae
965 1536 1148 1584 nona
1178 1527 1242 1584 et
1321 1530 1617 1585 ostrema
1648 1527 1794 1584 erat
1829 1516 2178 1586 institutae
2212 1514 2647 1606 precationi5‚

109 1601 381 1694 placide
426 1601 806 1692 consopita,
858 1615 924 1672 et
970 1623 1215 1673 somno
1290 1603 1473 1692 quod
1534 1622 1918 1690 numquam
1985 1616 2183 1673 antea
2246 1604 2651 1694 contigerat)

107 1691 238 1762 diu
288 1690 642 1782 producto,
699 1691 920 1761 morbi
966 1692 1107 1761 vim
1146 1689 1429 1762 ‘omnem
1481 1692 1869 1764 discussam
1913 1692 2147 1762 sensit.
2193 1693 2442 1762 Eodem
2480 1706 2652 1761 tem-

109 1800 284 1872 pore,
322 1779 511 1849 color
556 1778 801 1861 vultui,
857 1779 1034 1851 vires
1080 1782 1352 1871 corpori
1401 1782 1728 1862 redditae,
1784 1780 2109 1868 quodque
2159 1781 2381 1872 magis
2412 1781 2654 1867 utique

106 1868 513 1939 mirandum
563 1866 714 1949 fuit,
770 1872 933 1939 oaro'
980 1890 1114 1939 non
1168 1870 1371 1940 modo
1411 1872 1744 1950 restituta,
1788 1867 1908 1944 sed
1949 1891 2026 1940 ea
2070 1871 2209 1939 visa
2250 1883 2354 1940 est
2390 1869 2647 1949 addita,

105 1979 288 2045 quae
336 1956 619 2027 fortasse
669 1979 1049 2046 numquam
1100 1959 1430 2030 extiterat.
1465 1965 1693 2047 Neque
1724 1980 1880 2028 vero
1915 1959 2180 2050 integra
2222 1970 2487 2029 tantum
2525 1957 2655 2027 fuit

110 2045 459 2128 valetudo,
494 2045 607 2116 sed
640 2048 845 2117 etiam
878 2060 1232 2137 perpetua.

200 2136 238 2222 ἓ
283 2139 434 2208 10.
485 2133 706 2205 Altera
753 2156 1091 2227 superans
1141 2150 1426 2208 naturae
1464 2136 1600 2206 vim
1646 2136 1914 2208 sanatio
1945 2136 2231 2226 contigit
2258 2135 2655 2205 Vincentiae

108 2223 349 2293 Buada
394 2223 809 2295 valentinae.
862 2229 1044 2295 Haec
1092 2226 1276 2295 enim
1328 2239 1462 2296 tres
1526 2224 1626 2294 vel
1682 2238 1983 2312 quatuor
2036 2247 2256 2294 annos
2314 2237 2471 2292 nata
2502 2277 2517 2300 ‚
2573 2245 2654 2293 ex

107 2312 304 2402 gravi
355 2312 554 2404 lapsu
598 2312 798 2403 (dum
852 2335 971 2405 per
1018 2313 1261 2384 ludum
1305 2313 1393 2384 ab
1435 2313 1860 2404 imprudenti
1890 2313 2215 2402 quopiam
2243 2312 2545 2402 jactatur
2578 2311 2649 2380 in

107 2404 271 2471 aera
316 2415 382 2472 et
422 2401 837 2504 excipitur),
891 2402 1143 2473 luxatis
1189 2402 1452 2490 aliquot
1499 2402 1794 2492 spinalis
1862 2400 2206 2470 medullae
2270 2399 2644 2479 vertebris,

158 2492 441 2564 ravibus
488 2515 795 2583 primum
850 2492 1131 2573 morbi&
1186 2491 1481 2583 perfecta
1528 2490 1687 2561 dein
1737 2489 2236 2580 comprehensa
2284 2488 2415 2560 fuit
2447 2511 2649 2580 para-

101 2515 241 2671 fysi
272 2636 288 2663 ‚
346 2582 437 2652 ita
481 2578 763 2669 quidem
814 2592 892 2650 ut
937 2602 1143 2651 crura
1187 2581 1275 2650 ob
1326 2579 1735 2650 interclusos
1795 2580 1982 2649 succi
2043 2577 2267 2650 vitalis
2336 2589 2599 2647 meatus
2630 2630 2646 2658 ,

99 2670 302 2740 arida
343 2671 488 2758 jam
521 2692 620 2739 -ac
670 2691 841 2760 pene
890 2669 1117 2759 lignea
1166 2682 1428 2739 motum
1478 2681 1544 2738 et
1592 2689 1870 2739 sensum
1913 2689 2187 2736 omnem
2224 2666 2645 2736 amisissent.

99 2764 449 2831 Conversa
495 2758 708 2848 igitur
749 2757 978 2848 puella
1009 2759 1095 2828 ad
1130 2758 1488 2828 coelestem
1531 2779 1759 2848 opem,
1796 2755 2359 2844 quandoquidem
2405 2756 2473 2823 in
2519 2754 2653 2824 hu-

105 2846 347 2918 manis
397 2846 721 2917 remediis
766 2847 956 2917 nulla
985 2849 1132 2938 jam
1171 2846 1435 2934 reliqua
1473 2867 1632 2936 spes
1670 2857 1837 2926 erat,
1873 2844 2287 2915 novemdiali
2319 2842 2652 2929 obsequio

95 2935 289 3007 beati
319 2940 475 3005 Jose
531 2935 972 3006 hiauxilium
1001 2936 1346 3026 implorat.
1386 2941 1477 3006 Eo
1511 2947 1806 3024 peracto,
1853 2933 2160 3003 nondum
2202 2946 2425 3002 tamen
2460 2953 2652 3001 com-

95 3048 234 3119 pos
282 3023 416 3094 voti
489 3037 640 3096 acta
683 3037 864 3095 erat:
901 3027 1018 3095 sed
1057 3039 1246 3114 patre
1275 3024 1710 3105 admonente,
1752 3023 1938 3093 brevi
1971 3021 2200 3091 adhuc
2234 3021 2386 3090 fusa
2422 3041 2645 3112 prece,

95 3138 182 3186 ea
235 3112 391 3203 ipsa
437 3113 571 3196 die,
627 3126 971 3185 momento
1020 3114 1346 3202 temporis
1393 3126 1683 3193 motum,
1729 3132 2038 3195 sensum,
2073 3123 2138 3182 et
2173 3110 2357 3199 quod
2391 3110 2652 3179 miran-

96 3204 281 3276 dum
313 3213 417 3273 est
454 3202 702 3294 magis,
745 3224 1025 3274 carnem
1067 3200 1557 3292 recuperavit*
1564 3252 1700 3271 .....

97 3370 193 3463 ⁸:¹¹¹
208 3367 661 3462 ριιυιρεοριοξὶὲαπο
688 3377 717 3408 ι
742 3363 869 3409 nervi
897 3363 982 3409 Dei
1008 3362 1143 3407 obitu
1170 3366 1426 3408 centesimo
1442 3365 1626 3407 decimo
1645 3336 1784 3413 nono,
1803 3374 1910 3406 eun
1931 3363 2209 3406 solemniter
2227 3362 2495 3413 Apostolic-
2512 3329 2657 3402 Sados

195 3433 224 3463 ο
271 3430 297 3462 ε
316 3430 484 3461 accone
