3308 5004
654 312 781 377 444
1242 327 1319 374 oa
1366 327 1421 374 s.
1475 326 1806 374 nssaNARno
1853 329 1996 375 Ana.
2050 326 2433 376 cunum..
2784 308 2972 376 AUG.
3023 310 3131 375 20

563 415 758 486 Venit
804 413 1010 484 frater
1055 413 1229 502 ejuS,
1284 411 1607 482 laborans
1653 425 1731 482 ut
1774 413 1925 483 erui
1978 427 2226 503 posset,
2284 411 2401 483 sed
2454 434 2588 482 non
2632 411 2940 504 profecit.
2980 416 3129 482 De-

566 525 756 573 mum
806 525 966 573 cum
1018 522 1141 571 nec
1174 500 1360 588 loqui
1399 501 1462 570 ei
1497 501 2025 591 permitteretur,
2064 502 2400 572 accedens
2433 501 2517 572 ad
2555 523 2925 582 carcerem,
2965 502 3131 572 cla-

564 592 818 662 mavit:
873 614 908 658 «
960 591 1139 661 Scito
1185 589 1393 659 frater
1439 590 1759 673 Gerarde,
1811 593 1976 679 quia
2022 592 2189 660 ituri
2237 612 2482 661 sumus
2529 591 2601 660 in
2653 590 2989 682 proxime,
3045 603 3129 660 et

563 680 1057 751 monasterium
1106 679 1453 749 intraturi.
1507 684 1607 749 Tu
1656 702 1837 762 ver0,
1892 679 2454 769 quandoquidem
2506 680 2689 749 exire
2737 701 2875 749 non
2926 679 3128 761 licet,

563 769 677 839 bic
728 769 1113 840 monachus
1158 780 1342 839 esto:
1397 768 1644 849 scienS,
1700 769 1880 856 quod
1936 770 2036 840 vis
2084 783 2149 840 et
2197 791 2332 838 non
2377 780 2590 859 poteS,
2636 790 2757 859 pro
2798 768 2978 838 facto
3012 790 3135 838 re·

562 860 817 960 putari.
875 881 912 925 »
962 862 1270 944 Cumque
1319 857 1664 927 Gerardus
1712 858 1936 949 magis
1984 880 2063 928 ac
2113 859 2338 949 magis
2383 858 2811 938 anxiaretur,
2867 857 3131 948 paucis

561 947 990 1039 interpositis
1021 946 1294 1024 diebus,
1332 946 1598 1016 audivit
1630 969 1865 1016 vocem
1901 947 1969 1015 in
2006 947 2271 1016 somnis
2304 947 2645 1016 dicentem
2680 947 2854 1017 sibi:
2899 946 3134 1016 Hodie

560 1036 988 1107 liberaberis.
1042 1036 1476 1105 Percontanti
1526 1035 1839 1118 modum,
1892 1036 2156 1105 dictum
2206 1048 2346 1106 est:
2400 1041 2596 1106 Pater
2635 1049 2797 1106 tuus
2833 1048 2899 1105 et
2930 1035 3129 1105 alius

560 1126 846 1213 quidam
902 1139 964 1194 te
1013 1123 1429 1194 liberabunt.

648 1219 684 1304 ξ
718 1221 850 1288 11.
907 1219 1065 1282 Erat
1093 1226 1321 1283 autem
1358 1211 1614 1284 factum
1658 1213 2243 1305 Quadragesimae
2279 1225 2574 1303 tempus
2616 1213 2807 1283 Circa
2841 1234 3133 1303 vesper-

560 1304 775 1374 tinam
827 1304 1058 1391 itaque
1104 1301 1239 1372 diei
1292 1301 1531 1371 horam
1582 1302 1896 1392 cogitans
1942 1301 2129 1391 quod
2171 1301 2506 1383 audierat,
2546 1302 2914 1392 compedes
2945 1325 3124 1372 suas

559 1393 814 1483 tetigit:
867 1405 934 1462 et
977 1413 1136 1462 ecce
1183 1390 1437 1459 serrum
1489 1413 1569 1461 ex
1619 1403 1811 1481 parte
1856 1392 2125 1482 crepuit
2173 1392 2242 1460 in
2297 1412 2511 1460 manu
2539 1391 2713 1481 ejuS,
2759 1406 2835 1460 ut
2870 1391 3117 1461 minus

553 1481 701 1569 jam
754 1493 1120 1560 teneretur,
1176 1493 1242 1549 et
1288 1478 1729 1567 aliquatenus
1778 1481 2093 1550 incedere
2143 1492 2394 1570 posset.
2450 1479 2577 1549 Sed
2668 1479 2784 1549 uid
2829 1483 3128 1571 ageret?

560 1575 720 1639 Erat
765 1569 1016 1640 ostium
1053 1570 1473 1649 obseratum,
1519 1581 1585 1639 et
1626 1591 1748 1659 pro
1780 1569 2048 1639 foribus
2085 1591 2471 1660 pauperum
2511 1590 2630 1637 mu
2667 1568 2907 1639 titudo.
2947 1574 3127 1639 Sur-

558 1659 731 1728 rexit
778 1670 1031 1739 tamen,
1084 1670 1149 1727 et
1197 1679 1333 1727 non
1385 1670 1520 1727 tam
1573 1679 1694 1746 spe
1739 1658 2096 1739 evadendi,
2135 1681 2344 1746 quam
2382 1656 2605 1728 taedio
2628 1657 2934 1748 jacendi,
2985 1679 3123 1728 seu

559 1747 956 1818 curiositate
1006 1745 1334 1827 tentandi,
1387 1747 1725 1817 accedens
1772 1747 1858 1816 ad
1908 1748 2161 1818 ostium
2199 1747 2686 1817 subterraneae
2718 1747 2996 1828 domuS,
3041 1749 3124 1816 in

558 1858 697 1923 qua
746 1836 1016 1905 vinctus
1063 1848 1127 1904 et
1173 1834 1457 1905 clausus
1502 1849 1668 1916 erat,
1726 1859 1879 1905 mox
1927 1848 2004 1906 ut
2053 1835 2435 1927 pessullum
2488 1835 2727 1925 tetigit.
2783 1857 2938 1906 sera
2969 1849 3123 1907 tota

564 1925 741 1993 inter
790 1946 1040 1993 manus
1086 1924 1238 2024 eJus
1284 1922 1589 2015 collapsa
1637 1937 1762 2007 est,
1816 1937 1880 1994 et
1918 1926 2169 1995 ostium
2207 1924 2456 1994 domus
2487 1938 2831 2014 apertum.
2871 1926 3129 1997 Exiens

471 2054 480 2062 -
520 2095 527 2100 .
562 2013 977 2104 pedetentim
1012 2068 1027 2095 ,
1083 2024 1263 2082 sicut
1308 2013 1516 2083 homo
1563 2014 2047 2116 compeditus,
2101 2012 2185 2082 ad
2237 2012 2645 2094 ecclesiam,
2701 2013 2822 2083 ubi
2875 2013 3120 2085 adhuc

564 2102 950 2191 vespertina
995 2100 1524 2172 celebrabantur
1569 2101 1818 2185 officia,
1911 2103 2331 2173 ertendebat.
2376 2107 2583 2171 Porro
2624 2101 2953 2184 mendici,
2991 2103 3125 2191 qui

565 2211 687 2282 pro
733 2189 998 2260 foribus
1043 2190 1295 2260 domus
1340 2190 1729 2273 adstabant,
1785 2192 1846 2261 vi
1900 2204 2091 2262 entes
2139 2192 2322 2278 quod
2360 2190 2586 2272 fiebat,
2626 2190 2963 2261 divinitus
2998 2213 3122 2261 ex-

562 2279 825 2361 territi,
880 2279 948 2348 in
998 2279 1235 2370 sugam
1284 2282 1594 2351 conversi
1644 2294 1853 2361 sunt,
1909 2280 2081 2350 nihil
2131 2281 2534 2350 clamantes.
2603 2283 2908 2367 Cumque
2961 2281 3119 2369 jam

561 2369 1149 2460 appropinquaret
1196 2369 1563 2450 ecclesiae,
1631 2369 1993 2471 egrediens
2047 2369 2332 2457 quidam
2401 2367 2484 2437 de
2540 2367 2806 2438 familia
2862 2368 3125 2439 domus

561 2457 997 2550 captivitatis·
1025 2478 1212 2539 suae,
1267 2480 1643 2550 germanus
1692 2459 1882 2530 lilius
1913 2480 1953 2528 a
1984 2479 2123 2546 quo
2156 2456 2696 2539 custodiebatur,
2733 2457 3124 2546 vidensque

559 2570 717 2617 eum
769 2547 853 2617 ad
904 2547 1265 2619 ecclesiam
1318 2559 1839 2639 properantem:
1893 2547 2134 2629 Tarde,
2192 2547 2435 2636 inquit,
2492 2547 2790 2617 Gerarde
2837 2548 3115 2618 venisti.

561 2642 1067 2727 Expavescente
1113 2635 1284 2705 illo:
1340 2637 1608 2706 Festina
1639 2693 1654 2712 .
1710 2638 1847 2707 ait:
1902 2636 2133 2706 adhuc
2182 2647 2541 2727 superest,
2594 2636 2777 2722 quod
2828 2635 3109 2706 audias,

563 2722 762 2796 Oculi
808 2726 979 2816 quip
1032 2747 1070 2795 e
1116 2726 1269 2812 ejus
1302 2727 1735 2807 tenebantur,
1782 2747 1906 2795 nec
1990 2746 2248 2806 rorsus,
2293 2723 2460 2812 quid
2502 2739 2844 2815 ageretur,
2891 2747 3115 2815 agno-

562 2813 819 2884 scebat.
875 2818 956 2884 Se
1053 2813 1141 2883 ad
1191 2813 1466 2884 altiores
1514 2815 1773 2905 gradus
1820 2834 1935 2884 ecc
1966 2814 2145 2883 esiae
2192 2835 2354 2884 cum
2405 2812 2557 2882 data
2616 2830 2827 2883 manu
2868 2818 3124 2884 Gerar-

562 2903 732 2972 dum
784 2903 1254 2983 sublevasset,
1306 2903 1696 2973 introeunte
1746 2903 1864 2973 illo
1909 2901 2305 2983 ecclesiam,
2361 2913 2526 2971 tunc
2574 2902 2883 2979 demum,
2936 2903 3119 2989 quid

563 3003 907 3081 ageretur,
961 2991 1274 3083 agnovit:
1328 3004 1394 3062 et
1440 3006 1729 3062 conatus
1777 3013 1934 3061 eum
1973 2991 2286 3072 retinere,
2328 3012 2462 3059 non
2498 2991 2740 3081 potuit.
2782 2996 2920 3061 Hoc
2952 3012 3027 3060 er
3080 3014 3126 3063 o

565 3079 768 3149 modo
817 3080 1164 3150 Gerardus
1211 3102 1251 3149 a
1299 3082 1689 3172 captivitate
1737 3080 1994 3151 amoris
2043 3079 2258 3150 seculi
2308 3079 2546 3167 huJuS,
2601 3080 2994 3171 captivitate
3084 3120 3119 3131 -

566 3168 818 3238 liorum
869 3169 1082 3239 seculi
1133 3168 1487 3252 liberatus,
1542 3183 1775 3240 votum
1823 3169 2006 3256 quod
2057 3169 2259 3249 vovit,
2313 3167 2607 3239 fideliter
2686 3168 2990 3239 ersolvit.
3038 3175 3119 3240 In

562 3277 700 3344 quo
747 3257 1186 3347 potissimum
1238 3270 1475 3327 notum
1527 3258 1684 3328 fecit
1737 3257 2089 3339 Dominus,
2125 3280 2164 3327 a
2243 3269 2451 3327 nanta
2494 3192 2912 3348 perlgctione
2946 3280 3119 3328 san-

563 3357 712 3415 ctae
759 3346 1298 3415 conversationis
1345 3346 1639 3437 gratiam
1692 3347 1818 3417 iste
1866 3347 1980 3416 Dei
2027 3346 2218 3416 samu
2251 3368 2335 3416 us
2382 3346 2638 3436 ceperit
2684 3347 2802 3434 qui
2842 3348 2912 3416 in
2949 3349 3116 3434 ejus

563 3433 816 3524 spiritu
861 3434 982 3521 qui
1031 3433 1190 3504 fecit
1235 3455 1411 3521 quae
1463 3447 1744 3504 ventura
1794 3447 2004 3515 sunt,
2056 3435 2266 3522 quod·
2303 3449 2449 3505 erat
2503 3433 2818 3506 futurum
2884 3436 3123 3506 videre

565 3523 785 3614 potuit
830 3522 1031 3611 quasi
1068 3523 1213 3613 jam
1263 3522 1547 3593 sactum.
1600 3523 2150 3594 Praesentialiter
2194 3524 2454 3614 quippe
2508 3524 2577 3592 in
2628 3522 2836 3593 latere
2883 3524 3122 3596 fratris

562 3613 714 3703 ejus
758 3611 1002 3682 lancea
1048 3613 1446 3703 apparebat,
1497 3612 1778 3700 quando
1812 3611 2109 3704 digitum
2146 3612 2217 3681 in
2253 3611 2404 3682 loco
2437 3612 2773 3703 applicuit
2808 3613 3123 3685 vulneris

565 3723 721 3771 mox
767 3701 1007 3782 futuri,
1064 3700 1246 3772 sicut
1293 3701 1439 3792 ipse
1489 3701 1926 3792 postmodum
1978 3700 2339 3772 consessus
2383 3714 2486 3771 est
2533 3700 2756 3771 nobis,

648 3793 687 3878 ξ
732 3795 881 3863 12.
935 3795 1103 3860 Cum
1154 3802 1383 3860 autem
1431 3789 1730 3873 caeteri,
1786 3803 1862 3860 ut
1909 3790 2215 3862 diximus
2247 3845 2262 3873 ,
2315 3790 2559 3860 fratres
2609 3791 2837 3881 prima
2883 3790 2998 3860 die
3045 3791 3119 3860 in

563 3880 803 3950 eodem
854 3891 1084 3950 essent
1120 3900 1279 3949 cum
1322 3879 1671 3949 Bernardo
1712 3879 1958 3970 spiritu
1991 3880 2415 3971 congregati,
2457 3901 2657 3949 mane
2692 3879 3121 3951 intrantibus

561 3968 662 4038 eis
707 3967 1096 4050 ecclesiam,
1150 3968 1612 4056 Apostolicum
1657 3966 1832 4038 illud
1869 3967 2225 4058 legebatur
2257 3967 2681 4058 capitulum:
2727 3970 2986 4039 Fidelis
3019 3979 3118 4039 est

562 4063 759 4135 Deus,
855 4060 978 4127 uia
1024 4060 1237 4148 coepit
1271 4059 1342 4127 in
1372 4058 1554 4127 vobis
1585 4078 1752 4146 opu-5
1779 4059 2044 4138 bonum,
2082 4058 2223 4149 ipse
2252 4058 2553 4159 perficiet
2583 4079 2797 4149 usque
2830 4060 2900 4127 in
2933 4059 3120 4128 diem

561 4151 721 4216 Jesu
771 4150 818 4217 C
868 4148 1023 4217 risti
1062 4147 1393 4238 (Philipp.
1445 4147 1520 4237 1).
1574 4145 1770 4229 Quod
1818 4145 2105 4217 devotus
2143 4147 2423 4236 Juvems
2454 4145 2638 4214 haud
2684 4167 2882 4217 secus
2917 4168 3120 4217 acce·

568 4234 688 4323 pit,
739 4256 947 4322 quam
998 4235 1190 4305 side
1239 4235 1426 4305 coelo
1475 4234 1840 4306 sonuisset.
1895 4235 2222 4304 Exultaus
2269 4235 2501 4321 itaque
2538 4235 2687 4324 jam
2729 4235 3118 4326 spiritualis

568 4336 759 4411 pater
806 4337 1362 4414 regeneratorum
1414 4324 1482 4393 in
1536 4324 1800 4395 Christo
1848 4323 2136 4393 fratrum
2188 4344 2502 4403 suorum,
2544 4337 2612 4393 et
2650 4342 2936 4394 manum
2983 4329 3115 4394 Do-

568 4410 741 4479 mini
790 4410 1181 4502 intelligens
1229 4434 1463 4484 secum
1512 4427 1936 4503 operantem,
1988 4411 2212 4502 coepit
2258 4434 2336 4481 ex
2383 4412 2514 4482 hoc
2563 4412 2791 4503 palam
2846 4413 3114 4502 ubique
