3308 5004
657 334 786 399 720
1180 349 1248 398 ιιι
1292 349 1486 397 nsro
1534 349 1874 398 nzcoun.
1929 349 1986 397 s.
2037 348 2264 396 somn.
2318 347 2499 410 nur.
2800 330 3010 397 AUG.
3064 329 3148 398 29

656 438 694 524 ἓ
739 440 828 508 ὅ.
881 439 1053 506 Cum
1100 447 1330 505 autem
1383 434 1864 525 postmultos,
1899 433 2022 522 qui
2074 432 2543 525 praefuerunt,
2580 431 2817 503 divino
2851 454 3150 524 quoque

572 524 892 596 Marcello
966 522 1592 616 praefectura·ejus
1641 523 2042 595 monasterii
2115 521 2360 593 fuisset
2415 521 2700 605 credita,
2753 521 3002 593 visum
3049 537 3150 598 est

572 635 827 705 magno
872 613 1198 703 praeconi
1246 613 1552 683 veritatis
1596 612 1906 704 seipsum
1977 611 2359 684 ostendere.
2415 611 2729 682 ostensio
2789 634 2966 682 vero
3019 612 3150 684 fuit

518 777 523 782 ,
570 702 1029 782 admirabilis,
1080 715 1147 772 et
1183 700 1423 860 digna,
1475 724 1654 790 quae
1700 725 1741 772 a
1786 700 2113 773 fidelibus
2160 701 2491 771 audiatur
2533 700 2988 774 hominibus.
3043 702 3148 774 Sic

570 804 798 862 autem
850 791 1078 872 habet,
1133 803 1210 861 ut
1255 813 1277 860 ι
1314 791 1399 860 lei
1452 813 1548 872 se,
1579 791 1694 861 cui
1731 790 1858 860 fuit
1886 791 2340 873 declaratum,
2374 789 2738 860 Marcellus
2776 793 3138 881 exposuit.

574 880 978 970 Regnabant
1021 893 1252 950 autern
1303 885 1395 950 Va
1428 879 1831 950 entinianus
1877 892 1943 949 et
1992 879 2392 958 Martianus,
2459 878 2789 969 inprimis
2843 880 2958 970 pii
3008 885 3146 950 Im·

571 982 964 1072 peratores;
1006 969 1350 1040 Ecclesiae
1388 990 1546 1038 vero
1579 968 1937 1040 Emesinae
1979 981 2288 1061 praeerat
2335 968 2661 1040 Uranius.
2692 968 2902 1037 Visae
2955 983 3137 1051 sunt,
3249 993 3250 996 ¹

570 1059 819 1146 inquit,
859 1058 1032 1128 mihi
1067 1057 1140 1126 in
1190 1058 1457 1129 somnis
1511 1069 1790 1148 apertae
1836 1080 1986 1128 esse
2024 1079 2268 1128 omnes
2320 1070 2554 1147 portae
2618 1058 2836 1127 nostri
2901 1079 3138 1128 mona·

570 1148 757 1218 sterii
794 1171 810 1212 τ
862 1159 928 1217 et
959 1169 1087 1238 ego
1115 1147 1592 1229 conturbatuS,
1626 1147 1951 1238 putabam
1991 1168 2102 1216 me
2140 1146 2333 1216 abire
2373 1147 2502 1216 hoc
2530 1145 2764 1215 animo
2789 1158 2877 1216 ut
2914 1162 3136 1237 portas
3249 1221 3250 1230 χ

570 1236 1007 1307 clauderem..
1031 1236 1289 1306 Deinde
1336 1257 1582 1306 rursus
1610 1236 1786 1305 mihi
1834 1259 1992 1306 sum
2028 1236 2221 1305 visus
2259 1235 2492 1330 videre
2530 1233 2826 1304 fluvium
2878 1236 2958 1304 in
2994 1259 3137 1327 por·

571 1339 709 1394 tam
760 1327 1165 1407 irruentem,
1217 1337 1284 1395 et
1324 1325 1586 1407 mirari,
1640 1325 1994 1395 undenam
2031 1337 2211 1394 esset
2257 1335 2490 1394 tantus
2521 1344 2744 1411 aquae
2795 1324 3126 1414 impetus.
3249 1341 3250 1348 ’

572 1420 739 1483 Cum
791 1415 960 1484 haec
1008 1426 1234 1485 autem
1279 1414 1349 1483 in
1382 1414 1617 1483 animo
1658 1435 2030 1495 versarem,
2083 1412 2501 1484 audiebatur
2547 1433 2761 1483 sonus
2813 1413 3130 1484 multitu·

571 1503 759 1572 dinis
807 1503 1047 1595 populi
1086 1515 1153 1573 et
1186 1502 1544 1583 classium,
1585 1525 1765 1590 quae
1809 1503 1899 1573 ab
1928 1502 2203 1573 Oriente
2235 1502 2445 1573 veluti
2495 1501 2907 1574 ferebantur
2940 1526 3128 1594 super

556 1603 864 1679 aquam,
917 1614 1096 1680 quae
1170 1593 1255 1661 ad
1308 1614 1434 1662 nos
1497 1592 1778 1680 quidem
1861 1591 2294 1682 procedebat.
2376 1596 2841 1678 Unaquaeque
2913 1607 3124 1662 autem

573 1681 819 1751 classis
869 1682 1151 1782 propria
1187 1681 1429 1772 lingua
1470 1693 1712 1751 utens:
1769 1686 1963 1761 Eece,
2029 1679 2341 1763 dicebat,
2409 1701 2708 1771 magnus
2753 1679 2888 1749 ille
2949 1684 3125 1751 Prae-

574 1792 818 1839 cursor
862 1771 1113 1840 Christi
1158 1769 1533 1840 Salvatoris
1601 1771 1816 1841 nostri
1861 1782 1928 1839 et
1986 1770 2291 1860 Baptista
2356 1769 2667 1839 Joannes
2713 1769 3115 1839 ostenditur.

574 1863 741 1927 Cum
792 1880 919 1948 ego
967 1872 1194 1930 autem
1247 1872 1497 1929 starem
1548 1858 1633 1928 ad
1699 1870 1966 1950 portam
2020 1857 2567 1938 meridionalem,
2618 1868 2688 1927 et
2733 1857 2866 1928 illa
2910 1860 3114 1928 statim

466 1999 479 2015 .
570 1960 670 2017 est
718 1959 977 2037 aperta,
1032 1961 1098 2017 et
1146 1947 1498 2038 ingressae
1544 1960 1710 2018 sunt
1756 1950 1961 2018 acies.
1998 1952 2137 2050 Ego
2170 1967 2328 2018 vero
2360 1946 2599 2027 simul,
2639 1943 2888 2017 relicta
2907 1950 3109 2039 porta,

572 2057 863 2105 currens
910 2057 1066 2104 sum
1116 2037 1513 2127 ingressus:
1566 2048 1633 2107 et
1694 2050 1886 2109 stans
1934 2037 2002 2105 in
2056 2038 2254 2107 initio
2302 2035 2694 2117 scalarum,
2745 2036 2899 2106 vidi
2951 2038 3109 2128 ipsos

492 2159 497 2165 ·
576 2124 1041 2215 ingredientes
1090 2126 1614 2196 monasterium.

662 2216 699 2300 ἓ
748 2219 843 2285 θ.
896 2218 974 2283 In
1026 2214 1273 2283 iisdem
1321 2227 1548 2284 autem
1594 2213 1801 2284 scalis
1853 2214 2025 2283 mihi
2073 2214 2303 2284 adhuc
2344 2214 2552 2285 stanti
2603 2214 2753 2285 visa
2800 2213 3100 2285 suntduo

571 2303 769 2382 atria,
825 2325 1045 2373 unum
1096 2303 1378 2390 quidem
1429 2326 1548 2372 ver
1595 2326 1718 2374 ens
1765 2302 1850 2372 ad
1902 2325 2253 2384 occasum,
2306 2302 2603 2373 alterum
2655 2321 2819 2373 vero
2864 2303 2941 2372 ad
2979 2322 3094 2370 me·

575 2391 816 2461 ridiem
846 2415 863 2459 :
893 2405 960 2462 et
995 2415 1329 2483 magnum
1374 2404 1564 2483 temp
1598 2414 1712 2460 um
1757 2393 1967 2461 situm
2017 2406 2163 2462 erat
2201 2392 2273 2462 in
2306 2392 2533 2461 medio
2578 2412 2850 2462 eorum.
2883 2396 3087 2461 Unam-

572 2502 925 2568 quamque
972 2496 1199 2552 autem
1252 2481 1544 2551 classem
1580 2481 1898 2551 videbam
1951 2480 2451 2573 ingredientem
2501 2480 2569 2549 in
2613 2482 2878 2559 atrium,
2920 2473 3072 2563 quod

575 2570 896 2661 vergebat
933 2571 1018 2639 ad
1052 2571 1508 2641 occidentem.
1547 2570 1804 2640 Deinde
1850 2572 2055 2640 etiam
2092 2594 2252 2641 cum
2303 2569 2389 2639 ad
2450 2569 2782 2661 templum
2830 2566 3069 2636 adoras-

571 2673 746 2739 sent,
788 2660 1018 2729 statim
1069 2660 1392 2730 abierunt
1439 2659 1524 2729 ad
1576 2673 1844 2750 portam
1884 2658 2435 2741 meridionalem,
2464 2660 2667 2730 etsie
2707 2657 3074 2728 destiterunt

572 2747 660 2835 ab
709 2747 975 2819 itinere.
1033 2749 1287 2819 Deinde
1334 2749 1539 2819 etiam
1600 2748 1837 2818 audivi
1887 2769 2117 2818 vocem
2169 2748 2466 2819 aliorum
2519 2771 2772 2820 rursus
2821 2747 3087 2817 claman-

575 2837 788 2906 tium:
842 2843 1010 2908 Ecce
1072 2860 1372 2939 magnus
1410 2838 1710 2908 Joannes
1761 2839 2088 2926 Baptista.
2144 2842 2310 2907 Cum
2359 2837 2444 2907 ad
2513 2838 2644 2908 hoc
2692 2836 3093 2908 sustulissem

570 2926 833 3008 oculos,
879 2927 1161 3018 adspexi
1196 2928 1395 2996 illum
1426 2928 1493 2996 in
1525 2948 1605 2996 eo
1647 2926 1905 3018 templo
1934 2926 2119 3014 quod
2157 2926 2488 2995 videram.
2525 2930 2887 2997 Praeterea
2906 2936 3090 2994 autem

570 3014 710 3084 duo
754 3016 1043 3103 quidam
1094 3019 1237 3086 una
1268 3039 1431 3086 cum
1466 3020 1544 3085 eo
1576 3014 1887 3097 aderant,
1929 3038 2129 3087 unus
2175 3016 2457 3103 quidem
2496 3038 2536 3085 a
2581 3015 2912 3097 dexteris,
2961 3012 3093 3083 alter

575 3124 731 3173 vero
776 3126 817 3173 a
866 3105 1191 3176 sinistris.
1242 3105 1395 3174 Jam
1448 3127 1601 3174 vero
1649 3126 2223 3192 unamquamque
2254 3105 2549 3174 classem
2597 3104 2682 3174 ad
2733 3105 2973 3195 ipsum
3011 3121 3098 3170 ac·

574 3191 930 3263 cedentem
970 3195 1459 3265 benedicebat:
1511 3206 1577 3263 et
1609 3205 1972 3282 postquam
2025 3194 2184 3263 illae
2230 3206 2591 3263 cessarunt
2636 3194 2993 3271 accedere,
3019 3208 3106 3259 me

573 3302 849 3367 quoque
896 3283 1117 3352 subiit'
1156 3282 1579 3354 desiderium
1616 3281 1703 3352 ad
1751 3283 1984 3372 ipsum
2037 3281 2394 3363 veniendi,
2445 3295 2512 3352 et
2558 3282 2874 3352 similem
2924 3278 3111 3373 perei-

576 3369 809 3459 piendi
861 3370 1341 3441 salutationem
1372 3383 1440 3440 et
1474 3371 2051 3443 benedictionem.
2091 3377 2191 3442 Me
2239 3385 2469 3441 autem
2497 3372 2822 3442 continui
2862 3390 3114 3464 parum·

578 3480 720 3558 per,
774 3459 957 3546 quod
1020 3460 1273 3531 nollem
1324 3459 1466 3531 illis
1515 3460 1730 3551 portis
1790 3459 2087 3551 ingredi,
2144 3482 2264 3551 per
2309 3483 2485 3548 quas
2534 3461 2602 3530 in
2696 3482 2906 3531 essue
2948 3468 3119 3530 erant

574 3546 733 3616 illae
780 3548 1059 3631 classes,
1122 3563 1189 3619 ct
1234 3551 1564 3637 quoniam
1621 3571 1755 3620 non
1806 3550 2123 3619 videbam
2189 3550 2490 3637 aliquem
2559 3549 2621 3619 la
2673 3572 2754 3619 ra
2813 3550 2930 3620 ori
2989 3547 3122 3638 ejus

576 3636 1080 3719 admoventem,
1135 3640 1269 3709 nisi
1307 3639 1432 3710 soli
1486 3639 1773 3728 pectori.
1815 3639 2119 3708 Tandem
2168 3639 2628 3708 nihilominus
2668 3638 2740 3709 in
2771 3640 2942 3741 eius
2990 3637 3125 3726 qui-

574 3725 729 3794 dem
782 3740 1232 3817 conspectum
1268 3728 1420 3796 veni
1452 3729 1785 3807 anterius,
1841 3728 1956 3796 sed
2010 3727 2530 3807 tremebundus,
2582 3739 2648 3797 et
2689 3729 3024 3807 timidus,
3069 3734 3126 3794 et

577 3814 776 3884 humi
826 3817 868 3885 fi
923 3838 1046 3888 ens
1092 3816 1356 3887 oculos.
1412 3818 1668 3886 Deinde
1713 3818 1918 3886 etiam
1965 3817 2158 3886 humi
2203 3817 2705 3907 procumbens,
2767 3812 3128 3907 prehendo

576 3904 728 3993 ejus
779 3927 859 3995 pe
914 3928 1011 3976 es.
1055 3906 1177 3975 Ille
1226 3928 1382 3976 vero
1434 3929 1544 3975 me
1574 3906 1822 3997 erigit„
1853 3918 1921 3973 et
1968 3906 2252 3975 barbam
2294 3905 2562 3997 placide
2594 3920 2922 3995 tangens,
2969 3915 3129 3976 etos

575 3993 677 4062 ori
724 3994 1124 4077 admovens,
1168 4017 1280 4064 am
1338 3995 1647 4065 leotitur:
1700 4008 1766 4065 et
1803 4009 2144 4084 praeterea
2190 4017 2307 4067 vas
2357 3993 2710 4083 proferens
2759 3994 2946 4066 lacte
2998 3992 3132 4086 ple·

579 4104 772 4162 num,
828 4085 896 4154 id
936 4085 1144 4155 tradit
1194 4019 1390 4165 milli,
1423 4085 1857 4176 subiungens
1889 4108 1903 4152 :
1941 4088 2081 4153 Hoc
2115 4083 2236 4153 tibi
2270 4083 2399 4153 erit
2427 4084 2511 4152 ad
2544 4083 3123 4155 benedictionem.

578 4171 833 4241 Deinde
907 4196 1066 4243 cum
1142 4175 1243 4245 sic
1304 4174 1528 4244 visum
1581 4186 1760 4244 esset
1811 4172 2180 4265 progredi,
2259 4194 2420 4243 eum
2473 4172 3019 4263 praecedebam:
3069 4182 3129 4241 et

579 4368 901 4410 extricabilem
930 4371 1051 4411 hanc
1080 4370 1406 4421 quaestionem
1435 4369 1544 4412 vida
1574 4373 1696 4421 apud
1724 4373 1892 4413 Boron.
1922 4373 1981 4414 sd
2016 4382 2122 4413 ann.
2160 4373 2241 4413 6⁶0
2267 4374 2316 4412 et
2346 4369 2486 4412 hodie
2505 4372 2555 4412 ln
2574 4373 2720 4414 Nous.
2738 4344 3132 4421 tuni-gord-

575 4421 675 4459 lnm
705 4422 930 4472 Ηιοίακᾶδ,
958 4425 1025 4463 Dc
1054 4426 1171 4464 cultu
1201 4426 1243 4463 8.
1273 4426 1342 4465 Jo.
1373 4426 1498 4476 Rape.
1529 4426 1618 4465 ete.
1645 4426 1820 4467 Bomos
1842 4427 1960 4468 1755.
1985 4447 2030 4456 —·
2054 4427 2126 4465 Du
2144 4426 2286 4476 com
2303 4426 2361 4466 de
2381 4426 2482 4466 eod.
2506 4435 2640 4466 sacro
2657 4426 2769 4479 Gap.
2788 4426 3129 4469 Mna

576 4474 887 4515 commentar.
905 4475 1152 4526 copto-iso.
1170 4477 1383 4518 Boutad-
1407 4487 1517 4519 xxiv
1536 4478 1647 4519 «lun.
2801 4480 2826 4505 '¹
