3308 5004
208 359 406 426 AUG.
460 360 542 424 ⁴2
731 388 738 395 ·
1120 378 1200 424 ns
1246 378 1301 426 s.
1356 376 1556 426 crana
1603 376 1860 426 vincum
2547 363 2677 428 279

205 468 380 534 Nam
432 473 586 553 post
632 460 970 532 sexdecim
1024 460 1172 531 dies
1218 485 1258 531 a
1305 462 1755 533 conversione
1802 462 2057 545 Clarae,
2116 467 2340 554 Agnes
2387 462 2623 535 divino
2671 464 2768 535 af-

205 552 379 621 ssata
427 551 700 642 spiritu,
757 562 1078 641 properat
1124 551 1208 620 ad
1261 572 1564 622 sororem
1615 551 1907 634 Claram,
1953 553 2156 639 eique
2191 575 2360 624 suae
2393 553 2767 627 voluntatis

200 653 470 711 reserat
515 661 876 720 arcanum,
917 640 1156 709 dicens
1189 662 1262 710 se
1292 640 1463 711 velle
1499 640 1776 728 penitus
1812 642 2097 711 Domino
2131 641 2501 712 deservire.
2545 648 2763 726 Quam

203 729 334 799 illa
379 728 763 820 gaudenter
799 730 1262 819 amplectens:
1308 752 1345 796 «
1387 728 1678 811 GratiaS,
1727 729 1976 817 inquit,
2025 752 2154 821 ago
2185 735 2318 801 Deo
2357 730 2770 803 dulcissima

206 840 430 899 soror,
474 817 656 905 quod
697 839 805 887 me
836 818 923 887 dc
955 831 1016 888 te
1050 818 1391 888 solicitam
1434 818 1808 888 exaudivit.
1842 840 1878 885 »

300 909 339 994 ἓ
383 911 518 981 12.
574 908 813 976 Miram
865 908 1385 978 conversionem
1435 907 1602 976 satis
1649 921 1755 976 est
1800 906 2122 976 miranda
2169 906 2480 978 defensio
2523 908 2768 980 subse-

206 1011 394 1066 cuta.
448 1001 615 1065 Cum
665 996 850 1065 enim
901 995 1134 1066 felices
1181 1017 1451 1066 sorores
1498 995 1685 1086 apud
1736 996 2098 1067 ecclesiam
2151 997 2377 1066 sancti
2409 998 2650 1088 Angeli
2682 998 2767 1068 de

208 1090 458 1166 Pans0,
513 1084 759 1154 Christi
813 1086 1116 1175 vestigiis
1163 1085 1623 1164 inhaererent,
1682 1098 1887 1173 atque
1917 1084 2037 1155 illa
2070 1107 2267 1155 suam
2306 1085 2615 1156 erudiret
2646 1108 2770 1156 no-

206 1174 451 1244 vitiam
497 1185 562 1243 et
609 1195 1038 1263 germanam,
1094 1187 1372 1264 repente
1419 1186 1658 1244 contra
1702 1174 1970 1263 puellas
2001 1195 2176 1244 nova
2205 1176 2766 1265 consanguineo-

206 1285 369 1332 rum
409 1262 668 1352 praelia
709 1263 1157 1334 suscitantur.
1195 1263 1566 1333 Audientes
1596 1263 1781 1332 enim
1812 1269 2132 1364 Agnetem
2162 1264 2246 1333 ad
2279 1263 2544 1333 Claram
2576 1275 2765 1333 tran-

204 1352 407 1433 sisse,
434 1363 724 1422 currunt
749 1351 833 1421 ad
868 1351 1095 1421 locum
1129 1353 1441 1439 sequenti
1471 1352 1582 1422 die
1608 1351 1973 1422 duodecim
2003 1352 2130 1421 viri
2155 1353 2383 1422 furore
2410 1352 2754 1433 succensi,

206 1453 277 1510 et
322 1453 722 1531 conceptam
778 1440 1111 1510 malitiam
1161 1440 1686 1511 dissimulantes
1733 1441 2068 1522 exteriuS,
2133 1441 2500 1530 pacificum
2562 1463 2763 1531 prae-

208 1529 508 1600 tendunt
554 1530 973 1620 ingressum.
1028 1535 1313 1616 Moxque
1358 1530 1442 1598 ad
1495 1535 1818 1621 Agnetem
1869 1530 2181 1600 conversi
2226 1535 2417 1615 (nam
2454 1529 2538 1599 de
2569 1530 2764 1600 Clara

198 1620 350 1708 jam
402 1632 600 1688 antea
648 1618 1231 1708 desperaverant).
1284 1618 1462 1702 Quid
1514 1631 1585 1688 tu
1616 1675 1632 1701 ,
1687 1619 2060 1705 inquiunt,
2114 1619 2200 1688 ad
2253 1618 2482 1689 locum
2546 1619 2760 1688 istum

207 1707 503 1777 venisti?
550 1708 820 1777 Festina
867 1721 1303 1798 quantocyus
1351 1708 1637 1778 domum
1691 1708 1914 1777 redire
1980 1707 2375 1778 nobiscum.
2447 1712 2593 1790 Qua
2659 1729 2767 1777 re-

180 1797 618 1886 spondente,
674 1796 856 1866 nolle
905 1819 978 1866 se
1024 1819 1064 1865 a
1112 1819 1345 1867 sorore
1393 1819 1520 1866 sua
1569 1798 1762 1867 Clara
1811 1797 2188 1878 discedere,
2242 1796 2451 1866 irruit
2499 1797 2567 1864 in
2610 1817 2761 1865 eam

212 1885 414 1955 miles
462 1907 648 1956 unus
694 1885 930 1955 animo
976 1885 1277 1966 efferato,
1330 1898 1397 1955 et
1444 1908 1534 1975 pu
1590 1887 1699 1955 nis
1746 1886 2194 1973 calcibusque
2245 1907 2382 1954 non
2446 1906 2763 1974 parcenS,

208 1995 362 2043 eam
418 1995 539 2062 per
583 1973 875 2064 capillos
922 1974 1319 2044 abstrahere
1366 1909 1751 2044 conabatur
1780 2029 1795 2057 ‚
1867 1977 2152 2044 caeteris
2213 1973 2763 2065 impellentibuS,

209 2074 278 2131 et
325 2063 472 2133 suis
522 2063 827 2133 brachiis
874 2062 1264 2134 levantibus
1312 2084 1490 2132 eam.
1552 2069 1630 2134 At
1685 2064 2063 2153 juvencula
2121 2063 2290 2133 dum
2359 2077 2763 2152 raperetur,

209 2150 571 2231 exclamat,
626 2152 905 2221 dicens:
960 2174 997 2218 «
1045 2152 1305 2242 Adjuva
1352 2173 1457 2221 me
1488 2174 1682 2222 soror
1711 2153 2145 2232 charissima,
2187 2174 2311 2222 nec
2346 2175 2456 2222 me
2498 2152 2769 2222 Christo

210 2240 504 2310 Domino
555 2240 700 2310 tolli
750 2240 1127 2329 permittas,
1166 2263 1203 2307 »
1245 2246 1410 2310 Cum
1441 2262 1604 2332 ergo
1635 2241 1915 2311 violenti
1949 2241 2329 2331 praedones
2368 2241 2768 2311 adolescen-

209 2328 430 2400 tulam
480 2330 882 2399 renitentem
938 2351 1058 2421 per
1103 2328 1435 2398 devexum
1490 2329 1743 2400 montis
1791 2330 2291 2410 abstraherent,
2346 2329 2543 2402 Clara
2600 2351 2761 2399 cum

210 2416 543 2507 lacrymis
591 2419 662 2487 in
709 2418 1090 2488 orationem
1139 2418 1631 2510 procumbens,
1692 2420 1854 2505 petit
1903 2421 2119 2489 sorori
2156 2418 2412 2489 mentis
2442 2431 2764 2488 constan-

212 2506 377 2576 tiam
432 2508 668 2590 tribui,
721 2508 890 2598 petit
937 2508 1117 2577 vires
1164 2509 1528 2578 hominum
1579 2508 1814 2578 divina
1863 2511 2168 2599 potentia.
2207 2509 2547 2598 superari.
2589 2513 2762 2578 Con-

208 2595 439 2666 festim
492 2618 647 2667 vero
696 2609 882 2667 tanto
934 2597 1237 2687 pondere
1284 2619 1540 2687 corpus
1585 2598 1779 2668 illius
1827 2599 1898 2667 in
1950 2610 2122 2667 terra
2165 2597 2464 2687 jacentis
2506 2597 2625 2686 figi
2668 2597 2768 2666 vi-

208 2683 434 2766 detur,
488 2699 566 2755 ut
612 2685 804 2755 illam
859 2685 1094 2777 plures
1142 2686 1483 2767 homineS,
1538 2687 1686 2757 suis
1732 2686 2097 2756 conatibus
2149 2686 2580 2766 annitenteS,
2644 2706 2766 2755 ne-

207 2795 560 2860 quaquam
616 2775 883 2844 valeant
921 2774 1106 2845 ultra
1138 2776 1508 2861 quemdam
1548 2774 1848 2845 rivulum
1881 2776 2307 2866 absportare.
2352 2778 2765 2844 Accurentes

208 2863 417 2932 etiam
468 2863 686 2950 aliqui
735 2864 820 2935 de
868 2887 903 2933 a
960 2865 1055 2934 ris
1101 2878 1167 2934 et
1214 2865 1455 2944 vineis,
1512 2863 1851 2934 auxilium
1903 2864 2044 2934 illis
2092 2874 2444 2955 praestare
2477 2876 2763 2932 conten-

208 2950 411 3031 dunt,
443 2951 558 3021 sed
587 2973 843 3043 corpus
873 2887 1048 3023 iilud
1080 2953 1166 3023 de
1198 2967 1378 3024 terra
1410 2952 1633 3022 levare
1667 2953 2068 3024 nullatenus
2100 2963 2415 3043 possunt.
2451 2957 2765 3037 Dumque

208 3039 282 3108 in
334 3061 462 3109 suo
508 3054 762 3112 conatu
806 3041 1166 3124 deficiunt,
1223 3043 1426 3111 verbo
1479 3041 1737 3113 lusorio
1787 3042 2203 3112 miraculum
2254 3040 2616 3121 extollunt,
2654 3039 2764 3109 di-

207 3141 478 3197 centes:
532 3134 691 3200 Tota
741 3144 938 3202 nocte
986 3132 1355 3222 plumbum
1406 3131 1737 3200 comedit:
1793 3130 1945 3201 ideo
1986 3132 2042 3203 si
2084 3130 2440 3221 ponderat,
2491 3151 2625 3199 non
2663 3141 2766 3199 est

206 3217 493 3286 mirum.
524 3223 738 3306 Atque
761 3220 1090 3290 dominus
1116 3219 1478 3291 Monaldus
1505 3231 1799 3309 patruus
1825 3220 2001 3310 eju3‚
2041 3243 2201 3290 cum
2237 3220 2307 3288 in
2343 3230 2531 3288 tanta
2571 3217 2761 3287 rabie

207 3307 651 3390 constitutus,
705 3307 903 3378 vellet
940 3331 1090 3378 eam
1137 3308 1475 3379 lethaliter
1509 3330 1745 3398 pugno
1780 3320 2155 3399 percutere,
2195 3329 2507 3388 manum,
2550 3328 2760 3394 quam

208 3393 480 3475 levavit,
535 3397 764 3467 subito
809 3397 1007 3468 dirus
1053 3397 1250 3467 dolor
1295 3397 1568 3477 invasit,
1624 3419 1919 3485 eamque
1965 3397 2091 3467 diu
2137 3397 2398 3467 doloris
2432 3396 2761 3486 angustia

207 3484 565 3554 cruciavit.
619 3491 788 3556 Ecce
834 3499 1061 3556 autern
1114 3499 1267 3576 post
1313 3486 1599 3576 longum
1651 3508 1942 3577 agonem
1977 3486 2172 3556 Clara
2214 3507 2507 3575 pergens
2537 3484 2621 3553 ad
2661 3484 2763 3554 lo-

213 3594 371 3641 cum
406 3627 421 3654 ,
477 3587 671 3663 rogat
720 3576 1192 3665 propinquOS,
1245 3598 1286 3645 a
1333 3575 1449 3645 tali
1501 3575 1832 3644 conflictu
1880 3574 2265 3657 discedere,
2319 3588 2385 3644 et
2431 3579 2760 3733 Αὲηθῑεῐῐι

210 3665 624 3732 semihecem
665 3664 1034 3753 jacentem,
1088 3686 1254 3734 suae
1303 3663 1731 3734 solicitudini
1782 3664 2293 3734 commendare.
2349 3665 2476 3746 Qui
2534 3685 2620 3732 us
2653 3663 2763 3730 in-

212 3747 384 3818 fecto
417 3752 692 3840 negotio
721 3773 879 3820 cum
917 3774 1152 3822 amaro
1190 3754 1424 3822 animo
1460 3752 1964 3835 recedentibus,
2007 3760 2055 3823 A
2107 3775 2229 3823 nes
2253 3752 2570 3842 jucunda
2611 3772 2764 3820 sur-

212 3837 403 3919 rexit,
457 3853 523 3908 et
560 3840 708 3929 jam
755 3863 962 3911 cruce
1006 3840 1258 3912 Christi
1307 3841 1643 3943 gaudens,
1704 3864 1827 3931 pro
1874 3864 2012 3929 quo
2061 3777 2190 3912 gae
2241 3841 2469 3931 prima
2571 3839 2764 3928 ugna

211 3939 607 4008 certaverat,
662 3951 731 3998 se
778 3929 1035 3998 divinis
1081 3931 1377 4001 servitiis
1428 3943 1758 4021 perpetuo
1808 3931 2253 4021 mancipavit.
2311 3928 2502 4016 Siqui
2557 3949 2666 3996 em
2699 3939 2765 3997 et

211 4013 454 4114 beatus
503 4018 910 4089 Franciscus
962 4041 1177 4089 manu
1225 4042 1352 4090 sua
1398 4019 1625 4110 ipsam
1676 4019 1993 4100 totondit,
2046 4033 2112 4088 et
2160 4040 2304 4088 una
2334 4039 2495 4087 cum
2532 4036 2765 4086 sorore

208 4125 283 4172 ln
320 4104 426 4175 via
466 4106 739 4175 Domini
773 4107 1095 4178 erudivit.

297 4195 335 4280 ξ
380 4198 521 4268 18.
577 4195 823 4266 Mirum
875 4218 1010 4267 non
1064 4208 1211 4280 est,
1280 4198 1336 4268 si
1385 4211 1623 4267 contra
1693 4195 2027 4265 malitiam
2093 4193 2458 4264 hominum
2530 4191 2764 4262 Clarae

201 4283 426 4353 oratio
455 4282 695 4366 valeat,
732 4307 908 4372 quae
936 4288 1142 4356 etiam
1179 4286 1552 4356 daemones
1579 4284 2018 4355 incendebat.
2056 4281 2299 4352 Mulier
2329 4282 2515 4351 enim
2551 4303 2762 4369 quae-

201 4371 370 4440 dam
420 4373 706 4442 Pisanae
754 4375 1112 4457 dioecesiS,
1166 4376 1406 4447 devota
1455 4375 1668 4444 semel
1719 4374 1904 4443 venit
1950 4372 2035 4442 ad
2089 4373 2348 4455 locum,
2400 4385 2478 4441 ut
2525 4376 2658 4441 Deo
2697 4384 2763 4440 et

163 4510 174 4519 .
208 4472 487 4531 sanctae
536 4462 768 4533 Clarae
814 4466 1070 4556 gratias
1104 4478 1358 4557 ageret,
1396 4486 1519 4556 pro
1550 4484 1629 4533 eo
1679 4462 1861 4551 quod
1897 4461 2163 4533 meritis
2190 4462 2344 4552 ejus
2375 4483 2416 4530 a
2455 4461 2762 4548 quinque
