3308 5004
140 339 329 407 Aua.
380 339 470 405 25
826 356 906 405 nx
952 357 1010 406 s.
1061 354 1371 406 Lvnovmo
1417 355 1579 405 anci:
1624 340 2007 407 raucone!
2472 341 2600 408 633

134 435 653 510 retineantfloca
673 435 937 526 aliquot
965 447 1188 508 terrae
1219 447 1520 509 sanctae:
1554 457 1762 527 porro
1793 441 1935 508 Rex
1959 436 2350 511 Ludovicus
2374 442 2692 514 restituat
2738 452 2745 460 '

136 526 523 600 Damiatam
554 580 573 609 ,
623 536 690 597 et
735 548 861 618 pro
904 526 1107 599 factis
1153 527 1227 596 in
1283 525 1461 598 illud
1524 526 1789 606 bellum
1853 526 2193 617 impensis
2255 540 2406 599 octo
2467 528 2691 602 millia

137 615 649 708 Byzantiorum,
699 615 1077 706 reddatque
1120 615 1429 707 captivos
1476 620 1853 686 Saracenos
1899 636 2166 687 omnes.
2206 617 2329 687 His
2360 618 2691 692 confectis

138 704 469 786 induciis,
525 703 930 787 Sulthanus,
983 705 1155 777 dum
1202 727 1365 777 cum
1412 704 1719 775 exercitu
1759 704 2140 776 Damiatam
2197 705 2684 794 proficiscitur,

143 818 186 866 a
227 792 650 882 quibusdam
696 815 736 863 e
772 794 946 875 suiS,
987 793 1333 866 frustatim
1366 792 1619 886 gladiis
1648 792 2077 864 conciditur:
2113 814 2407 882 moxque
2438 797 2691 888 grandi

145 904 435 955 numero
482 894 852 972 properant
898 883 1220 954 Saraceni
1266 881 1350 952 ad
1402 883 1609 974 Regis
1656 880 2014 953 Ludovici·
2034 883 2455 965 tentorium,
2484 885 2688 955 illum

147 984 213 1043 et
257 971 680 1043 Christianos
726 992 969 1042 omnes
1008 971 1426 1062 jugulaturi.
1480 970 1610 1042 Sed
1660 971 2003 1041 immensa
2049 970 2418 1042 Salvatoris
2474 974 2694 1046 virtus

148 1081 387 1132 eorum
434 1059 706 1131 animos
750 1059 976 1161 fregit,
1029 1072 1429 1161 muta-taque
1475 1059 1805 1131 scelerata
1853 1058 2224 1142 voluntate,
2262 1061 2616 1151 postulant
2637 1083 2693 1132 „a

146 1156 199 1221 R
292 1171 352 1230 e,
387 1162 467 1220 ut
496 1159 626 1221 stet
662 1161 886 1240 pactis
916 1161 1296 1220 conventis.

316 1240 457 1311 18.
510 1242 673 1318 Rex,
728 1259 890 1308 cum
940 1238 1135 1308 nulla
1180 1249 1360 1309 esset
1406 1236 1785 1308 servandae
1834 1237 2184 1308 Damiatae
2214 1259 2397 1329 spes,
2446 1238 2692 1311 maluit

146 1326 409 1420 pacisci
454 1348 617 1397 cum
666 1325 808 1397 illis
854 1325 1197 1408 inducias,
1247 1339 1459 1413 quam
1508 1338 1574 1398 et
1605 1348 1680 1396 se
1707 1339 1774 1396 et
1805 1326 2228 1410 Christianos
2260 1348 2504 1397 omnes
2536 1350 2692 1417 per-

144 1416 332 1487 dere.
365 1419 604 1504 Itaque
631 1415 719 1485 ad
752 1428 1017 1486 certum
1051 1415 1234 1486 diem
1277 1416 1584 1486 Damiata
1614 1414 1758 1484 illis
1789 1413 2125 1495 redditur,
2163 1420 2301 1485 Rex
2339 1427 2406 1487 et
2449 1416 2694 1487 fratres

144 1506 299 1595 ejus
342 1516 409 1574 et
454 1501 720 1574 nobiles
768 1504 1116 1584 Franciae‚
1151 1504 1434 1575 ditionis
1462 1503 2081 1593 Jerosolymitanae
2109 1516 2176 1574 et
2209 1505 2436 1605 Cypri,
2478 1526 2517 1574 e
2545 1527 2695 1575 car-

141 1615 300 1666 cere
344 1592 813 1663 dimittuntur.
868 1595 1201 1683 Sperabat
1235 1594 1383 1683 Jam
1435 1594 1595 1683 pius
1641 1598 1822 1673 Rex,
1873 1591 2018 1662 sore
2062 1604 2142 1663 ut
2186 1606 2393 1663 etiam
2429 1591 2696 1683 *reliqui

144 1682 425 1774 captivi,
475 1683 578 1753 uti
625 1693 1037 1753 conventum
1085 1694 1254 1763 erat,
1307 1704 1346 1752 a
1396 1681 1753 1752 Saracenis
1800 1681 2343 1752 dimitterentur:
2379 1682 2499 1752 sed
2530 1704 2694 1753 cum

144 1772 272 1843 diu
318 1781 758 1872 expectasset,
808 1792 891 1840 ex
928 1770 1303 1841 duodecim
1356 1770 1690 1851 millibus,
1742 1790 1946 1860 aegre
1990 1768 2538 1861 quadringentos
2587 1793 2689 1841 re-

143 1860 351 1950 cepit,
403 1859 640 1948 impiis
687 1858 824 1928 illis
872 1861 1230 1930 Saracenis
1275 1859 1484 1929 fidem
1522 1856 1986 1950 Jurejurando
2032 1858 2379 1929 firmatam
2420 1860 2692 1930 violan-

145 1949 383 2020 tibus:
438 1947 559 2036 qui
604 1947 808 2018 etiam
857 1947 944 2018 de
988 1949 1276 2020 caeteris
1323 1949 1533 2020 rebus
1586 1946 1762 2018 nihil
1829 1946 2105 2018 voluere
2170 1948 2559 2030 remittere,
2631 1960 2697 2018 et

145 2036 335 2125 quod
383 2047 486 2105 cst
530 2035 733 2127 longe
778 2036 1180 2118 immanius,
1220 2037 1533 2139 egregios
1568 2036 1912 2124 quosdam
1941 2036 2236 2127 juvenes
2267 2037 2692 2107 Christianos

146 2147 188 2196 e
216 2124 505 2214 captivis
535 2124 700 2206 illis,
735 2127 1110 2216 coegerunt
1140 2126 1603 2217 impurissimi
1636 2124 2039 2196 Mahometis
2067 2125 2370 2214 profiteri
2400 2139 2687 2206 sectam,

147 2211 537 2284 Christiana
566 2214 898 2305 religione
935 2214 1273 2304 abjurata.
1317 2220 1801 2304 Imposuerant
1837 2213 2022 2282 enim
2064 2213 2291 2286 nudos
2322 2235 2522 2284 enses
2551 2236 2699 2284 cer-

146 2301 419 2373 vicibus
463 2324 729 2384 eorum,
780 2315 847 2373 et
891 2303 953 2372 si
997 2304 1121 2390 qui
1167 2302 1429 2373 nollent
1473 2303 1574 2373 eis
1607 2303 2019 2382 consentire,
2061 2301 2218 2374 illos
2239 2301 2685 2392 jugulabant.

142 2395 245 2461 Ex
290 2391 377 2460 iis
416 2390 699 2480 quidam
734 2391 1245 2473 imbecillioreS,
1282 2415 1325 2461 a
1356 2391 1622 2463 Christo
1654 2390 1743 2461 ad
1776 2388 2228 2460 Mahometem
2263 2389 2684 2460 defecerunt:

141 2479 271 2551 alii
300 2501 591 2551 coronas
625 2479 962 2570 martyrii,
999 2492 1267 2552 contem
1322 2490 1391 2551 ta
1428 2493 1666 2562 morte,
1706 2491 2167 2569 reportarunt.

230 2572 271 2657 ὅ
316 2573 470 2643 10.
525 2575 822 2640 Cernens
869 2582 1099 2640 autem
1149 2575 1246 2639 Lu
1297 2570 1535 2640 ovicus
1581 2575 1720 2641 Rex
1769 2572 2145 2639 Saracenos
2194 2568 2424 2637 venire
2456 2580 2698 2638 contra

136 2658 590 2730 induciarum
638 2656 846 2728 fidem
877 2712 894 2738 ,
946 2658 1298 2729 consuluit
1344 2657 1612 2729 nobiles
1660 2678 1825 2728 suos
1867 2668 1934 2726 et
1981 2656 2237 2726 milites
2285 2656 2645 2748 religiosos
2675 2711 2693 2739 ,

130 2747 312 2848 quid
355 2746 708 2904 affigendum
759 2746 930 2837 ipsis
977 2747 1344 2818 videretur.
1397 2746 1545 2816 Illis
1594 2766 1848 2835 magna
1878 2766 1961 2815 ex
2000 2757 2192 2835 parte
2218 2745 2691 2827 afferentibuS,

131 2859 215 2905 st
248 2856 374 2922 qui

128 2922 521 2995 discrimen
577 2935 940 2996 venturos:
1012 2926 1119 2994 sin
1185 2935 1416 2994 autem
1481 2935 1808 2993 maneant
1869 2944 1909 2991 a
2030 2934 2307 3014 tempus
2365 2921 2693 3010 aliquod,

132 3033 351 3115 posse
379 3012 545 3082 inde
574 3012 893 3083 utilitatis
920 3011 1239 3084 nonnihil
1276 3011 1587 3082 accidere
1611 3010 2043 3094 Christianis,
2081 3011 2484 3101 praesertim
2511 3010 2700 3098 quod

127 3114 325 3173 inter
369 3102 777 3192 Aegyptium
807 3113 875 3173 et
903 3100 1314 3191 Alapianum
1357 3100 1732 3171 Sulthanos
1769 3100 2017 3170 acerba
2045 3112 2303 3170 extaret
2333 3099 2697 3169 simultas:

129 3196 287 3261 Rex
339 3188 494 3278 pius
543 3188 789 3270 maluit
834 3190 1114 3260 haerere
1163 3189 1481 3279 inxSyria
1511 3244 1527 3270 ,
1580 3210 1792 3276 quam
1850 3210 1961 3259 res
2019 3188 2565 3259 Christianorum
2633 3197 2700 3258 et

128 3279 374 3371 ipsius
421 3277 694 3359 Christi,
730 3278 803 3348 in
832 3300 914 3348 ea
945 3277 1424 3368 desperatione
1455 3290 1781 3365 tantoque
1810 3276 2240 3359 discrimine,
2277 3275 2697 3363 relinquere.

128 3367 573 3459 Alphonsum
622 3388 781 3436 vero
824 3380 893 3437 et
940 3366 1254 3437 Carolum
1303 3367 1548 3438 fratres
1607 3388 1774 3438 suos
1841 3365 1929 3436 ad
1995 3366 2333 3457 Reginam
2407 3378 2701 3436 matrem

128 3453 644 3529 consolandam
694 3456 963 3527 remisit
1009 3455 1081 3525 in
1113 3454 1395 3526 GalliaS.
1433 3460 1594 3525 Acta
1627 3467 1792 3526 sunt
1822 3454 1993 3524 haec
2032 3476 2219 3525 anno
2252 3454 2502 3526 Christi
2547 3454 2700 3524 mil*

124 3544 386 3616 lesimo
432 3543 909 3615 ducentesimo
955 3544 1560 3636 quinquagesimo.
1613 3544 1784 3627 Quis
1831 3564 1988 3614 vero
2036 3543 2151 3614 hic
2196 3565 2332 3615 non
2366 3555 2702 3633 agnoscat

127 3632 568 3725 stupendum
618 3632 1114 3722 omnipotentis
1165 3634 1279 3703 Dei
1327 3631 1771 3713 miraculum,
1809 3644 2084 3723 gentem
2124 3631 2320 3703 illam
2362 3631 2703 3701 ferocissi-

127 3744 331 3793 mam
383 3743 664 3812 parcere
713 3733 898 3792 tanto
946 3722 1164 3812 Regi?
1210 3732 1481 3812 gentem
1531 3719 2067 3811 cupidissimam
2118 3726 2374 3812 Regem
2405 3718 2702 3810 opulen-

129 3811 496 3884 tissimum
543 3809 806 3881 solvere
851 3810 1244 3901 captivitate
1293 3831 1417 3900 pro
1447 3808 1652 3901 longe
1693 3809 1945 3880 minori
1988 3810 2229 3900 preti0,
2271 3829 2484 3897 quam
2524 3807 2700 3878 obti-

129 3921 304 3971 nere
356 3899 788 3990 potuissent?
833 3905 973 3971 Rex
1018 3909 1251 3970 autem
1298 3899 1611 3988 quinque
1660 3898 1988 3988 deinceps
2043 3898 2249 3970 annis
2312 3896 2570 3967 mansit
2624 3896 2698 3964 in

131 3987 368 4079 Syria,
420 4010 547 4059 nec
593 3987 861 4060 otiosus
906 4008 1098 4071 sane,
1149 3988 1269 4058 sed
1320 3987 1575 4059 multos
1613 3992 1990 4058 Saracenos
2023 3987 2111 4057 ad
2144 3986 2393 4057 Christi
2426 3985 2703 4076 religio·

134 4097 307 4146 nem
357 4077 728 4149 traducens
757 4130 774 4159 ,
829 4076 1086 4149 multos
1131 4076 1440 4168 captivos
1487 4076 1875 4155 redimens,
1928 4086 1994 4145 et
2039 4076 2251 4147 urbes
2301 4073 2578 4162 aliquas
2635 4083 2703 4144 et

132 4175 377 4237 castra
417 4166 691 4325 egregie
721 4165 1233 4237 communiens.
1276 4165 1573 4242 offendit
1603 4162 1964 4256 tumapud
1995 4164 2321 4235 Sidonem
2355 4161 2703 4254 permulta

134 4274 510 4327 caesorum
560 4260 606 4326 C
660 4254 1110 4326 ristianorum
1159 4275 1475 4345 corpora.
1489 4254 1634 4343 jam
1686 4254 2021 4344 putentia,
2073 4274 2212 4325 non
2263 4273 2487 4343 pauca
2526 4272 2569 4321 a
2598 4249 2701 4321 fe-

132 4341 242 4413 ris
294 4341 545 4414 belluis
591 4343 913 4415 lacerata.
966 4348 1060 4414 Ea
1107 4342 1408 4433 propriis
1462 4342 1792 4413 manibus
1847 4363 1921 4414 se
1971 4341 2161 4413 elivit
2216 4340 2574 4413 humiliter
2637 4350 2706 4411 et

136 4430 414 4519 devote,
464 4453 638 4504 usus
683 4435 897 4524 opera
940 4431 1402 4523 quorumdam
1453 4452 1492 4502 e
1540 4431 1711 4516 suis,
1754 4431 1878 4520 qui
1904 4431 1930 4501 i
1961 4431 2186 4502 lorum
2226 4430 2553 4502 foetorem
2593 4428 2705 4499 vix

425 2856 534 2905 em
584 2856 773 2905 nunc
821 2836 1190 2917 recedant,
1251 2846 1468 2905 terras
1521 2833 1679 2905 illas
1733 2845 1800 2904 et
1850 2855 1930 2904 ca
1983 2833 2157 2904 tivos
2208 2834 2282 2904 in
2336 2855 2697 2905 summum
2785 2873 2801 2891 ·
