3308 5004
191 357 328 427 ΑΗΕ.
354 359 391 425 3
733 377 813 425 ns
858 376 1112 426 mmm.
1166 379 1225 427 s.
1275 378 1584 429 suram
1631 376 2027 429 rnorouar.
2481 364 2568 429 99

242 459 437 545 §19-
488 462 645 530 Post
690 457 859 529 haec
888 458 1437 530 Christianorum
1489 459 1795 531 Ecclesia
1841 462 1911 531 in
1962 481 2183 532 unum
2219 460 2528 544 collecta,
2586 461 2656 530 in

183 546 537 617 sanctissimi
593 547 921 637 Stephani
980 548 1333 622 Pontificis
1380 561 1446 619 et
1506 549 1827 639 martyris
1875 550 2144 632 locum,
2196 555 2482 640 xystum
2523 555 2659 620 Ro-

179 657 370 706 manae
396 635 590 707 urbis
630 641 685 705 E
738 636 1050 727 iscopum
1090 637 1599 708 constituerunt
1628 660 1814 708 nono
1844 639 2178 709 calendas
2207 639 2653 731 Septembris,

182 725 329 794 tertio
366 747 543 796 anno
588 730 678 795 Va
708 726 964 807 eriani,
1018 737 1084 796 et
1130 726 1420 798 Gallieni
1471 726 1825 798 secundo:
1884 728 1953 797 in
2016 729 2216 799 nobis
2263 742 2491 800 autem
2552 750 2663 798 re-

183 827 375 904 gnante
410 814 696 885 Domino
734 827 966 885 nostro
992 820 1160 886 Jesu
1208 815 1510 887 Christo:
1577 816 1702 888 Cui
1759 817 1848 886 sit
1894 816 2116 908 gloria
2160 830 2227 889 et
2283 816 2657 908 imperium

184 915 404 974 nuncet
431 924 729 995 semper,
782 917 849 974 et
887 904 957 973 in
1010 903 1243 976 secula
1290 903 1709 989 seculorum,
1761 909 1973 976 Amen
2010 905 2139 997 (a).

963 1173 1101 1252 DE
1167 1172 1812 1252 INVENTIONE

369 1407 957 1526 RELIQUIAR.
1026 1418 1103 1518 S.
1175 1417 1684 1518 STEPHANI
1758 1417 2406 1519 PROTOMART.

1190 1605 1581 1674 EPISTOLA

867 1838 1009 1887 vnn.
1064 1811 1235 1886 Avm
1285 1838 1579 1887 ransart.
1634 1839 1891 1888 msram

1187 2037 1387 2093 Anno
1440 2037 1580 2093 415.

209 2236 242 2391 ᾗ
282 2242 355 2307 1.
385 2235 789 2307 Beatissimo
818 2235 1403 2322 dilectissimoque
1429 2258 1572 2305 sem
1629 2257 1704 2305 er
1728 2236 1795 2305 in
1824 2237 2109 2306 Domino
2136 2241 2357 2328 Papae
2374 2238 2661 2330 (Episc.)

140 2324 501 2407 Bachonio,
557 2338 761 2414 atque
792 2326 1112 2394 universo
1171 2323 1359 2394 Clero
1426 2338 1492 2394 et
1544 2348 1587 2415 p
1619 2326 1729 2397 ehi
1779 2326 2119 2395 Ecclesiae
2181 2329 2648 2410 UracarensiS,

139 2412 335 2483 Avitus
372 2414 732 2505 presbyter
778 2414 1067 2484 salutem
1124 2414 1192 2482 in
1236 2413 1523 2485 Domino
1552 2426 1925 2484 aeternam.
1973 2421 2301 2485 Memores
2342 2416 2476 2484 mei
2506 2439 2656 2487 esse

137 2522 227 2571 vos
266 2506 474 2593 cupio
504 2517 572 2573 et
618 2502 971 2594 deprecor,
1011 2504 1191 2573 sicut
1229 2516 1294 2572 et
1332 2524 1481 2605 ego,
1533 2504 1947 2591 inquantum
1991 2504 2203 2585 vale0,
2244 2506 2652 2575 memoriam

136 2593 305 2660 vestri
340 2594 597 2663 babere
643 2614 777 2662 non
830 2615 1045 2673 cess0,
1103 2591 1670 2663 tribulationibus
1712 2593 1954 2663 vestris
2005 2615 2154 2663 meo
2200 2593 2432 2663 dolore
2464 2616 2656 2683 com-

202 2680 389 2763 tiens,
442 2694 515 2752 et
567 2704 687 2771 pro
733 2681 1025 2751 dissidio
1075 2682 1335 2771 patriae
1374 2694 1648 2751 nostrae
1695 2682 1764 2750 in
1817 2681 1986 2752 locis
2046 2684 2302 2754 sanctis
2349 2685 2656 2753 incessa-

169 2767 273 2857 iles
298 2769 651 2861 lacrymas
684 2769 1019 2840 fundens:
1050 2783 1126 2839 ut
1159 2783 1277 2840 aut
1310 2770 1503 2840 vobis
1531 2770 1864 2840 Dominus
1896 2772 2207 2841 restituat
2240 2771 2649 2853 libertatem,

129 2875 271 2940 quos
311 2860 695 2929 admonere
745 2859 999 2929 voluit:
1063 2870 1209 2929 aut.
1243 2859 1385 2929 illis
1443 2860 1704 2930 tribuat
1757 2860 2372 2931 mansuetudinem
2410 2916 2425 2941 ,
2478 2882 2654 2948 quos

133 2948 488 3028 praevalere
569 2948 901 3039 permisit.
971 2953 1048 3017 Et
1118 2970 1246 3039 ego
1310 2948 1644 3036 quidem,
1707 2948 2088 3018 beatissimi
2137 2948 2380 3019 fratres
2424 2949 2655 3040 (teste

131 3033 376 3106 Domino
430 3049 671 3107 nostro
701 3038 876 3109 Jesu
924 3035 1187 3107 Christo
1240 3038 1534 3128 loquor),
1590 3037 1982 3125 frequenter
2047 3038 2234 3108 volui
2281 3039 2516 3109 venire
2563 3040 2652 3109 ad

130 3140 237 3202 vos,
283 3139 358 3195 ut
395 3127 760 3196 vobiscum
795 3125 897 3195 vel
953 3126 1135 3195 mala
1175 3126 1561 3207 tolerarem,
1620 3127 1723 3196 vel
1776 3127 1974 3198 bonis
2007 3125 2304 3196 fruerer:
2360 3128 2479 3197 sed
2515 3128 2653 3197 im-

133 3211 398 3309 peditum
462 3228 572 3285 est
629 3214 1053 3284 desiderium
1115 3238 1369 3296 meum,
1424 3237 1546 3306 per
1596 3226 1771 3286 totas
1819 3216 1968 3302 jam
2026 3217 2395 3306 Hispanias
2459 3217 2654 3286 hoste

131 3296 362 3373 diffuso.
402 3305 685 3374 Veritus
730 3304 914 3372 enim
958 3325 1139 3387 sum,
1194 3326 1279 3374 ne
1311 3317 1377 3373 et
1437 3309 1685 3374 Sancta
1746 3309 1919 3374 Loca
1967 3305 2388 3393 relinquenS,
2450 3318 2514 3375 et
2563 3305 2648 3375 ad

134 3404 219 3459 vos
248 3391 412 3463 sorte
464 3414 610 3463 non
675 3393 1102 3483 perveniam,
1156 3393 1585 3480 ubicumque
1631 3394 2052 3483 interceptus
2084 3449 2099 3473 ,
2152 3394 2651 3465 irrationabilis

133 3478 414 3551 audaciae
468 3503 734 3573 poenas
770 3481 1053 3551 luerem.
1096 3481 1221 3552 Sed
1265 3483 1597 3570 quoniam
1642 3482 2036 3553 misericors
2077 3488 2254 3554 Deus
2297 3505 2450 3552 meo
2497 3496 2651 3553 voto

139 3579 447 3664 vestroque
483 3571 733 3641 merito
761 3592 1129 3661 procurare
1158 3571 1488 3674 dignatus
1511 3582 1612 3641 est
1646 3571 2119 3663 indulgentiae
2141 3594 2306 3642 suae
2327 3573 2644 3663 gratiam,

139 3670 392 3736 pnmum
445 3674 532 3730 ut
599 3659 1094 3730 dilectissimus
1158 3660 1347 3730 filius
1393 3673 1459 3730 et
1515 3662 2034 3762 compresbyter
2105 3683 2300 3731 meus
2366 3661 2650 3731 Orosius

140 3758 305 3831 nsque
350 3750 435 3819 ad
494 3750 631 3818 has
672 3762 899 3838 partes
925 3751 1011 3820 ab
1046 3748 1381 3819 Africanis
1413 3750 1772 3840 Episcopis
1806 3762 2210 3833 mitteretur,
2242 3749 2443 3840 cujus
2476 3749 2649 3817 mihi

139 3832 380 3907 charitas
447 3850 520 3909 et
598 3836 975 3907 consolatio
1038 3850 1331 3908 vestram
1396 3839 1711 3907 omnium
1786 3839 2243 3929 praesentiam
2320 3837 2642 3906 reddidit.

144 3916 360 4009 Deinde,
395 3940 480 3997 ut
531 3927 608 3996 in
650 3925 898 3997 diebus
943 3927 1140 4017 ipsiS,
1191 3928 1451 4016 quibus
1489 3929 1637 4018 jam
1689 3928 1837 4018 ipse
1904 3927 2193 3997 reditum
2252 3924 2645 3995 incredibili

177 4116 219 4161 [tl
235 4121 276 4163 8.
302 4126 453 4175 Pap„
471 4126 620 4168 Mart.
635 4134 810 4175 eorpus
829 4136 855 4165 e
885 4125 1171 4166 coemeterio
1193 4123 1377 4165 Callisti
1396 4126 1522 4175 quod
1551 4127 1826 4167 vastaverat
1854 4135 1906 4165 ac
1934 4125 2204 4165 foedaverat
2220 4122 2573 4174 Longobsrdica
2594 4126 2654 4165 h·-

148 4172 260 4225 ffiffio.
275 4178 531 4221 &sustulit
550 4180 787 4220 S-Paulus
806 4180 827 4219 1
864 4181 1036 4220 Summ.
1063 4181 1194 4219 Pont.
1222 4177 1348 4219 circa
1383 4190 1489 4220 ann.
1521 4189 1691 4220 nccmu
1727 4181 1776 4219 in
1811 4177 2058 4219 ecclesiam
2090 4179 2309 4237 coenobii
2338 4179 2464 4228 quod
2477 4176 2579 4228 ipse
2607 4177 2657 4219 in

148 4226 213 4259 ω·
227 4234 411 4275 uternis
434 4234 641 4274 aedibus
664 4231 903 4278 excitarat,
931 4231 1262 4281 dedicavitque
1283 4233 1325 4272 S.
1346 4231 1575 4273 silvestro
1599 4234 1647 4272 et
1677 4234 1719 4272 S.
1743 4233 1893 4272 eidem
1913 4233 2162 4280 Stephano.
2186 4242 2355 4280 cuique
2386 4243 2557 4273 nomen
2580 4238 2655 4273 est

150 4269 334 4339 &Qu-i
347 4289 395 4325 in
411 4290 573 4338 eapite
599 4287 676 4327 vel
694 4288 738 4326 tn
757 4289 916 4336 Campo
938 4288 1118 4327 Martio.
1147 4284 1471 4335 Reliquias-um
1492 4288 1649 4335 potior
1680 4296 1792 4336 pars
1813 4284 1923 4325 inde
1951 4286 2116 4325 furtim
2138 4285 2340 4335 sublata,
2359 4296 2503 4336 prope
2544 4289 2655 4327 Tra·

152 4330 459 4389 mmkpuli&
477 4350 612 4381 anno
629 4349 759 4381 uctx
791 4341 1064 4381 transvecta
1091 4341 1177 4379 est.
1203 4341 1399 4380 Sacrum
1424 4338 1592 4389 pignus
1627 4336 1896 4389 diligenter.
1924 4341 2118 4388 excepto
2138 4338 2330 4379 brachio
2350 4339 2548 4380 seorsim
2576 4352 2655 4391 po-

150 4380 489 4435 ‘Qu-:numm
506 4396 575 4435 ob
603 4394 893 4443 praedonum
923 4392 1232 4438 incursiones.
1253 4393 1443 4434 saeculo
1474 4403 1574 4433 xvn
1610 4392 1857 4433 inventum
1871 4393 1984 4441 tuin
2008 4393 2196 4433 tandem
2223 4391 2354 4433 Pisas
2381 4404 2437 4433 cx
2466 4405 2654 4435 conces·

152 4438 395 4487 &theaumo
423 4450 449 4489 1
479 4446 706 4489 Etruriae
723 4449 843 4488 Duci
860 4448 983 4488 tacta.
1009 4458 1119 4489 cum
1148 4448 1250 4497 ipse
1279 4448 1558 4496 Equestrem
1600 4443 1825 4487 Ordinem
1859 4444 2143 4495 instituisset
2174 4447 2220 4489 Β.
2240 4445 2464 4497 Stephani
2493 4448 2654 4499 (hujus

151 4488 295 4542 qQ
314 4509 408 4543 non
444 4499 843 4551 hotomann-is.
861 4503 916 4543 ut
934 4502 1056 4543 falso
1069 4498 1306 4551 nonnulli)
1324 4501 1613 4542 translatum
1635 4510 1756 4541 anno
1780 4509 2058 4542 uncnxxxu.
