3308 5004
674 319 802 385 482
1380 337 1459 384 na
1506 337 2007 387 rmsmounu.
2060 335 2309 386 cnmsrr
2455 271 2458 274 Ι
2839 314 3024 383 AUG.
3076 314 3113 379 6

582 420 855 490 animae
903 433 1191 492 mortem
1235 420 1670 512 rapiendum,
1710 444 1789 493 ac
1821 421 2278 492 infernalibus
2325 417 2767 490 subdendum
2800 440 2950 488 esse
2991 430 3116 489 tor-

588 509 864 580 mentis:
901 510 1019 597 qui
1064 521 1366 599 tempore
1416 532 1551 582 non
1588 533 1811 602 pauco
1847 511 2024 581 inter
2069 508 2300 580 studia
2347 507 2618 578 divinae
2657 505 2968 577 lectionis
3021 506 3115 576 vi·

584 597 834 669 tiorum
878 599 1104 688 potius
1153 598 1717 688 implicamentiS‚
1762 622 1971 687 quam
2009 597 2262 674 divinis
2292 596 2590 667 solebam
2643 597 3118 667 servire-man·

581 685 784 756 datis.
824 691 1006 758 Inest
1053 700 1281 760 autem
1322 688 1557 758 animo
1602 689 1693 779 (si
1747 685 1917 758 mihi
1970 689 2186 778 pietas
2233 708 2530 777 superna
2567 684 2799 786 aliqua
2849 683 3117 785 vivendi

582 776 804 865 spatia
850 775 1251 863 donaverit)
1300 775 1576 848 vitiosos
1627 799 1851 848 mores
1915 777 2328 864 corrigere„
2359 788 2563 863 atque
2611 774 2697 843 ad
2747 795 3115 863 imperium

580 863 851 935 ‹livinae
885 863 1254 935 voluntatis
1303 877 1509 934 totam
1560 887 1641 936 ex
1682 865 1946 957 integro
1997 878 2290 936 mentem
2344 864 2686 950 vitamque
2726 860 3114 932 transferre.

582 957 828 1023 Verum
887 954 1066 1032 novi,
1125 975 1257 1024 non
1308 953 1438 1024 hoc
1485 977 1635 1023 esse
1697 956 1921 1025 meriti
1972 954 2129 1035 mei,
2167 954 2258 1023 'ut
2320 953 2637 1023 inducias
2692 950 2962 1021 vivendi
3018 948 3118 1019 vel

580 1042 943 1143 accipiam,
991 1042 1090 1112 vel
1141 1064 1252 1112 me
1297 1057 1745 1133 accepturum
1813 1065 1963 1113 esse
2026 1041 2396 1122 confidam,
2455 1040 2587 1112 nisi
2654 1040 2822 1109 forte
2872 1039 3120 1110 misero

582 1131 752 1200 mih1
800 1143 866 1199 et
915 1130 1223 1221 indigno,
1284 1131 1597 1216 veniam,
1657 1154 1775 1221 per
1825 1131 2161 1202 auxilium
2225 1152 2461 1201 eorum
2512 1129 2632 1217 qui
2684 1129 2781 1197 illi
2831 1127 3124 1199 fideliter

578 1221 985 1300 servierunt,
1026 1219 1384 1310 propitiari
1432 1219 1761 1310 dignatus
1811 1220 2037 1292 fuerit.
2090 1219 2497 1290 Audivimus
2544 1230 2799 1312 autem,
2834 1232 2899 1289 et
2937 1217 3123 1286 {ama

576 1324 676 1381 est
709 1308 1176 1389 celeberrima,
1214 1309 1376 1395 quia
1412 1308 1615 1379 fuerit
1664 1311 1734 1377 in
1772 1323 1971 1400 gente
2015 1323 2234 1379 vestra
2286 1313 2421 1377 Rex
2472 1306 2828 1377 mirandae
2866 1306 3122 1377 sancti·

580 1397 757 1481 tatiS‚
799 1396 1129 1467 vocabulo
1177 1396 1558 1486 Oswaldus:
1597 1399 1801 1488 cujus
1839 1397 2237 1468 excellentia
2265 1396 2421 1466 fidei
2471 1409 2535 1465 et
2570 1397 2868 1477 virtutis,
2914 1396 3120 1488 etiam

586 1499 736 1573 post
802 1497 1085 1554 mortem
1140 1486 1466 1556 virtutum
1520 1486 1983 1574 frequentium
2034 1485 2428 1577 operatione
2476 1484 2823 1555 claruerit.
2880 1488 3124 1553 Precor

576 1575 807 1664 igitur,
861 1574 917 1642 si
967 1573 1232 1661 aliquid
1270 1574 1721 1663 reliquiarum
1775 1574 1966 1647 illius
2017 1597 2224 1666 penes
2275 1587 2335 1643 te
2376 1574 2763 1663 depositum
2817 1574 3118 1653 habeas,

577 1663 821 1732 afferas
853 1662 1048 1744 mihi,
1107 1662 1165 1733 si
1204 1662 1372 1734 forte
1408 1664 1580 1746 mihi
1618 1665 1951 1735 Dominus
2001 1686 2120 1755 per
2166 1663 2319 1752 ejus
2359 1662 2601 1733 merita
2647 1662 2956 1732 misereri
3007 1685 3124 1734 vo-

580 1750 803 1821 luerit.
864 1756 942 1820 At
1001 1773 1125 1842 ego
1173 1753 1539 1845 respondi:
1592 1754 1824 1824 Habeo
1872 1752 2151 1841 quidem
2203 1752 2288 1821 de
2337 1751 2549 1842 ligno,
2619 1751 2686 1820 in
2738 1774 2873 1839 quo
2912 1763 3124 1845 caput

576 1839 726 1927 ejus
774 1840 979 1911 occisi
1030 1863 1068 1910 a
1106 1841 1393 1932 paganis
1426 1841 1718 1913 infixum
1767 1855 1910 1913 est:
1967 1855 2032 1912 et
2078 1842 2136 1913 si
2195 1841 2395 1911 firmo
2442 1840 2649 1911 corde
2695 1840 3120 1930 credideris,

626 1941 796 1998 otest
842 1928 1075 1999 divina
1124 1930 1339 2021 pietas
1372 1953 1491 2020 per
1531 1932 1699 2000 tanti
1750 1932 2069 2002 meritum
2116 1930 2242 1999 viri
2297 1943 2362 1999 et
2419 1929 2628 2017 hujus
2676 1929 2849 1999 vitae
2898 1931 3127 2018 spatia

579 1951 889 2109 lbogiora
922 2018 1317 2100 concedere,
1352 2019 1416 2090 e't
1449 2020 1769 2110 ingressu
1803 2033 1866 2090 te
1902 2020 2075 2089 vitae
2114 2019 2432 2108 perennis
2480 2002 2769 2109 dignum
2805 2017 3120 2088 reddere.

578 2110 707 2175 Nec
759 2119 1060 2177 moratus
1110 2107 1246 2188 ille,
1303 2109 1763 2199 integram'se
1798 2109 1864 2177 in
1918 2109 2045 2179 hoc
2093 2108 2346 2177 habere
2374 2106 2579 2176 fidem
2629 2106 3118 2198 respondebat.

579 2200 770 2264 Tunc
824 2195 1147 2265 benedixi
1214 2218 1504 2284 aquam,
1557 2210 1622 2266 et
1669 2197 1973 2269 assulam
2032 2197 2297 2267 roboris
2345 2195 2628 2286 praefati
2694 2196 3122 2278 immittenS,

575 2283 794 2354 obtuli
839 2307 1043 2374 aegro
1094 2285 1489 2385 potandam.
1542 2290 1675 2357 Nec
1718 2309 1930 2366 mora,
1991 2284 2239 2356 melius
2286 2284 2538 2354 habere
2579 2285 2803 2369 coepit
2848 2297 2913 2354 et
2959 2307 3129 2356 con-

578 2371 927 2443 valescens
957 2373 1044 2443 ab
1095 2374 1532 2456 infirmitate,
1587 2374 1807 2445 multo
1867 2374 2193 2464 deinceps
2242 2385 2544 2462 tempore
2593 2372 2794 2466 vixit:
2850 2386 3130 2462 totoque

575 2460 661 2531 ad
715 2466 922 2534 Deum
974 2463 1178 2535 corde
1225 2475 1290 2534 et
1320 2485 1524 2556 opere
1571 2485 1970 2546 conversuS,
2016 2462 2366 2542 omnibus,
2409 2462 2836 2552 ubicumque
2885 2485 3129 2552 perve-

579 2551 830 2711 niebait,
883 2551 1322 2713 (ἰξεηιεηῑίειω
1376 2553 1473 2645 pii
1520 2554 1921 2637 conditori3‚
1958 2568 2023 2625 et
2068 2552 2295 2623 fidelis
2340 2551 2494 2642 ejus
2532 2548 2778 2643 famuli
2825 2553 3126 2645 gloriam

580 2663 739 2730 prae
794 2664 898 2712 lca
949 2654 1040 2712 at.

1111 2903 1253 3004 DE
1344 2903 2584 3006 TRANSFlGURA'l'lONE

1196 3087 1488 3155 nomm
1530 3089 1628 3153 ET
1670 3087 2167 3156 SALVATORIS
2207 3089 2283 3155 N.
2318 3089 2378 3154 J.
2420 3088 2486 3155 c.

1664 3239 2047 3321 ORATIO

1290 3421 1519 3468 BASILII
1559 3419 1907 3470 SELEUCIAE
1944 3419 2158 3472 ISAUR.
2193 3423 2393 3473 EPISC.

1367 3524 1660 3573 HABETUR
1706 3526 1775 3575 m
1821 3527 1950 3575 sm.
2004 3524 2318 3575 nnuma.

636 3695 693 3783 -ἓ
739 3699 816 3768 1.
889 3693 996 3766 Sol
1059 3695 1126 3764 in
1170 3707 1416 3766 terram
1469 3699 1671 3769 modo
1719 3702 2038 3771 emittens
2087 3701 2363 3783 radios,
2422 3700 2776 3772 stellarum
2877 3701 3125 3773 uidem

573 3783 820 3854 choros
850 3784 1167 3875 contegit,
1222 3789 1451 3857 Lunae
1499 3801 1728 3859 autem
1783 3789 2013 3860 lumen
2065 3791 2412 3870 obscurat,
2447 3789 2706 3882 insigni
2755 3813 2833 3880 sp
2865 3790 3132 3863 endore

572 3872 979 3964 impediens,
1016 3895 1101 3943 ne
1146 3888 1521 3945 cernantur
1559 3876 1959 3948 luminaria:
2015 3879 2237 3950 noctis
2283 3891 2512 3950 autem
2561 3901 2858 3967 cursum,
2899 3881 3131 3970 repri-

574 3962 737 4044 mit,
814 3962 967 4032 luce
1018 3963 1330 4034 tenebras
1392 3967 1769 4055 separans:
1828 3967 2061 4037 omnia
2131 3980 2355 4038 autem
2436 3966 2645 4037 veluti
2695 3968 2892 4059 nigra
2939 3982 3132 4041 veste

568 4072 849 4132 exuens,
886 4073 965 4121 ea
1001 4049 1179 4123 lucis
1209 4054 1430 4144 gratia
1478 4054 1730 4136 induit,
1783 4068 1849 4125 et
1895 4055 2193 4125 ostendit
2233 4069 2419 4147 terga
2469 4057 2885 4128 continentis
2917 4080 3128 4128 coro-

572 4150 729 4236 nata
776 4140 1089 4223 floribuS‚
1130 4154 1196 4212 et
1244 4165 1431 4213 mare
1480 4164 1834 4234 purpurae
1866 4143 2166 4235 speciem
2220 4166 2381 4233 prae
2427 4166 2500 4214 se
2534 4143 2799 4215 ferens:
2850 4160 3123 4217 etcum

572 4237 658 4295 sit
686 4250 895 4310 unuS,
934 4244 1222 4314 creatae,
1253 4254 1430 4319 quae
1476 4232 1808 4316 cernitur,
1863 4246 2150 4306 naturae
2199 4233 2501 4303 illustrat
2546 4233 2816 4305 faciem.
2869 4240 3134 4306 Verum

568 4313 916 4415 enimvero
962 4320 1088 4390 etsi
1124 4321 1211 4390 sit
1262 4330 1513 4404 tantuS‚
1569 4320 1658 4390 ad
1709 4344 2059 4393 summam
2099 4344 2323 4410 usque
2356 4320 2581 4393 lucem
2622 4323 2927 4393 nondum
2973 4346 3138 4424 per-

570 4424 833 4476 venisse
880 4408 1219 4497 arguitur.
1267 4414 1432 4480 Nam
1483 4423 1548 4480 et
1600 4411 1925 4481 mortales
1972 4410 2155 4483 oculi
2206 4433 2370 4484 eum
2435 4410 2695 4482 audent
2740 4411 2995 4484 intueri
3066 4426 3141 4485 et
