3308 5004
680 317 806 385 764
1434 333 1514 381 nn
1560 333 1618 382 s.
1670 332 1831 381 nosti
1878 330 2050 380 VIRG.
2105 329 2237 380 un.
2816 312 3025 380 AUG.
3076 314 3158 380 :³0
3244 308 3253 323 “

589 420 1025 512 fungeretur,
1077 440 1217 507 quo
1261 416 1780 489 convalescente
1818 417 2181 519 torquebat
2229 422 2478 487 Rosam
2527 414 2742 516 febris
2783 436 2930 487 non
2986 438 3156 498 sua;

589 530 716 580 nec
763 520 993 578 tamen
1043 530 1084 578 a
1131 528 1446 577 sermone
1491 509 1735 578 abesse
1783 506 2022 587 voluit,
2076 504 2388 576 febrilem
2438 525 2624 575 emm
2676 503 3013 576 ardorem
3056 504 3158 576 fa-

587 598 721 670 cile
763 596 1143 755 sugerabat
1187 609 1597 667 exaestuans
1642 594 1920 666 divinae
1965 594 2226 686 gloriae
2270 593 2723 666 desiderium.

675 688 824 775 §8
915 740 929 755 .
1003 684 1405 775 obsignavit
1474 684 1656 754 hanc
1720 684 1836 753 Dei
1907 683 2169 754 amoris
2234 681 2775 756 sollicitudinem
2849 681 3158 754 dilectae

589 795 754 845 suae
792 774 942 866 ipse
987 773 1305 862 Christus
1353 773 1686 844 Dominus
1740 772 1872 843 hoc
1920 772 2182 863 insigni
2230 771 2593 854 miracu10,
2646 792 2831 841 anno
2896 772 3155 844 salutis

585 885 865 946 uncxvn,
919 885 1054 933 xvn
1099 861 1439 951 kalendas
1486 863 1677 953 maji.
1759 867 1963 941 Rosa,
2040 860 2512 932 vehementius
2581 860 2843 930 amoris
2916 860 3145 930 divini

588 952 893 1023 stimulis
940 952 1253 1033 excitata,
1307 972 1554 1022 sonore
1596 963 1664 1022 et
1709 949 2172 1021 fervidissime
2234 949 2697 1020 venerabilem
2771 948 3153 1023 salvatoris

586 1040 884 1133 effigiem
931 1041 1003 1111 in
1053 1039 1352 1112 oratorio
1398 1040 1785 1128 quaestoris
1849 1037 2353 1128 alloquebatur,
2418 1061 2582 1110 cum
2632 1039 2868 1109 statim
2922 1050 3144 1110 totum

589 1129 856 1201 vultum
904 1129 1234 1220 imaginis
1282 1128 1594 1220 guttulae
1640 1126 1919 1201 sudoris
1982 1137 2431 1217 operuerunt.
2515 1127 2883 1198 convocati
2951 1140 3151 1201 testes

495 1306 496 1311 Ἰ
587 1232 732 1290 arte
776 1231 842 1291 et
869 1217 1201 1289 doctrina
1247 1218 1578 1299 celebres,
1614 1217 1761 1319 qui,
1813 1215 2144 1288 omnibus
2192 1216 2370 1287 serio
2409 1215 2754 1306 expensiS,
2805 1238 3145 1289 censuere

590 1306 1119 1398 supernaturale
1164 1329 1339 1390 esse,
1390 1306 1574 1396 quod
1626 1328 1695 1375 tn
1740 1307 1936 1376 icone
1982 1305 2372 1398 gerebatur.
2427 1310 2734 1388 Quatuor
2770 1303 2977 1376 horis
3023 1305 3145 1377 du-

588 1396 763 1467 ravit
811 1396 1012 1487 pium.
1041 1408 1413 1478 ostentum,
1465 1395 1740 1466 cunctis
1791 1394 2229 1466 adstantibus
2275 1394 2735 1466 admiratione
2788 1406 2863 1464 et
2911 1409 3139 1466 sancto

590 1486 872 1557 horrore
917 1484 1382 1576 stupentibuS,
1448 1485 1656 1574 cujus
1703 1483 1981 1554 sudoris
2051 1483 2338 1574 vestigia
2413 1504 2535 1584 per
2595 1481 2865 1569 aliquot
2934 1483 3138 1555 lustra

588 1574 968 1664 conspicua
1016 1595 1354 1645 mansere.
1409 1577 1551 1644 Hoc
1579 1595 1730 1645 esse
1779 1571 2258 1644 tantummodo
2298 1570 2635 1661 indicium
2687 1593 2904 1659 quam
2951 1574 3131 1644 enixe

591 1662 830 1753 cupiat
878 1666 1191 1753 servator
1253 1673 1483 1733 noster
1555 1664 1643 1732 ab
1715 1662 2044 1733 omnibus
2118 1659 2487 1742 redamari,
2544 1672 2786 1731 testata
2831 1673 2942 1732 est
3001 1662 3131 1753 ipsa

593 1753 787 1843 virgo
835 1756 1039 1833 Rosa,
1112 1751 1334 1820 divini
1403 1751 1683 1822 conscia
1752 1751 2018 1833 secreti,
2089 1749 2494 1821 timentibus
2559 1748 2991 1832 domesticiS,
3056 1772 3127 1819 ne

593 1839 1063 1931 impendentis
1109 1840 1387 1911 divinae
1432 1839 1723 1911 ultionis
1782 1839 2224 1931 praesagium
2274 1849 2476 1909 esset.
2552 1836 2778 1909 Sudor
2825 1837 2947 1908 ille
2993 1840 3124 1908 bra-

591 1928 751 2000 chio
800 1928 1026 2019 ipsius
1074 1934 1290 2000 Rosae
1336 1951 1419 1999 ex
1463 1928 1868 1999 confessarii
1916 1928 2209 2019 imperio
2255 1926 2655 2019 applicitus,
2707 1926 2899 2015 quod
2946 1939 3121 1997 antea

589 2017 737 2088 solo
785 2016 1106 2088 collisum
1184 2017 1285 2089 sic
1333 2017 1631 2109 graviter
1696 2016 1963 2088 laesum
2011 2028 2157 2088 erat
2225 2029 2303 2088 ut
2348 2016 2840 2108 chirurgorum
2878 2015 3120 2174 {udicio

593 2128 677 2176 ex
724 2108 807 2176 ea
856 2119 1048 2197 parte
1093 2106 1285 2198 virgo
1337 2128 1583 2177 manca
1629 2127 1962 2177 mansura
2000 2117 2201 2187 esset,
2237 2127 2486 2176 sanum
2535 2116 2602 2175 et
2648 2105 2883 2175 flexibi
2911 2126 2948 2174 e
2980 2103 3113 2175 red·

597 2194 800 2275 didit,
854 2206 1173 2286 stupente
1246 2194 1487 2266 chirur
1535 2217 1598 2276 0,
1650 2195 1774 2283 qui
1846 2193 2071 2285 pridie
2131 2207 2494 2265 censuerat
2560 2215 2840 2264 omnem
2901 2214 3105 2264 curam

596 2306 747 2355 esse
796 2305 1069 2366 vanam,
1120 2306 1283 2355 cum
1331 2284 1497 2355 brac
1552 2284 1697 2354 ium
1746 2284 2033 2354 omnino
2079 2282 2510 2353 intractabile
2555 2305 2645 2373 ap
2698 2295 2934 2352 areret.

684 2376 720 2460 ξ
767 2376 941 2445 8⁰.
995 2372 1313 2443 Nondum
1361 2372 1664 2465 pueriles
1725 2393 1947 2442 annos
1991 2385 2395 2452 excesserat,
2449 2393 2632 2459 quan
2691 2393 2730 2440 o
2778 2393 2918 2441 eam
2958 2390 3093 2438 con·

591 2460 885 2544 fessarii,
917 2462 1168 2553 spiritu
1188 2462 1329 2554 jam
1364 2461 1697 2553 grandem
1732 2471 2205 2553 agnoscentes»,
2250 2459 2719 2531 manducandi
2757 2458 3090 2548 frequenter

589 2573 840 2642 panem
891 2550 1090 2621 illum
1141 2551 1574 2643 angelorum,
1620 2550 1745 2638 qui
1777 2551 2055 2640 praebet
2082 2549 2369 2620 delicias
2398 2550 2707 2641 regibus,
2746 2548 3070 2619 facultatem

588 2639 860 2709 dedere.
919 2645 1076 2710 Erat
1116 2641 1184 2710 in
1234 2639 1389 2728 ejus
1437 2639 1688 2731 spiritu
1736 2638 2029 2730 limpida
2078 2638 2478 2720 mundities,
2536 2639 2756 2708 nitida
2790 2639 3067 2706 innocen·

591 2728 723 2799 tiae
765 2728 1076 2819 puritaS,
1108 2752 1187 2799 ac
1236 2729 1563 2800 robustus
1630 2728 2013 2800 devotionis
2062 2728 2292 2815 calor;
2341 2741 2408 2798 et
2457 2727 3075 2824 nihilominus-cum

589 2829 775 2888 tanto
841 2817 1327 2890 immaculatae
1395 2815 1858 2888 conscientiae
1932 2816 2254 2898 candore,
2323 2817 2592 2905 quoties
2666 2816 2750 2886 ad
2822 2814 3089 2909 divinum

586 2906 872 2997 epulum
922 2907 1390 2977 accedendum
1433 2919 1601 2987 erat,
1644 2904 1843 2977 toties
1891 2900 2165 2976 summe
2214 2905 2652 2996 gemebunda
2689 2917 2755 2975 et
2802 2904 3087 2992 lacrymls

590 2994 890 3086 perfusa,
945 2995 1515 3066 sacramentalem
1562 2994 2065 3065 confessionem
2117 2995 2616 3085 praemittebat.
2663 2999 2860 3064 Hanc
2902 3009 3094 3086 sacerj

588 3084 781 3155 dotes
827 3085 1406 3155 communicaturi
1457 3097 1665 3154 totam
1724 3083 2121 3154 flammeam
2153 3095 2219 3154 et
2265 3083 2534 3153 vultum
2583 3079 2814 3174 ipsius
2866 3079 3101 3152 coelesti

588 3185 655 3242 et
685 3173 1066 3243 vehementi
1116 3172 1482 3264 splendore
1516 3172 1896 3243 radiantem
1934 3193 2372 3332 conspexere.
2409 3173 2586 3255 Quin
2620 3183 2686 3241 et
2735 3171 3100 3267 presbytero

589 3283 856 3332 sacram
907 3262 1468 3333 communionem
1513 3273 1914 3352 porrecturo
1947 3261 2101 3330 vide
2155 3272 2311 3331 atur
2349 3261 2837 3331 flammescens
2884 3277 3107 3350 aperiri

588 3350 934 3432 clibanuS,
979 3351 1146 3419 dum
1199 3350 1587 3421 removebat
1618 3349 1939 3441 pallium,
1977 3360 2056 3421 ut
2084 3350 2391 3422 divinam
2431 3349 2763 3440 reciperet
2814 3348 3103 3422 hostiam,

588 3451 655 3509 et
690 3438 827 3508 vim
877 3441 1306 3529 erumpentis
1357 3439 1699 3530 repentini
1747 3437 2019 3509 ardoris
2065 3438 2237 3508 adeo
2289 3439 2628 3510 sentiebat
2683 3438 2979 3529 pavidus
3020 3455 3113 3504 sa-

589 3527 857 3609 cerdOS,
910 3539 987 3597 ut
1034 3549 1238 3618 saepe
1287 3550 1576 3599 manum
1628 3528 1982 3599 retraxerit
2023 3550 2186 3618 prae
2218 3527 2448 3598 subito
2491 3539 2674 3598 metu
2723 3523 3114 3598 adustionis.

591 3617 783 3687 Idem
832 3616 1311 3706 experiebatur
1357 3617 1427 3686 in
1479 3639 1551 3690 se
1626 3616 1947 3687 minister
2015 3617 2509 3697 sacrificantis,
2587 3616 2757 3686 dum
2834 3640 2915 3687 ex
2962 3630 3121 3683 more

589 3705 937 3795 scyphum
974 3704 1350 3776 ablutionis
1397 3705 1462 3776 ei
1511 3705 1928 3797 porrigebat,
1983 3716 2063 3776 ut
2116 3705 2246 3776 hoc
2293 3706 2499 3776 etiam
2551 3705 2948 3777 testimonio
2989 3721 3121 3791 pro·

588 3793 873 3864 baretur
922 3794 1051 3864 hoc
1099 3816 1248 3866 esse
1295 3799 1818 3865 Sacramentum
1873 3794 2046 3865 illud
2096 3817 2236 3895 quo
2270 3798 2447 3864 Deus
2496 3795 2644 3895 ipse
2691 3794 2935 3865 veniti
2983 3808 3122 3886 nem

587 3883 862 3954 mittere
910 3884 982 3952 in
1035 3895 1311 3953 terram.
1363 3889 1569 3953 Jussa
1620 3883 1893 3973 aperuit
1939 3906 2021 3953 ex
2070 3884 2376 3974 virginea
2430 3888 2541 3954 Det
2593 3904 2805 3953 carne
2852 3882 2918 3952 d·
2972 3875 3126 3975 und}

592 3973 658 4041 in
710 3973 943 4042 anima
996 3974 1122 4043 sua
1168 3971 1560 4043 mirabilem
1593 3972 1908 4042 coelestis
1941 3972 2104 4063 agni
2150 3971 2787 4052 mansuetudinem,
2852 3981 3125 4060 vegetari

589 4061 913 4151 spiritum
967 4084 1174 4132 suum
1232 4061 1560 4132 inusitato
1641 4060 1903 4142 robore,
1960 4061 2359 4142 instaurari,
2414 4083 2493 4131 ac
2559 4059 2750 4130 refici
2800 4060 2979 4130 vires
3013 4075 3129 4214 ger

588 4150 947 4306 guondam
1023 4150 1232 4221 veluti
1311 4171 1555 4220 novam
1628 4149 2297 4220 transformationem
2366 4150 2476 4219 sui
2538 4148 2827 4239 spiritus
2896 4150 2965 4217 in
3060 4164 3129 4213 oc

639 4239 905 4310 ivinum
954 4238 1391 4321 alimentum,
1444 4239 1706 4309 interea
1752 4238 2014 4309 clarere
2061 4238 2132 4307 in
2189 4237 2396 4308 corde
2458 4260 2585 4308 suo
2653 4236 3002 4328 placidam
3041 4230 3128 4301 al-

591 4326 786 4427 tioris
834 4328 1167 4419 sphaerae
1214 4328 1676 4416 serenitatem,
1732 4349 1994 4419 pacem,
2075 4327 2502 4419 temperiem,
2567 4325 2802 4418 gaudii
2858 4326 3129 4396 immen-

589 4427 860 4486 s1tatem
910 4438 989 4485 ex
1021 4420 1212 4487 arcta
1254 4417 1511 4489 unione
1542 4440 1705 4488 cum
1742 4438 1997 4507 sponso
2022 4416 2279 4499 divino,
2321 4415 2667 4487 fruitionis
2698 4412 3123 4487 altitudinem
