3308 5004
719 308 849 373 698
1187 324 1267 371 η
1314 324 1372 373 s.
1423 323 1785 373 Aneusttno
1831 323 2032 374 ulsc.
2083 325 2161 372 n·
2205 323 2378 372 acet..
2431 322 2610 372 noer.
2861 306 3076 372 Δῦτῖ.
3123 308 3196 371 ffl

718 412 756 497 ξ
802 411 1190 480 ‹il-Sane
1240 407 1354 477 ille
1400 421 1687 479 sanctus
1731 410 1804 480 in
1853 410 1987 479 vita
2052 431 2178 479 sua
2229 408 2515 499 prolixa,
2573 429 2695 497 pro
2740 407 3076 479 utilitate
3131 433 3200 479 ac

638 497 963 568 felicitate
1011 510 1287 567 sanctae
1326 498 1668 568 Ecclesiae
1727 498 2110 568 Catholicae
2148 497 2484 568 divinitus
2518 497 2920 568 condonata
2956 554 2977 576 ‚
3051 499 3203 568 vixit

633 589 840 657 annis
908 587 1508 676 septuagintasex:
1562 588 1629 655 in
1695 587 2020 658 clericatu
2082 601 2308 657 autem
2360 586 2462 656 vel
2513 591 2947 675 Episcopatu
3001 589 3202 656 annis

631 675 847 746 ferme
891 675 1376 766 quadraginta.
1436 676 1666 746 Dicere
1698 691 1925 746 autem
1961 677 2161 747 nobis
2199 677 2376 746 int'er
2421 674 2795 744 familiaria
2836 676 3206 763 colloquia

634 776 1102 844 consueverat,
1161 778 1310 853 post
1346 780 1739 856 perceptum
1778 765 2200 856 baptismum
2234 766 2437 834 etiam
2492 764 2808 835 laudatos
2861 765 3204 837 Christia-

630 875 759 923 nos
805 867 872 922 et
901 852 1310 934 sacerdotes,
1363 854 1625 941 absque
1672 855 1885 944 digna
1940 868 2004 922 et
2051 855 2461 944 competenti
2534 854 2976 943 poenitentia
3031 859 3202 925 exire

631 942 716 1011 de
775 963 1061 1032 corpore
1113 963 1245 1010 non
1294 942 1566 1013 debere.
1620 944 1811 1026 Quod
1862 944 2065 1012 etiam
2120 944 2266 1031 ipse
2315 942 2469 1012 fecit
2527 943 2798 1023 ultima,
2860 965 3026 1031 qua
3097 945 3200 1013 de·

631 1030 916 1100 functus
961 1044 1087 1110 est,
1141 1032 1599 1120 aegritudine.
1661 1038 1826 1101 Nam
1877 1032 2009 1102 sibi
2057 1032 2363 1122 jusserat
2419 1031 2722 1101 Psalmos
2775 1033 3196 1110 Davidicos‚

631 1120 754 1208 qui
804 1133 967 1190 sunt
1002 1121 1429 1207 paucissimi,
1461 1121 1547 1191 de
1585 1122 2001 1212 poenitentia
2047 1122 2282 1192 scribi.
2337 1121 2356 1189 i
2413 1142 2663 1208 sosque
2689 1124 3199 1207 quaterniones

621 1210 867 1299 jacens
918 1210 985 1277 in
1058 1208 1231 1278 lecto
1276 1224 1513 1279 contra
1564 1211 1888 1301 parietem
1945 1210 2200 1300 positos
2248 1143 2495 1279 diebus
2541 1231 2707 1279 suae
2759 1211 3200 1280 infirmitatis

634 1299 1056 1375 intuebatur,
1109 1314 1172 1367 et
1222 1298 1488 1398 legebat
1538 1300 1800 1388 jugiter
1843 1317 1938 1368 ac·
1979 1299 2274 1368 ubertim
2349 1298 2577 1367 flebat.
2631 1303 2708 1368 Et
2755 1321 2844 1368 ne
2916 1300 3198 1371 intentio

630 1388 783 1456 e‘us
830 1409 869 1455 a
916 1408 1263 1474 quoquam
1303 1387 1775 1478 impediretur,
1814 1400 1971 1456 ante
1995 1386 2144 1457 dies
2169 1387 2381 1456 ferme
2422 1387 2683 1467 decem,
2723 1409 2966 1474 quam
2999 1403 3194 1459 exiret

682 1498 719 1545 e
767 1497 1075 1565 corpore,
1129 1498 1168 1545 a
1220 1477 1418 1546 nobis
1470 1476 1837 1568 postulavit
1875 1478 2370 1564 praesentibuS,
2409 1498 2492 1544 ne
2537 1478 2697 1563 quis
2727 1477 2816 1545 ad
2872 1499 3060 1547 eum
3111 1479 3196 1546 in·

637 1564 1059 1656 grederetur‚
1098 1565 1231 1634 nisi
1283 1566 1368 1633 iis
1401 1579 1665 1635 tantum
1712 1567 1922 1646 horis,
1959 1566 2215 1652 quibus
2267 1564 2515 1633 medici
2545 1564 2627 1633 ad
2667 1566 3190 1655 inspiciendum

631 1655 1012 1734 intrarent,
1087 1653 1183 1721 vel
1235 1677 1393 1723 cum
1446 1655 1507 1723 ei
1557 1655 1925 1724 inferretur
1987 1654 2279 1723 refectio.
2352 1659 2430 1722 Et
2479 1654 2569 1723 ita
2616 1655 3086 1725 observatum
3132 1677 3190 1722 ac

629 1742 885 1811 factum
935 1755 1060 1820 est,
1129 1757 1195 1811 et
1246 1744 1434 1811 omni
1484 1744 1602 1812 illo
1662 1757 1965 1832 tempore
2024 1743 2314 1813 orationi
2359 1744 2663 1812 vacabat.
2719 1745 3046 1813 Verbum
3097 1743 3186 1813 Dei

631 1853 855 1917 usque
903 1830 986 1899 ad
1029 1832 1248 1920 ipsam
1303 1854 1499 1901 suam
1547 1845 1916 1901 extremam
1969 1831 2512 1922 aegritudinem,
2565 1833 3182 1921 impraetermisse.

632 1919 951 1988 alacriter
989 1935 1054 1987 et
1101 1920 1383 2000 fortiter,
1419 1943 1587 1988 sana
1640 1937 1863 1991 mente
1893 1942 2195 2008 sanoque
2224 1921 2516 1990 consilio
2557 1921 2622 1988 in
2657 1921 2976 1991 ecclesia
3015 1944 3181 2012 prae-

637 2008 913 2076 dicavit.
969 2009 1289 2077 Membris
1319 2010 1647 2078 omnibus
1689 2013 1792 2080 sui
1834 2011 2143 2100 corporis
2177 2009 2569 2089 incolumis,
2606 2008 2964 2098 adspectu
3005 2026 3180 2096 atque

633 2097 902 2175 auditu,
962 2097 1156 2165 nobis
1203 2098 1636 2167 adstantibus
1684 2113 1747 2168 et
1797 2099 2210 2178 videntibuS,
2242 2119 2507 2166 aecum
2557 2120 2636 2167 eo
2688 2099 2966 2197 pariter
3006 2123 3177 2168 oran-

635 2186 847 2264 tibus,
903 2185 1318 2255 obdormivit
1366 2187 1434 2255 in
1480 2209 1642 2276 pace
1675 2209 1831 2256 cum
1887 2187 2199 2277 patribus
2246 2190 2432 2266 suis,
2485 2199 2835 2256 enutritus
2887 2189 2971 2256 in
3029 2191 3174 2258 bona
3255 2183 3256 2196 ¹

645 2288 1031 2344 senectute:
1084 2289 1147 2343 et
1198 2275 1395 2344 nobis
1422 2298 1651 2344 coram
1710 2278 1991 2366 positiS,
2049 2297 2170 2365 pro
2217 2277 2368 2365 ejus
2425 2276 3006 2346 commendanda
3053 2299 3173 2345 cor·
3255 2335 3256 2344 ,

643 2364 833 2454 poris
880 2363 1328 2453 depositione,
1383 2366 1799 2434 sacrificium
1859 2371 1986 2434 Deo
2018 2365 2323 2434 oblatum
2374 2376 2497 2442 est,
2539 2377 2603 2432 et
2651 2365 2994 2454 sepultus
3039 2381 3142 2435 est.

725 2460 760 2533 ἓ
810 2456 966 2526 18.
1021 2459 1525 2524 Testamentum
1578 2470 1806 2525 autem
1860 2454 2130 2524 nullum
2196 2453 2387 2534 fecit,
2440 2453 2600 2542 quia
2651 2453 2848 2523 unde
2911 2455 3151 2526 faceret

636 2564 902 2631 pauper
950 2544 1192 2612 Christi
1249 2565 1379 2611 nou
1420 2544 1684 2613 babuit.
1741 2544 2078 2613 Ecclesiae
2129 2543 2618 2612 Bibliothecam
2666 2555 2732 2611 et
2785 2564 3150 2615 omnesro-

632 2630 821 2699 dices
868 2630 1232 2721 diligenter
1286 2634 1573 2721 posteris
1645 2633 2133 2701 custodiendos
2190 2654 2460 2719 semper
2514 2631 2838 2722 jubebat.
2921 2637 2997 2704 Si
3033 2628 3146 2727 qnid
3257 2710 3258 2715 ἵ

632 2741 790 2788 vero
828 2722 1111 2789 ecclesia
1156 2720 1255 2790 vel
1308 2722 1375 2788 in
1419 2723 1859 2810 sumptibus,
1924 2722 2025 2791 vel
2083 2723 2148 2790 in
2200 2722 2626 2791 ornamentis
2668 2722 2955 2803 habuit,
3014 2718 3151 2791 fideli
3257 2766 3258 2791 ι

631 2808 1052 2898 presbyterO,
1108 2811 1228 2896 qui
1270 2810 1402 2879 sub
1449 2810 1686 2879 eodem
1747 2812 1998 2879 domus
2052 2810 2378 2879 ecclesiae
2425 2832 2664 2879 curam
2717 2813 3034 2900 gerebat,
3075 2808 3157 2876 di-

632 2898 842 2966 misit.
884 2904 1012 2967 Nec
1062 2920 1223 2967 suos
1270 2901 1825 2988 consanguineos
1876 2899 1975 2968 vel
2029 2900 2095 2966 in
2152 2900 2521 2988 proposito,
2561 2898 2659 2967 vel
2698 2914 2898 2967 extra
2936 2897 3150 2969 consti-

633 2999 837 3064 tutos,
896 2986 960 3054 in
1015 3009 1141 3057 sua
1201 2988 1331 3056 vita
1404 3001 1470 3056 et
1526 3003 1742 3057 morte
1807 2988 1991 3077 vulgi
2061 3009 2247 3057 more
2307 2987 2637 3057 tractavit.
2693 2989 2976 3069 Quibus
3012 2988 3139 3053 dum

629 3075 859 3142 adbuc
907 3090 1316 3165 superesset,
1357 3075 1450 3155 id,
1507 3078 1558 3144 si
1611 3097 1788 3165 opus
1821 3077 1970 3153 fuit,
2011 3077 2191 3162 quod
2243 3089 2307 3144 et
2352 3076 2637 3145 caeteris
2668 3079 2996 3165 erogavit,
3027 3091 3133 3139 non

631 3176 706 3231 ut
739 3163 1012 3232 divitias
1054 3165 1405 3241 haberent,
1460 3165 1573 3234 sed
1628 3182 1701 3235 ut
1735 3182 1852 3233 aut
1889 3187 2047 3246 non,
2103 3180 2223 3234 aut
2273 3166 2505 3234 minus
2546 3181 2866 3253 egerent.
2910 3165 3140 3259 clerum

632 3250 1298 3323 sufficientissimum
1347 3268 1411 3323 et
1485 3255 1896 3324 monasteria
1963 3255 2263 3322 virorum
2315 3276 2395 3322 ac
2451 3253 2924 3325 foeminarum
2959 3264 3150 3321 conu-

630 3339 940 3408 nentium
993 3364 1149 3409 cum
1188 3343 1334 3411 suis
1372 3345 1778 3433 praepositis
1833 3344 2031 3433 plena
2075 3342 2411 3412 ecclesiae
2456 3341 2766 3424 dimisit,
2843 3367 2985 3413 una
3019 3360 3164 3410 cum

628 3427 1086 3510 bibliothecis,
1131 3430 1340 3500 libros
1386 3446 1452 3500 et
1494 3446 1821 3501 tractatus
1862 3432 1960 3500 vel
2026 3453 2212 3513 suos,
2276 3431 2374 3499 vel
2432 3430 2728 3500 aliorum
2784 3449 3166 3504 sanctorum

629 3516 1070 3597 habentibus,
1127 3520 1192 3587 in
1243 3520 1500 3606 quibus
1558 3522 1740 3589 dono
1795 3521 1902 3589 Dei
1953 3520 2180 3606 qualis
2245 3531 2685 3607 quantusque
2740 3520 2809 3589 in
2893 3520 3172 3592 Ecclesia

626 3605 856 3683 suerit,
918 3608 1243 3688 noscitur,
1296 3623 1363 3677 et·
1429 3609 1496 3677 in
1567 3611 1675 3679 his
1725 3630 1996 3710 semper
2046 3610 2270 3678 vivere
2308 3631 2347 3678 a
2396 3607 2723 3678 fidelibus
2775 3613 3170 3680 invenitur:

555 3762 562 3769 ,
629 3696 830 3764 Juxta
866 3696 1047 3782 quod
1081 3698 1285 3765 etiam
1322 3698 1742 3768 secularium
1779 3699 2060 3785 quidam
2105 3700 2483 3786 poetarum,
2523 3698 2672 3766 suis
2720 3699 3022 3788 jubens,
3061 3717 3177 3787 quo

614 3784 760 3853 sibi
808 3787 1457 3944 tumn-luffmortuo
1485 3788 1552 3854 in
1590 3810 1838 3878 aggere
1876 3785 2152 3877 publico
2182 3786 2621 3867 collocarent,
2671 3808 2797 3876 pro
2837 3791 3182 3880 epigram·

631 3886 809 3943 mate
874 3889 1066 3955 tnxtt,
1155 3897 1385 3946 icens:

1052 4019 1275 4081 Vivere
1309 4027 1436 4098 post
1478 4021 1714 4082 obitum
1750 4025 1947 4082 vatem
1985 4021 2078 4081 vis
2109 4036 2279 4081 nosse
2309 4022 2548 4081 viator?

1051 4100 1222 4173 Quod
1257 4101 1403 4178 legis
1431 4117 1567 4161 ecce
1593 4100 1845 4179 loquor:
1883 4118 1996 4162 vox
2033 4110 2151 4171 tua,
2185 4118 2407 4179 nempe
2441 4117 2571 4162 mea
2602 4108 2716 4161 est.

718 4235 756 4320 ἓ
804 4239 950 4306 ιΙ-Ι.
1004 4239 1082 4302 Et
1131 4234 1197 4301 in
1252 4232 1398 4303 suis
1426 4233 1705 4321 quidem
1766 4233 2042 4323 scriptis
2067 4232 2213 4327 ‚ille
2262 4238 2394 4302 Deo
2440 4247 2767 4324 acceptus
2816 4246 2885 4304 et
2935 4236 3192 4306 charus
3257 4224 3258 4227 '

628 4393 673 4432 8.
704 4372 832 4433 Doc‘t.
866 4396 1010 4433 Docet
1039 4396 1086 4433 tn
1108 4396 1191 4434 illa
1210 4396 1402 4445 August.
1422 4391 1606 4435 licitum
1626 4393 1815 4444 qnidam
1839 4406 1942 4434 esse
1963 4395 2139 4444 fugere,
2159 4395 2198 4434 si
2220 4396 2423 4445 populus
2444 4395 2616 4435 habeat
2637 4407 2665 4437 a
2681 4396 2858 4448 quibu
2877 4404 3134 4448 pasc-tm:
3151 4398 3192 4439 οἱ

630 4456 827 4495 prorsus
848 4447 1081 4492 ttttcttum.
1102 4458 1290 4496 gregem
1312 4449 1413 4487 stne
1437 4452 1623 4496 pastore
1644 4450 1990 4498 deretinquere.
