3308 5004
181 315 383 382 AUG.
439 315 523 379 ⁴2
1096 335 1175 381 m:
1222 333 1279 381 s.
1334 332 1534 382 chana
1583 333 1840 382 vincins
2522 321 2651 386 285

175 418 421 509 recepi
452 417 909 497 Altissimum,
952 429 1018 489 et
1065 418 1218 507 ejus
1250 416 1595 488 Vicat-ium
1647 419 1878 488 videre
1916 421 2324 491 commerui.
2363 444 2398 488 »
2437 421 2742 493 Circum-

177 521 377 579 stant
426 508 668 577 matris
710 506 960 577 lectum
998 505 1183 576 filiae
1216 507 1639 593 quamcitius
1673 507 2209 598 orphanandae:
2264 532 2561 597 quarum
2595 511 2740 580 ani·

183 619 346 667 mas
386 596 620 666 acerbi
652 595 912 666 doloris
940 595 1217 685 gladius
1254 597 1738 686 pertransibat.
1791 601 1932 667 Non
1971 615 2260 668 somnus
2287 619 2404 669 eas
2447 602 2735 674 revocat.

182 703 330 756 non
385 685 600 755 sames
649 686 840 776 ipsas
884 684 1188 754 divellit:
1233 685 1352 755 sed
1391 685 1797 756 lectulorum
1832 685 2083 758 oblitas
2113 699 2180 756 et
2212 709 2511 768 mensae,
2548 702 2744 759 nocte

185 797 272 844 ac
308 774 422 845 die
459 773 684 845 solum
726 774 1051 865 plangere
1084 773 1489 844 delectabat.
1543 779 1730 845 Inter
1778 796 1952 862 quas
1981 779 2203 876 Agnes
2251 777 2440 867 virgo
2474 778 2736 858 devota,

195 864 528 953 lacrymis
578 863 890 944 madens,
930 885 1233 933 sororem
1283 864 1632 954 efflagitat,
1675 879 1783 944 ne,
1825 885 1896 932 se
1945 864 2202 944 relicta,
2254 863 2582 936 discedat.
2622 866 2745 936 Cui

192 952 388 1022 Clara
438 953 796 1042 respondit
828 976 842 1017 :
898 975 933 1019 «
971 952 1197 1022 Placet
1238 957 1393 1034 Deo,
1432 974 1627 1023 soror
1657 952 2092 1033 charissima,
2129 953 2312 1040 quod
2350 953 2737 1024 discedam:

191 1042 312 1110 sed
354 1056 425 1111 tu
474 1042 635 1112 flere
684 1041 961 1123 desiste,
1007 1043 1335 1128 quoniam
1399 1055 1549 1132 post
1600 1061 1708 1110 me
1754 1041 1840 1110 ad
1894 1043 2261 1112 Dominum
2305 1041 2547 1113 festine
2597 1057 2747 1133 per-

194 1131 470 1231 venies:
526 1145 593 1200 et
641 1152 990 1231 magnam,
1045 1131 1293 1219 inquit,
1346 1129 1882 1201 consolationem
1937 1131 2058 1200 tibi
2108 1131 2309 1200 faciet
2355 1132 2689 1202 Dominus
2723 1185 2739 1214 ,

192 1242 609 1310 priusquam
664 1241 1008 1289 moriaris.
1051 1237 1087 1286 »

285 1311 323 1396 ὃ
376 1312 538 1380 89.
602 1308 883 1377 Videtur
932 1308 1205 1378 tandem
1250 1308 1319 1378 in
1372 1308 1696 1378 extremis
1745 1308 2069 1399 plurimis
2121 1308 2429 1379 laborare
2472 1308 2740 1392 diebus,

188 1397 458 1484 quibus
487 1397 659 1467 fides
699 1398 1009 1487 gentium
1038 1412 1104 1468 et
1135 1397 1403 1467 devotio
1431 1398 1848 1488 populorum
1884 1398 2235 1479 excrescit,
2272 1397 2739 1468 cardinalium

190 1507 475 1573 quoque
523 1499 587 1555 et
627 1485 1087 1576 praelatorum
1123 1486 1508 1557 visitatione
1547 1485 1911 1574 frequenti,
1951 1500 2028 1556 ut
2073 1509 2228 1557 vere
2276 1500 2533 1568 sancta,
2575 1508 2747 1573 quo·

193 1574 364 1644 tidie
415 1576 815 1645 honoratur.
870 1575 1060 1657 Quod
1113 1596 1270 1646 vero
1318 1589 1419 1645 est
1466 1576 1712 1646 auditu
1760 1575 2078 1645 mirabile
2113 1631 2130 1656 ‚
2182 1598 2341 1645 cum
2391 1575 2628 1646 decem
2680 1587 2744 1644 et

193 1676 459 1753 septem
509 1663 762 1733 diebus
806 1663 1076 1733 nullum
1115 1665 1350 1735 cibum
1395 1686 1672 1736 sumere
1723 1679 1971 1754 posset,
2010 1677 2197 1734 tanta
2227 1678 2329 1735 est
2377 1688 2414 1735 a
2458 1663 2748 1735 Domino

192 1752 606 1823 fortitudine
640 1753 968 1842 vigorata,
1026 1766 1103 1823 ut
1148 1775 1391 1823 omnes
1424 1753 1507 1823 ad
1552 1775 1625 1823 se
1665 1755 2032 1835 venientes,
2090 1754 2158 1822 in
2195 1754 2439 1824 Christi
2478 1753 2750 1824 servitio

197 1841 639 1912 confortaret.
683 1848 850 1912 Nam
885 1864 1043 1911 cum
1085 1842 1187 1911 vir
1218 1842 1376 1912 beni
1435 1865 1589 1923 nus,
1630 1835 1839 1912 frater
1871 1842 2248 1913 Reinaldus
2288 1844 2354 1912 in
2402 1856 2744 1913 tantarum

198 1930 689 2000 infirmitatum
743 1930 947 2022 longo
984 1933 1315 2020 martyrio
1346 1866 1432 2002 a}
1488 1932 1885 2022 patientiam
1935 1931 2348 2012 hortaretur,
2397 1931 2750 2001 liberrima

198 2019 264 2090 ei
306 2042 468 2090 voce
521 2019 915 2109 respondit:
970 2043 1006 2086 «
1042 2025 1408 2106 Postquam
1463 2021 1733 2091 Domini
1785 2021 1920 2089 mei
1965 2027 2131 2090 Jesu
2164 2019 2414 2090 Christi
2455 2020 2746 2111 gratiam

204 2129 331 2198 per
379 2108 575 2178 illum
618 2131 902 2180 servum
955 2130 1161 2178 suum
1215 2109 1658 2180 Franciscum
1712 2110 1986 2198 agnovi,
2041 2108 2234 2179 nulla
2289 2130 2502 2198 poena
2542 2108 2752 2179 mole-

200 2211 331 2277 sta,
390 2197 586 2266 nulla
621 2198 1032 2287 poenitentia
1084 2198 1339 2288 gravis,
1395 2199 1590 2269 nulla
1639 2199 1837 2278 mihi,
1891 2198 2098 2267 frater
2136 2198 2590 2276 charissime,
2645 2198 2751 2266 in-

200 2286 498 2356 firmitas
527 2285 703 2356 dura
734 2286 884 2356 fuit.
929 2309 965 2353 »
1008 2288 1299 2355 Domino
1331 2300 1558 2356 autem
1605 2288 1945 2377 propitius
1974 2300 2241 2377 agente,
2280 2287 2513 2376 etjam
2546 2285 2751 2372 quasi

199 2374 289 2444 ad
312 2376 604 2464 januam
649 2389 893 2455 stante,
920 2374 1120 2464 jubet
1151 2388 1216 2445 et
1249 2375 1395 2446 vult
1443 2375 1575 2446 sibi
1617 2375 2004 2445 sacerdotes
2034 2389 2101 2446 et
2138 2375 2484 2465 spiritales
2510 2373 2752 2443 fratres

201 2465 550 2547 assistere,
608 2465 995 2555 passionem
1051 2463 1321 2536 Domini
1359 2478 1426 2535 et
1464 2479 1697 2535 sancta
1750 2467 1956 2534 verba
2005 2466 2310 2536 recitare.
2366 2468 2549 2533 Inter
2580 2483 2753 2550 quos

198 2553 373 2623 dum
414 2567 699 2643 apparet
746 2554 953 2623 frater
996 2554 1408 2644 Juniperu3‚
1462 2554 1782 2644 egregius
1834 2554 2100 2623 Domini
2142 2553 2523 2641 jaculator,
2639 2553 2752 2621 uia

198 2642 430 2713 calida
470 2664 676 2745 saepe
717 2643 917 2713 verba
966 2643 1051 2712 de
1091 2643 1377 2712 Domino
1424 2644 1803 2723 eructabat,
1859 2665 2030 2712 nova
2084 2642 2426 2714 hilaritate
2474 2662 2591 2731 per
2626 2662 2755 2709 usa

198 2733 494 2818 quaerit,
546 2755 604 2801 si
653 2731 917 2819 aliquid
971 2733 1125 2801 novi
1175 2732 1259 2801 de
1309 2732 1597 2801 Domino
1628 2732 1908 2801 haberet
1955 2732 2040 2801 ad
2081 2752 2388 2800 manum.
2430 2730 2556 2812 Qui
2591 2750 2754 2819 ape-

200 2822 392 2890 riens
437 2843 514 2889 os
563 2842 766 2890 suum
799 2875 815 2899 ,
876 2821 961 2889 de
1006 2820 1282 2891 fornace
1330 2820 1573 2890 fervidi
1619 2820 1850 2890 cordis
1899 2821 2332 2889 flammantes
2388 2819 2752 2888 verborum

203 2908 548 2980 scintillas
594 2910 899 2993 emittit,
956 2924 1161 2997 atque
1229 2910 1299 2978 in
1353 2910 1506 3000 ejus
1564 2910 1913 2998 parabolis
1973 2909 2165 2999 virgo
2228 2909 2344 2977 Dei
2418 2929 2750 2997 magnum

198 2997 526 3068 solatium
580 2999 817 3068 sumit.
872 3003 1355 3088 Lacrymantes
1405 2998 1679 3068 tandem
1730 3021 1804 3068 se
1854 3000 2047 3067 vertit
2086 2999 2173 3066 ad
2231 2997 2436 3078 filias,
2499 2996 2755 3083 quibus

201 3098 678 3177 paupertatem
737 3088 1005 3156 Domini
1054 3088 1626 3157 recommendans
1660 3142 1675 3168 ‚
1732 3087 2065 3158 beneficia
2112 3084 2757 3155 divinalaudando

202 3188 721 3245 commemorat.
777 3176 1123 3246 Benedicit
1170 3177 1447 3246 devotos
1494 3177 1910 3263 devotasque
1942 3198 2127 3255 suas,
2163 3190 2228 3245 et
2261 3175 2590 3245 omnibus
2631 3173 2756 3242 do-

201 3265 533 3334 minabus
583 3265 1157 3334 monasteriorum
1210 3287 1624 3356 pauperum,
1673 3279 1810 3335 tam
1849 3265 2350 3356 praesentibuS,
2403 3286 2611 3351 quam
2648 3262 2758 3332 fu-

204 3356 403 3432 turis,
446 3353 705 3444 largam
742 3354 1243 3424 benedictionis
1279 3355 1570 3444 gratiam
1609 3355 2057 3445 imprecatur.

291 3436 328 3529 ξ
377 3446 548 3513 31).
604 3448 877 3512 Caetera
939 3444 1088 3513 sine
1138 3444 1304 3513 fletu
1349 3444 1509 3530 quis
1561 3443 1856 3513 referat?
1901 3443 2185 3512 Adstant
2236 3442 2335 3511 illi
2386 3441 2528 3511 duo
2578 3441 2758 3511 beati

208 3532 557 3600 Francisci
606 3532 773 3602 socii
823 3532 1214 3601 benedicti:
1268 3548 1564 3618 quorum
1617 3555 1805 3601 unus
1851 3532 2154 3623 Angelus
2214 3546 2533 3601 moerens
2581 3531 2752 3621 ipse,

207 3619 606 3695 consolatur
654 3634 1075 3690 moerentes:
1128 3620 1299 3690 alter
1348 3626 1497 3701 Le0,
1561 3621 1942 3692 recedentis
1991 3620 2324 3692 lectulum
2374 3619 2753 3690 osculatur.

209 3706 554 3798 Plangunt
600 3708 783 3778 filiae
810 3710 1174 3779 destitutae
1226 3709 1375 3800 piae
1425 3710 1667 3780 matris
1715 3726 2016 3790 recessu,
2072 3723 2138 3779 et
2182 3722 2394 3796 quam
2442 3708 2624 3777 ultra
2660 3708 2760 3776 vi-

208 3816 408 3866 surae
442 3819 578 3868 non
610 3810 862 3881 essent,
904 3810 1422 3888 prosequuntur
1452 3816 1612 3868 cum
1650 3798 1979 3889 lacrymis
2019 3798 2473 3868 recedentem.
2523 3795 2760 3865 Dolent

211 3887 647 3956 amarissime
697 3899 910 3956 totum
961 3909 1200 3956 earum
1251 3887 1574 3957 solatium
1631 3902 1792 3957 cum
1844 3887 1963 3957 illa
2024 3888 2372 3977 migrare,
2428 3906 2638 3971 seque
2687 3884 2755 3951 in

209 3973 383 4043 valle
429 3975 896 4063 lacrymarum
947 3975 1245 4056 relictas,
1285 3997 1421 4045 non
1451 3977 1596 4066 jam
1651 3999 1692 4045 a
1740 3996 1867 4046 sua
1904 3975 2232 4066 magistra
2271 3973 2566 4044 ulterius
2600 3993 2761 4041 con·

208 4061 555 4134 solandas.
612 4064 731 4134 Vix
776 4084 818 4135 a
847 4064 1335 4135 dilaceratione
1365 4086 1738 4155 corporum
1781 4064 1973 4135 solus
2008 4064 2234 4154 pudor
2280 4062 2587 4133 continet
2621 4083 2762 4130 ma-

206 4174 411 4223 num..
459 4157 764 4244 Imperat
809 4153 1202 4224 claustralis
1234 4174 1530 4223 censura
1563 4152 1945 4233 silentium,
1985 4165 2340 4239 extorquet
2373 4152 2478 4220 vis
2503 4150 2763 4220 doloris

203 4242 545 4332 gemitum
594 4256 659 4313 et
705 4243 1117 4334 singultum.
1172 4247 1465 4312 Tument
1512 4242 1846 4333 lacrymis
1892 4241 2126 4322 facies,
2180 4253 2246 4311 et
2279 4262 2491 4311 novas
2531 4239 2761 4310 adhuc

202 4352 420 4418 aquas
481 4332 931 4403 moerebundi
1003 4332 1234 4402 cordis
1307 4331 1607 4421 impetus
1677 4331 2185 4402 subministrat.
2239 4330 2333 4400 sd
2395 4351 2468 4399 se
2528 4343 2758 4399 autem

203 4434 538 4491 conversa
586 4420 781 4511 virgo
826 4421 1266 4494 sanc-tissima
1297 4470 1314 4503 ‚
1366 4441 1569 4490 suam
1630 4420 1938 4489 animam
1997 4418 2280 4490 silenter
2333 4418 2760 4508 alloquitur:
