3308 5004
139 322 333 390 Aua.
386 323 477 390 28—
716 340 797 389 ιιι
841 341 899 388 s.
952 339 1311 390 Aucusmto
1359 322 1559 389 nrisc.
1614 339 1691 389 ιτ
1736 275 2140 391 scen-'noca
2477 326 2606 392 ⁶87

141 423 651 500 instantissime
679 424 828 496 fieri
858 424 1147 505 volebat,
1174 440 1247 496 ut
1273 425 1594 496 adessent
1615 425 2018 496 omnimodo
2049 426 2412 501 recusavit.-
2437 442 2504 500 et
2522 428 2691 507 dum

142 515 215 586 id
268 527 746 604 pernegasset,
800 515 1039 585 dicens
1076 514 1257 602 quod
1312 514 1539 603 legum
1596 528 1781 585 metu
1833 515 2268 604 publicarum
2322 517 2696 607 periclitari
2743 513 2752 524 ’

140 603 403 676 tabulis
433 604 711 694 seriptis
739 602 983 673 nollet:
1018 603 1442 694 interpositis
1470 602 1650 692 stylo
1678 616 1744 673 ct
1773 603 2052 680 tubulis.
2079 606 2505 694 Augustinus
2534 608 2696 696 Epi·

143 714 404 783 scopus
442 714 605 764 cum
638 691 812 772 suis,
847 693 968 779 qui
999 691 1309 772 aderant,
1361 691 1971 762 consacerdotibus
2003 692 2065 761 id
2159 692 2374 770 lacere
2408 695 2694 778 videret,

141 795 223 853 ut
253 782 518 868 absque
550 780 697 852 ulla
744 782 1085 872 scriptura
1137 780 1455 871 privatim
1491 780 1950 870 disputarent,
1995 780 2104 851 col-
2132 782 2431 854 ationem
2463 805 2697 856 susce·

146 871 301 962 pit,
353 870 759 960 praedicens
812 869 993 957 quod
1052 869 1487 961 postmodum
1547 869 1839 961 contigit
1869 923 1885 949 ,
1951 870 2138 957 quod
2190 885 2339 960 post
2385 872 2694 943 solutum

147 973 581 1030 conventum·
610 975 761 1030 esse
805 959 1135 1046 cuiquam
1189 971 1416 1048 posset
1463 957 1760 1029 liberum
1797 957 1965 1028 sorte
2005 959 2256 1040 dicere,
2295 960 2491 1031 nullo
2519 963 2696 1032 scri-

148 1062 393 1139 ptnrae
447 1047 864 1120 documento
908 1070 981 1120 se
1029 1047 1286 1117 dixisse
1321 1102 1339 1128 ‚
1388 1046 1573 1134 quod
1644 1046 1813 1118 forte
1863 1065 1997 1117 non
2048 1048 2344 1130 dixerit,
2402 1049 2501 1120 vel
2554 1072 2694 1120 non

143 1137 425 1216 dixisse,
476 1135 663 1223 quod
691 1135 962 1207 dixerit.
1000 1141 1078 1206 Et
1110 1136 1212 1205 sic
1252 1135 1531 1205 miscuit
1567 1157 1728 1206 cum
1760 1135 1998 1206 eodem
2038 1157 2450 1219 sermonem,
2486 1149 2694 1226 atque

141 1224 444 1298 asseruit
471 1225 643 1312 quid
688 1225 1039 1295 crederet:
1092 1238 1158 1294 et
1206 1225 1292 1294 ab
1343 1223 1484 1305 illo,
1530 1224 1697 1312 quid
1744 1238 2021 1306 teneret,
2078 1226 2365 1307 audivit,
2421 1240 2488 1297 et
2536 1250 2692 1300 vera

139 1315 409 1385 ratione
452 1327 521 1383 at
572 1333 665 1382 uc‘
703 1315 1106 1385 auctoritate
1146 1314 1656 1414 scripturarum
1697 1314 1978 1403 probata
2011 1313 2247 1385 docuit
2291 1331 2360 1384 et
2393 1317 2695 1387 ostendit

140 1417 419 1473 nostrae
466 1402 512 1471 fi
564 1402 627 1472 ei
672 1402 1149 1472 firnmmen‘ts:
1204 1401 1400 1471 Illius
1464 1415 1692 1473 autem
1751 1416 2051 1482 asserta,
2119 1403 2309 1473 nulla
2372 1405 2687 1487 veritate,

141 1492 337 1562 nulla
388 1492 890 1581 scripturarum
946 1504 1343 1561 sanctorum
1385 1491 1789 1561 auctoritate
1829 1491 2114 1563 suffulta
2160 1492 2393 1562 docuit
2437 1508 2502 1563 et
2550 1493 2692 1563 fru-

140 1581 404 1651 stravit.
460 1585 537 1651 Et
582 1592 658 1654 ut
703 1601 744 1649 a
795 1601 867 1650 se
915 1580 1209 1650 invicem
1264 1592 1489 1669 partes
1523 1579 1874 1670 digressae
1912 1593 2097 1660 sunt,
2138 1581 2253 1651 ille
2288 1583 2508 1673 magis
2547 1603 2690 1652 ma·-

138 1671 389 1760 gisque
434 1669 654 1740 iratus
696 1681 763 1739 et
812 1668 1097 1748 furens,
1157 1668 1517 1738 mendacia
1567 1668 1786 1738 multa
1839 1687 1962 1758 pro
2011 1669 2150 1738 fide
2195 1692 2322 1739 sua
2370 1670 2544 1740 falsa
2582 1672 2691 1761 ja-

141 1761 395 1837 ctabat,
450 1757 700 1830 victum
731 1779 882 1828 esse
914 1780 953 1827 a
984 1757 1209 1846 seipso
1248 1756 1710 1848 proclamans.
1765 1757 2140 1828 multorum
2180 1780 2296 1829 ore
2327 1758 2687 1844 laudatum

139 1846 631 1938 Augustinum.
684 1851 870 1930 Quae
916 1867 1081 1917 cum
1130 1845 1330 1915 illum
1380 1845 1840 1916 venerabilem
1895 1847 2117 1916 virum
2189 1848 2476 1917 minime
2524 1847 2690 1917 late-

142 1951 342 2016 rent,
395 1947 670 2006 coactus
714 1948 818 2006 est
864 1936 948 2006 ad
1003 1935 1022 2003 i
1072 1957 1229 2004 sum
1279 1935 1580 2004 scribere
1627 1936 2060 2007 Pascentium
2098 1990 2115 2016 ,
2165 1950 2443 2027 propter
2497 1936 2690 2007 illius

146 2027 419 2093 metum*
440 2025 716 2109 omissis
764 2025 1026 2093 nomini
1085 2047 1168 2094 us
1213 2023 1713 2094 conferentium
1760 2047 1775 2093 ε
1825 2037 1891 2095 et
1939 2025 2009 2093 in
2060 2024 2161 2094 eis
2211 2025 2450 2105 literis,
2491 2026 2691 2112 quic-

142 2112 310 2199 quid
362 2113 539 2182 inter
586 2126 810 2203 partes
857 2112 1123 2182 dictum
1174 2112 1273 2182 vel
1324 2128 1592 2203 gestum
1645 2113 1913 2193 suerat,
1969 2113 2263 2184 fideliter
2318 2114 2682 2196 intimavit,

144 2200 231 2270 ad
279 2221 357 2270 ea
402 2200 461 2271 si
513 2215 946 2292 negarentur,
988 2201 1344 2291 probanda
1395 2224 1718 2292 magnam
1765 2203 2042 2272 testium
2084 2202 2344 2271 habens
2381 2203 2683 2292 copiam,

142 2288 563 2362 clarissimos
594 2290 1093 2377 scilicet-atque
1142 2289 1605 2371 honorabileS,
1644 2290 1766 2377 qui
1803 2304 1964 2359 tunc
1996 2290 2302 2371 aderant,
2337 2292 2539 2361 viros.
2576 2297 2687 2361 At-

139 2401 277 2467 que
307 2379 418 2449 ille
454 2378 541 2449 ad
572 2378 714 2462 duo
743 2379 879 2449 sibi
908 2379 1168 2448 directa
1197 2378 1477 2468 scripta,
1518 2399 1736 2448 unum
1776 2378 1880 2448 vix
1917 2378 2213 2448 reddidit
2242 2381 2682 2470 rescriptum:

137 2468 245 2538 in'
292 2491 381 2540 uo
430 2468 657 2558 magis
703 2468 1025 2558 injuriam
1062 2465 1305 2549 facere,
1350 2489 1557 2555 quam
1594 2487 1761 2536 snae
1806 2481 2029 2537 sectae
2079 2467 2410 2539 rationem
2469 2467 2684 2539 valuit

133 2491 513 2628 det-flamm.
542 2557 736 2641 Quod
782 2581 825 2627 a
875 2557 1260 2628 volentibus
1287 2571 1422 2626 eta
1454 2555 1840 2655 valentibus
1889 2554 2114 2645 legere
2161 2557 2676 2648 comprobetur.

223 2649 263 2734 ᾗ
314 2652 482 2719 20.
537 2653 705 2718 Cum
771 2647 1080 2737 ipsorum
1205 2667 1427 2732 noque
1488 2648 1928 2713 arrianorum
1979 2645 2315 2735 Episcopo
2377 2645 2679 2733 quodam

134 2736 552 2815 Maximino,
603 2757 762 2807 cum
832 2735 1068 2806 Gothis
1116 2758 1156 2805 a
1270 2733 1560 2803 Africam
1628 2733 1985 2814 veniente,
2055 2734 2238 2824 apud
2291 2735 2680 2835 Hipponem

131 2822 679 2912 quampluribus
711 2823 1094 2895 volentibus
1140 2835 1346 2910 atque
1400 2821 1810 2910 petentibus,
1856 2835 1922 2891 et
1955 2821 2328 2911 praeclaris
2377 2836 2681 2912 interpo-

132 2912 292 2984 sitis
339 2912 523 2995 viria,
574 2913 887 2993 contulit,
925 2927 994 2982 et
1022 2912 1203 3001 qnid²
1233 2910 1551 3001 singulae
1580 2910 2002 2981 asseruerint
2051 2925 2300 3000 partes,
2340 2912 2680 3013 scriptum

129 3015 261 3072 est.
314 3004 505 3082 Quae
529 3003 587 3071 si
624 3002 930 3072 studiosi
977 3001 1345 3090 diiigenter
1393 2999 1615 3090 legere
1667 2998 2028 3081 voluerint,
2085 3000 2544 3090 proculdubio
2576 3001 2676 3070 in·

130 3090 515 3181 dagabum
544 3104 609 3160 et
633 3090 801 3179 quid
823 3089 1076 3161 callida
1102 3103 1167 3158 et
1194 3088 1688 3159 irrationabilis
1739 3088 2042 3158 haeresis
2082 3089 2166 3159 ad
2204 3089 2678 3160 seducendum

128 3191 198 3250 et
246 3177 733 3268 decipiendum
785 3179 1210 3269 profiteatur,
1259 3190 1324 3248 et
1371 3176 1537 3264 quid
1593 3176 1897 3248 Ecclesia
1945 3178 2291 3248 Catholica
2320 3179 2405 3248 de
2443 3178 2679 3249 divina

131 3280 358 3339 teneat
404 3280 469 3336 et
517 3268 863 3356 praedicet
893 3267 1240 3336 Trinitate.
1296 3265 1426 3336 Sed
1454 3266 1786 3353 quoniam
1823 3265 1938 3336 ille
1973 3266 2359 3339 haereticus
2389 3268 2474 3337 de
2508 3268 2679 3358 Hip-

134 3379 319 3448 pone
354 3355 626 3428 rediens
656 3356 743 3427 ad
779 3356 1281 3446 Carthaginem,
1316 3355 1401 3424 de
1433 3377 1560 3425 sua
1605 3354 1822 3433 multa
1857 3354 1924 3424 in
1962 3354 2328 3426 collatione
2375 3356 2674 3444 loquaci·

134 3459 269 3516 tate
319 3444 641 3516 victorem
691 3467 764 3515 se
793 3444 880 3514 de
908 3445 1063 3535 ipse
1092 3444 1457 3515 collatione
1508 3444 1871 3514 recessisse
1899 3444 2206 3534 jactavit,
2247 3459 2316 3514 et
2351 3440 2679 3515 m'entitus

128 3548 257 3616 est,
310 3556 488 3621 quae
534 3534 776 3621 utique
823 3555 959 3603 non
996 3532 1192 3603 facile
1238 3556 1276 3602 a
1323 3533 1602 3603 divinae
1650 3531 1824 3622 legis
1872 3533 2136 3623 ignaris
2180 3534 2558 3603 examinari
2608 3547 2677 3603 et

130 3622 504 3714 dijudicari
532 3634 849 3781 fussent:
894 3643 936 3692 a
972 3622 1349 3693 venerabili
1381 3623 1529 3691 viro
1555 3621 1960 3711 AugustinO,
1998 3623 2311 3709 sequenti
2344 3636 2672 3713 tempore,
2788 3694 2796 3705 ,

133 3712 335 3801 stylo,
389 3725 458 3782 et
503 3711 694 3781 ilius
742 3712 949 3781 totius
995 3711 1386 3782 collationis
1432 3710 1518 3779 de
1567 3710 1672 3779 sin
1732 3709 1866 3779 ulis
1910 3710 2195 3800 obJectis
2227 3724 2292 3780 et
2328 3711 2677 3801 responsis

134 3798 309 3872 facta
351 3814 456 3872 est
496 3800 1021 3891 recapitulatio:
1073 3812 1139 3870 et
1183 3818 1393 3887 quam
1448 3798 1619 3868 nihil
1673 3733 1790 3868 iile
1835 3800 2125 3887 objectis
2165 3800 2409 3871 referre
2455 3810 2521 3870 et
2569 3820 2676 3868 re-

348 3890 406 3961 is
452 3890 924 3960 contradicere
988 3889 1330 3980 potuerit,
1404 3886 1863 3958 nihilominus
1918 3888 2465 3960 demonstratum
2514 3899 2671 3969 est,

137 3976 385 4049 additis
416 3978 944 4070 supplementis,
996 3996 1176 4066 quac
1204 3977 1277 4047 in
1314 3992 1621 4067 tempore
1656 3975 2047 4048 collationis
2095 3990 2390 4067 angusto
2421 3988 2675 4047 cuncta

140 4061 371 4137 inferri
414 4080 486 4138 et
536 4067 748 4138 scribi
804 4067 1091 4137 minime
1140 4078 1534 4155 potuerunt.
1583 4064 1662 4136 ld
1697 4066 1884 4135 enim
1933 4080 2167 4158 egerat
2212 4066 2515 4153 nequitia
2549 4066 2673 4135 ho-

142 4153 365 4239 minis,
402 4168 483 4229 ut
508 4179 635 4228 sua
675 4157 1051 4228 novissima
1091 4157 1567 4246 prosecutione
1601 4154 1902 4226 multum
1938 4155 2365 4247 longissima,
2418 4167 2665 4235 totum,

139 4244 314 4327 quod
353 4259 800 4328 remanserat,
833 4245 972 4315 diei
1021 4244 1325 4333 spatium
1374 4256 1770 4334 occuparet.
1999 4310 2002 4313 .

224 4332 262 4417 ξ
308 4340 450 4408 ,1.
501 4335 838 4421 Adversus
887 4333 1381 4424 Pelagianistes
1426 4354 1742 4420 quoque,
1795 4353 2007 4403 novos
2055 4345 2443 4402 nostrornm
2496 4344 2670 4401 tem·-

142 4436 379 4507 porum
409 4422 784 4496 haereticos
814 4436 880 4496 et
908 4422 1371 4516 disputatores
1398 4421 1716 4503 callidos,
1758 4434 1903 4493 arte
1942 4422 2164 4514 magis
2192 4421 2433 4495 subtili
2463 4420 2670 4493 noxia
