3308 5004
722 332 854 401 738
1551 295 1645 398 'ns
1692 350 1750 398 s,
1804 350 2032 400 sunu
2080 349 2270 397 nar.
2860 328 3049 398 Auo.
3092 331 3160 396 29

723 439 762 526 §
808 440 960 508 19.
1017 434 1127 505 Sic
1172 434 1454 523 quidem
1504 456 1667 506 cum
1715 433 1967 506 festum
2018 447 2413 505 sanctorum
2449 433 3076 526 Theophaniorum.
3110 448 3161 504 et

631 526 735 597 sic
762 527 967 596 etiam
1020 545 1340 612 sequenS‚
1396 524 1467 593 in
1516 545 1654 611 quo
1705 524 1883 594 sacri
1932 524 2409 595 Praecursoris
2459 524 2795 595 memoria
2827 536 2933 594 est
2980 523 3159 594 altius

632 614 837 685 nobis
885 612 1156 697 tradita,
1208 613 1377 702 quip
1429 634 1468 683 e
1513 613 1637 701 qui
1684 613 1903 701 divini
1937 612 2375 716 baptismatis
2411 613 2739 703 mysterio
2770 613 3156 691 inservierit,

632 704 1144 796 peregissemus
1189 715 1258 773 et
1306 724 1383 773 ce
1413 702 1924 773 ebravissemus
1957 758 1974 785 ‚
2017 701 2496 793 judicavimus
2559 724 2685 794 par
2746 724 2899 773 esse
2947 703 3159 771 Manus

629 814 907 881 quoque
956 792 1295 862 honorare
1327 790 1827 893 depositionem
1866 790 2057 861 festis
2104 790 2387 871 annuiS‚
2432 790 2565 861 hac
2593 813 2871 879 quoque
2919 813 3159 860 connu-

630 894 893 953 merata
926 879 1083 950 aliis
1113 881 1265 971 eJus
1295 880 1509 963 fest1S,
1549 892 1626 951 ut
1663 900 1744 950 ex
1777 881 1985 950 rebus
2034 879 2226 950 illius
2269 878 2450 949 nihil
2491 880 2580 950 sit
2611 902 2750 950 non
2792 879 3152 971 gloriosum

629 983 697 1041 et
735 968 1170 1041 admirabile.
1225 974 1303 1041 Et
1349 991 1538 1041 nunc
1586 991 1746 1040 ecce
1793 968 1986 1040 adest
2034 970 2162 1039 hoc
2210 967 2461 1040 festum
2497 969 2764 1039 clarum
2806 982 2877 1038 et
2918 968 3158 1059 insigne

681 1073 788 1131 ost
818 1058 1225 1130 circularem
1277 1059 1446 1127 anni
1493 1059 1830 1129 ambitum
1858 1113 1873 1139 ‚
1936 1057 2284 1129 distillans
2325 1057 2526 1128 nobis
2574 1059 2837 1128 imbres
2888 1058 3156 1127 miracu-

659 1170 884 1231 ornm,
940 1160 1005 1218 et
1050 1170 1130 1218 ea
1176 1147 1469 1218 afferens
1516 1170 1696 1235 quae
1743 1160 1909 1218 sunt
1953 1146 2186 1217 futura
2238 1147 2493 1217 animis
2554 1147 2812 1220 nostris
2852 1145 3156 1217 conduci-

630 1237 825 1309 bilia.
879 1242 995 1307 Est
1039 1258 1203 1328 ergo
1254 1237 1453 1308 nobis
1502 1238 1854 1329 proposita
1901 1237 2092 1307 omni
2138 1257 2220 1306 ex
2269 1246 2461 1328 parte
2520 1235 2826 1327 gloriosa
2880 1247 2950 1305 et
2993 1256 3155 1304 vene-
3254 1254 3255 1289 ³

633 1326 854 1397 randa
902 1347 1152 1397 manus
1200 1326 1543 1416 Baptistae
1606 1339 1672 1396 et
1720 1326 2193 1395 Praecursoris
2226 1380 2242 1405 ‚
2306 1325 2693 1416 incorporei
2755 1323 3154 1396 circumdata
3254 1334 3255 1377 l

634 1414 1033 1496 virtutibuS,
1076 1437 1254 1502 quae
1301 1414 1741 1485 admirantur
1779 1416 2009 1485 Sancti
2051 1414 2353 1505 Spiritus
2392 1414 2741 1495 virtutem,
2792 1436 2978 1501 quae
3007 1414 3066 1481 in
3095 1433 3153 1479 ea
3254 1416 3255 1471 l

634 1504 922 1574 habitat.
976 1503 1338 1587 Quodnam
1370 1525 1532 1595 ergo
1580 1517 1683 1574 est
1713 1503 1841 1574 hoc
1882 1503 2223 1595 templum
2275 1502 2480 1572 hodie
2518 1502 2942 1604 pulchrius?
2972 1507 3150 1585 Quae·

633 1615 795 1663 nam
847 1592 1051 1663 aedes
1098 1593 1334 1662 divina
1381 1592 1839 1663 venerabilior
1867 1647 1889 1675 ,
1944 1606 2011 1662 et
2069 1591 2624 1683 magnificentior
2672 1592 2803 1661 hac
2840 1604 2887 1672 ‚'
2928 1592 2992 1661 in
3045 1609 3148 1677 qua

634 1681 748 1752 hic
783 1704 977 1753 sacer
1023 1691 1088 1752 et
1124 1682 1406 1753 divinus
1454 1682 1823 1752 thesaurus
1871 1682 2238 1772 reposituS,
2291 1680 2922 1751 innumerabilium
2983 1678 3147 1748 lurni·

634 1793 804 1842 num
836 1770 1203 1862 splendore
1240 1792 1399 1841 cum
1443 1770 1856 1842 coelestibus
1886 1770 2237 1841 contendit
2266 1769 2726 1860 spectaculis?
2757 1768 2904 1840 Sub
2934 1767 3143 1857 quibus

632 1881 812 1948 quae
860 1881 1156 1948 superne
1202 1859 1635 1930 descendunt
1748 1859 1957 1930 ratiae
2006 1858 2235 1930 Sancti
2282 1858 2582 1950 Spiritus
2613 1914 2631 1941 ,
2686 1857 3142 1949 dispensantur

634 1971 761 2040 pro
797 1947 999 2019 modo
1046 1948 1599 2039 uniuscujusque
1647 1883 1834 2032 figei,
1886 1970 2151 2029 eorum,
2203 1949 2324 2036 qui
2375 1947 2664 2018 laudant
2709 1959 2777 2019 et
2809 1947 3131 2018 celebrant,
3254 1954 3255 1983 ¹

633 2036 1049 2107 animabus:
1103 2042 1181 2107 In
1227 2037 1497 2108 Christo
1541 2038 1701 2125 lesu
1752 2038 2040 2108 Domino
2072 2049 2327 2119 nostro,
2373 2038 2489 2108 cui
2537 2036 2763 2129 gloria
2791 2050 2860 2107 et
2893 2033 3136 2128 potentia

630 2125 704 2196 in
741 2126 974 2199 secula
1003 2125 1420 2208 seculorum,
1472 2129 1711 2197 Amen.

1579 2430 2237 2514 MARTYRIUM

824 2677 908 2779 S.
975 2676 1426 2778 SABINAE
1490 2675 2050 2777 MATRONAE-
2134 2669 2947 2777 {LLUSTRtsSffltss

1155 2913 1445 2966 AUCTORE
1476 2916 1686 2965 Abour.
1719 2916 1999 2976 riuum„
2034 2916 2103 2966 IN
2143 2914 2651 2965 HARHROLOGIO.

1327 3093 1523 3155 eirea
1564 3109 1821 3152 annum
1865 3095 1981 3150 127
2020 3122 2101 3133 —
2140 3088 2468 3154 Boma'nfi.

713 3280 752 3367 §
797 3284 874 3352 1.
929 3283 1183 3349 Romae
1230 3277 1299 3346 in
1349 3277 1679 3348 Aventino
1714 3332 1729 3358 ,
1798 3276 1869 3346 in
1929 3274 2187 3367 oppido
2255 3275 2722 3374 vindinensi,
2794 3275 2885 3346 ad
2939 3290 3136 3344 arcum

624 3365 978 3448 Faustini,
1033 3365 1258 3436 natale
1304 3366 1744 3436 beatissimae
1791 3377 1857 3436 et
1894 3365 2410 3436 illustrissimae
2460 3365 2763 3436 Sabinae
2814 3360 3145 3454 mantyriS,

625 3476 808 3544 quae
854 3453 984 3526 suit
1038 3477 1212 3525 uxor
1276 3454 1804 3546 plaeclarissimi
1864 3453 2217 3542 quondam
2287 3453 2671 3535 Valentini,
2727 3465 2798 3525 et
2849 3453 2987 3524 filia
3041 3454 3151 3519 He-

621 3544 812 3705 }odis
845 3543 1262 3703 llsszllelfflumb
1317 3549 1503 3628 Quae
1551 3566 1757 3635 passa
1801 3558 1925 3624 est,
1979 3542 2278 3615 Adriano
2327 3543 2760 3636 imperante,
2820 3543 2955 3614 sub
2988 3560 3155 3634 prae-

651 3647 796 3705 ecto
976 3656 995 3702 1
1051 3655 1139 3703 ιο.

712 3726 750 3812 ξ
792 3728 882 3794 ².
926 3655 1127 3793 ῗίεηο
1175 3722 1372 3793 beata
1418 3721 1614 3812 virgo
1648 3720 1952 3813 Serapia‚
1987 3743 2148 3792 cum
2191 3721 2263 3790 in
2304 3721 2511 3792 domo
2543 3721 2693 3812 ejus
2744 3737 3160 3792 conversare-

620 3822 760 3895 tur,
812 3811 1157 3904 persuasit
1189 3811 1259 3881 in
1301 3810 1438 3881 fide
1477 3810 1749 3880 Domini
1780 3811 1942 3881 Jesu
1974 3811 2249 3881 Christi.
2286 3815 2474 3894 Quae
2516 3811 2965 3901 postmodum
2996 3829 3160 3904 eamss

621 3900 777 3971 dem
830 3901 1166 3992 virginem
1217 3922 1441 3987 usque
1487 3899 1571 3969 ad
1625 3897 1853 3970 locum
1907 3899 2252 3991 passionis
2301 3911 2535 3971 secuta
2582 3910 2737 3968 est:
2790 3914 2863 3971 et
2907 3916 3161 3969 cum-et

619 3988 1007 4081 praefectus
1054 3989 1369 4078 Beryllus
1416 3987 1718 4071 diceret,
1774 3987 1953 4072 Quid
2003 3988 2128 4058 tibi
2185 3989 2339 4078 ipsa
2390 3987 2744 4079 derogas?
2792 4001 2919 4059 aut
2968 4004 3165 4074 quare

620 4079 1054 4169 temetipsam
1095 4077 1299 4147 vilem
1335 4076 1614 4148 reddis?
1663 4090 1780 4147 aut
1817 4099 2034 4165 quare
2083 4099 2219 4147 non
2255 4077 2658 4149 consideras
2690 4098 2881 4165 quae
2912 4098 3015 4159 e5‚
3066 4083 3163 4145 aut

620 4168 825 4258 cujus
857 4165 1006 4237 filia
1041 4170 1169 4237 es?
1200 4165 1627 4257 conjunxisti
1660 4166 1847 4236 enim
1882 4178 1943 4236 te
1977 4166 2407 4249 ChristianiS,
2442 4179 2509 4236 et
2539 4165 2756 4236 oblita
2796 4189 2878 4237 es
2916 4163 3163 4236 natales

619 4267 811 4339 tuos,
875 4266 942 4325 et
1001 4255 1404 4326 memoriam
1449 4254 1812 4336 tantiviri,
1862 4255 2065 4346 cujus
2106 4254 2299 4326 fuisti
2330 4311 2346 4338 ,
2399 4267 2467 4325 et
2511 4254 2804 4326 deorum
2866 4271 3155 4351 quorutp

619 4343 797 4414 iram
826 4366 1062 4415 vereor
1093 4365 1178 4414 ne
1212 4345 1555 4416 incurras.
1594 4349 1949 4414 Revertere
1984 4344 2206 4435 magis
2239 4343 2324 4415 ad
2365 4344 2654 4415 domum
2694 4356 2929 4426 tuam,
2977 4357 3045 4416 et
3077 4339 3161 4412 ὼ·

621 4431 817 4502 mitte
862 4432 1043 4503 hanc
1081 4432 1451 4508 nefandam
1481 4488 1499 4518 ,
1553 4455 1730 4523 quae
1777 4433 2141 4506 maleficiis
2191 4444 2254 4505 te
2298 4445 2365 4505 et
2413 4432 2650 4525 plures
2696 4432 3095 4505 demutavit
3130 4449 3161 4496 a
3230 4443 3243 4480 ¹
