3308 5004
694 327 822 393 ⁴48
1606 342 1686 390 nn
1733 340 1791 392 s.
1843 337 2149 390 nomme
2856 321 3027 390 AUG.
3070 321 3106 389 t

604 428 876 520 patiens
913 437 1081 509 erat,
1114 436 1183 498 et
1227 426 1438 498 nudis
1470 424 1768 517 pedibus
1799 425 1929 497 iter
1959 425 2227 517 agebat.
2282 424 2351 495 Si
2399 445 2522 516 per
2554 446 2763 517 pagos
2785 435 2899 495 aut
2926 423 3112 495 urbes

602 517 913 589 eundum
953 528 1156 599 esset,
1194 515 1528 588 induebat
1570 515 1884 587 calceos:
1937 513 2102 585 inde
2137 535 2484 607 egressus,
2519 514 2827 585 exuebat.
2868 513 3114 590 Calceos

605 605 865 680 ferebat
911 606 982 676 in
1031 605 1367 688 humeris,
1420 603 1921 692 cucullamque
1965 616 2033 674 et
2077 602 2252 673 alias
2288 616 2542 686 vestes,
2589 626 2711 674 nec
2756 602 3008 674 volebat
3050 601 3112 671 in

604 695 718 768 his
764 693 1066 766 ferendis
1114 693 1329 766 alium
1380 693 1516 764 sibi
1563 693 1897 763 vicarium
1930 691 2371 764 substituere.
2425 693 2494 763 si
2543 693 2626 763 ad
2678 690 2963 783 lapidem
3009 699 3118 761 aut

604 805 717 855 res
761 783 937 855 alias
987 782 1228 876 pedem
1277 781 1674 862 offenderet,
1727 780 1901 852 nihil
1953 793 2209 864 motus,
2259 780 2571 852 dicebat:
2624 785 2803 852 Haec
2847 791 2944 851 est
2979 800 3120 870 poe·

604 873 920 955 nitentia,
975 873 1212 961 sicque
1241 872 1455 943 alacri
1488 870 1686 942 vultu
1723 871 1823 940 ire
1854 872 2204 962 pergebat.
2242 875 2342 941 Ita
2375 870 2585 943 nudis
2615 870 2903 962 pedibus
2927 867 3121 939 Roma

604 962 1053 1053 proficiscens
1084 1016 1102 1046 ‚
1166 961 1293 1031 ubi
1360 960 1544 1030 venit
1604 959 1694 1031 ad
1764 959 1994 1030 locum
2067 959 2440 1050 quemdam
2512 960 2736 1032 acutis
2801 957 3124 1050 lapidibus

603 1072 932 1141 asperum
978 1063 1047 1121 et
1093 1048 1610 1141 scrupulosum,
1666 1047 1840 1119 dixit
1884 1049 2121 1120 socio:
2175 1053 2273 1118 En
2322 1070 2449 1141 ego
2489 1049 2702 1120 miser
2737 1045 3124 1137 quandoque

603 1150 884 1210 coactus
931 1160 1086 1214 sum
1139 1139 1253 1208 hic
1299 1137 1566 1208 calceos
1597 1137 1908 1208 induere.
1960 1137 2089 1208 Illo
2135 1159 2419 1209 causam
2456 1137 2871 1227 inquirente,
2905 1135 3125 1206 beatus

603 1230 708 1298 vir
740 1227 1143 1319 respondit:
1199 1226 1407 1297 Multa
1458 1225 1691 1317 pluvia
1738 1239 1887 1298 tum
1935 1227 2289 1309 extiterat,
2329 1225 2521 1297 unde
2571 1226 2696 1297 rivi
2743 1239 2810 1297 et
2856 1223 3127 1323 flumina

603 1338 860 1409 magna
891 1325 1300 1407 acceperant
1347 1316 1794 1385 incrementa.
1839 1314 1962 1386 His
2008 1315 2234 1399 dictis,
2277 1316 2425 1406 jam
2462 1317 2847 1387 laetabatur
2880 1313 3128 1385 itineris

603 1405 1193 1485 incommoditate,
1249 1403 1681 1492 laudansque
1710 1415 1776 1474 et
1825 1404 2239 1478 benedicens
2290 1409 2528 1486 Deum,
2580 1405 2721 1475 alta
2775 1424 2934 1474 voce
2978 1420 3126 1472 can-

606 1494 794 1564 tabat
839 1494 1163 1584 hymnos,
1199 1497 1335 1563 Ave
1361 1495 1574 1563 maris
1608 1496 1836 1573 stella,
1870 1505 1958 1575 et,
2012 1496 2175 1564 Veni
2199 1505 2462 1565 creator
2488 1496 2810 1586 Spiritus.
2843 1496 3129 1577 Cumque

603 1583 902 1670 venisset
946 1581 1035 1651 ad
1070 1580 1489 1653 inundantes
1535 1603 1778 1669 aquaS,
1816 1582 2050 1654 Crucis
2090 1583 2371 1673 signum
2406 1594 2645 1653 contra
2678 1582 2839 1653 illas
2884 1578 3124 1678 edidit,

605 1671 838 1759 aitque
874 1671 1063 1741 socio
1116 1670 1411 1741 multum
1467 1669 1890 1752 formidanti,
1943 1683 2019 1741 ut
2065 1671 2407 1742 transiret.
2459 1670 2585 1741 Ille
2631 1671 2719 1742 de
2765 1668 3134 1741 obedienua

608 1760 827 1852 patris
850 1760 1026 1830 bene
1058 1780 1368 1851 speram,
1401 1759 1704 1847 itemque
1732 1759 1819 1830 de
1842 1759 2043 1851 signo
2074 1761 2310 1831 Crucis
2342 1761 2431 1830 ab
2465 1759 2581 1830 illo
2608 1779 2956 1851 express0,
2988 1776 3131 1827 cum

604 1871 685 1920 eo
725 1870 847 1938 per
895 1847 1203 1940 pericula
1251 1848 1698 1920 tumescentis
1744 1870 1965 1935 aquae
1998 1870 2238 1919 secure
2269 1861 2334 1919 et
2370 1848 2661 1920 feliciter
2705 1844 3104 1945 penetravit..

692 1938 730 2025 ξ
775 1941 863 2012 4.
918 1936 1206 2020 Quando
1241 1958 1404 2006 cum
1467 1938 1672 2008 sociis
1717 1951 1864 2008 erat
1911 1938 1981 2007 in
2031 1937 2274 2008 itinere
2323 1939 2426 2007 vir
2473 1939 2613 2021 Dei,
2668 1952 2735 2008 et
2784 1937 2868 2008 ad
2922 1936 3138 2025 hospi·

605 2026 779 2097 tium
816 2025 1151 2096 divertere
1197 2025 1573 2116 oportebat,
1631 2047 1766 2096 non
1815 2048 1941 2117 pro
1990 2049 2139 2108 suo,
2179 2026 2295 2097 sed
2329 2027 2610 2097 illorum
2663 2027 3002 2098 arbitratu
3035 2025 3139 2123 ho·

605 2113 892 2205 spitium
943 2114 1295 2201 inquirere
1341 2116 1719 2185 consuevit.
1775 2120 1900 2185 Per
1944 2115 2154 2186 urbes
2200 2129 2266 2185 et
2313 2137 2530 2207 pagos
2575 2114 2959 2188 ambulans
2986 2167 3002 2194 ,
3044 2129 3140 2179 vix

602 2224 915 2290 unquam
957 2225 998 2272 a
1032 2217 1210 2273 terra
1242 2203 1480 2273 oculos
1526 2203 1898 2274 attollebat.
1953 2209 2032 2275 In
2072 2205 2317 2275 itinere
2348 2205 2799 2287 constitutus,
2839 2205 2898 2274 si
2932 2208 3143 2294 posset

604 2292 844 2362 haberi
900 2291 1101 2383 copia
1148 2291 1433 2382 templi,
1498 2293 1806 2381 quotidie
1866 2292 2005 2363 fere
2061 2293 2481 2364 sacrificium
2553 2294 2915 2365 offerebat.
2977 2295 3145 2361 Inter

607 2380 1145 2451 sacrificandum
1188 2393 1417 2450 autem
1470 2382 1726 2451 multae
1772 2383 1860 2452 ab
1916 2382 2137 2452 oculis
2188 2383 2562 2453 manabant
2607 2383 2986 2474 lacrymae.
3036 2382 3145 2447 Ve-

607 2470 809 2540 niens
855 2468 942 2539 ad
991 2469 1396 2561 hospitium,
1449 2470 1505 2541 si
1555 2483 1734 2542 esset
1780 2469 1923 2541 illic
1970 2470 2283 2553 ecclesia,
2336 2493 2610 2563 semper
2659 2494 2743 2544 eo
2784 2493 2859 2543 se
2890 2479 3143 2542 oratum

602 2558 1020 2631 conferebat.
1075 2559 1364 2643 Quando
1411 2572 1599 2630 extra
1647 2561 2143 2633 monasterium
2194 2574 2362 2642 erat,
2415 2560 2659 2631 audito
2693 2563 2923 2653 primo
2961 2559 3148 2649 signo

604 2662 1105 2719 nocturnarum
1149 2671 1475 2738 precum,
1534 2671 1659 2719 sur
1749 2650 1885 2730 bat,
1938 2662 2003 2720 et
2048 2649 2293 2720 fratres
2340 2650 2673 2731 excitans,
2732 2673 2895 2722 cum
2949 2644 3151 2718 multa

601 2737 959 2807 devotione
992 2748 1209 2807 totum
1259 2737 1574 2807 divinum
1624 2759 1665 2807 o
1744 2738 1931 2807 cium
1965 2738 2361 2808 absolvebat
2393 2738 2584 2809 horis
2612 2751 2684 2810 et
2734 2736 3152 2829 temporibus

606 2826 779 2908 suis,
843 2837 988 2895 tum
1043 2825 1423 2907 nocturnis,
1478 2837 1620 2895 tum
1679 2827 1991 2906 diurnis,
2047 2826 2221 2897 nihil
2273 2827 2549 2917 penitus
2595 2830 2958 2901 omittens.
3008 2830 3156 2896 Per·

603 2914 828 2985 soluto
877 2912 1352 3004 completorio,
1388 2913 1592 2983 etiam
1630 2916 1700 2983 in
1746 2915 1988 2984 itinere
2019 2916 2285 3005 positus
2315 2937 2474 2985 cum
2528 2918 2770 3000 sociis,
2811 2916 3154 2988 silentium

603 3023 741 3072 non
787 3003 1022 3071 minus
1061 3002 1395 3084 servabat,
1448 3023 1659 3089 quam
1700 3003 1760 3073 si
1806 3016 1986 3074 esset
2036 3004 2104 3072 in
2150 3004 2591 3076 monasterio.
2652 3012 2857 3077 Mane
2893 2999 3158 3098 profici·

604 3111 831 3170 scenS‚
865 3102 932 3159 et
978 3091 1127 3180 ipse
1177 3090 1356 3159 intra
1407 3090 1757 3160 silentium
1809 3112 1880 3160 se
1929 3093 2245 3171 tenebat,
2298 3105 2364 3161 et
2411 3092 2659 3164 fratres
2710 3096 2900 3166 idem
2952 3093 3160 3163 facere

601 3178 909 3260 volebat,
966 3200 1185 3266 usque
1231 3178 1319 3247 ad
1371 3179 1608 3249 horam
1666 3180 1955 3250 tertiam.
2012 3186 2090 3250 ln
2143 3181 2359 3269 paleis
2418 3181 2818 3255 dormiebat
2884 3181 3158 3254 vestitus

602 3279 670 3336 et
714 3267 1084 3347 calceatus,
1146 3267 1431 3357 perinde
1479 3279 1555 3337 ut
1600 3268 1985 3351 incedebat,
2040 3269 2175 3339 nisi
2222 3269 2393 3340 forte
2451 3288 2696 3344 soccos
2748 3274 3154 3345 detraheret.

602 3361 739 3425 Iter
784 3354 1068 3437 faciens,
1107 3355 1280 3425 nihil
1315 3357 1399 3426 de
1428 3357 1758 3428 continuo
1790 3358 2060 3448 jeJunio
2101 3360 2486 3429 remittebat
2518 3382 2559 3429 a
2591 3359 2794 3435 feriis
2836 3362 3163 3433 exaltatae

603 3449 671 3514 S.
725 3444 962 3513 Crucis
1014 3465 1236 3532 usque
1282 3445 1368 3514 ad
1424 3446 1709 3516 Pascha.
1776 3452 2037 3518 Aestate
2094 3469 2370 3537 quoque
2415 3450 2655 3521 omnia
2719 3452 2815 3523 ab
2869 3447 3165 3522 Ecclesia

606 3531 870 3602 indicta
909 3531 1178 3622 jejunia
1224 3536 1554 3616 servavit,
1609 3557 2019 3626 semperque
2058 3538 2265 3609 sextis
2312 3537 2503 3609 feriis
2538 3539 2880 3640 jejunare
2931 3536 3162 3611 voluit.

603 3621 950 3708 Quicquid
1011 3635 1191 3692 esset
1237 3624 1631 3725 appositum
1669 3679 1684 3706 ,
1750 3625 2088 3716 patienter
2138 3627 2382 3697 edebat
2412 3682 2427 3708 ‚
2483 3629 2618 3697 nisi
2684 3632 2881 3718 quod
2931 3644 3170 3701 carnes

604 3710 828 3780 noluit
857 3710 1082 3793 edere,
1129 3732 1251 3781 nec
1283 3713 1475 3783 mbos
1513 3713 1696 3784 ullos
1726 3716 2056 3786 carnibus
2105 3716 2447 3786 admixtos
2495 3715 2597 3785 vel
2633 3719 3008 3811 sanguini,
3048 3712 3168 3786 ubi

601 3799 671 3902 id
703 3799 882 3958 ⁸3³¹·ss
906 3800 1159 3901 potuit.
1195 3801 1265 3870 Si
1301 3824 1545 3892 parum
1583 3817 1651 3874 et
1684 3804 1982 3874 tenuiter
2011 3818 2190 3874 esset
2220 3803 2643 3895 appositum,
2680 3808 3175 3899 gratulabatur

603 3911 676 3959 ιιι
781 3910 1040 3959 omino.
3039 3956 3046 3963 .

689 3979 728 4065 ξ
765 3982 854 4051 ὅ.
908 3978 1002 4048 Ad
1034 3977 1324 4048 fratrum
1361 3980 1776 4050 monasteria
1803 3980 2107 4063 venienS‚
2147 3981 2288 4050 illis
2317 3983 2557 4053 accitis
2582 3986 3172 4063 concionabatur,

602 4086 1001 4222 proponens
1028 4067 1311 4137 verbum
1341 4069 1456 4138 Dei
1489 4091 1650 4138 cum
1691 4069 1910 4139 multa
1942 4070 2436 4141 consolatione.
2474 4073 2543 4142 Si
2577 4071 2730 4143 illic
2765 4097 2973 4146 mora
3002 4083 3179 4146 esset

631 4154 941 4237 acienda,
981 4157 1053 4227 in
1093 4157 1250 4226 cibo
1287 4168 1353 4227 et
1385 4178 1622 4227 mensa
1657 4155 1986 4229 fratribus
2026 4180 2098 4228 se
2135 4158 2647 4243 conformabat,
2708 4165 3180 4250 servabatque

604 4247 952 4314 Canonem
987 4246 1446 4316 monasticum
1485 4247 1623 4316 inte
1678 4268 1748 4316 re
1773 4260 1839 4317 et
1866 4246 2382 4337 perfectissime,
2423 4248 2606 4320 idem
2638 4272 2681 4320 a
2722 4251 3074 4324 fratribus
3103 4261 3178 4321 ut

603 4330 820 4415 fieret,
854 4346 1173 4405 accurate
1200 4334 1550 4407 insistens.
1581 4339 1629 4406 Α
1665 4335 1967 4425 iquando
1989 4342 2277 4417 Romam
2309 4338 2791 4428 proficiscens,
2825 4342 2900 4413 in
2933 4342 3182 4414 itinere

601 4420 675 4491 in
718 4440 995 4513 gravem
1042 4422 1291 4495 incidit
1337 4424 1686 4508 morbum,
1741 4446 1866 4497 nec
1914 4437 2143 4497 tamen
2175 4447 2256 4499 ea
2283 4431 2500 4499 causa
2551 4426 2782 4501 voluit
2820 4432 3181 4522 jejunium
