3308 5004
188 359 328 427 Anti.
367 359 400 424 t
1113 377 1193 424 nn
1241 377 1299 425 s,
1350 373 1653 427 nommco
2439 364 2556 431 ⁴3⁴

184 454 593 529 Praedicatorii
635 454 913 526 Ordinis
942 457 1343 528 Dominicus
1393 457 1714 541 instituit,
1749 458 2037 549 ejusque
2077 460 2656 536 sanctimoniales

178 567 391 618 summo
416 543 645 614 studio
676 544 745 613 in
772 543 1144 635 disciplina
1180 548 1559 617 monastica
1594 568 2034 630 conservam,
2086 549 2409 632 erudivit,
2448 573 2658 644 saepe

172 657 266 724 pro
306 633 558 704 illarum
619 633 1088 705 consolatione
1150 635 1518 706 conciones
1564 648 1630 705 et
1676 634 2076 707 collationes
2134 637 2465 711 fratribus
2526 663 2656 710 au-

170 722 459 793 dientibus
490 720 759 804 habuit,
797 722 883 791 de
923 722 1200 793 Ordinis
1233 723 1606 815 disciplina
1643 738 1921 814 paterne
1953 725 2213 809 docuit,
2249 729 2510 830 quippe
2537 729 2653 799 cui

168 813 245 881 sin
308 811 483 881 ilaris
530 810 790 902 gratiae
839 811 1061 882 virtus
1106 812 1364 883 affatim
1419 812 1636 883 multa
1685 826 2100 905 suppeteret.
2140 819 2378 886 Coram
2417 817 2558 888 lllis
2587 830 2653 888 et

170 900 359 970 inilis
393 922 514 992 per
550 922 711 972 eum
762 901 977 972 virtus
1013 900 1339 971 Altissimi
1393 900 1733 972 miracula
1782 902 1999 972 multa
2046 903 2394 975 evidenter
2425 906 2653 977 decla-

172 990 313 1060 ravit.
359 989 904 1061 concionabatur
940 990 1356 1077 quandoque
1401 991 1504 1060 vir
1560 992 1806 1062 beatus
1851 991 2038 1081 apud
2089 996 2154 1062 S.
2215 994 2479 1064 Sixtum
2524 1000 2653 1066 Do-

171 1080 365 1149 minica
425 1079 731 1150 secunda
777 1078 1404 1170 Quadragesimae,
1457 1080 1695 1149 aderat
1755 1079 1959 1149 etiam
2030 1082 2268 1171 populi
2329 1081 2652 1169 frequens

166 1168 562 1238 auditorium:
618 1182 682 1238 et
712 1189 868 1237 ecce
903 1167 1347 1237 daemoniaca
1386 1168 1755 1255 quaedam,
1811 1169 1961 1259 ejus
2002 1170 2403 1240 concionem
2444 1172 2652 1241 inter-

166 1258 413 1338 turbans,
456 1256 699 1325 crebro
733 1255 1132 1326 dictitabat:
1173 1257 1487 1339 Sceleste,
1527 1258 1834 1340 sceleste,
1881 1259 2016 1329 tuis
2051 1258 2456 1349 imposturis
2481 1282 2654 1348 qua-

163 1355 289 1427 tuor,
335 1367 511 1433 quae
558 1366 751 1414 meae
796 1357 1015 1426 erant,
1072 1344 1243 1415 mihi
1294 1346 1666 1417 abstulisti.
1705 1352 1911 1427 Meae,
1967 1348 2278 1434 inquam,
2319 1361 2540 1430 erant,
2586 1361 2652 1420 et

161 1446 209 1502 tu
231 1456 328 1503 eas
360 1434 529 1503 mihi
577 1433 920 1524 eripuisti.
974 1435 1234 1524 Populo
1285 1457 1440 1505 vero
1485 1436 1627 1505 indi
1687 1457 1768 1504 ne
1815 1435 2071 1506 ferente
2104 1458 2254 1505 eam
2296 1438 2653 1508 concionis

158 1521 721 1613 interpellationem
751 1575 771 1603 ,
834 1545 1037 1613 saepe
1082 1523 1144 1594 ei
1193 1523 1433 1594 beatus
1482 1525 1585 1594 vir
1685 1525 1850 1593 ixit:
1896 1526 2304 1595 Obmutesce
2338 1582 2354 1609 ,
2401 1526 2651 1597 obmu-

153 1623 308 1681 tesce.
342 1610 721 1702 Respondit
751 1610 1041 1681 daemon
1082 1635 1200 1703 per
1238 1635 1314 1683 os
1344 1613 1684 1684 foeminae
1712 1612 2079 1684 obsessae:
2130 1620 2274 1686 Non
2321 1637 2445 1684 nos
2485 1616 2650 1686 hinc

151 1699 380 1786 ejicies:
435 1715 672 1771 nostra
717 1713 818 1771 est
866 1700 1058 1782 haec,
1115 1723 1238 1771 nec
1273 1702 1433 1771 inde
1462 1702 2012 1794 emigrabimus:
2068 1715 2326 1793 septem
2371 1726 2646 1785 sumus,

148 1800 193 1856 et
229 1789 340 1858 hoc
370 1801 573 1890 pacto
606 1789 674 1858 in
719 1811 870 1858 eam
914 1790 1208 1879 ingressi
1259 1813 1551 1861 sumus:
1605 1804 2118 1881 coeperuntque
2153 1792 2439 1883 singuli,
2478 1815 2654 1880 quo-

149 1878 307 1947 modo
365 1901 433 1947 in
504 1900 655 1947 eam
719 1878 1114 1959 intrassent,
1170 1878 1463 1951 diversis
1512 1881 1795 1950 vocibus
1843 1881 2240 1951 enunciare.
2298 1887 2652 1952 Crescente

143 1977 323 2036 autern
357 1966 600 2057 populi
635 1968 1094 2037 commotione
1122 1981 1187 2038 et
1215 1968 1542 2051 tumultu,
1590 1970 1694 2037 vir
1731 1969 1844 2038 Dei
1878 1969 2152 2039 sublata
2186 1993 2399 2041 manu
2433 1971 2650 2040 edidit

144 2056 334 2124 Crucis
379 2057 661 2146 signum
688 2108 709 2136 ,
774 2069 839 2125 et
871 2056 1006 2125 ait:
1048 2061 1124 2125 In
1180 2058 1458 2126 nomine
1507 2063 1675 2128 Jesu
1711 2058 1957 2128 Christi
2014 2060 2358 2149 praecipio
2401 2060 2594 2130 vobis
2629 2116 2645 2143 ,

139 2154 195 2209 ut
216 2145 474 2224 exeatiS,
532 2156 598 2213 et
628 2165 778 2213 eam
829 2143 1157 2234 deinceps
1191 2145 1476 2215 minime
1508 2146 1784 2216 vexetis.
1827 2148 2163 2216 Continuo
2198 2148 2450 2218 mulier
2490 2149 2651 2219 hor-

138 2231 281 2300 ribili
327 2233 641 2324 corporis
687 2231 1107 2303 distensione
1142 2247 1526 2324 compacta,
1589 2257 1911 2325 magnam
1955 2236 2337 2307 carbonum
2396 2238 2647 2307 molem

135 2323 411 2402 evomuit,
461 2334 650 2391 tanta
698 2322 1062 2412 sanguinis
1111 2323 1311 2412 copia
1362 2337 1714 2411 sequente,
1777 2336 1852 2393 ut
1900 2326 2103 2412 quasi
2145 2338 2415 2395 mortua
2464 2326 2651 2395 vide-

138 2422 303 2478 retur.
336 2410 568 2481 Jussit
617 2422 844 2479 autem
899 2411 1000 2481 vir
1033 2426 1315 2483 sanctus
1360 2435 1510 2482 eam
1563 2435 1643 2482 ex
1692 2412 1985 2482 ecclesia
2032 2413 2258 2495 educi,
2305 2427 2371 2484 et
2405 2437 2649 2484 curam

133 2497 246 2583 ejus
284 2499 522 2570 haberi
571 2499 790 2569 donec
826 2499 1098 2590 plenius
1132 2515 1519 2572 sanaretur.
1575 2501 1866 2572 Reddita
1917 2504 2221 2585 sanitati,
2262 2504 2529 2574 Christo
2578 2527 2649 2574 se

135 2584 362 2669 dicavit,
415 2610 712 2675 eamque
763 2590 1001 2659 beatus
1054 2592 1450 2661 Dominicus
1497 2591 1639 2660 dici
1691 2590 1904 2661 voluit
1952 2613 2255 2661 sororem
2307 2597 2640 2664 Amatam.

134 2674 266 2744 Vixit
306 2700 381 2746 ea
423 2678 554 2747 diu
598 2693 829 2767 postea
869 2701 1037 2748 sana
1075 2693 1139 2749 et
1173 2680 1545 2751 incolumis
1595 2681 1666 2749 in
1716 2680 2047 2770 operibus
2085 2681 2306 2750 bonis.
2363 2685 2646 2751 Factum

131 2776 204 2831 est
242 2766 359 2835 hoc
412 2767 689 2856 insigne
758 2766 1173 2836 miraculum
1225 2768 1337 2839 die
1384 2781 1621 2838 octava
1684 2768 1772 2838 ab
1832 2769 2152 2860 ingressu
2200 2786 2518 2839 sororum
2574 2770 2647 2838 in

128 2852 443 2950 ecclesiam
501 2860 569 2924 S.
618 2856 831 2925 Sixti:
885 2878 1061 2943 quae
1103 2879 1267 2927 sane
1322 2869 1397 2927 ut
1453 2857 1777 2928 viderunt
1823 2880 1981 2928 eum
2027 2859 2094 2927 in
2150 2858 2431 2949 publica
2478 2881 2646 2929 con-

130 2960 283 3097 {laone
330 2957 520 3102 ιῖἓῑθ
572 2946 977 3015 auctoritate
1007 2946 1471 3017 daemonibus
1522 2947 2004 3037 imperantem,
2044 2959 2398 3038 stupentes
2449 2947 2648 3017 time-

197 3044 256 3101 nt
290 3056 367 3103 va
450 3056 516 3103 e.

189 3122 218 3206 ἓ
258 3127 401 3194 m.
457 3121 610 3192 Alio
660 3135 962 3213 tempore
1015 3123 1375 3213 piissimus
1429 3124 1531 3192 vir
1569 3123 1654 3192 de
1693 3122 2000 3194 filiarum
2045 3124 2264 3194 salute
2305 3124 2640 3208 solicituS,

128 3211 363 3280 accessit
410 3212 502 3281 ad
557 3210 785 3281 locum
820 3266 835 3292 ,
890 3224 954 3280 et
999 3234 1037 3281 e
1102 3233 1338 3282 sorore
1390 3213 1790 3281 Constantia
1839 3213 2195 3283 Rotularia
2251 3213 2407 3314 (sic
2456 3214 2646 3284 enim

130 3312 321 3368 tfocam
365 3322 552 3382 eam,
607 3322 784 3386 quae
836 3300 1057 3370 reddit
1106 3323 1444 3390 responsa
1478 3301 2047 3390 adventantibus)
2079 3303 2471 3372 sciscttatus
2512 3315 2639 3383 est,
2737 3320 2744 3327 ·

132 3401 252 3455 num
298 3401 476 3458 recte
532 3389 835 3458 valerent
883 3411 1149 3461 sorores
1205 3390 1560 3460 Theodora
1597 3402 1664 3459 et
1694 3389 2127 3459 Thedramia.
2165 3391 2648 3481 Respondente

133 3475 473 3547 Constantia
507 3476 822 3548 febribus
857 3477 1010 3547 illas
1049 3480 1298 3561 vexari,
1348 3494 1410 3549 et
1444 3479 1869 3550 Theodoram
1912 3479 2059 3568 jam
2093 3501 2173 3548 ex
2225 3501 2641 3580 paroxysmo

136 3557 521 3658 decumbere,
578 3566 682 3635 vir
714 3565 1106 3638 misericors
1154 3569 1249 3637 ait
1296 3568 1379 3637 ad
1433 3590 1635 3638 eam:
1691 3569 1812 3639 Abi
1845 3624 1859 3649 ,
1915 3582 1982 3637 et
2028 3567 2139 3637 dic
2187 3590 2288 3637 ets
2338 3591 2448 3638 me
2486 3569 2645 3660 jus-

137 3668 275 3731 suse,
316 3676 401 3724 ne
449 3655 788 3745 deinceps
836 3655 1245 3726 febricitant.
1303 3656 1482 3727 Fecit
1530 3658 1650 3727 illa
1681 3713 1696 3739 ‚
1752 3670 1828 3727 ut
1880 3657 2083 3745 jussa
2130 3671 2319 3738 erat,
2373 3669 2437 3727 et
2491 3679 2645 3727 mox

140 3742 269 3835 omni
304 3745 554 3814 morbo
602 3743 957 3834 expeditae
999 3766 1289 3826 sorores,
1343 3745 1734 3815 incolumes
1763 3748 2063 3825 extitere,
2099 3745 2255 3816 aliis
2291 3745 2644 3816 sororibus

141 3827 468 3923 videntibus
505 3888 523 3916 ‚
593 3845 657 3902 et
711 3832 797 3902 ad
864 3846 1131 3903 tantum
1204 3834 1628 3903 miraculum
1684 3835 2147 3925 stupentibus.
2203 3840 2495 3904 Reversa
2553 3835 2641 3904 ad

146 3930 300 3991 vtrum
352 3923 472 3992 Dei
516 3923 914 3992 Constantia
951 3922 1388 4013 (expectabat
1413 3923 1596 3993 enirn
1625 3924 1832 4013 eam),
1868 3924 2196 3994 indicavit
2225 3946 2365 3993 rem
2401 3935 2635 3993 totam.

147 4000 236 4085 llle,
265 4012 525 4100 gratias
564 4032 779 4101 agens
816 4015 968 4093 De0,
1015 4013 1373 4083 abscessit.

253 4103 373 4171 12.
430 4105 606 4171 Cum
660 4099 761 4169 sic
812 4106 1071 4171 Romae
1127 4102 1654 4171 concionaretur
1711 4101 1816 4170 vir
1880 4113 2208 4179 sanctus,
2283 4113 2638 4186 tamquam

270 4208 335 4258 es
382 4189 455 4257 in
513 4189 651 4258 vite
703 4210 1017 4269 manenS,
1074 4191 1325 4259 uberes
1372 4190 1767 4259 animarum
1805 4190 2076 4260 fructus
2124 4188 2375 4269 attulit,
2430 4190 2524 4258 ita
2563 4201 2640 4259 ut

155 4261 239 4335 dm
255 4277 621 4360 praeclara,
658 4276 951 4347 alterum
990 4283 1304 4348 Fratrum
1337 4279 1919 4359 Praedicatorum,
1954 4278 2246 4348 alterum
2281 4282 2634 4359 Sororum,

157 4367 518 4457 Flssttasteria,
581 4366 789 4458 plena
839 4366 1385 4457 religiosissimis
1415 4381 1481 4439 et
1530 4373 1661 4438 Deo
1695 4366 2157 4438 devotissimis
2209 4367 2635 4448 hominibuS,

157 4458 385 4524 ¹nsututa
416 4456 588 4528 sint.
644 4460 940 4526 Sanctus
973 4457 1158 4526 enim
1191 4468 1359 4539 erat,
1404 4470 1469 4528 et
1516 4458 1637 4546 qui
1680 4480 1839 4529 curn
1890 4480 1970 4528 eo
2026 4456 2635 4538 conversabantur,
