<?xml version="1.0" encoding="UTF-8"?>
<!DOCTYPE html PUBLIC "-//W3C//DTD XHTML 1.0 Transitional//EN"
    "http://www.w3.org/TR/xhtml1/DTD/xhtml1-transitional.dtd">
<html xmlns="http://www.w3.org/1999/xhtml" xml:lang="en" lang="en">
 <head>
  <title>
</title>
<meta http-equiv="Content-Type" content="text/html;charset=utf-8" />
  <meta name='ocr-system' content='tesseract 3.04.00' />
  <meta name='ocr-capabilities' content='ocr_page ocr_carea ocr_par ocr_line ocrx_word'/>
</head>
<body>
  <div class='ocr_page' id='page_1' title='image "./historiaeseuvit01lippgoog_0030.png"; bbox 0 0 3308 5004; ppageno 0'>
   <div class='ocr_carea' id='block_1_1' title="bbox 637 322 3092 391">
    <p class='ocr_par' dir='ltr' id='par_1_1' title="bbox 637 322 3092 391">
     <span class='ocr_line' id='line_1_1' title="bbox 637 322 3092 391; baseline 0.001 -2"><span class='ocrx_word' id='word_1_1' title='bbox 637 324 727 389; x_wconf 72' lang='lat'>26</span> <span class='ocrx_word' id='word_1_2' title='bbox 1155 340 1238 389; x_wconf 72' lang='lat' dir='ltr'>nn</span> <span class='ocrx_word' id='word_1_3' title='bbox 1283 340 1379 388; x_wconf 90' lang='lat' dir='ltr'>ss.</span> <span class='ocrx_word' id='word_1_4' title='bbox 1431 338 1630 388; x_wconf 72' lang='lat' dir='ltr'>rano</span> <span class='ocrx_word' id='word_1_5' title='bbox 1679 338 1900 388; x_wconf 66' lang='lat' dir='ltr'>arost-</span> <span class='ocrx_word' id='word_1_6' title='bbox 1951 340 2028 388; x_wconf 78' lang='grc' dir='ltr'>ιτ</span> <span class='ocrx_word' id='word_1_7' title='bbox 2073 338 2301 389; x_wconf 75' lang='lat' dir='ltr'>raorn.</span> <span class='ocrx_word' id='word_1_8' title='bbox 2355 340 2503 388; x_wconf 76' lang='grc' dir='ltr'>ιω</span> <span class='ocrx_word' id='word_1_9' title='bbox 2821 322 3011 391; x_wconf 75' lang='lat' dir='ltr'>mc.</span> <span class='ocrx_word' id='word_1_10' title='bbox 3062 324 3092 391; x_wconf 76' lang='grc' dir='ltr'>Ι</span> 
     </span>
    </p>
   </div>
   <div class='ocr_carea' id='block_1_2' title="bbox 536 420 3116 3624">
    <p class='ocr_par' dir='ltr' id='par_1_2' title="bbox 546 420 3110 1494">
     <span class='ocr_line' id='line_1_2' title="bbox 547 420 3107 515; baseline -0 -20"><span class='ocrx_word' id='word_1_11' title='bbox 547 422 1004 496; x_wconf 84' lang='lat' dir='ltr'>commissum</span> <span class='ocrx_word' id='word_1_12' title='bbox 1038 434 1143 494; x_wconf 87' lang='lat' dir='ltr'>est</span> <span class='ocrx_word' id='word_1_13' title='bbox 1169 422 1404 515; x_wconf 90' lang='lat' dir='ltr'>(liberi</span> <span class='ocrx_word' id='word_1_14' title='bbox 1435 422 1623 493; x_wconf 86' lang='lat' dir='ltr'>enim</span> <span class='ocrx_word' id='word_1_15' title='bbox 1659 422 1763 499; x_wconf 87' lang='lat' dir='ltr'>illi</span> <span class='ocrx_word' id='word_1_16' title='bbox 1800 436 2035 494; x_wconf 86' lang='lat' dir='ltr'>sunta</span> <span class='ocrx_word' id='word_1_17' title='bbox 2067 420 2400 513; x_wconf 90' lang='lat' dir='ltr'>peccandi</span> <span class='ocrx_word' id='word_1_18' title='bbox 2435 421 2779 513; x_wconf 84' lang='lat' dir='ltr'>libidine),</span> <span class='ocrx_word' id='word_1_19' title='bbox 2811 445 2895 494; x_wconf 91' lang='lat' dir='ltr'>ne</span> <span class='ocrx_word' id='word_1_20' title='bbox 2921 423 3107 496; x_wconf 83' lang='lat' dir='ltr'>vide-</span> 
     </span>
     <span class='ocr_line' id='line_1_3' title="bbox 549 509 3105 603; baseline 0.001 -20"><span class='ocrx_word' id='word_1_21' title='bbox 549 512 709 583; x_wconf 88' lang='lat' dir='ltr'>licet</span> <span class='ocrx_word' id='word_1_22' title='bbox 737 534 880 596; x_wconf 86' lang='lat' dir='ltr'>eos,</span> <span class='ocrx_word' id='word_1_23' title='bbox 921 512 1047 601; x_wconf 89' lang='lat' dir='ltr'>qui</span> <span class='ocrx_word' id='word_1_24' title='bbox 1090 534 1174 582; x_wconf 81' lang='lat' dir='ltr'>ex</span> <span class='ocrx_word' id='word_1_25' title='bbox 1220 510 1479 603; x_wconf 90' lang='lat' dir='ltr'>populo</span> <span class='ocrx_word' id='word_1_26' title='bbox 1530 525 1914 603; x_wconf 78' lang='lat' dir='ltr'>peccarent,</span> <span class='ocrx_word' id='word_1_27' title='bbox 1966 509 2369 603; x_wconf 82' lang='lat' dir='ltr'>fulguribus</span> <span class='ocrx_word' id='word_1_28' title='bbox 2413 511 2931 603; x_wconf 85' lang='lat' dir='ltr'>transfigerent:</span> <span class='ocrx_word' id='word_1_29' title='bbox 2984 511 3105 585; x_wconf 86' lang='lat' dir='ltr'>sed</span> 
     </span>
     <span class='ocr_line' id='line_1_4' title="bbox 551 599 3108 691; baseline 0.001 -19"><span class='ocrx_word' id='word_1_30' title='bbox 551 602 823 673; x_wconf 86' lang='lat' dir='ltr'>homini</span> <span class='ocrx_word' id='word_1_31' title='bbox 867 624 911 672; x_wconf 85' lang='lat' dir='ltr'>a</span> <span class='ocrx_word' id='word_1_32' title='bbox 960 606 1093 672; x_wconf 88' lang='lat' dir='ltr'>Deo</span> <span class='ocrx_word' id='word_1_33' title='bbox 1137 599 1471 672; x_wconf 78' lang='lat' dir='ltr'>cathedra¹</span> <span class='ocrx_word' id='word_1_34' title='bbox 1500 600 1673 671; x_wconf 84' lang='lat' dir='ltr'>haec</span> <span class='ocrx_word' id='word_1_35' title='bbox 1697 600 2074 672; x_wconf 88' lang='lat' dir='ltr'>commissa</span> <span class='ocrx_word' id='word_1_36' title='bbox 2099 613 2227 683; x_wconf 87' lang='lat' dir='ltr'>est,</span> <span class='ocrx_word' id='word_1_37' title='bbox 2268 600 2388 688; x_wconf 93' lang='lat' dir='ltr'>qui</span> <span class='ocrx_word' id='word_1_38' title='bbox 2421 612 2492 670; x_wconf 90' lang='lat' dir='ltr'>et</span> <span class='ocrx_word' id='word_1_39' title='bbox 2518 600 2667 691; x_wconf 89' lang='lat' dir='ltr'>ipse</span> <span class='ocrx_word' id='word_1_40' title='bbox 2704 601 2996 673; x_wconf 82' lang='lat' dir='ltr'>libidine</span> <span class='ocrx_word' id='word_1_41' title='bbox 3038 613 3108 674; x_wconf 86' lang='lat' dir='ltr'>et</span> 
     </span>
     <span class='ocr_line' id='line_1_5' title="bbox 551 689 3104 782; baseline 0 -21"><span class='ocrx_word' id='word_1_42' title='bbox 551 691 851 782; x_wconf 85' lang='lat' dir='ltr'>peccatis</span> <span class='ocrx_word' id='word_1_43' title='bbox 880 689 1249 781; x_wconf 86' lang='lat' dir='ltr'>colligatus</span> <span class='ocrx_word' id='word_1_44' title='bbox 1285 702 1413 772; x_wconf 89' lang='lat' dir='ltr'>est,</span> <span class='ocrx_word' id='word_1_45' title='bbox 1465 701 1544 761; x_wconf 89' lang='lat' dir='ltr'>ut</span> <span class='ocrx_word' id='word_1_46' title='bbox 1588 690 1650 760; x_wconf 91' lang='lat' dir='ltr'>si</span> <span class='ocrx_word' id='word_1_47' title='bbox 1695 711 1902 777; x_wconf 89' lang='lat' dir='ltr'>quem</span> <span class='ocrx_word' id='word_1_48' title='bbox 1954 701 2352 780; x_wconf 74' lang='lat' dir='ltr'>peccantem</span> <span class='ocrx_word' id='word_1_49' title='bbox 2402 689 2763 773; x_wconf 82' lang='lat' dir='ltr'>invenerit,</span> <span class='ocrx_word' id='word_1_50' title='bbox 2815 712 3104 763; x_wconf 87' lang='lat' dir='ltr'>suorum</span> 
     </span>
     <span class='ocr_line' id='line_1_6' title="bbox 550 777 3105 870; baseline 0 -20"><span class='ocrx_word' id='word_1_51' title='bbox 550 791 994 870; x_wconf 89' lang='lat' dir='ltr'>peccatorum</span> <span class='ocrx_word' id='word_1_52' title='bbox 1042 779 1392 861; x_wconf 89' lang='lat' dir='ltr'>conscius,</span> <span class='ocrx_word' id='word_1_53' title='bbox 1426 780 1500 850; x_wconf 93' lang='lat' dir='ltr'>in</span> <span class='ocrx_word' id='word_1_54' title='bbox 1547 800 1708 849; x_wconf 91' lang='lat' dir='ltr'>eum</span> <span class='ocrx_word' id='word_1_55' title='bbox 1742 779 1860 866; x_wconf 90' lang='lat' dir='ltr'>qui</span> <span class='ocrx_word' id='word_1_56' title='bbox 1900 793 2135 870; x_wconf 85' lang='lat' dir='ltr'>peccat</span> <span class='ocrx_word' id='word_1_57' title='bbox 2162 778 2508 870; x_wconf 87' lang='lat' dir='ltr'>benignus</span> <span class='ocrx_word' id='word_1_58' title='bbox 2538 777 2900 851; x_wconf 87' lang='lat' dir='ltr'>efficiatur.</span> <span class='ocrx_word' id='word_1_59' title='bbox 2933 785 3105 851; x_wconf 84' lang='lat' dir='ltr'>Nam</span> 
     </span>
     <span class='ocr_line' id='line_1_7' title="bbox 547 866 3101 970; baseline 0 -32"><span class='ocrx_word' id='word_1_60' title='bbox 547 868 612 938; x_wconf 90' lang='lat' dir='ltr'>si</span> <span class='ocrx_word' id='word_1_61' title='bbox 656 868 960 970; x_wconf 76' lang='lat' dir='ltr'>Angelus</span> <span class='ocrx_word' id='word_1_62' title='bbox 1008 867 1334 940; x_wconf 77' lang='lat' dir='ltr'>sacerdos</span> <span class='ocrx_word' id='word_1_63' title='bbox 1364 868 1630 949; x_wconf 87' lang='lat' dir='ltr'>fuisset,</span> <span class='ocrx_word' id='word_1_64' title='bbox 1665 881 1733 938; x_wconf 91' lang='lat' dir='ltr'>et</span> <span class='ocrx_word' id='word_1_65' title='bbox 1765 867 2067 956; x_wconf 87' lang='lat' dir='ltr'>aliquem</span> <span class='ocrx_word' id='word_1_66' title='bbox 2103 866 2526 938; x_wconf 77' lang='lat' dir='ltr'>adulterium</span> <span class='ocrx_word' id='word_1_67' title='bbox 2558 868 3101 940; x_wconf 83' lang='lat' dir='ltr'>committentem</span> 
     </span>
     <span class='ocr_line' id='line_1_8' title="bbox 546 955 3108 1047; baseline 0 -21"><span class='ocrx_word' id='word_1_68' title='bbox 546 957 947 1037; x_wconf 83' lang='lat' dir='ltr'>invenlsset‚</span> <span class='ocrx_word' id='word_1_69' title='bbox 987 957 1220 1029; x_wconf 90' lang='lat' dir='ltr'>statim</span> <span class='ocrx_word' id='word_1_70' title='bbox 1269 979 1428 1028; x_wconf 91' lang='lat' dir='ltr'>eum</span> <span class='ocrx_word' id='word_1_71' title='bbox 1464 956 1551 1028; x_wconf 91' lang='lat' dir='ltr'>de</span> <span class='ocrx_word' id='word_1_72' title='bbox 1600 956 1828 1026; x_wconf 89' lang='lat' dir='ltr'>medio</span> <span class='ocrx_word' id='word_1_73' title='bbox 1874 955 2295 1038; x_wconf 86' lang='lat' dir='ltr'>sustulisset,</span> <span class='ocrx_word' id='word_1_74' title='bbox 2331 979 2493 1026; x_wconf 88' lang='lat' dir='ltr'>cum</span> <span class='ocrx_word' id='word_1_75' title='bbox 2546 957 2696 1047; x_wconf 90' lang='lat' dir='ltr'>ipse</span> <span class='ocrx_word' id='word_1_76' title='bbox 2744 956 2911 1028; x_wconf 88' lang='lat' dir='ltr'>huic</span> <span class='ocrx_word' id='word_1_77' title='bbox 2945 957 3108 1028; x_wconf 88' lang='lat' dir='ltr'>libi-</span> 
     </span>
     <span class='ocr_line' id='line_1_9' title="bbox 549 1045 3110 1138; baseline 0 -22"><span class='ocrx_word' id='word_1_78' title='bbox 549 1045 702 1116; x_wconf 90' lang='lat' dir='ltr'>dini</span> <span class='ocrx_word' id='word_1_79' title='bbox 734 1046 1089 1138; x_wconf 89' lang='lat' dir='ltr'>subjectus</span> <span class='ocrx_word' id='word_1_80' title='bbox 1119 1068 1257 1117; x_wconf 90' lang='lat' dir='ltr'>non</span> <span class='ocrx_word' id='word_1_81' title='bbox 1285 1046 1394 1117; x_wconf 91' lang='lat' dir='ltr'>sit.</span> <span class='ocrx_word' id='word_1_82' title='bbox 1430 1046 1500 1117; x_wconf 92' lang='lat' dir='ltr'>Si</span> <span class='ocrx_word' id='word_1_83' title='bbox 1531 1045 1834 1136; x_wconf 75' lang='lat' dir='ltr'>Angelus</span> <span class='ocrx_word' id='word_1_84' title='bbox 1869 1058 2269 1136; x_wconf 89' lang='lat' dir='ltr'>potestatem</span> <span class='ocrx_word' id='word_1_85' title='bbox 2301 1046 2705 1137; x_wconf 85' lang='lat' dir='ltr'>accepisset,</span> <span class='ocrx_word' id='word_1_86' title='bbox 2747 1059 3110 1137; x_wconf 77' lang='lat' dir='ltr'>peccantes</span> 
     </span>
     <span class='ocr_line' id='line_1_10' title="bbox 549 1133 3110 1226; baseline 0 -21"><span class='ocrx_word' id='word_1_87' title='bbox 549 1135 872 1207; x_wconf 89' lang='lat' dir='ltr'>homines</span> <span class='ocrx_word' id='word_1_88' title='bbox 900 1158 1037 1206; x_wconf 90' lang='lat' dir='ltr'>non</span> <span class='ocrx_word' id='word_1_89' title='bbox 1071 1135 1394 1206; x_wconf 89' lang='lat' dir='ltr'>doceret:</span> <span class='ocrx_word' id='word_1_90' title='bbox 1424 1134 1544 1205; x_wconf 90' lang='lat' dir='ltr'>sed</span> <span class='ocrx_word' id='word_1_91' title='bbox 1578 1135 1647 1204; x_wconf 91' lang='lat' dir='ltr'>in</span> <span class='ocrx_word' id='word_1_92' title='bbox 1693 1134 1864 1203; x_wconf 89' lang='lat' dir='ltr'>iram</span> <span class='ocrx_word' id='word_1_93' title='bbox 1917 1133 2338 1205; x_wconf 85' lang='lat' dir='ltr'>mortiferam</span> <span class='ocrx_word' id='word_1_94' title='bbox 2380 1136 2792 1217; x_wconf 86' lang='lat' dir='ltr'>concitatus,</span> <span class='ocrx_word' id='word_1_95' title='bbox 2827 1147 3110 1226; x_wconf 79' lang='lat' dir='ltr'>repente</span> 
     </span>
     <span class='ocr_line' id='line_1_11' title="bbox 548 1223 3108 1317; baseline 0.001 -23"><span class='ocrx_word' id='word_1_96' title='bbox 548 1224 708 1295; x_wconf 89' lang='lat' dir='ltr'>illos</span> <span class='ocrx_word' id='word_1_97' title='bbox 755 1224 1093 1317; x_wconf 84' lang='lat' dir='ltr'>perderet.</span> <span class='ocrx_word' id='word_1_98' title='bbox 1138 1228 1377 1311; x_wconf 84' lang='lat' dir='ltr'>Itaque</span> <span class='ocrx_word' id='word_1_99' title='bbox 1421 1223 1512 1294; x_wconf 92' lang='lat' dir='ltr'>ob</span> <span class='ocrx_word' id='word_1_100' title='bbox 1559 1223 1627 1294; x_wconf 91' lang='lat' dir='ltr'>id</span> <span class='ocrx_word' id='word_1_101' title='bbox 1680 1223 1949 1293; x_wconf 91' lang='lat' dir='ltr'>homini</span> <span class='ocrx_word' id='word_1_102' title='bbox 1986 1224 2362 1295; x_wconf 89' lang='lat' dir='ltr'>commissa</span> <span class='ocrx_word' id='word_1_103' title='bbox 2401 1238 2503 1295; x_wconf 90' lang='lat' dir='ltr'>est</span> <span class='ocrx_word' id='word_1_104' title='bbox 2536 1224 2864 1308; x_wconf 86' lang='lat' dir='ltr'>Ecclesia,</span> <span class='ocrx_word' id='word_1_105' title='bbox 2916 1223 3108 1313; x_wconf 89' lang='lat' dir='ltr'>quod</span> 
     </span>
     <span class='ocr_line' id='line_1_12' title="bbox 548 1312 3107 1404; baseline 0 -19"><span class='ocrx_word' id='word_1_106' title='bbox 548 1314 821 1385; x_wconf 89' lang='lat' dir='ltr'>sciatse</span> <span class='ocrx_word' id='word_1_107' title='bbox 867 1312 1296 1401; x_wconf 83' lang='lat' dir='ltr'>delinquere,</span> <span class='ocrx_word' id='word_1_108' title='bbox 1331 1324 1400 1383; x_wconf 83' lang='lat' dir='ltr'>et</span> <span class='ocrx_word' id='word_1_109' title='bbox 1447 1326 1726 1403; x_wconf 90' lang='lat' dir='ltr'>peccata</span> <span class='ocrx_word' id='word_1_110' title='bbox 1773 1325 2120 1403; x_wconf 79' lang='lat' dir='ltr'>expertuS,</span> <span class='ocrx_word' id='word_1_111' title='bbox 2159 1313 2247 1383; x_wconf 92' lang='lat' dir='ltr'>iis</span> <span class='ocrx_word' id='word_1_112' title='bbox 2292 1314 2415 1400; x_wconf 92' lang='lat' dir='ltr'>qui</span> <span class='ocrx_word' id='word_1_113' title='bbox 2463 1327 2777 1404; x_wconf 82' lang='lat' dir='ltr'>peccant,</span> <span class='ocrx_word' id='word_1_114' title='bbox 2830 1314 3107 1385; x_wconf 86' lang='lat' dir='ltr'>veniam</span> 
     </span>
     <span class='ocr_line' id='line_1_13' title="bbox 548 1401 2553 1494; baseline -0 -21"><span class='ocrx_word' id='word_1_115' title='bbox 548 1403 719 1473; x_wconf 89' lang='lat' dir='ltr'>dare</span> <span class='ocrx_word' id='word_1_116' title='bbox 762 1402 1021 1494; x_wconf 78' lang='lat' dir='ltr'>possit:</span> <span class='ocrx_word' id='word_1_117' title='bbox 1076 1423 1162 1471; x_wconf 88' lang='lat' dir='ltr'>ne</span> <span class='ocrx_word' id='word_1_118' title='bbox 1193 1401 1530 1472; x_wconf 86' lang='lat' dir='ltr'>irascente</span> <span class='ocrx_word' id='word_1_119' title='bbox 1577 1402 1723 1483; x_wconf 84' lang='lat' dir='ltr'>illc,</span> <span class='ocrx_word' id='word_1_120' title='bbox 1776 1402 2084 1471; x_wconf 87' lang='lat' dir='ltr'>Ecclesia</span> <span class='ocrx_word' id='word_1_121' title='bbox 2129 1402 2368 1487; x_wconf 51' lang='lat' dir='ltr'>inanis,</span> <span class='ocrx_word' id='word_1_122' title='bbox 2408 1402 2553 1479; x_wconf 77' lang='lat' dir='ltr'>fiat.</span> 
     </span>
    </p>

    <p class='ocr_par' dir='ltr' id='par_1_3' title="bbox 536 1489 3116 3539">
     <span class='ocr_line' id='line_1_14' title="bbox 636 1489 3103 1579; baseline -0 -17"><span class='ocrx_word' id='word_1_123' title='bbox 636 1493 675 1579; x_wconf 65' lang='grc' dir='ltr'>ξ</span> <span class='ocrx_word' id='word_1_124' title='bbox 722 1496 818 1562; x_wconf 76' lang='grc' dir='ltr'>θ.</span> <span class='ocrx_word' id='word_1_125' title='bbox 872 1489 998 1562; x_wconf 90' lang='lat' dir='ltr'>Sed</span> <span class='ocrx_word' id='word_1_126' title='bbox 1048 1512 1339 1560; x_wconf 83' lang='lat' dir='ltr'>curnam</span> <span class='ocrx_word' id='word_1_127' title='bbox 1389 1502 1529 1561; x_wconf 89' lang='lat' dir='ltr'>tam</span> <span class='ocrx_word' id='word_1_128' title='bbox 1580 1491 1873 1561; x_wconf 86' lang='lat' dir='ltr'>minutis</span> <span class='ocrx_word' id='word_1_129' title='bbox 1907 1490 2341 1562; x_wconf 88' lang='lat' dir='ltr'>orationibus</span> <span class='ocrx_word' id='word_1_130' title='bbox 2391 1490 2478 1561; x_wconf 91' lang='lat' dir='ltr'>de</span> <span class='ocrx_word' id='word_1_131' title='bbox 2524 1496 2717 1567; x_wconf 86' lang='lat' dir='ltr'>Petro</span> <span class='ocrx_word' id='word_1_132' title='bbox 2765 1490 3103 1578; x_wconf 87' lang='lat' dir='ltr'>loquens,</span> 
     </span>
     <span class='ocr_line' id='line_1_15' title="bbox 547 1578 3110 1671; baseline -0 -21"><span class='ocrx_word' id='word_1_133' title='bbox 547 1579 634 1650; x_wconf 89' lang='lat' dir='ltr'>ad</span> <span class='ocrx_word' id='word_1_134' title='bbox 684 1578 892 1649; x_wconf 87' lang='lat' dir='ltr'>aliam</span> <span class='ocrx_word' id='word_1_135' title='bbox 945 1600 1311 1671; x_wconf 84' lang='lat' dir='ltr'>personam</span> <span class='ocrx_word' id='word_1_136' title='bbox 1358 1600 1748 1650; x_wconf 88' lang='lat' dir='ltr'>sermonem</span> <span class='ocrx_word' id='word_1_137' title='bbox 1812 1600 1949 1649; x_wconf 87' lang='lat' dir='ltr'>non</span> <span class='ocrx_word' id='word_1_138' title='bbox 2010 1578 2395 1651; x_wconf 78' lang='lat' dir='ltr'>transfero?</span> <span class='ocrx_word' id='word_1_139' title='bbox 2456 1586 2615 1671; x_wconf 84' lang='lat' dir='ltr'>Age,</span> <span class='ocrx_word' id='word_1_140' title='bbox 2670 1581 2741 1650; x_wconf 90' lang='lat' dir='ltr'>in</span> <span class='ocrx_word' id='word_1_141' title='bbox 2796 1580 3110 1650; x_wconf 88' lang='lat' dir='ltr'>medium</span> 
     </span>
     <span class='ocr_line' id='line_1_16' title="bbox 547 1667 3113 1827; baseline 0.001 -89"><span class='ocrx_word' id='word_1_142' title='bbox 547 1667 986 1827; x_wconf 61' lang='lat' dir='ltr'>proferamus</span> <span class='ocrx_word' id='word_1_143' title='bbox 1035 1669 1441 1759; x_wconf 89' lang='lat' dir='ltr'>prophetam</span> <span class='ocrx_word' id='word_1_144' title='bbox 1476 1668 1677 1739; x_wconf 88' lang='lat' dir='ltr'>illum</span> <span class='ocrx_word' id='word_1_145' title='bbox 1715 1667 1961 1749; x_wconf 85' lang='lat' dir='ltr'>Eliam,</span> <span class='ocrx_word' id='word_1_146' title='bbox 1998 1682 2387 1739; x_wconf 82' lang='lat' dir='ltr'>terrestrem</span> <span class='ocrx_word' id='word_1_147' title='bbox 2437 1668 2801 1760; x_wconf 84' lang='lat' dir='ltr'>Angelum,</span> <span class='ocrx_word' id='word_1_148' title='bbox 2838 1682 2906 1740; x_wconf 88' lang='lat' dir='ltr'>et</span> <span class='ocrx_word' id='word_1_149' title='bbox 2951 1689 3113 1740; x_wconf 82' lang='lat' dir='ltr'>coe·</span> 
     </span>
     <span class='ocr_line' id='line_1_17' title="bbox 574 1755 3109 1846; baseline -0 -19"><span class='ocrx_word' id='word_1_150' title='bbox 574 1755 786 1828; x_wconf 78' lang='lat' dir='ltr'>este‘m</span> <span class='ocrx_word' id='word_1_151' title='bbox 837 1758 1220 1839; x_wconf 84' lang='lat' dir='ltr'>hominem,</span> <span class='ocrx_word' id='word_1_152' title='bbox 1269 1758 1393 1845; x_wconf 90' lang='lat' dir='ltr'>qui</span> <span class='ocrx_word' id='word_1_153' title='bbox 1459 1757 1658 1827; x_wconf 90' lang='lat' dir='ltr'>humi</span> <span class='ocrx_word' id='word_1_154' title='bbox 1707 1757 1989 1846; x_wconf 90' lang='lat' dir='ltr'>quidem</span> <span class='ocrx_word' id='word_1_155' title='bbox 2040 1756 2490 1840; x_wconf 85' lang='lat' dir='ltr'>ambulabat,</span> <span class='ocrx_word' id='word_1_156' title='bbox 2552 1771 2621 1829; x_wconf 90' lang='lat' dir='ltr'>et</span> <span class='ocrx_word' id='word_1_157' title='bbox 2678 1780 2761 1829; x_wconf 89' lang='lat' dir='ltr'>ea</span> <span class='ocrx_word' id='word_1_158' title='bbox 2805 1779 2986 1846; x_wconf 90' lang='lat' dir='ltr'>quae</span> <span class='ocrx_word' id='word_1_159' title='bbox 3032 1758 3109 1826; x_wconf 85' lang='lat' dir='ltr'>in</span> 
     </span>
     <span class='ocr_line' id='line_1_18' title="bbox 548 1847 3112 1934; baseline 0 -17"><span class='ocrx_word' id='word_1_160' title='bbox 548 1847 761 1917; x_wconf 86' lang='lat' dir='ltr'>coelis</span> <span class='ocrx_word' id='word_1_161' title='bbox 807 1860 1018 1928; x_wconf 89' lang='lat' dir='ltr'>sunt,</span> <span class='ocrx_word' id='word_1_162' title='bbox 1075 1860 1304 1917; x_wconf 84' lang='lat' dir='ltr'>mente</span> <span class='ocrx_word' id='word_1_163' title='bbox 1350 1847 1726 1934; x_wconf 89' lang='lat' dir='ltr'>animoque</span> <span class='ocrx_word' id='word_1_164' title='bbox 1772 1847 2111 1918; x_wconf 88' lang='lat' dir='ltr'>versabat.</span> <span class='ocrx_word' id='word_1_165' title='bbox 2165 1847 2201 1882; x_wconf 64' lang='lat'><strong>⁴</strong></span> <span class='ocrx_word' id='word_1_166' title='bbox 2247 1851 2407 1916; x_wconf 89' lang='lat' dir='ltr'>Erat</span> <span class='ocrx_word' id='word_1_167' title='bbox 2454 1847 2660 1917; x_wconf 87' lang='lat' dir='ltr'>trium</span> <span class='ocrx_word' id='word_1_168' title='bbox 2709 1848 3112 1918; x_wconf 86' lang='lat' dir='ltr'>cubitorum</span> 
     </span>
     <span class='ocr_line' id='line_1_19' title="bbox 547 1936 3105 2038; baseline -0 -32"><span class='ocrx_word' id='word_1_169' title='bbox 547 1949 866 2008; x_wconf 88' lang='lat' dir='ltr'>staturae·</span> <span class='ocrx_word' id='word_1_170' title='bbox 902 1937 1131 2019; x_wconf 89' lang='lat' dir='ltr'>hom0,</span> <span class='ocrx_word' id='word_1_171' title='bbox 1183 1949 1251 2005; x_wconf 92' lang='lat' dir='ltr'>et</span> <span class='ocrx_word' id='word_1_172' title='bbox 1306 1958 1429 2027; x_wconf 90' lang='lat' dir='ltr'>per</span> <span class='ocrx_word' id='word_1_173' title='bbox 1481 1936 1851 2006; x_wconf 84' lang='lat' dir='ltr'>sublimem</span> <span class='ocrx_word' id='word_1_174' title='bbox 1901 1936 2083 2006; x_wconf 71' lang='lat' dir='ltr'>aeris</span> <span class='ocrx_word' id='word_1_175' title='bbox 2129 1936 2482 2027; x_wconf 84' lang='lat' dir='ltr'>regionem</span> <span class='ocrx_word' id='word_1_176' title='bbox 2532 1936 3105 2038; x_wconf 87' lang='lat' dir='ltr'>perambulabat,</span> 
     </span>
     <span class='ocr_line' id='line_1_20' title="bbox 545 2023 3115 2116; baseline -0 -22"><span class='ocrx_word' id='word_1_177' title='bbox 545 2038 612 2095; x_wconf 85' lang='lat' dir='ltr'>et</span> <span class='ocrx_word' id='word_1_178' title='bbox 657 2047 880 2112; x_wconf 90' lang='lat' dir='ltr'>usque</span> <span class='ocrx_word' id='word_1_179' title='bbox 909 2025 993 2095; x_wconf 92' lang='lat' dir='ltr'>ad</span> <span class='ocrx_word' id='word_1_180' title='bbox 1033 2025 1186 2115; x_wconf 89' lang='lat' dir='ltr'>ipsa</span> <span class='ocrx_word' id='word_1_181' title='bbox 1224 2025 1398 2095; x_wconf 90' lang='lat' dir='ltr'>coeli</span> <span class='ocrx_word' id='word_1_182' title='bbox 1432 2024 1708 2116; x_wconf 85' lang='lat' dir='ltr'>fastigia</span> <span class='ocrx_word' id='word_1_183' title='bbox 1747 2023 2323 2115; x_wconf 83' lang='lat' dir='ltr'>protendebatur:</span> <span class='ocrx_word' id='word_1_184' title='bbox 2357 2024 2497 2105; x_wconf 92' lang='lat' dir='ltr'>ille,</span> <span class='ocrx_word' id='word_1_185' title='bbox 2535 2047 2851 2113; x_wconf 77' lang='lat' dir='ltr'>inquam,</span> <span class='ocrx_word' id='word_1_186' title='bbox 2893 2046 3115 2113; x_wconf 86' lang='lat' dir='ltr'>aqua-</span> 
     </span>
     <span class='ocr_line' id='line_1_21' title="bbox 546 2112 3115 2202; baseline 0.001 -19"><span class='ocrx_word' id='word_1_187' title='bbox 546 2136 700 2187; x_wconf 92' lang='lat' dir='ltr'>rum</span> <span class='ocrx_word' id='word_1_188' title='bbox 751 2126 1009 2196; x_wconf 86' lang='lat' dir='ltr'>custos,</span> <span class='ocrx_word' id='word_1_189' title='bbox 1060 2113 1267 2202; x_wconf 89' lang='lat' dir='ltr'>cujus</span> <span class='ocrx_word' id='word_1_190' title='bbox 1316 2113 1410 2183; x_wconf 89' lang='lat' dir='ltr'>lin</span> <span class='ocrx_word' id='word_1_191' title='bbox 1517 2135 1555 2181; x_wconf 89' lang='lat' dir='ltr'>a</span> <span class='ocrx_word' id='word_1_192' title='bbox 1585 2135 1925 2201; x_wconf 90' lang='lat' dir='ltr'>aquarum</span> <span class='ocrx_word' id='word_1_193' title='bbox 1978 2112 2108 2183; x_wconf 87' lang='lat' dir='ltr'>fuit</span> <span class='ocrx_word' id='word_1_194' title='bbox 2157 2113 2548 2195; x_wconf 86' lang='lat' dir='ltr'>thesaurus,</span> <span class='ocrx_word' id='word_1_195' title='bbox 2578 2128 2645 2184; x_wconf 92' lang='lat' dir='ltr'>et</span> <span class='ocrx_word' id='word_1_196' title='bbox 2690 2114 2907 2184; x_wconf 88' lang='lat' dir='ltr'>clavis</span> <span class='ocrx_word' id='word_1_197' title='bbox 2952 2136 3115 2185; x_wconf 83' lang='lat' dir='ltr'>coe·</span> 
     </span>
     <span class='ocr_line' id='line_1_22' title="bbox 546 2202 3109 2294; baseline 0.002 -25"><span class='ocrx_word' id='word_1_198' title='bbox 546 2205 798 2273; x_wconf 90' lang='lat' dir='ltr'>lorum:</span> <span class='ocrx_word' id='word_1_199' title='bbox 835 2202 954 2273; x_wconf 89' lang='lat' dir='ltr'>ille</span> <span class='ocrx_word' id='word_1_200' title='bbox 1001 2202 1236 2283; x_wconf 91' lang='lat' dir='ltr'>idiota,</span> <span class='ocrx_word' id='word_1_201' title='bbox 1266 2215 1332 2273; x_wconf 93' lang='lat' dir='ltr'>et</span> <span class='ocrx_word' id='word_1_202' title='bbox 1372 2225 1413 2293; x_wconf 97' lang='lat' dir='ltr'>p</span> <span class='ocrx_word' id='word_1_203' title='bbox 1469 2202 1853 2293; x_wconf 79' lang='lat' dir='ltr'>ilosoplius:</span> <span class='ocrx_word' id='word_1_204' title='bbox 1894 2224 2183 2293; x_wconf 89' lang='lat' dir='ltr'>pauper,</span> <span class='ocrx_word' id='word_1_205' title='bbox 2235 2202 2543 2274; x_wconf 86' lang='lat' dir='ltr'>etdives:</span> <span class='ocrx_word' id='word_1_206' title='bbox 2597 2225 2885 2294; x_wconf 85' lang='lat' dir='ltr'>pauper,</span> <span class='ocrx_word' id='word_1_207' title='bbox 2915 2202 3109 2291; x_wconf 87' lang='lat' dir='ltr'>quod</span> 
     </span>
     <span class='ocr_line' id='line_1_23' title="bbox 547 2290 3114 2393; baseline 0 -32"><span class='ocrx_word' id='word_1_208' title='bbox 547 2305 835 2393; x_wconf 88' lang='lat' dir='ltr'>propter·</span> <span class='ocrx_word' id='word_1_209' title='bbox 876 2291 993 2362; x_wconf 90' lang='lat' dir='ltr'>Dei</span> <span class='ocrx_word' id='word_1_210' title='bbox 1028 2292 1433 2363; x_wconf 85' lang='lat' dir='ltr'>charitatem</span> <span class='ocrx_word' id='word_1_211' title='bbox 1489 2314 1570 2361; x_wconf 88' lang='lat' dir='ltr'>ac</span> <span class='ocrx_word' id='word_1_212' title='bbox 1619 2292 1959 2373; x_wconf 88' lang='lat' dir='ltr'>studium,</span> <span class='ocrx_word' id='word_1_213' title='bbox 2014 2290 2274 2362; x_wconf 88' lang='lat' dir='ltr'>relictis</span> <span class='ocrx_word' id='word_1_214' title='bbox 2323 2291 2612 2363; x_wconf 85' lang='lat' dir='ltr'>terrenis</span> <span class='ocrx_word' id='word_1_215' title='bbox 2660 2295 2905 2372; x_wconf 86' lang='lat' dir='ltr'>rebus,</span> <span class='ocrx_word' id='word_1_216' title='bbox 2959 2314 3114 2363; x_wconf 86' lang='lat' dir='ltr'>ma-</span> 
     </span>
     <span class='ocr_line' id='line_1_24' title="bbox 536 2379 3112 2471; baseline 0.001 -22"><span class='ocrx_word' id='word_1_217' title='bbox 536 2402 692 2470; x_wconf 82' lang='lat' dir='ltr'>Jora</span> <span class='ocrx_word' id='word_1_218' title='bbox 739 2380 875 2451; x_wconf 89' lang='lat' dir='ltr'>sibi</span> <span class='ocrx_word' id='word_1_219' title='bbox 896 2403 1302 2471; x_wconf 90' lang='lat' dir='ltr'>comparare</span> <span class='ocrx_word' id='word_1_220' title='bbox 1325 2379 1706 2450; x_wconf 86' lang='lat' dir='ltr'>studuerit:</span> <span class='ocrx_word' id='word_1_221' title='bbox 1751 2380 1963 2464; x_wconf 86' lang='lat' dir='ltr'>dives,</span> <span class='ocrx_word' id='word_1_222' title='bbox 1998 2380 2180 2468; x_wconf 92' lang='lat' dir='ltr'>quod</span> <span class='ocrx_word' id='word_1_223' title='bbox 2217 2379 2547 2451; x_wconf 81' lang='lat' dir='ltr'>coelestes</span> <span class='ocrx_word' id='word_1_224' title='bbox 2591 2382 2814 2451; x_wconf 89' lang='lat' dir='ltr'>nubes</span> <span class='ocrx_word' id='word_1_225' title='bbox 2862 2381 3112 2471; x_wconf 71' lang='lat' dir='ltr'>lingua</span> 
     </span>
     <span class='ocr_line' id='line_1_25' title="bbox 545 2468 3116 2562; baseline 0 -21"><span class='ocrx_word' id='word_1_226' title='bbox 545 2491 675 2541; x_wconf 82' lang='lat' dir='ltr'>sua</span> <span class='ocrx_word' id='word_1_227' title='bbox 721 2470 1116 2552; x_wconf 88' lang='lat' dir='ltr'>detinuerit,</span> <span class='ocrx_word' id='word_1_228' title='bbox 1169 2470 1429 2562; x_wconf 89' lang='lat' dir='ltr'>quippe</span> <span class='ocrx_word' id='word_1_229' title='bbox 1474 2470 1599 2557; x_wconf 89' lang='lat' dir='ltr'>qui</span> <span class='ocrx_word' id='word_1_230' title='bbox 1644 2469 1888 2541; x_wconf 90' lang='lat' dir='ltr'>durior</span> <span class='ocrx_word' id='word_1_231' title='bbox 1931 2481 2078 2541; x_wconf 90' lang='lat' dir='ltr'>erat</span> <span class='ocrx_word' id='word_1_232' title='bbox 2123 2468 2210 2540; x_wconf 89' lang='lat' dir='ltr'>ad</span> <span class='ocrx_word' id='word_1_233' title='bbox 2273 2469 2814 2542; x_wconf 87' lang='lat' dir='ltr'>condonandum</span> <span class='ocrx_word' id='word_1_234' title='bbox 2866 2492 3116 2561; x_wconf 88' lang='lat' dir='ltr'>pecca·-</span> 
     </span>
     <span class='ocr_line' id='line_1_26' title="bbox 549 2558 3115 2650; baseline 0 -22"><span class='ocrx_word' id='word_1_235' title='bbox 549 2559 838 2643; x_wconf 91' lang='lat' dir='ltr'>toribus,</span> <span class='ocrx_word' id='word_1_236' title='bbox 883 2561 976 2630; x_wconf 89' lang='lat' dir='ltr'>ita</span> <span class='ocrx_word' id='word_1_237' title='bbox 1008 2572 1086 2631; x_wconf 92' lang='lat' dir='ltr'>ut</span> <span class='ocrx_word' id='word_1_238' title='bbox 1116 2565 1328 2631; x_wconf 88' lang='lat' dir='ltr'>Deum</span> <span class='ocrx_word' id='word_1_239' title='bbox 1378 2559 1615 2641; x_wconf 87' lang='lat' dir='ltr'>orarit,</span> <span class='ocrx_word' id='word_1_240' title='bbox 1668 2582 1756 2630; x_wconf 90' lang='lat' dir='ltr'>ne</span> <span class='ocrx_word' id='word_1_241' title='bbox 1791 2559 1987 2630; x_wconf 87' lang='lat' dir='ltr'>daret</span> <span class='ocrx_word' id='word_1_242' title='bbox 2035 2558 2370 2650; x_wconf 87' lang='lat' dir='ltr'>pluviam.</span> <span class='ocrx_word' id='word_1_243' title='bbox 2414 2560 2589 2630; x_wconf 87' lang='lat' dir='ltr'>Vivit</span> <span class='ocrx_word' id='word_1_244' title='bbox 2635 2560 2927 2650; x_wconf 87' lang='lat' dir='ltr'>(inquit)</span> <span class='ocrx_word' id='word_1_245' title='bbox 2983 2564 3115 2629; x_wconf 81' lang='lat' dir='ltr'>Do·-</span> 
     </span>
     <span class='ocr_line' id='line_1_27' title="bbox 545 2647 3115 2740; baseline 0.002 -24"><span class='ocrx_word' id='word_1_246' title='bbox 545 2650 808 2731; x_wconf 90' lang='lat' dir='ltr'>minus,</span> <span class='ocrx_word' id='word_1_247' title='bbox 863 2651 922 2720; x_wconf 89' lang='lat' dir='ltr'>si</span> <span class='ocrx_word' id='word_1_248' title='bbox 968 2649 1101 2719; x_wconf 90' lang='lat' dir='ltr'>erit</span> <span class='ocrx_word' id='word_1_249' title='bbox 1161 2649 1421 2740; x_wconf 90' lang='lat' dir='ltr'>pluvia,</span> <span class='ocrx_word' id='word_1_250' title='bbox 1476 2650 1608 2720; x_wconf 90' lang='lat' dir='ltr'>nisi</span> <span class='ocrx_word' id='word_1_251' title='bbox 1652 2671 1774 2740; x_wconf 91' lang='lat' dir='ltr'>per</span> <span class='ocrx_word' id='word_1_252' title='bbox 1817 2671 1897 2722; x_wconf 85' lang='lat' dir='ltr'>os</span> <span class='ocrx_word' id='word_1_253' title='bbox 1945 2670 2203 2718; x_wconf 90' lang='lat' dir='ltr'>meum.</span> <span class='ocrx_word' id='word_1_254' title='bbox 2258 2647 2436 2732; x_wconf 89' lang='lat' dir='ltr'>Quid</span> <span class='ocrx_word' id='word_1_255' title='bbox 2487 2650 2662 2740; x_wconf 88' lang='lat' dir='ltr'>agis,</span> <span class='ocrx_word' id='word_1_256' title='bbox 2731 2649 2927 2719; x_wconf 79' lang='lat' dir='ltr'>Elia?</span> <span class='ocrx_word' id='word_1_257' title='bbox 2975 2653 3115 2722; x_wconf 84' lang='lat' dir='ltr'>Cur</span> 
     </span>
     <span class='ocr_line' id='line_1_28' title="bbox 545 2737 3115 2830; baseline 0.001 -24"><span class='ocrx_word' id='word_1_258' title='bbox 545 2737 648 2807; x_wconf 91' lang='lat' dir='ltr'>sic</span> <span class='ocrx_word' id='word_1_259' title='bbox 698 2738 1159 2829; x_wconf 89' lang='lat' dir='ltr'>pronuncias:</span> <span class='ocrx_word' id='word_1_260' title='bbox 1221 2740 1397 2809; x_wconf 77' lang='lat' dir='ltr'>Vivit</span> <span class='ocrx_word' id='word_1_261' title='bbox 1443 2741 1785 2819; x_wconf 78' lang='lat' dir='ltr'>Dominus,</span> <span class='ocrx_word' id='word_1_262' title='bbox 1817 2740 1884 2809; x_wconf 77' lang='lat' dir='ltr'>si</span> <span class='ocrx_word' id='word_1_263' title='bbox 1916 2740 2049 2808; x_wconf 80' lang='lat' dir='ltr'>erit</span> <span class='ocrx_word' id='word_1_264' title='bbox 2090 2740 2357 2829; x_wconf 82' lang='lat' dir='ltr'>pluvia.</span> <span class='ocrx_word' id='word_1_265' title='bbox 2391 2739 2531 2808; x_wconf 78' lang='lat' dir='ltr'>m‘si</span> <span class='ocrx_word' id='word_1_266' title='bbox 2553 2761 2683 2830; x_wconf 84' lang='lat' dir='ltr'>per</span> <span class='ocrx_word' id='word_1_267' title='bbox 2727 2760 2799 2807; x_wconf 75' lang='lat' dir='ltr'>os</span> <span class='ocrx_word' id='word_1_268' title='bbox 2827 2739 3115 2808; x_wconf 76' lang='lat' dir='ltr'>meum?</span> 
     </span>
     <span class='ocr_line' id='line_1_29' title="bbox 547 2826 3113 2914; baseline 0.001 -19"><span class='ocrx_word' id='word_1_269' title='bbox 547 2826 844 2896; x_wconf 90' lang='lat' dir='ltr'>Ubinam</span> <span class='ocrx_word' id='word_1_270' title='bbox 895 2839 1061 2897; x_wconf 90' lang='lat' dir='ltr'>sunt</span> <span class='ocrx_word' id='word_1_271' title='bbox 1108 2826 1462 2907; x_wconf 90' lang='lat' dir='ltr'>haeretici,</span> <span class='ocrx_word' id='word_1_272' title='bbox 1497 2827 1617 2914; x_wconf 92' lang='lat' dir='ltr'>qui</span> <span class='ocrx_word' id='word_1_273' title='bbox 1659 2827 1927 2908; x_wconf 89' lang='lat' dir='ltr'>dicunt,</span> <span class='ocrx_word' id='word_1_274' title='bbox 1966 2826 2191 2897; x_wconf 88' lang='lat' dir='ltr'>filium</span> <span class='ocrx_word' id='word_1_275' title='bbox 2223 2827 2335 2897; x_wconf 91' lang='lat' dir='ltr'>Dei</span> <span class='ocrx_word' id='word_1_276' title='bbox 2368 2830 2616 2897; x_wconf 78' lang='lat' dir='ltr'>orare?</span> <span class='ocrx_word' id='word_1_277' title='bbox 2663 2826 2867 2896; x_wconf 76' lang='lat' dir='ltr'>Miser</span> <span class='ocrx_word' id='word_1_278' title='bbox 2898 2826 3113 2898; x_wconf 76' lang='lat' dir='ltr'>homo</span> 
     </span>
     <span class='ocr_line' id='line_1_30' title="bbox 544 2914 3107 3016; baseline 0.002 -32"><span class='ocrx_word' id='word_1_279' title='bbox 544 2927 610 2984; x_wconf 89' lang='lat' dir='ltr'>et</span> <span class='ocrx_word' id='word_1_280' title='bbox 657 2914 1056 3006; x_wconf 87' lang='lat' dir='ltr'>impudens,</span> <span class='ocrx_word' id='word_1_281' title='bbox 1088 2915 1259 3016; x_wconf 83' lang='lat' dir='ltr'>quid</span> <span class='ocrx_word' id='word_1_282' title='bbox 1308 2915 1456 2986; x_wconf 78' lang='lat' dir='ltr'>ais?</span> <span class='ocrx_word' id='word_1_283' title='bbox 1481 2917 1664 2986; x_wconf 87' lang='lat' dir='ltr'>Elias</span> <span class='ocrx_word' id='word_1_284' title='bbox 1698 2915 2135 3006; x_wconf 90' lang='lat' dir='ltr'>pronunciat,</span> <span class='ocrx_word' id='word_1_285' title='bbox 2165 2927 2231 2985; x_wconf 93' lang='lat' dir='ltr'>et</span> <span class='ocrx_word' id='word_1_286' title='bbox 2252 2915 2368 2986; x_wconf 91' lang='lat' dir='ltr'>Dei</span> <span class='ocrx_word' id='word_1_287' title='bbox 2401 2915 2592 2987; x_wconf 88' lang='lat' dir='ltr'>filius</span> <span class='ocrx_word' id='word_1_288' title='bbox 2624 2918 2824 2985; x_wconf 74' lang='lat' dir='ltr'>orat?</span> <span class='ocrx_word' id='word_1_289' title='bbox 2854 2919 3107 2988; x_wconf 85' lang='lat' dir='ltr'>Servus</span> 
     </span>
     <span class='ocr_line' id='line_1_31' title="bbox 553 3002 3107 3092; baseline 0 -19"><span class='ocrx_word' id='word_1_290' title='bbox 553 3002 763 3085; x_wconf 84' lang='lat' dir='ltr'>&#39;ubet,</span> <span class='ocrx_word' id='word_1_291' title='bbox 826 3016 891 3074; x_wconf 89' lang='lat' dir='ltr'>et</span> <span class='ocrx_word' id='word_1_292' title='bbox 942 3008 1275 3075; x_wconf 77' lang='lat' dir='ltr'>Dominus</span> <span class='ocrx_word' id='word_1_293' title='bbox 1321 3004 1686 3076; x_wconf 74' lang='lat' dir='ltr'>obsecrat?</span> <span class='ocrx_word' id='word_1_294' title='bbox 1732 3009 1961 3092; x_wconf 87' lang='lat' dir='ltr'>Neque</span> <span class='ocrx_word' id='word_1_295' title='bbox 2006 3027 2168 3074; x_wconf 90' lang='lat' dir='ltr'>eum</span> <span class='ocrx_word' id='word_1_296' title='bbox 2221 3005 2549 3075; x_wconf 87' lang='lat' dir='ltr'>honorem</span> <span class='ocrx_word' id='word_1_297' title='bbox 2615 3004 2732 3074; x_wconf 91' lang='lat' dir='ltr'>Dei</span> <span class='ocrx_word' id='word_1_298' title='bbox 2782 3004 2931 3074; x_wconf 84' lang='lat' dir='ltr'>filio</span> <span class='ocrx_word' id='word_1_299' title='bbox 2978 3005 3107 3074; x_wconf 88' lang='lat' dir='ltr'>tri·</span> 
     </span>
     <span class='ocr_line' id='line_1_32' title="bbox 595 3092 3105 3195; baseline 0.002 -34"><span class='ocrx_word' id='word_1_300' title='bbox 595 3092 729 3164; x_wconf 86' lang='lat' dir='ltr'>uis.</span> <span class='ocrx_word' id='word_1_301' title='bbox 782 3114 990 3180; x_wconf 88' lang='lat' dir='ltr'>quem</span> <span class='ocrx_word' id='word_1_302' title='bbox 1017 3105 1084 3164; x_wconf 89' lang='lat' dir='ltr'>et</span> <span class='ocrx_word' id='word_1_303' title='bbox 1120 3092 1352 3162; x_wconf 74' lang='lat' dir='ltr'>Eliae?</span> <span class='ocrx_word' id='word_1_304' title='bbox 1376 3098 1469 3163; x_wconf 79' lang='lat' dir='ltr'>An</span> <span class='ocrx_word' id='word_1_305' title='bbox 1506 3114 1643 3162; x_wconf 90' lang='lat' dir='ltr'>non</span> <span class='ocrx_word' id='word_1_306' title='bbox 1680 3093 1783 3164; x_wconf 86' lang='lat' dir='ltr'>vis</span> <span class='ocrx_word' id='word_1_307' title='bbox 1818 3115 2051 3184; x_wconf 85' lang='lat' dir='ltr'>parem</span> <span class='ocrx_word' id='word_1_308' title='bbox 2093 3093 2338 3164; x_wconf 82' lang='lat' dir='ltr'>saltem</span> <span class='ocrx_word' id='word_1_309' title='bbox 2373 3093 2782 3195; x_wconf 84' lang='lat' dir='ltr'>dignitatem</span> <span class='ocrx_word' id='word_1_310' title='bbox 2815 3094 3105 3165; x_wconf 88' lang='lat' dir='ltr'>Domino</span> 
     </span>
     <span class='ocr_line' id='line_1_33' title="bbox 542 3181 3108 3272; baseline 0.001 -20"><span class='ocrx_word' id='word_1_311' title='bbox 542 3181 921 3252; x_wconf 85' lang='lat' dir='ltr'>concedere</span> <span class='ocrx_word' id='word_1_312' title='bbox 965 3194 1031 3252; x_wconf 90' lang='lat' dir='ltr'>et</span> <span class='ocrx_word' id='word_1_313' title='bbox 1058 3185 1306 3252; x_wconf 78' lang='lat' dir='ltr'>servo?</span> <span class='ocrx_word' id='word_1_314' title='bbox 1342 3187 1483 3253; x_wconf 87' lang='lat' dir='ltr'>Non</span> <span class='ocrx_word' id='word_1_315' title='bbox 1519 3194 1693 3263; x_wconf 90' lang='lat' dir='ltr'>orat,</span> <span class='ocrx_word' id='word_1_316' title='bbox 1734 3204 1956 3270; x_wconf 89' lang='lat' dir='ltr'>neque</span> <span class='ocrx_word' id='word_1_317' title='bbox 2004 3194 2326 3272; x_wconf 90' lang='lat' dir='ltr'>precatur</span> <span class='ocrx_word' id='word_1_318' title='bbox 2367 3182 2593 3258; x_wconf 70' lang='lat' dir='ltr'>Elios:</span> <span class='ocrx_word' id='word_1_319' title='bbox 2638 3182 2760 3253; x_wconf 91' lang='lat' dir='ltr'>sed</span> <span class='ocrx_word' id='word_1_320' title='bbox 2800 3182 3108 3255; x_wconf 82' lang='lat' dir='ltr'>veritatis</span> 
     </span>
     <span class='ocr_line' id='line_1_34' title="bbox 544 3270 3106 3362; baseline 0.001 -22"><span class='ocrx_word' id='word_1_321' title='bbox 544 3292 930 3340; x_wconf 89' lang='lat' dir='ltr'>sermonem</span> <span class='ocrx_word' id='word_1_322' title='bbox 984 3271 1351 3360; x_wconf 88' lang='lat' dir='ltr'>proponit,</span> <span class='ocrx_word' id='word_1_323' title='bbox 1403 3284 1470 3341; x_wconf 89' lang='lat' dir='ltr'>et</span> <span class='ocrx_word' id='word_1_324' title='bbox 1535 3270 1806 3342; x_wconf 88' lang='lat' dir='ltr'>coelum</span> <span class='ocrx_word' id='word_1_325' title='bbox 1883 3272 2113 3362; x_wconf 89' lang='lat' dir='ltr'>ipsum</span> <span class='ocrx_word' id='word_1_326' title='bbox 2177 3270 2466 3341; x_wconf 88' lang='lat' dir='ltr'>claudit.</span> <span class='ocrx_word' id='word_1_327' title='bbox 2531 3276 2673 3343; x_wconf 87' lang='lat' dir='ltr'>Non</span> <span class='ocrx_word' id='word_1_328' title='bbox 2722 3283 2921 3342; x_wconf 89' lang='lat' dir='ltr'>orat:</span> <span class='ocrx_word' id='word_1_329' title='bbox 2983 3271 3106 3342; x_wconf 88' lang='lat' dir='ltr'>sed</span> 
     </span>
     <span class='ocr_line' id='line_1_35' title="bbox 544 3358 3099 3450; baseline 0.002 -21"><span class='ocrx_word' id='word_1_330' title='bbox 544 3358 879 3446; x_wconf 91' lang='lat' dir='ltr'>quidnam</span> <span class='ocrx_word' id='word_1_331' title='bbox 908 3358 1070 3430; x_wconf 86' lang='lat' dir='ltr'>facit</span> <span class='ocrx_word' id='word_1_332' title='bbox 1099 3359 1331 3431; x_wconf 76' lang='lat' dir='ltr'>Elias?</span> <span class='ocrx_word' id='word_1_333' title='bbox 1354 3360 1530 3440; x_wconf 88' lang='lat' dir='ltr'>Scio,</span> <span class='ocrx_word' id='word_1_334' title='bbox 1575 3361 1827 3448; x_wconf 89' lang='lat' dir='ltr'>inquit,</span> <span class='ocrx_word' id='word_1_335' title='bbox 1862 3360 2048 3450; x_wconf 92' lang='lat' dir='ltr'>quod</span> <span class='ocrx_word' id='word_1_336' title='bbox 2081 3382 2191 3431; x_wconf 87' lang='lat' dir='ltr'>me</span> <span class='ocrx_word' id='word_1_337' title='bbox 2230 3360 2473 3432; x_wconf 83' lang='lat' dir='ltr'>audiat</span> <span class='ocrx_word' id='word_1_338' title='bbox 2505 3360 2843 3434; x_wconf 86' lang='lat' dir='ltr'>Dominus</span> <span class='ocrx_word' id='word_1_339' title='bbox 2874 3382 3099 3441; x_wconf 84' lang='lat' dir='ltr'>meus:</span> 
     </span>
     <span class='ocr_line' id='line_1_36' title="bbox 544 3447 1732 3539; baseline 0.001 -21"><span class='ocrx_word' id='word_1_340' title='bbox 544 3447 693 3520; x_wconf 89' lang='lat' dir='ltr'>zelo</span> <span class='ocrx_word' id='word_1_341' title='bbox 739 3448 926 3519; x_wconf 88' lang='lat' dir='ltr'>enim</span> <span class='ocrx_word' id='word_1_342' title='bbox 976 3448 1329 3539; x_wconf 86' lang='lat' dir='ltr'>impulsus</span> <span class='ocrx_word' id='word_1_343' title='bbox 1363 3449 1493 3519; x_wconf 84' lang='lat' dir='ltr'>hoc</span> <span class='ocrx_word' id='word_1_344' title='bbox 1527 3448 1732 3519; x_wconf 91' lang='lat' dir='ltr'>facio.</span> 
     </span>
    </p>

    <p class='ocr_par' dir='ltr' id='par_1_4' title="bbox 632 3537 3106 3624">
     <span class='ocr_line' id='line_1_37' title="bbox 632 3537 3106 3624; baseline -0 -15"><span class='ocrx_word' id='word_1_345' title='bbox 632 3539 794 3624; x_wconf 56' lang='lat'>§1</span> <span class='ocrx_word' id='word_1_346' title='bbox 845 3541 897 3608; x_wconf 91' lang='grc' dir='ltr'><strong>Ο</strong></span> <span class='ocrx_word' id='word_1_347' title='bbox 946 3559 1089 3608; x_wconf 88' lang='lat' dir='ltr'>rem</span> <span class='ocrx_word' id='word_1_348' title='bbox 1141 3560 1385 3608; x_wconf 86' lang='lat' dir='ltr'>novam</span> <span class='ocrx_word' id='word_1_349' title='bbox 1452 3551 1520 3608; x_wconf 91' lang='lat' dir='ltr'>et</span> <span class='ocrx_word' id='word_1_350' title='bbox 1582 3537 2094 3608; x_wconf 87' lang='lat' dir='ltr'>admirabilem.</span> <span class='ocrx_word' id='word_1_351' title='bbox 2158 3537 2403 3609; x_wconf 89' lang='lat' dir='ltr'>Vidisti</span> <span class='ocrx_word' id='word_1_352' title='bbox 2483 3537 2851 3609; x_wconf 89' lang='lat' dir='ltr'>Dominum</span> <span class='ocrx_word' id='word_1_353' title='bbox 2925 3537 3106 3609; x_wconf 81' lang='lat' dir='ltr'>servi</span> 
     </span>
    </p>
   </div>
   <div class='ocr_carea' id='block_1_3' title="bbox 432 3625 3106 3718">
    <p class='ocr_par' dir='ltr' id='par_1_5' title="bbox 432 3625 3106 3718">
     <span class='ocr_line' id='line_1_38' title="bbox 432 3625 3106 3718; baseline 0.001 -22"><span class='ocrx_word' id='word_1_354' title='bbox 432 3627 437 3632; x_wconf 74' lang='grc'><strong><em>’</em></strong></span> <span class='ocrx_word' id='word_1_355' title='bbox 543 3625 1017 3696; x_wconf 80' lang='lat' dir='ltr'>benevolentia</span> <span class='ocrx_word' id='word_1_356' title='bbox 1064 3630 1521 3718; x_wconf 74' lang='lat' dir='ltr'>superatum?</span> <span class='ocrx_word' id='word_1_357' title='bbox 1563 3627 1828 3697; x_wconf 87' lang='lat' dir='ltr'>Etenim</span> <span class='ocrx_word' id='word_1_358' title='bbox 1881 3626 2064 3696; x_wconf 90' lang='lat' dir='ltr'>Elias</span> <span class='ocrx_word' id='word_1_359' title='bbox 2114 3627 2262 3718; x_wconf 88' lang='lat' dir='ltr'>ipse</span> <span class='ocrx_word' id='word_1_360' title='bbox 2307 3627 2526 3697; x_wconf 82' lang='lat' dir='ltr'>multo</span> <span class='ocrx_word' id='word_1_361' title='bbox 2572 3626 2717 3697; x_wconf 90' lang='lat' dir='ltr'>zelo</span> <span class='ocrx_word' id='word_1_362' title='bbox 2751 3626 3106 3718; x_wconf 87' lang='lat' dir='ltr'>impulsus</span> 
     </span>
    </p>
   </div>
   <div class='ocr_carea' id='block_1_4' title="bbox 544 3713 3107 4341">
    <p class='ocr_par' dir='ltr' id='par_1_6' title="bbox 544 3713 3107 4341">
     <span class='ocr_line' id='line_1_39' title="bbox 544 3713 3107 3806; baseline 0.001 -21"><span class='ocrx_word' id='word_1_363' title='bbox 544 3715 677 3785; x_wconf 87' lang='lat' dir='ltr'>hoc</span> <span class='ocrx_word' id='word_1_364' title='bbox 722 3713 904 3784; x_wconf 91' lang='lat' dir='ltr'>fecit.</span> <span class='ocrx_word' id='word_1_365' title='bbox 959 3715 1242 3785; x_wconf 82' lang='lat' dir='ltr'>Videbat</span> <span class='ocrx_word' id='word_1_366' title='bbox 1296 3716 1484 3786; x_wconf 90' lang='lat' dir='ltr'>enim</span> <span class='ocrx_word' id='word_1_367' title='bbox 1533 3715 1841 3787; x_wconf 87' lang='lat' dir='ltr'>absurda</span> <span class='ocrx_word' id='word_1_368' title='bbox 1890 3715 2109 3788; x_wconf 87' lang='lat' dir='ltr'>multa</span> <span class='ocrx_word' id='word_1_369' title='bbox 2169 3716 2344 3786; x_wconf 87' lang='lat' dir='ltr'>fieri.</span> <span class='ocrx_word' id='word_1_370' title='bbox 2398 3715 2684 3787; x_wconf 87' lang='lat' dir='ltr'>Videbat</span> <span class='ocrx_word' id='word_1_371' title='bbox 2732 3716 2895 3787; x_wconf 81' lang='lat' dir='ltr'>vitia</span> <span class='ocrx_word' id='word_1_372' title='bbox 2951 3716 3107 3806; x_wconf 85' lang='lat' dir='ltr'>ipsa</span> 
     </span>
     <span class='ocr_line' id='line_1_40' title="bbox 548 3803 3103 3897; baseline 0.001 -25"><span class='ocrx_word' id='word_1_373' title='bbox 548 3803 765 3875; x_wconf 90' lang='lat' dir='ltr'>multa</span> <span class='ocrx_word' id='word_1_374' title='bbox 793 3826 955 3874; x_wconf 88' lang='lat' dir='ltr'>cum</span> <span class='ocrx_word' id='word_1_375' title='bbox 992 3804 1301 3874; x_wconf 86' lang='lat' dir='ltr'>libertate</span> <span class='ocrx_word' id='word_1_376' title='bbox 1333 3806 1726 3897; x_wconf 87' lang='lat' dir='ltr'>propagari.</span> <span class='ocrx_word' id='word_1_377' title='bbox 1756 3811 1911 3875; x_wconf 84' lang='lat' dir='ltr'>Atra</span> <span class='ocrx_word' id='word_1_378' title='bbox 1945 3804 2289 3893; x_wconf 88' lang='lat' dir='ltr'>siquidem</span> <span class='ocrx_word' id='word_1_379' title='bbox 2324 3826 2456 3875; x_wconf 81' lang='lat' dir='ltr'>nox</span> <span class='ocrx_word' id='word_1_380' title='bbox 2483 3805 2724 3875; x_wconf 88' lang='lat' dir='ltr'>orbem</span> <span class='ocrx_word' id='word_1_381' title='bbox 2759 3817 3103 3876; x_wconf 78' lang='lat' dir='ltr'>terrarum</span> 
     </span>
     <span class='ocr_line' id='line_1_41' title="bbox 544 3892 3103 3984; baseline 0 -22"><span class='ocrx_word' id='word_1_382' title='bbox 544 3905 1021 3984; x_wconf 82' lang='lat' dir='ltr'>oppresserat:</span> <span class='ocrx_word' id='word_1_383' title='bbox 1066 3893 1299 3980; x_wconf 83' lang='lat' dir='ltr'>itaque</span> <span class='ocrx_word' id='word_1_384' title='bbox 1325 3913 1569 3964; x_wconf 89' lang='lat' dir='ltr'>omnes</span> <span class='ocrx_word' id='word_1_385' title='bbox 1603 3895 1672 3964; x_wconf 91' lang='lat' dir='ltr'>in</span> <span class='ocrx_word' id='word_1_386' title='bbox 1713 3895 2013 3965; x_wconf 87' lang='lat' dir='ltr'>tenebris</span> <span class='ocrx_word' id='word_1_387' title='bbox 2062 3893 2204 3966; x_wconf 91' lang='lat' dir='ltr'>illis</span> <span class='ocrx_word' id='word_1_388' title='bbox 2229 3893 2692 3964; x_wconf 86' lang='lat' dir='ltr'>offendebant.</span> <span class='ocrx_word' id='word_1_389' title='bbox 2723 3898 2884 3964; x_wconf 82' lang='lat' dir='ltr'>Erat</span> <span class='ocrx_word' id='word_1_390' title='bbox 2910 3892 3103 3964; x_wconf 86' lang='lat' dir='ltr'>orbis</span> 
     </span>
     <span class='ocr_line' id='line_1_42' title="bbox 545 3980 3106 4073; baseline 0.001 -22"><span class='ocrx_word' id='word_1_391' title='bbox 545 3983 885 4052; x_wconf 81' lang='lat' dir='ltr'>terrai-um</span> <span class='ocrx_word' id='word_1_392' title='bbox 942 3980 1408 4073; x_wconf 90' lang='lat' dir='ltr'>naufragium,</span> <span class='ocrx_word' id='word_1_393' title='bbox 1462 4005 1598 4054; x_wconf 92' lang='lat' dir='ltr'>non</span> <span class='ocrx_word' id='word_1_394' title='bbox 1648 4004 2031 4071; x_wconf 88' lang='lat' dir='ltr'>aquarum,</span> <span class='ocrx_word' id='word_1_395' title='bbox 2099 3982 2217 4053; x_wconf 89' lang='lat' dir='ltr'>sed</span> <span class='ocrx_word' id='word_1_396' title='bbox 2288 3982 2887 4073; x_wconf 87' lang='lat' dir='ltr'>intemperantiae.</span> <span class='ocrx_word' id='word_1_397' title='bbox 2941 3988 3106 4053; x_wconf 86' lang='lat' dir='ltr'>Pro-</span> 
     </span>
     <span class='ocr_line' id='line_1_43' title="bbox 547 4069 3105 4162; baseline 0.001 -23"><span class='ocrx_word' id='word_1_398' title='bbox 547 4070 816 4161; x_wconf 90' lang='lat' dir='ltr'>pulsata</span> <span class='ocrx_word' id='word_1_399' title='bbox 846 4071 1033 4142; x_wconf 88' lang='lat' dir='ltr'>enim</span> <span class='ocrx_word' id='word_1_400' title='bbox 1068 4072 1546 4160; x_wconf 74' lang='lat' dir='ltr'>temperantia,</span> <span class='ocrx_word' id='word_1_401' title='bbox 1589 4072 2088 4143; x_wconf 88' lang='lat' dir='ltr'>incontinentia</span> <span class='ocrx_word' id='word_1_402' title='bbox 2140 4073 2292 4162; x_wconf 89' lang='lat' dir='ltr'>ipsa</span> <span class='ocrx_word' id='word_1_403' title='bbox 2320 4069 2840 4142; x_wconf 88' lang='lat' dir='ltr'>dominabatur.</span> <span class='ocrx_word' id='word_1_404' title='bbox 2875 4072 3105 4142; x_wconf 85' lang='lat' dir='ltr'>Virtus</span> 
     </span>
     <span class='ocr_line' id='line_1_44' title="bbox 544 4158 3099 4251; baseline 0 -23"><span class='ocrx_word' id='word_1_405' title='bbox 544 4180 625 4228; x_wconf 84' lang='lat' dir='ltr'>ex</span> <span class='ocrx_word' id='word_1_406' title='bbox 677 4159 1036 4242; x_wconf 89' lang='lat' dir='ltr'>ellebatur,</span> <span class='ocrx_word' id='word_1_407' title='bbox 1087 4173 1154 4230; x_wconf 90' lang='lat' dir='ltr'>et</span> <span class='ocrx_word' id='word_1_408' title='bbox 1178 4161 1364 4242; x_wconf 89' lang='lat' dir='ltr'>vitia,</span> <span class='ocrx_word' id='word_1_409' title='bbox 1423 4175 1777 4248; x_wconf 87' lang='lat' dir='ltr'>tamquam</span> <span class='ocrx_word' id='word_1_410' title='bbox 1827 4183 1936 4231; x_wconf 89' lang='lat' dir='ltr'>res</span> <span class='ocrx_word' id='word_1_411' title='bbox 1982 4160 2217 4248; x_wconf 91' lang='lat' dir='ltr'>aliqua</span> <span class='ocrx_word' id='word_1_412' title='bbox 2263 4158 2599 4251; x_wconf 88' lang='lat' dir='ltr'>legitima,</span> <span class='ocrx_word' id='word_1_413' title='bbox 2665 4160 3099 4232; x_wconf 89' lang='lat' dir='ltr'>colebantur.</span> 
     </span>
     <span class='ocr_line' id='line_1_45' title="bbox 546 4247 3098 4341; baseline 0 -23"><span class='ocrx_word' id='word_1_414' title='bbox 546 4251 634 4318; x_wconf 86' lang='lat' dir='ltr'>Co</span> <span class='ocrx_word' id='word_1_415' title='bbox 665 4247 786 4330; x_wconf 88' lang='lat' dir='ltr'>les,</span> <span class='ocrx_word' id='word_1_416' title='bbox 826 4261 1117 4333; x_wconf 77' lang='lat' dir='ltr'>monteS,</span> <span class='ocrx_word' id='word_1_417' title='bbox 1170 4250 1389 4322; x_wconf 87' lang='lat' dir='ltr'>saltus</span> <span class='ocrx_word' id='word_1_418' title='bbox 1434 4263 1500 4321; x_wconf 90' lang='lat' dir='ltr'>et</span> <span class='ocrx_word' id='word_1_419' title='bbox 1547 4250 1733 4331; x_wconf 81' lang='lat' dir='ltr'>viae,</span> <span class='ocrx_word' id='word_1_420' title='bbox 1787 4262 1995 4339; x_wconf 85' lang='lat' dir='ltr'>atque</span> <span class='ocrx_word' id='word_1_421' title='bbox 2050 4253 2174 4320; x_wconf 72' lang='lat' dir='ltr'>aer</span> <span class='ocrx_word' id='word_1_422' title='bbox 2228 4248 2532 4320; x_wconf 90' lang='lat' dir='ltr'>tenebris</span> <span class='ocrx_word' id='word_1_423' title='bbox 2578 4249 3098 4341; x_wconf 87' lang='lat' dir='ltr'>contegebatur.</span> 
     </span>
    </p>
   </div>
   <div class='ocr_carea' id='block_1_5' title="bbox 543 4409 3105 4519">
    <p class='ocr_par' dir='ltr' id='par_1_7' title="bbox 543 4409 3105 4519">
     <span class='ocr_line' id='line_1_46' title="bbox 597 4409 3105 4473; baseline 0.002 -22"><span class='ocrx_word' id='word_1_424' title='bbox 597 4412 626 4473; x_wconf 66' lang='lat'>⁶.</span> <span class='ocrx_word' id='word_1_425' title='bbox 652 4414 720 4451; x_wconf 84' lang='lat' dir='ltr'>De</span> <span class='ocrx_word' id='word_1_426' title='bbox 747 4409 850 4453; x_wconf 77' lang='lat' dir='ltr'>Elia.</span> <span class='ocrx_word' id='word_1_427' title='bbox 868 4413 1035 4462; x_wconf 76' lang='lat' dir='ltr'>Proph.</span> <span class='ocrx_word' id='word_1_428' title='bbox 1052 4414 1176 4463; x_wconf 75' lang='lat' dir='ltr'>(vide</span> <span class='ocrx_word' id='word_1_429' title='bbox 1196 4415 1245 4454; x_wconf 83' lang='lat' dir='ltr'>at</span> <span class='ocrx_word' id='word_1_430' title='bbox 1273 4415 1332 4455; x_wconf 72' lang='lat' dir='ltr'>ad</span> <span class='ocrx_word' id='word_1_431' title='bbox 1353 4423 1417 4457; x_wconf 80' lang='lat' dir='ltr'>xx</span> <span class='ocrx_word' id='word_1_432' title='bbox 1439 4414 1536 4456; x_wconf 66' lang='lat' dir='ltr'>Iul.</span> <span class='ocrx_word' id='word_1_433' title='bbox 1564 4425 1608 4463; x_wconf 85' lang='lat' dir='ltr'>p.</span> <span class='ocrx_word' id='word_1_434' title='bbox 1635 4415 1730 4464; x_wconf 76' lang='grc'><strong>889)</strong></span> <span class='ocrx_word' id='word_1_435' title='bbox 1759 4424 2027 4457; x_wconf 77' lang='lat' dir='ltr'>samonem</span> <span class='ocrx_word' id='word_1_436' title='bbox 2058 4411 2270 4455; x_wconf 73' lang='lat' dir='ltr'>instituit</span> <span class='ocrx_word' id='word_1_437' title='bbox 2303 4413 2546 4458; x_wconf 60' lang='lat' dir='ltr'>&amp;Ductor</span> <span class='ocrx_word' id='word_1_438' title='bbox 2571 4414 2628 4455; x_wconf 79' lang='lat' dir='ltr'>ut</span> <span class='ocrx_word' id='word_1_439' title='bbox 2647 4410 2816 4454; x_wconf 75' lang='lat' dir='ltr'>innuat</span> <span class='ocrx_word' id='word_1_440' title='bbox 2833 4411 2987 4452; x_wconf 64' lang='lat' dir='ltr'>selum</span> <span class='ocrx_word' id='word_1_441' title='bbox 3015 4420 3105 4459; x_wconf 77' lang='lat' dir='ltr'>pro</span> 
     </span>
     <span class='ocr_line' id='line_1_47' title="bbox 543 4466 1692 4519; baseline 0.003 -12"><span class='ocrx_word' id='word_1_442' title='bbox 543 4466 628 4507; x_wconf 78' lang='lat' dir='ltr'>Dei</span> <span class='ocrx_word' id='word_1_443' title='bbox 645 4475 789 4507; x_wconf 67' lang='lat' dir='ltr'>causa</span> <span class='ocrx_word' id='word_1_444' title='bbox 808 4476 915 4509; x_wconf 69' lang='lat' dir='ltr'>ene</span> <span class='ocrx_word' id='word_1_445' title='bbox 933 4468 1298 4510; x_wconf 66' lang='lat' dir='ltr'>mansuetudine</span> <span class='ocrx_word' id='word_1_446' title='bbox 1313 4468 1692 4519; x_wconf 68' lang='lat' dir='ltr'>temper-ndum.</span> 
     </span>
    </p>
   </div>
   <div class='ocr_carea' id='block_1_6' title="bbox 3300 664 3303 1211">
    <p class='ocr_par' dir='ltr' id='par_1_8' title="bbox 3300 664 3303 1211">
     <span class='ocr_line' id='line_1_48' title="bbox 3300 664 3303 1211; baseline 0 0"><span class='ocrx_word' id='word_1_447' title='bbox 3300 664 3303 1211; x_wconf 95' lang='lat' dir='ltr'> </span> 
     </span>
    </p>
   </div>
  </div>
 </body>
</html>
