3308 5004
643 345 778 423 M&
1228 359 1310 409 nn
1355 358 1414 409 s.
1465 356 1799 412 musano
1846 356 1991 410 m.
2042 354 2434 410 cuuvau..
2786 336 2983 409 AUGt-
3026 336 3131 408 20

554 448 974 539 loquebatur,
993 445 1070 528 iu
1097 441 2171 545 ent-desuetidelisservusliei,
2214 439 2309 516 ad
2337 438 2726 543 nominum·
2746 450 2895 516 tam
2926 438 3131 526 fidas-

552 536 848 620 cialiter„
892 556 1105 626 <imm
1153 531 1454 613 fideliter.
1494 531 1779 634 dicens:
1831 554 1881 606 tt
1920 529 2103 633 Quid
2146 540 2475 633 expectas
2533 533 2823 606 Domine
2881 533 3131 630 Betis-f?

555 624 928 709 Generatim
959 623 1132 704 hacc
1178 622 1474 715 &gnum
1557 631 1801 699 uaertt.
1834 619 2157 723 Aliequin
2206 640 2444 695 minus
2489 617 3133 721 apudeosnostrss

552 714 964 810 proficimus
1008 712 1262 794 vorbis,
1316 642 1642 812 nisissbs.
1677 722 1741 782 ta
1786 708 2057 811 fuerint
2087 706 2509 811 confirmata
2528 707 2995 796 sequentibus,
3016 729 3129 782 st·

553 805 737 899 gnis.
776 827 814 872 »
861 799 1116 874 Eadem
1166 799 1341 872 hora
1384 798 1601 876 exilut
1651 797 2080 890 paralyticus
2126 796 2247 870 ille
2291 795 2385 870 de
2424 796 2737 899 grabato,
2772 808 2845 870 et
2868 818 3129 899 accur·

555 916 764 977 rens,
816 902 1098 972 secutus
1143 901 1210 968 et
1254 899 1674 967 commus
1719 900 1822 962 est
1866 908 2025 962 eum
2058 940 2076 969 ,
2128 907 2332 962 secra
2374 897 2664 989 vestigia
2710 885 3119 972 devotione,

553 1006 692 1074 qua
735 980 1004 1062 debuit.
1053 977 1511 1070 amplexatus.
1563 976 1693 1054 Cui.
1719 975 1951 1050 subito
1984 974 2385 1067 procedenti
2420 974 2725 1052 obvians.
2747 998 2831 1052 ex
2860 997 3124 1048 conca-

555 1070 834 1153 nonicis
856 1089 1071 1156 unns.
1104 1068 1377 1159 expavit
1405 1076 1473 1138 et
1499 1063 1931 1140 exclamavit:
1968 1063 2318 1153 siquidem
2348 1064 2766 1156 phantasma
2800 1065 3119 1157 putabat.

558 1159 851 1246 Quando
897 1156 1086 1239 enim
1151 1156 1240 1230 de
1295 1154 1560 1258 lectulo·
1614 1153 1933 1230 crederet.
1986 1175 2273 1256 surgere
2328 1152 2695 1314 gemisse?
2750 1158 3125 1255 Egoessaql

557 1249 798 1341 magis,
829 1270 872 1322 a
917 1266 1205 1337 corpore
1250 1266 1406 1336 ejus
1447 1264 1754 1318 ammam
1806 1244 2241 1334 phantastice
2285 1265 2345 1314 si
2400 1265 2423 1316 ι
2469 1263 2881 1334 apparuisse
2926 1244 3123 1314 arbi-

557 1349 801 1419 iratus,
853 1334 1024 1419 ausu
1074 1334 1165 1414 it:
1218 1333 1338 1412 sed
1386 1331 1671 1410 demum
1721 1331 1875 1422 ipsa
1922 1344 2059 1406 tam
2107 1332 2199 1414 ei,
2251 1353 2469 1420 quam
2503 1331 2819 1414 caeteriS,
2861 1331 2964 1404 rei
3001 1352 3124 1403 ve-

564 1424 988 1508 ritas-fidem
1145 1424 1221 1495 it.
1272 1421 1639 1514 Egreditur
1684 1421 1929 1496 exinde
1977 1442 2205 1496 sermo
2252 1421 2432 1494 inter
2487 1419 2756 1502 fratres,
2814 1420 3124 1492 curritur

557 1516 646 1594 ad
697 1512 1171 1606 spectaculum
1223 1524 1370 1590 tam.
1394 1509 1820 1600 jucundum,
1865 1510 2016 1600 ipse
2050 1510 2257 1586 etiam
2292 1510 2475 1582 inter
2513 1510 2777 1601 primos
2813 1507 3123 1584 accurrit

560 1604 946 1697 Episcopus
992 1612 1059 1675 et
1103 1605 1442 1693 Legatus:
1494 1599 1658 1674 inde
1704 1599 2018 1690 pergitur
2062 1598 2147 1672 ad
2198 1597 2563 1674 ecclesia-m
2613 1620 2694 1669 eo
2742 1599 2895 1689 ipso
2925 1654 2941 1680 ,
2989 1599 3123 1686 qui

558 1690 1024 1774 convaluerat,
1079 1701 1471 1780 praeeunte,
1522 1701 1588 1760 et
1621 1687 2111 1789 ‚conclamatur
2156 1686 2228 1760 in
2260 1687 2505 1760 laudes
2543 1687 2683 1769 Dei,
2720 1687 2960 1762 eodem
2995 1709 3124 1778 pa-

559 1783 726 1854 riter
771 1780 1224 1858 concinente:
1278 1778 1419 1849 ruit
1464 1777 1783 1865 undique
1842 1776 2188 1869 populus,
2253 1789 2322 1848 et
2380 1775 2818 1860 benedicitur
2882 1782 3114 1858 Deus,

560 1869 945 1960 triumphat
991 1866 1189 1950 fides,
1243 1865 1549 1940 infidelis
1593 1866 1891 1954 quisque
1938 1863 2416 1946 confunditur,
2471 1865 2733 1942 exultat
2766 1866 3009 1956 pietas,
3049 1869 3148 1938 et‘

562 1959 886 2050 impietas
930 1956 1375 2037 contabescit.
1427 1960 1633 2030 Porro
1682 1956 1787 2026 vir
1832 1955 1949 2032 Dei
1981 1955 2255 2037 cellam,
2298 1955 2427 2029 ubi
2466 1956 2812 2038 manebat,
2850 1955 3122 2045 ingres-2

563 2071 708 2131 sus,
760 2045 1128 2137 diligenter
1170 2065 1414 2122 omnes
1457 2044 1805 2115 observari
1853 2044 2122 2127 aditus,
2183 2043 2493 2118 obserari
2547 2045 2806 2145 januas
2871 2044 3113 2134 jubet,

564 2158 651 2208 ne
691 2135 854 2294 guis
904 2146 1129 2226 pateat
1173 2155 1498 2208 accessus.
1543 2133 1800 2224 populo
1832 2133 2296 2210 concurrenti.
2334 2138 2513 2206 Sane
2542 2155 2601 2203 1s
2629 2133 2918 2221 quidem
2959 2138 3121 2206 Ber-

566 2247 691 2296 nar
742 2247 850 2306 ue,
900 2223 1025 2312 qui
1070 2245 1286 2302 sanus
1332 2221 1555 2295 factus
1600 2233 1704 2294 est
1735 2222 1895 2306 (hoc
1924 2222 2109 2294 enim
2146 2221 2398 2294 clerico
2432 2243 2683 2293 nomen
2718 2222 2918 2312 erat),
2963 2245 3120 2294 eost

568 2312 787 2406 porali
834 2311 1168 2390 beneficio
1217 2332 1354 2383 non
1417 2312 1734 2403 ingratus
1764 2366 1781 2393 ‚
1850 2311 2209 2403 magisque
2269 2310 2583 2383 solicitus
2633 2332 2761 2412 pro
2817 2311 3123 2382 remedio

564 2401 937 2494 spirituali,
991 2413 1269 2478 secutus
1316 2412 1420 2474 est
1466 2422 1740 2473 servum
1791 2400 2064 2483 Christi,
2119 2400 2581 2472 monasticum
2626 2421 2699 2469 m
2740 2399 3120 2471 claravalle

564 2492 878 2565 ordinem
932 2491 1284 2582 profitens,
1339 2502 1406 2563 et
1447 2489 1768 2563 habitum
1821 2512 2131 2565 sumens.
2183 2494 2237 2561 A
2280 2511 2420 2591 quo
2465 2487 2672 2562 etiam
2724 2489 2987 2561 missus
3025 2489 3117 2562 ad

569 2594 793 2674 partes
841 2581 1091 2657 iter-um
1139 2580 1534 2662 Tolosanas,
1569 2580 1897 2651 etAbbas
1930 2578 2545 2679 illic-constituturi,
2591 2576 2940 2667 hodieque
2974 2600 3123 2663 rno-

568 2669 866 2745 nasterio
908 2682 1194 2761 praeest,
1233 2668 1419 2758 quod
1450 2668 1662 2739 Vallis
1694 2673 1923 2757 Aquae
1961 2668 2246 2738 dicitur.

653 2763 693 2850 ἓ
742 2765 903 2839 22.
957 2765 1122 2829 Cum
1172 2772 1400 2829 autem
1454 2780 1574 2848 per
1613 2770 1832 2829 totum
1863 2758 1952 2828 ab
1989 2756 2229 2828 eadem
2263 2755 2620 2847 provincia
2653 2755 2954 2829 reditum
2993 2756 3123 2826 viri

567 2848 789 2921 sancti
840 2847 1063 2938 magis
1099 2846 1456 2937 magisque
1486 2847 1685 2938 signa
1714 2847 2245 2927 crebrescerent,
2280 2858 2346 2916 et
2379 2843 3016 2935 multiplicarentur
3044 2844 3120 2916 in

567 2938 739 3019 dies,
794 2959 929 3006 non
967 2936 1575 3037 praetereundum,
1611 2934 1945 3024 quidnam
1983 2934 2132 3026 ipse
2159 2932 2379 3010 animi
2408 2932 2587 3005 inter
2620 2933 2800 3034 baec·
2874 2945 3112 3034 ereret,

568 3026 692 3113 qui
738 3046 780 3095 a
828 3024 1093 3096 Christo
1139 3023 1600 3097 humilitatem
1665 3023 1895 3095 cordis
1948 3036 2014 3094 et
2068 3021 2676 3095 mansuetudinem
2730 3022 2811 3095 di
2856 3024 3107 3094 icisset.

569 3115 943 3204 Disputans
989 3114 1173 3184 enim
1226 3135 1460 3184 secum
1512 3114 1581 3183 in
1630 3112 2167 3214 cogitationibus
2206 3111 2379 3193 suis,
2413 3122 2479 3182 et
2516 3133 2597 3182 ex
2637 3112 2787 3202 ipsa
2829 3111 3112 3209 demum

570 3201 844 3274 locutus
891 3201 1322 3273 abundantia
1370 3202 1599 3273 cordis
1647 3225 1781 3282 sul,
1834 3201 2232 3273 domesticis
2270 3199 2403 3272 sibi
2446 3200 2797 3292 religiosis
2826 3198 3116 3287 qulbus-

569 3289 728 3363 dam
780 3288 1110 3364 fratribus
1158 3290 1423 3378 ajebat:
1481 3313 1518 3357 «
1569 3290 1957 3362 Plurimum
2012 3291 2271 3370 miror,
2339 3289 2676 3377 quidnam
2749 3288 2880 3361 sibi
2939 3286 3118 3359 haec

571 3377 907 3450 miracula
957 3378 1203 3449 velint:
1256 3377 1425 3466 quid
1474 3379 1699 3448 visum
1749 3379 1838 3449 sit
1885 3384 2040 3459 Deo,
2081 3379 2246 3450 talia
2275 3378 2557 3449 actitare
2589 3401 2712 3470 per
2741 3378 2969 3450 talem.
3010 3376 3118 3447 Nil

573 3466 746 3537 mibi
796 3466 1028 3537 videor
1075 3467 1145 3537 in
1192 3466 1409 3539 sacris
1494 3466 1720 3558 aginis
1754 3490 1963 3558 super
1995 3467 2124 3540 hoc
2157 3488 2407 3559 genere
2440 3467 2503 3538 le:
2558 3467 2689 3540 ‘sse
2720 3467 3114 3558 signorum.

572 3555 924 3643 Siquidem
973 3555 1150 3626 facta
1197 3568 1362 3626 sunt
1406 3578 1443 3626 a
1478 3555 1785 3644 iquando
1824 3556 2022 3647 signa
2055 3579 2177 3647 per
2208 3570 2485 3629 sanctos
2560 3556 2833 3627 omines
2862 3568 2929 3627 et
2963 3576 3120 3646 per-

569 3643 801 3727 fectos,
855 3643 1032 3717 sacta
1080 3657 1265 3725 sunt,
1317 3656 1384 3715 et
1433 3667 1552 3734 per
1597 3644 1820 3717 fictos.
1873 3650 2012 3735 Ego
2063 3645 2231 3716 mihi
2286 3667 2410 3716 nec
2451 3644 2889 3736 perfectionis
2950 3665 3122 3717 con·

570 3734 762 3806 scius
810 3755 992 3815 sum,
1049 3756 1173 3805 nec
1221 3732 1544 3805 fictionis.
1599 3733 1750 3804 Scio
1796 3733 1984 3804 enim
2034 3746 2427 3808 sanctorum
2482 3732 2655 3805 mihi
2688 3755 2824 3803 non
2863 3754 3125 3824 suppe-

572 3836 712 3894 tere
763 3823 1040 3905 merita,
1091 3844 1267 3911 quae
1317 3821 1676 3894 miraculis
1726 3821 2196 3893 illustrentur:
2249 3822 2524 3895 confido
2571 3834 2804 3894 autem
2859 3844 2982 3892 nec
3030 3821 3125 3892 ad

567 3934 807 3984 eorum
860 3924 1110 3985 sortem
1162 3933 1271 3981 me
1320 3912 1684 4002 pertinere,
1736 3913 1857 4000 qui
1906 3912 2189 3983 virtutes
2239 3912 2495 3983 multas
2542 3911 2615 3982 in
2666 3911 2947 3983 nomine
2993 3914 3125 3983 Do-

573 4002 744 4072 mini
792 4013 1190 4092 operantur,
1241 4012 1308 4071 et
1354 4023 1394 4070 a
1441 4001 1733 4072 Domino
1781 4002 2216 4092 ignorantur.
2273 4024 2309 4069 »
2357 4006 2539 4074 Haec
2585 4013 2652 4072 et
2709 3998 3121 4088 hujusmodi

571 4091 883 4162 crebrius
929 4091 1396 4177 secretiusque
1441 4112 1602 4161 cum
1658 4089 1820 4159 viris
1869 4090 2354 4181 spiritualibus
2404 4089 2820 4163 conferebat.
2877 4088 3123 4159 Novis-

571 4179 745 4250 sime
795 4201 949 4249 vero
995 4191 1464 4270 opportunum
1515 4178 1792 4249 sibimet
1841 4178 2028 4249 visus
2074 4180 2331 4250 exitum
2391 4179 2766 4281 reperisse:
2819 4200 2854 4245 α
2911 4178 3067 4248 Scio
3096 4232 3115 4259 ,

571 4269 821 4356 inquit,
874 4267 1280 4358 hujusmodi
1326 4266 1527 4357 signa
1575 4289 1712 4337 non
1760 4266 1848 4337 ad
1897 4268 2325 4339 sanctitatem
2366 4289 2605 4351 uniuS,
2651 4267 2769 4338 sed
2809 4265 2896 4336 ad
2935 4265 3123 4338 mul·

576 4367 800 4426 torum
850 4368 1158 4446 spectare
1206 4355 1535 4427 salutem:
1593 4356 1739 4429 ne&
1785 4362 1995 4427 Deum
2062 4357 2133 4427 in
2205 4357 2526 4439 homine,
2591 4378 2713 4449 per
2758 4377 2964 4445 quem
3017 4367 3123 4425 ta-

575 4440 668 4513 lia
714 4456 1057 4535 operetur,
1101 4443 1583 4534 perfectionem
1633 4446 2097 4530 considerare,
2136 4446 2255 4517 sed
2303 4446 2742 4538 opinionem:
2796 4456 2869 4515 ut
2919 4445 2993 4514 in
3041 4465 3126 4514 eo
