3308 5004
722 346 850 411 650
1261 361 1349 408 ns
1387 361 1442 409 s.
1494 359 1766 410 stoacio
1815 360 1980 410 nuc.
2033 362 2118 409 rr
2155 360 2356 411 sonus
2403 361 2520 412 n.
2845 346 3046 415 Auc..
3089 349 3177 416 Ἠ

632 445 1073 518 laudationis.
1128 445 1371 537 Repeti
1419 445 1623 517 cuam
1660 445 1846 539 apud
1880 445 2036 519 illos
2066 451 2137 517 B.
2179 446 2663 519 Felicemcum
2709 469 2842 520 sua
2868 451 3183 543 conjuge

633 535 932 607 Liliosa:
982 535 1104 624 qui
1150 546 1218 605 et
1275 535 1409 626 ipsi
1462 535 1674 606 etiam
1716 534 1956 607 omnia
2001 557 2129 608 sua
2183 536 2682 618 vendiderant,
2733 550 2799 609 et
2861 560 2988 631 per
3027 539 3189 612 loca

633 638 869 697 sancta
919 646 1040 695 seu
1087 623 1515 715 pauperibus
1560 635 2030 716 erogaverant,
2084 626 2305 716 parati
2351 647 2568 708 omne
2603 648 2825 717 genus
2875 637 3188 700 torma·

634 726 871 785 torum
916 725 1193 804 prepter
1243 713 1492 783 Filium
1541 714 1658 783 Dei
1705 725 1774 785 et
1818 712 2253 785 dilectionem
2301 714 2455 803 ejus
2509 715 2885 806 suscipere.
2935 722 3187 791 Pom

629 803 805 873 exivi
852 802 940 874 ab
987 802 1111 884 eis,
1163 813 1231 871 et
1274 823 1546 885 causas,
1596 802 1857 891 quibus
1905 802 2422 894 praepediebar,
2464 826 2630 876 cum
2660 805 2858 875 omni
2885 805 3187 879 festina·

632 891 815 963 tione
847 891 1188 983 disposui,
1222 902 1289 960 et
1334 890 1435 960 sic
1480 892 1791 963 securior
1826 890 1914 962 ad
1960 913 2076 962 eos
2123 913 2440 964 reversus
2487 911 2700 963 sums⁸
2722 895 2852 978 Qui
2900 894 3084 967 laeti
3123 909 3188 967 et

626 979 1013 1052 exultantes
1042 979 1127 1049 de
1147 978 1374 1049 reditu
1405 1001 1579 1060 meo,
1615 981 1873 1071 gratias
1901 985 2032 1051 Deo
2065 980 2468 1063 retulerunt,
2502 981 2831 1054 dicentes:
2865 984 3182 1068 Scimus,

629 1067 845 1140 frater
878 1068 1310 1149 charissime,
1345 1067 1510 1155 quia
1544 1069 1876 1139 Dominus
1913 1069 2102 1141 misit
2148 1082 2210 1140 te
2257 1070 2345 1140 ad
2379 1091 2529 1152 nos,
2572 1083 2650 1142 ut
2688 1071 3003 1162 palmam
3065 1096 3185 1146 no·-

627 1157 901 1230 biscum
937 1156 1252 1248 martyrii
1292 1155 1551 1247 dignus
1588 1158 1958 1249 exciperes,
1999 1181 2037 1224 »

713 1249 753 1335 ἓ
798 1250 936 1320 18.
990 1252 1340 1317 Praeterea
1370 1267 1611 1318 omnes
1648 1247 1719 1317 in
1754 1268 2128 1318 commune
2154 1246 2407 1319 dehinc
2435 1248 2737 1340 cogitare
2761 1265 3174 1340 cooperiunt,

626 1335 976 1494 guomodo
1036 1333 1124 1405 ad
1178 1334 1635 1406 desideratam
1687 1335 2124 1427 pervenirent
2184 1358 2534 1407 coronam.
2602 1336 2816 1420 Unde,
2879 1340 3179 1413 Domino

678 1425 1094 1513 ispensante‚
1150 1423 1374 1494 visum
1422 1436 1525 1494 est
1568 1422 1710 1494 illis
1739 1479 1756 1507 ,
1809 1437 1889 1496 ut
2024 1438 2298 1517 rget-ent
2342 1446 2588 1496 uxores
2626 1427 2996 1498 beatorum
3049 1435 3177 1501 Au·

625 1512 779 1583 relii
807 1524 872 1583 et
897 1512 1140 1583 Felicis
1174 1511 1489 1583 revelatis
1523 1512 1829 1584 vultibus
1854 1536 1894 1583 a
1968 1514 2354 1595 ecclesiam,
2390 1514 2448 1585 si
2478 1513 2647 1586 forte
2677 1536 2795 1586 ees
2825 1515 3172 1608 alligandi

625 1601 912 1673 daretur
937 1602 1229 1673 occasio.
1284 1606 1362 1671 Et
1407 1601 1558 1682 hoc,
1621 1623 1759 1671 non
1806 1603 2007 1691 quasi
2055 1602 2494 1673 immemores
2542 1605 2888 1695 praecepti
2939 1609 3168 1678 Domi·

564 1747 575 1753 -
625 1691 790 1771 uici,
843 1692 966 1779 qui
1012 1691 1149 1760 ait:
1200 1692 1282 1760 Si
1309 1713 1424 1761 vos
1515 1693 1804 1761 ersecuti
1848 1694 2104 1780 fuerint
2141 1694 2213 1762 in
2263 1714 2409 1762 una
2464 1694 2757 1775 cim'mte,
2970 1697 2988 1710 ⁶
3107 1699 3171 1766 ia

623 1781 842 1850 aliam
870 1806 894 1849 .·
945 1778 1060 1851 sed
1096 1790 1174 1850 ut
1205 1799 1445 1881 exemp
1476 1802 1593 1849 um
1631 1779 1875 1850 flerent
1904 1779 2069 1863 illis,
2112 1781 2232 1867 qui
2260 1802 2387 1872 pro
2424 1780 2563 1851 fide
2595 1782 2844 1852 Christi
2933 1785 3168 1855 irenis

624 1882 821 1939 erant
855 1866 1153 1938 vinculis
1189 1867 1586 1958 mancipati,
1643 1891 1728 1938 ne
1775 1868 2057 1956 quando
2087 1869 2171 1938 ad
2211 1869 2523 1962 martyrii
2577 1870 2886 1960 palmam
2924 1893 3165 1976 prope-

620 1977 780 2028 rare
826 1956 1169 2027 timerent.
1222 1961 1389 2026 Nam
1439 1958 1936 2029 revertentibus
1982 1957 2069 2027 de
2111 1957 2402 2029 ecclesia
2441 1956 2876 2041 mulieribus,
2928 1962 3163 2032 accidit

624 2058 704 2115 ut
747 2045 1034 2134 quidam
1083 2057 1359 2115 exactor
1412 2044 1764 2136 malignus
1809 2047 1919 2122 eis,
1954 2046 2200 2116 obvius
2259 2059 2481 2117 esset:
2533 2068 2836 2136 cumque
2869 2064 3150 2120 causam

623 2132 858 2205 cultus
896 2143 1317 2225 agnosceret,
1381 2133 1545 2204 ilico
1571 2187 1587 2217 ,
1641 2150 1922 2226 sumpta
1967 2136 2328 2205 occasione
2364 2192 2379 2218 ,
2433 2135 2616 2206 viros
2655 2158 2902 2208 earum
2968 2138 3155 2227 quasi

624 2224 1326 2314 nesciusinterrogat,
1384 2222 1551 2310 quid
1603 2223 1737 2293 sibi
1789 2223 1987 2294 vellet
2028 2222 2183 2294 talis
2216 2223 2682 2298 foeminarum
2722 2246 3147 2327 progressus·

624 2312 750 2396 Qui
789 2312 1341 2404 responderuntz
1395 2310 1758 2394 Fidelium,
1803 2323 1880 2383 ut
1909 2312 2151 2394 scitur,
2188 2334 2337 2384 mos
2364 2326 2466 2385 est
2494 2313 2823 2385 ecclesias
2853 2317 3137 2397 visitare,

621 2413 687 2471 et
732 2401 909 2471 atria
942 2399 1434 2472 venerabilium
1488 2413 1872 2490 martyrum
1906 2402 2060 2491 piae
2090 2401 2474 2473 devotionis
2502 2402 2891 2474 humilitate
2921 2403 3136 2490 requi·

622 2511 794 2561 rere.
848 2495 1023 2583 Ergo
1055 2502 1121 2561 et
1153 2509 1302 2569 nos,
1340 2488 1506 2577 quia
1530 2489 1839 2562 e'usdem
1876 2490 2231 2583 religionis
2278 2513 2546 2574 sumus,
2599 2493 3126 2583 profitemuraos

621 2601 703 2649 ac
735 2580 1062 2649 mulieres
1117 2590 1407 2660 nostra&
1441 2570 1539 2648 'eo
1590 2600 1698 2649 em
1749 2600 2076 2651 accensos
2134 2581 2301 2665 zelo,
2361 2580 2586 2672 ipsius
2638 2580 2804 2652 fidei
2837 2591 3123 2652 sanctim

621 2681 888 2758 gestare
921 2666 1271 2738 vexillum.
1307 2666 1686 2756 Statimque
1715 2667 1981 2739 delator
1994 2668 2305 2760 judicem
2333 2670 2768 2762 aggrediens,
2791 2671 2857 2740 ei
2878 2689 3131 2741 omnem

619 2778 860 2828 eorum
897 2758 1229 2828 rationem
1274 2757 1611 2846 exposuit.
1666 2762 1931 2827 Interea
1965 2758 2151 2829 vadit
2188 2758 2514 2828 dominus
2553 2759 2872 2831 Aurelius
2899 2758 2981 2829 ad
3004 2758 3140 2850 jam

619 2845 889 2916 dictum
917 2845 1439 2925 monasterium,
1482 2844 1665 2915 silias
1703 2846 2128 2930 visitaturus,
2163 2868 2244 2918 ae
2273 2859 2665 2918 sanctorum
2707 2847 2808 2918 ibi
2855 2852 2990 2920 Deo
3015 2867 3146 2918 set·—

618 2935 955 3004 vientium
980 2956 1052 3004 se
1080 2933 1510 3005 orationibus
1539 2934 2174 3007 commendaturus.
2209 2937 2479 3020 Quibus
2506 2957 2662 3005 cum
2698 2937 2902 3026 pacis
2919 2935 3149 3008 oscuh

618 3022 1056 3105 valedicens,
1108 3021 1383 3093 coelesti
1432 3022 1683 3093 virtute
1730 3036 2061 3106 armatus,
2105 3025 2192 3094 ad
2243 3025 2553 3115 martyrii
2599 3024 2950 3116 praelium
2997 3044 3153 3098 eun

619 3112 831 3182 sociis
858 3112 1238 3181 revertitur.

706 3203 745 3288 ξ
793 3202 946 3271 lo.
998 3200 1221 3292 Igitur
1252 3221 1412 3271 cum
1466 3199 1798 3290 prolatam
1851 3199 2183 3273 adversus
2230 3213 2507 3273 sanctos
2537 3201 2654 3271 Dei
2699 3202 2922 3292 Judex
2951 3223 3158 3292 quae·

620 3289 912 3360 stionem
952 3287 1357 3369 intenderet,
1409 3289 1750 3376 sciretque
1796 3300 2143 3359 auctorem
2191 3311 2341 3360 esse
2379 3290 2584 3382 hujus
2632 3292 2731 3360 rei
2769 3293 3157 3373 Aurelium,

621 3377 902 3473 gravius
947 3400 1028 3448 ex
1076 3377 1205 3447 hoc
1255 3376 1546 3447 interius
1601 3375 2026 3459 vulneratus,
2079 3379 2424 3469 praecepit
2478 3400 2590 3448 eos
2649 3401 3164 3539 quamgrepere

620 3467 770 3539 suis
799 3466 1283 3558 conspectibus
1330 3467 1776 3556 praesentari.
1829 3471 2019 3536 Tunc
2061 3466 2313 3538 milites
2345 3467 2582 3558 rapido
2614 3490 2830 3539 cursu
2911 3491 3162 3542 om

619 3556 839 3627 sancti
872 3555 1124 3625 Aurelii
1173 3568 1611 3645 occupantes,
1667 3555 1738 3625 in
1786 3576 1927 3644 qua
1972 3576 2214 3626 omnes
2259 3557 2474 3627 sancti
2518 3555 2786 3627 collecti
2817 3573 3059 3642 erant,
3095 3561 3163 3631 in

618 3643 887 3714 foribus
932 3644 1163 3714 adhuc
1209 3642 1512 3714 clamare
1556 3657 1971 3735 coeperunt:
2015 3644 2203 3715 Exite
2247 3645 2497 3725 miseri,
2535 3645 2710 3716 exite
2744 3645 2971 3720 citius
3023 3670 3168 3721 mo—

618 3733 873 3805 rituri:
921 3733 1180 3822 quibus
1224 3746 1327 3804 est
1363 3733 1500 3803 vita
1539 3734 1871 3815 taedium,
1913 3745 1979 3803 et
2032 3754 2218 3804 mors
2250 3755 2372 3824 pro
2420 3732 2630 3825 gloria
2676 3749 3166 3826 computatum

618 3826 717 3892 En
747 3822 963 3911 ,iudex
1013 3835 1282 3914 praesto
1317 3834 1442 3903 est,
1470 3836 1758 3981 paratus
1786 3822 1933 3913 jam
1968 3821 2318 3894 decretum
2352 3823 2629 3894 ultionis
2658 3823 2736 3894 in
2767 3845 2894 3896 vos
2939 3828 3171 3899 effin-

616 3911 801 3981 dere.
855 3912 1118 4002 Pei-gite
1149 3932 1341 3981 nunc
1383 3910 1467 3981 de
1520 3912 1692 3982 itum
1730 3911 1968 3981 mortis
1995 3911 2216 3981 malae
2245 3911 2604 3993 exsolvere,
2638 3925 2706 3983 et
2740 3913 3168 4004 pendente-

617 4000 1029 4070 commissae
1078 4000 1682 4091 praevaricationis
1729 4000 2074 4070 sustinere
2116 4001 2537 4073 sententiam.
2593 4000 2762 4071 Exin
2813 4003 2954 4074 vini
3007 4024 3170 4078 αι-

622 4087 1035 4159 mulieribus
1074 4088 1220 4157 suis
1295 4089 1448 4159 uasi
1481 4088 1565 4158 ad
1617 4088 1864 4180 epulas
1903 4088 2060 4159 laeti
2107 4089 2519 4180 prosiliunt,
2583 4102 2663 4161 ut
2703 4103 3170 4182 putaresssoes

616 4176 894 4246 credere
913 4178 1060 4268 jam
1096 4110 1288 4267 ειριιὲ1
1325 4177 1634 4266 judicem
1686 4199 1814 4248 sua
1849 4178 2156 4248 invenire
2201 4178 2504 4261 donaria,
2555 4178 2677 4267 qui
2734 4180 2915 4251 nihil
2973 4180 3168 4257 ahud

615 4286 790 4356 pene
828 4277 1142 4356 poterant
1190 4265 1460 4348 habere,
1498 4286 1718 4355 quam
1748 4279 2109 4337 tormenta.
2161 4272 2240 4337 At
2276 4279 2553 4341 sanctus
2584 4269 2962 4360 Georgius.
3005 4292 3166 4344 ou·

616 4354 904 4423 minime
933 4366 1241 4424 cerneret
1273 4377 1315 4424 a
1347 4355 1706 4426 lictoribus
1726 4377 1800 4426 se
1821 4354 2059 4437 teneri,
2092 4355 2250 4426 ilico
2273 4377 2566 4447 superna
2598 4356 2816 4428 fretus
2835 4354 3164 4442 adeum,

616 4460 775 4509 cum
818 4440 1341 4530 exprobratione
1375 4444 1801 4535 proclamat:
1856 4466 1893 4513 «
1922 4450 2146 4528 Quare
2190 4444 2568 4519 molestiam
2599 4444 2784 4519 hanc
2821 4444 3174 4523 fidelihus
