3308 5004
214 327 401 396 ΔΗΕ.
460 327 542 394 12
1124 347 1204 396 m:
1248 345 1306 396 s.
1352 345 1561 396 ctam
1606 345 1865 397 ¹matum
2553 333 2682 400 273

219 426 599 498 mutatione
648 425 941 498 ulterius
990 427 1304 508 fluctuat,
1345 449 1479 498 non
1509 448 1640 586 Pro
1679 427 2093 498 arctitudine
2139 428 2434 511 dubitat,
2484 451 2610 501 nec
2645 452 2772 521 pro

215 515 595 586 solitudine
627 515 1051 586 reformidat.
1105 521 1285 587 Haec
1330 528 1433 587 est
1481 517 1503 585 i
1535 516 1602 586 la
1645 515 1960 597 ecclesia,
1997 516 2067 585 in
2098 518 2309 606 cujus
2344 519 2774 610 reparatione

215 604 633 675 Franciscus
667 606 843 675 miro
877 605 1332 676 desudaverat
1360 604 1618 686 studio,
1663 605 2002 695 cujusque
2034 607 2370 678 sacerdoti
2405 609 2778 698 pecuniam

208 693 562 765 obtulerat
612 716 735 785 pro
781 716 987 785 opere
1034 694 1444 785 reparando.
1500 699 1680 766 Haec
1710 707 1833 775 est,
1870 695 1941 764 in
1992 716 2130 781 qua
2161 695 2328 768 dum
2367 697 2779 770 Franciscus

215 795 467 865 oraret,
506 805 633 853 vox
681 783 768 853 ad
816 806 974 853 eum
1010 783 1095 853 de
1129 783 1319 875 ligno
1353 784 1590 856 Crucis
1629 782 1925 873 dilapsa,
1973 784 2328 855 insonuit:
2385 787 2774 867 Francisce,

220 871 412 953 vade,
472 874 715 964 repara
754 872 1048 943 domum
1104 895 1351 954 meam,
1404 894 1581 960 quae
1628 885 1706 943 ut
1749 871 2003 952 cernis,
2050 886 2186 945 tota
2232 873 2639 946 destruitur.
2698 880 2779 946 In

223 958 440 1051 huJus
486 961 713 1032 locelli
760 960 1109 1052 ergastulo
1142 1016 1159 1044 ,
1213 961 1525 1034 coelestis
1586 982 1820 1031 amore
1875 962 2122 1051 Sponsi
2152 1016 2168 1044 ,
2221 962 2414 1053 virgo
2463 985 2538 1034 se
2586 964 2781 1034 Clara

218 1049 587 1122 conclusit.
641 1055 718 1121 In
770 1051 900 1121 hae
951 1073 1024 1123 se
1071 1073 1108 1120 a
1158 1050 1406 1124 mundi
1455 1055 1854 1140 tempestate
1901 1049 2158 1132 calane,
2215 1072 2495 1142 corpus,
2548 1052 2776 1139 quoad

218 1137 498 1220 viveret,
560 1139 961 1210 carceravit.
1013 1144 1088 1210 In
1142 1139 1359 1229 hujus
1407 1160 1698 1212 caverna
1749 1139 2128 1219 maceriae,
2192 1140 2520 1211 columba
2573 1141 2776 1211 dear-

218 1240 499 1316 gentata
548 1228 942 1310 nidificans,
996 1228 1345 1319 virginum
1386 1228 1636 1300 Christi
1681 1226 2054 1318 collegium
2108 1229 2369 1319 genuit,
2430 1244 2775 1301 monaste·-

220 1315 403 1387 rium
436 1331 751 1388 sanctum
789 1317 1109 1399 instituit,
1147 1339 1527 1407 pauperum
1556 1316 2000 1388 dominarum
2038 1317 2363 1387 Ordinem
2397 1317 2767 1389 inchoavit.

219 1404 352 1475 Hic
384 1405 455 1474 in
489 1407 597 1476 via
628 1405 1090 1507 poenitentiae
1123 1406 1360 1497 glebas
1406 1406 1876 1478 membrorum
1931 1405 2122 1476 terit:
2178 1406 2289 1476 hic
2326 1407 2588 1478 semina
2625 1429 2774 1498 per·

218 1491 441 1564 fectae
470 1494 783 1581 justitiae
815 1494 1146 1566 seminat:
1202 1495 1313 1564 hic
1355 1494 1626 1566 incessu
1668 1493 1945 1585 proprio
1980 1495 2038 1564 si
2095 1508 2210 1564 nat
2257 1496 2539 1586 vestigia
2575 1518 2776 1566 secu·

220 1582 423 1652 turiS.
467 1588 545 1654 In
580 1584 708 1655 hoc
746 1596 935 1654 arcto
981 1583 1360 1656 reclusorio
1394 1605 1515 1674 per
1553 1582 2014 1674 quadraginta
2071 1605 2195 1654 uos
2224 1606 2447 1655 annos
2478 1585 2783 1676 gloriose

222 1683 331 1742 est
364 1686 786 1743 conversata.

308 1760 348 1846 ξ
378 1767 471 1832 6.
512 1762 872 1862 Spargitur
901 1760 1087 1832 enim
1123 1759 1331 1851 paulo
1359 1772 1512 1851 post
1537 1760 1773 1853 opinio
1803 1760 2190 1832 sanctitatis
2225 1761 2514 1852 virginis
2545 1763 2782 1834 Clarae

221 1869 349 1938 per
398 1872 743 1938 proxlmas
792 1851 1107 1941 regiones
1145 1863 1221 1920 ut
1266 1850 1338 1919 in
1389 1849 1668 1920 odorem
1720 1862 2238 1940 unguentorum
2274 1852 2424 1938 ejus
2471 1851 2781 1940 undique

221 1936 555 2009 mulieres
579 1953 887 2010 currant.
932 1939 1280 2010 Festinant
1312 1938 1614 2029 virgines
1647 1938 1802 2026 ejus
1833 1939 2148 2030 exemplo
2183 1940 2448 2012 Christo
2479 1962 2774 2022 servare,

222 2026 410 2112 quod
464 2042 658 2106 sunt:
716 2029 1069 2098 maritatae
1107 2028 1365 2098 castius
1398 2050 1597 2117 agere
1646 2031 2011 2116 satagunt:
2045 2028 2310 2098 nobiles
2337 2043 2402 2102 et
2443 2029 2772 2109 illustres,

222 2114 480 2205 amplis
509 2119 917 2208 contemptis
947 2116 1242 2208 palatiis»,
1278 2131 1466 2187 arcta
1493 2116 1626 2187 sibi
1659 2117 2075 2187 monasteria
2108 2130 2545 2199 construunt,
2572 2132 2777 2207 atque

224 2225 351 2292 pro
400 2205 665 2277 Christo
714 2207 781 2276 in
834 2207 1065 2277 cinere
1108 2218 1174 2275 et
1201 2204 1432 2276 cilicio
1480 2205 1724 2286 vivere,
1766 2226 2088 2294 magnam
2135 2206 2427 2297 gloriam
2477 2207 2769 2277 ducunt.

221 2291 465 2362 Plures
513 2295 810 2382 denique
859 2295 1302 2364 matrimonio
1358 2294 1634 2386 juncti,
1692 2307 1934 2366 mutuo
2001 2315 2350 2366 consensu
2415 2297 2778 2366 continen-

222 2381 398 2451 tium
435 2404 507 2453 se
556 2382 703 2475 lege
752 2383 1150 2464 vincientes,
1205 2382 1332 2451 viri
1392 2383 1475 2452 ad
1529 2382 1861 2463 Ordines,
1916 2404 2163 2453 uxores
2208 2384 2295 2453 ad
2363 2384 2780 2454 monasteria

223 2481 611 2542 transeunt.
668 2478 877 2543 Mater
909 2471 1150 2552 filiam,
1186 2471 1329 2543 filia
1372 2484 1658 2543 matrem
1712 2472 1954 2542 invitat
2007 2471 2094 2541 ad
2137 2472 2530 2543 Christum:
2586 2495 2780 2543 soror

222 2582 494 2631 sorores
542 2562 792 2644 allicit,
862 2574 928 2630 et
977 2561 1187 2630 amita
1235 2575 1498 2663 neptes.
1553 2564 1805 2630 Omnes
1875 2560 2148 2631 aemulo
2208 2561 2467 2633 fervore
2517 2563 2781 2631 Christo

221 2650 481 2719 servire
510 2651 928 2720 desiderant.
983 2654 1234 2721 Omnes
1284 2662 1457 2719 v1tae
1507 2649 1883 2740 angelicae,
1941 2671 2078 2736 qua
2126 2650 2337 2720 enitet
2385 2651 2582 2721 Clara
2635 2650 2787 2720 fieri

224 2739 601 2830 participes
647 2752 907 2831 optant.
963 2744 1375 2810 Innumerae
1424 2739 1761 2830 virgine5‚
1835 2738 2066 2809 Clarae
2130 2740 2535 2810 rumoribus
2601 2740 2788 2809 exci-

222 2839 426 2908 tatae,
484 2828 650 2901 dum
702 2829 788 2899 ad
823 2828 1261 2899 claustralem
1301 2828 1509 2898 vitam
1559 2828 1854 2898 transire
1889 2849 2024 2897 non
2077 2828 2497 2917 praevalent,
2555 2829 2625 2898 in
2755 2867 2785 2881 -

223 2916 378 2988 triis
438 2916 763 2990 domibus
811 2918 959 2988 sine
1008 2917 1246 3009 regula
1302 2917 1707 3009 regulariter
1755 2917 1976 2986 vivere
2033 2916 2337 2987 student.
2391 2923 2604 2987 Tanta
2667 2851 2788 2986 ffic

222 3004 475 3076 salutis
521 3007 834 3098 germina
885 3008 1074 3098 virgo
1128 3007 1328 3079 Clara
1381 3008 1529 3078 suis
1578 3006 2004 3096 parturiebat
2048 3005 2411 3096 exemplis,
2457 3018 2536 3075 ut
2585 3006 2657 3074 in
2707 3028 2790 3076 ea

224 3093 577 3165 videretur
610 3095 886 3185 impleri
940 3096 1418 3186 propheticum
1477 3095 1689 3167 illud:
1741 3097 1944 3164 Multi
1982 3096 2122 3185 filii
2163 3096 2465 3166 desertae
2496 3150 2511 3176 ‚
2566 3098 2787 3186 mayis

270 3205 434 3252 uam
483 3186 628 3273 ejas
675 3208 850 3275 quae
897 3185 1093 3256 habet
1134 3188 1359 3255 virum
1394 3185 1515 3275 (Is.
1556 3182 1709 3272 mv).
1770 3188 2035 3253 Interea
2085 3206 2172 3253 ne
2220 3184 2536 3255 coelestis
2576 3183 2785 3269 hujus

223 3205 728 3342 benedictionis
786 3296 979 3355 vena,
1032 3297 1210 3361 quae
1258 3275 1326 3343 in
1379 3273 1553 3342 valle
1603 3271 1965 3361 Spoletana
2009 3272 2205 3362 (sive
2254 3272 2571 3360 Umbria)
2631 3294 2781 3342 sca-

225 3360 448 3442 turiit,
490 3361 726 3433 breves
776 3362 956 3432 intra
997 3363 1326 3434 terminos
1387 3360 1869 3442 concludatur,
1926 3362 2025 3431 sic
2063 3360 2301 3430 divina
2353 3361 2780 3452 providentia

226 3446 580 3519 derivatur
626 3451 695 3519 in
739 3472 1041 3533 amnem,
1092 3464 1171 3522 ut
1225 3451 1540 3521 fluminis
1587 3450 1890 3541 impetus
1940 3461 2147 3521 totam
2195 3449 2537 3520 Ecclesiae
2585 3449 2778 3521 laeti-

229 3538 385 3609 ficet
431 3538 803 3609 civitatem.
839 3545 1008 3611 Nam
1061 3551 1404 3610 tantarum
1460 3539 1726 3610 novitas
1775 3560 2004 3609 rerum
2057 3538 2259 3628 longe
2292 3538 2560 3625 lateque
2593 3552 2781 3608 tran-

231 3627 388 3698 sivit
438 3628 509 3697 in
549 3628 812 3710 orbem,
865 3642 931 3699 et
964 3628 1221 3717 ubique
1259 3630 1529 3699 animas
1568 3627 1793 3718 coepit
1833 3627 2235 3700 lucrifacere
2281 3628 2569 3699 Christo.

704 3769 915 3834 Clausa
950 3787 1207 3833 manens
1235 3769 1429 3845 Clara,
1461 3776 1591 3831 toto
1622 3771 1952 3832 clarescere
1981 3770 2218 3831 mundo

708 3850 949 3931 Incipit,
979 3858 1041 3913 et
1069 3852 1320 3915 laudum
1357 3850 1551 3912 titulis
1579 3849 1881 3930 praeclara
1911 3849 2195 3928 refulget.

235 3983 469 4084 Replet
501 3983 688 4054 fama
726 3984 1055 4054 virtutum
1085 3983 1239 4074 ejus
1263 4005 1573 4055 cameras
1614 3981 1996 4053 illustrium
2033 3980 2472 4063 feminarum,
2514 3983 2788 4072 attingit

236 4075 638 4164 Principum
692 4072 967 4163 palatia.
1009 4072 1333 4142 Flectitur
1371 4072 1753 4143 nobilitatis
1802 4092 1973 4160 apex
2019 4070 2106 4139 ad
2139 4070 2293 4157 ejus
2341 4070 2638 4141 humilia
2680 4094 2787 4141 se-

231 4163 485 4234 ctanda
532 4162 843 4253 vestigia.
896 4161 1279 4233 Nonnullae
1307 4166 1567 4246 Ducum
1607 4183 1688 4231 ac
1725 4165 2002 4260 Regum·
2032 4159 2476 4259 matrimonio
2505 4160 2780 4252 dignae,

227 4252 465 4323 Clarae
505 4251 833 4322 invitante
882 4251 1272 4341 praeconio,
1321 4262 1577 4321 arctam
1633 4249 2120 4340 poenitentia-m
2171 4247 2458 4329 faciunt,
2495 4263 2562 4320 et
2609 4272 2786 4337 quae

226 4341 632 4432 potentibus
699 4352 1120 4431 nupserant,
1187 4339 1455 4410 Claram
1520 4361 1646 4408 suo
1715 4336 1995 4410 modulo
2062 4337 2442 4409 imitantur.
2519 4343 2786 4411 Ornan-

228 4443 347 4502 tur
387 4429 824 4501 monasteriis
854 4429 1260 4501 innumerae
1299 4429 1647 4499 civitates:
1720 4428 1868 4518 ipsa
1920 4448 2192 4515 quoque
2261 4429 2675 4519 campestria
2721 4443 2787 4500 et

400 4550 643 4608 surius
673 4580 694 4592 -
735 4548 896 4608 Vitae
937 4545 1043 4609 SS.
1077 4580 1099 4593 -
1122 4548 1251 4608 Vol.
1275 4548 1433 4609 VIII.
2065 4558 2087 4583 N
2583 4550 2655 4608 18
