3308 5004
728 333 858 399 588
1292 351 1373 398 ns
1420 351 1477 398 s.
1526 350 1826 399 Aunonno
1869 351 2067 400 msc.
2122 349 2486 400 noi-none.
2857 333 3080 401 AUG.
3131 336 3214 401 24

620 434 785 506 -illic
829 456 1305 527 congregans,
1358 435 1684 506 Abbatem
1733 458 1955 506 unum
2004 458 2084 505 ex
2143 436 2309 506 almi
2360 437 2577 527 patris
2623 436 3062 507 Columbani
3115 438 3220 508 di·

638 526 740 600 sci
794 524 979 605 ulis,
1034 526 1256 595 virum
1315 525 1384 593 in
1445 524 1840 615 disciplinis
1900 526 2340 616 regularibus
2402 526 2718 616 apprime
2771 526 3208 604 eruditum,

641 619 737 704 Ag
767 614 909 684 ium
948 615 1248 695 nomine,
1287 614 1386 684 eis
1428 613 1775 704 praefecit.
1816 614 2626 702 Jamqueffmeditahaiur,
2664 627 2742 686 ut
2776 616 3079 686 cunctis
3113 638 3217 686 se-

638 702 781 774 culi
819 702 1277 792 dignitatibus
1304 702 1597 790 rejectis,
1628 703 1758 773 soli
1787 709 1919 773 Deo
1948 703 2130 773 intra
2166 704 2563 774 monasterii
2591 702 2899 773 claustra
2929 705 3211 792 absque

641 791 1135 882 impedimento
1183 792 1510 863 serviret:
1564 792 1680 863 sed
1730 793 2141 864 resistebant
2187 804 2323 862 tam
2376 799 2538 873 Rex,
2574 814 2783 880 quam
2821 795 3214 882 optimates

638 902 879 952 omnes
922 881 1077 970 eius
1126 894 1261 950 tam
1315 883 1466 970 piae
1514 880 1873 963 voluntati,
1926 882 2232 952 dicentes
2278 881 2526 952 debere
2571 904 2732 951 eum
2771 883 3018 971 potius
3063 883 3214 972 plu-

641 969 974 1041 rimorum
1033 970 1313 1041 utilitati
1371 970 1778 1046 consulere.
1895 989 2060 1041 uam
2123 972 2425 1061 privatae
2486 992 2652 1040 suae
2706 970 3210 1041 deliberationi

636 1058 954 1147 obsequi.
1008 1059 1260 1129 videns
1307 1081 1471 1150 ergo
1511 1060 1613 1128 vir
1669 1064 1802 1129 Deo
1842 992 2179 1140 dilectuS,
2234 1061 2495 1130 ratione
2528 1059 2733 1128 simul
2785 1072 2854 1129 et
2886 1063 3206 1130 auctori·

641 1160 775 1217 tate
821 1170 896 1218 se
926 1149 1374 1218 constrictum
1408 1149 1702 1237 (sciebat
1744 1147 1931 1218 enim
1966 1149 2101 1218 scri
2157 1160 2303 1218 tum
2339 1149 2690 1228 omnibus,
2733 1151 3206 1219 Potestatibus

639 1236 1170 1307 sublimioribus
1217 1236 1481 1307 subditi
1527 1249 1786 1317 estote;
1837 1249 1927 1318 et,
1983 1242 2080 1307 Re
2132 1237 2320 1318 dite,
2379 1258 2557 1324 quae
2619 1253 2781 1307 sunt
2831 1239 3204 1318 Caesaris,

642 1326 965 1410 Caesari),
991 1325 1078 1395 ab
1105 1327 1235 1395 hac
1263 1325 1644 1397 intentione
1673 1325 2027 1396 ardentem
2063 1327 2377 1395 animum
2410 1326 2496 1396 ad
2527 1339 2799 1417 tempus
2827 1330 3202 1397 revocavit:

640 1426 848 1500 atque
901 1414 1172 1485 interim
1214 1415 1448 1484 divina
1499 1413 1567 1484 id
1607 1428 1855 1505 agente
1902 1414 2328 1505 providentia
2361 1469 2376 1495 ,
2436 1415 2765 1486 ecclesiae
2815 1418 3205 1486 Rothorna—

619 1503 875 1593 ,gensis
919 1503 1209 1592 (Rauen)
1255 1503 1533 1573 futurus
1579 1504 1982 1574 servabatur
2027 1505 2335 1585 antistes,
2390 1518 2469 1574 ut
2514 1504 2664 1592 ejus
2692 1504 2894 1574 urbis
2929 1507 3204 1575 civibus

647 1592 826 1660 viam
877 1591 1124 1662 salutis
1170 1592 1388 1662 sacris
1418 1593 2016 1664 admonitionibus
2052 1593 2372 1683 aperiret,
2418 1594 2924 1683 imperitosque
2961 1597 3200 1686 populi

643 1702 893 1751 sensus
942 1680 1313 1751 luculentis
1342 1680 1677 1770 exemplis
1711 1683 2119 1752 institueret.
2663 1691 2670 1698 ‘

733 1777 772 1850 ἓ
819 1773 896 1841 ⁸2.
952 1775 1213 1839 Interea
1264 1792 1420 1841 vero
1485 1771 1809 1841 defuncto
1876 1772 2253 1861 Dagoberto
2319 1777 2499 1860 Rege
2546 1770 3202 1849 christianissimo,

644 1856 835 1927 filius
880 1859 1033 1948 ejus
1065 1857 1438 1929 Clodoveus
1471 1860 1540 1929 in
1574 1881 1865 1950 regnum
1902 1860 2270 1930 successit:
2324 1860 2394 1928 in
2435 1859 2637 1949 cujus
2686 1861 2887 1950 regni
2918 1862 3203 1930 exondio

648 1946 950 2017 haeresis
999 1946 1280 2027 infanda
1314 1962 1525 2018 totum
1560 1970 1734 2049 pene
1765 1948 2058 2018 foedavit
2097 1949 2441 2018 Orientem
2474 1972 2489 2012 ι
2543 1950 2895 2017 intantum
2939 1964 3029 2020 ut
3064 1952 3200 2039 ipse

646 2036 850 2105 etiam
917 2035 1173 2106 Paulus
1231 2037 2029 2128 Constantinopolitanus
2083 2039 2504 2128 episcopuS,
2565 2052 2630 2106 et
2689 2037 3202 2108 Alexandrinus

646 2145 922 2212 quoque
970 2126 1382 2214 patriarcha,
1424 2148 1754 2217 perverso
1801 2126 2120 2217 dogmate
2166 2140 2798 2217 corrumperentur.
2842 2129 3200 2197 Asserebat

646 2215 831 2282 enim
874 2213 994 2284 illa
1024 2215 1256 2304 pestiS,
1310 2215 1679 2285 Dominum
1731 2229 2041 2285 nostrum
2091 2221 2328 2286 Jesum
2382 2216 2725 2285 Christum
2778 2237 2926 2285 non
2980 2239 3193 2287 veram

522 2313 527 2320 '
646 2324 922 2372 carnem
972 2324 1052 2372 ex
1089 2305 1291 2373 Maria
1338 2303 1611 2395 Virgine
1660 2304 2065 2395 sumpsisse.
2119 2309 2428 2391 Cumque
2458 2326 2536 2373 ea
2568 2305 2652 2373 de
2683 2325 2755 2373 re
2802 2328 2840 2373 a
2874 2307 3109 2376 Paulo
3147 2321 3192 2373 et

644 2393 933 2462 caeteris
963 2391 1245 2462 infausti
1276 2393 1619 2481 dogmatis
1652 2392 2133 2474 assertoribuS,
2171 2415 2329 2464 cum
2368 2394 2771 2464 auctoritate
2809 2395 3040 2463 etiam
3083 2400 3193 2464 Im·

646 2481 980 2572 peratoris
1010 2482 1384 2553 Constantii
1426 2483 1629 2564 tertii,
1664 2482 1930 2573 nepotis
1969 2482 2289 2565 Heraclii,
2321 2481 2517 2554 beato
2557 2484 2848 2575 Martino
2885 2484 3190 2554 Pontifici

646 2576 956 2641 Romano
1003 2571 1260 2661 scripta
1297 2572 1784 2661 dirigerentur,
1822 2586 1899 2641 ut
1933 2573 2079 2662 ipse
2111 2572 2276 2642 huic
2318 2573 2692 2642 sententiae
2729 2575 3120 2643 assentiret
3147 2586 3195 2640 et

522 2746 527 2755 θ
647 2660 1153 2730 subscriberet:
1208 2674 1488 2750 gustum
1543 2660 1932 2730 mortiferae
1982 2661 2331 2732 suasionis
2382 2683 2656 2731 summa
2704 2684 2873 2730 cum
2927 2683 3194 2731 execra-
3273 2668 3274 2671 ’

649 2748 833 2818 tione
881 2750 1166 2837 respuit,
1220 2751 1311 2819 ita
1360 2749 1644 2819 dicens:
1700 2750 1982 2819 Etiamsi
2018 2763 2198 2820 totus
2232 2751 2420 2820 orbis
2452 2751 2780 2840 dogmata
2833 2751 3189 2840 peregrina

645 2852 712 2907 et
739 2860 779 2906 a
802 2837 939 2907 {ide
969 2838 1194 2907 aliena
1220 2838 1589 2927 complecti
1624 2838 1806 2918 velit,
1846 2860 1918 2908 se
1951 2861 2073 2909 nec
2111 2839 2319 2908 minis
2358 2840 2800 2929 cujusquam,
2844 2860 2980 2908 nec
3007 2839 3188 2908 blan-

632 2925 1000 3006 dimentis,
1058 2948 1181 2996 nec
1220 2949 1260 2996 a
1303 2940 1519 2999 morte
1568 2927 1743 3018 ipsa,
1788 2950 1826 2997 a
1866 2927 2182 2999 doctrina
2233 2927 2639 3018 Evangelica
2690 2940 2756 2997 et
2812 2926 3174 3018 apostolica

648 3014 793 3085 ullo
842 3030 1038 3104 pacto
1089 3037 1287 3105 posse
1318 3015 1544 3086 avelli.
2104 3028 2108 3032 ’

737 3107 775 3191 ξ
820 3107 904 3176 S.
957 3109 1104 3174 Mox
1154 3127 1311 3174 vero
1372 3104 1456 3174 ad
1509 3110 1762 3196 Regem
1833 3110 2251 3175 Francorum
2305 3105 2561 3195 legatos
2611 3105 2943 3181 mittens,
2997 3114 3188 3191 rogat

652 3205 729 3265 ut
768 3192 948 3263 viros
997 3194 1066 3263 in
1117 3193 1273 3263 fidei
1321 3194 1613 3284 puritate
1669 3193 1992 3264 fundatos
2021 3248 2036 3271 ,
2091 3195 2297 3265 verbo
2336 3208 2402 3263 et
2448 3193 2788 3283 sapientia
2826 3191 3186 3284 providoS,

648 3282 1170 3370 quamprimum
1229 3282 1314 3351 ad
1367 3306 1439 3352 se
1489 3283 1749 3353 mittat:
1802 3295 1878 3354 ut
1924 3305 2084 3353 cum
2137 3283 2277 3353 illis
2323 3296 2389 3352 et
2451 3282 2660 3353 totius
2715 3283 2953 3352 ltaliae
3009 3304 3195 3383 prae-

651 3369 947 3451 sulibus,
1004 3372 1288 3442 Domino
1335 3372 1755 3452 auxiliante,
1808 3371 2116 3459 aliquam
2167 3373 2499 3443 adversus
2549 3384 2775 3440 tantae
2837 3374 3190 3460 pravitatis

655 3478 912 3528 venena
959 3459 1342 3531 antidotum
1399 3461 1728 3530 adhibere
1793 3462 2030 3552 possit.
2085 3465 2222 3531 Rex
2275 3461 2483 3547 igitur
2519 3460 2790 3530 cunctis
2844 3462 3046 3550 regni
3095 3459 3195 3530 sui

651 3547 1125 3618 sacerdotibus
1174 3550 1242 3617 in
1302 3572 1523 3619 unum
1575 3550 1854 3629 coactiS,
1907 3549 2072 3637 quid
2128 3551 2352 3638 Legati
2405 3550 2575 3618 tanti
2636 3549 2995 3619 pontificis
3044 3550 3196 3620 affe-

651 3648 830 3718 rant,
882 3636 1205 3726 exponit:
1248 3638 1582 3727 Jubetque
1617 3651 1693 3708 ut
1719 3661 1803 3707 ex
1837 3639 2228 3728 semetipsis
2265 3639 2444 3708 viros
2493 3638 2662 3707 tales
2698 3637 2992 3737 eligant,
3029 3659 3194 3726 quos

648 3725 737 3795 ad
766 3725 1291 3815 suscipiendum
1331 3741 1557 3796 tantae
1580 3727 1677 3796 rei
1706 3749 1987 3807 munna,
2080 3728 2323 3797 unitate
2354 3727 2512 3797 fidei
2543 3740 2611 3796 et
2642 3727 2825 3795 verbi
2859 3727 3196 3818 sapientia

650 3815 934 3885 idoneos
966 3815 1216 3884 norint.
1256 3820 1427 3884 Tum
1453 3815 1554 3884 illi
1592 3837 1732 3885 uno
1761 3816 1998 3885 animo
2113 3830 2304 3886 atum
2332 3816 2733 3886 Audoenum
2763 3838 2928 3885 cum
2963 3829 3197 3887 sancto

650 3903 871 3993 Eligio
902 3904 965 3973 ei
1013 3905 1111 3973 rei
1151 3904 1599 3974 destinandos
1631 3904 1923 3994 eligunt.
1978 3910 2189 3974 Tanta
2218 3905 2404 3974 enim
2437 3906 2682 3974 eratin
2720 3905 2866 3974 viro
2901 3907 3020 3975 Dei
3049 3912 3195 3976 ,Au-

650 3992 873 4063 doeno
906 3993 1269 4082 sapientia,
1305 4007 1382 4064 ut
1424 3994 1743 4079 quamvis
1774 3993 2099 4063 Ordinem
2144 3993 2630 4064 sacerdotalem
2686 3993 3000 4063 nondum
3041 3995 3200 4064 atle-

655 4096 812 4172 ptus
840 4097 1040 4163 esset,
1097 4096 1320 4153 tamen
1376 4104 1549 4172 pene
1586 4082 1915 4152 omnibus
1945 4085 2098 4172 ejus
2146 4095 2278 4152 tem
2334 4083 2473 4152 oris
2521 4081 2781 4152 Galliae
2829 4082 2931 4150 vel
2987 4087 3193 4153 Fran-

650 4172 798 4241 ciae
823 4172 1298 4242 sacerdotibus
1321 4171 1660 4263 sapientia
1685 4171 2161 4250 anteferretur,
2205 4194 2286 4241 ve
2318 4226 2333 4251 ,
2372 4184 2447 4240 ut
2483 4170 2904 4242 moderatius
2934 4170 3189 4252 dicam,

634 4273 1084 4345 aequaretur.
1125 4261 1253 4330 Sed
1287 4260 1552 4331 obstitit
1582 4275 1747 4331 tunc
1778 4261 2139 4347 quiddam,
2188 4282 2271 4331 ne
2311 4265 2595 4331 Romam
2621 4260 3117 4331 mitterentur.-

740 4350 779 4435 ξ
823 4351 919 4418 9.
975 4348 1170 4419 Haud
1229 4348 1448 4420 multo
1481 4364 1632 4438 post
1683 4363 1985 4438 tempore
2016 4349 2300 4436 quidam
2349 4349 2569 4439 ipsius
2606 4348 2804 4437 impii
2853 4347 3195 4440 dogmatis

655 4451 951 4507 assertor
1004 4459 1082 4506 ex
1123 4436 1276 4508 Asia
1328 4438 1594 4527 pulsuS,
1652 4439 1722 4506 in
1765 4439 2142 4509 Galliarum
2201 4437 2908 4509 civitatem-Heduam
2947 4490 2965 4518 ,
3029 4459 3194 4527 quae
