3308 5004
653 354 784 419 278
1464 370 1543 417 nn
1592 370 1647 417 s.
1701 368 1903 418 culmi
1950 367 2206 416 vincum
2780 349 2962 415 AUG.
3021 349 3125 413 ⁴2

561 456 728 543 quia
761 475 887 525 nos
936 475 1062 555 pro
1110 441 1227 524 tuo
1259 474 1490 538 amore
1531 467 1939 524 sustentat.»
1988 458 2068 523 Et
2114 452 2444 523 Dominus
2480 451 2568 522 ad
2615 473 2801 522 eam:
2852 456 3126 521 Grava-

561 545 753 613 mina
784 542 1173 623 sustinebit,
1227 541 1344 612 sed
1395 564 1546 612 meo
1588 565 1874 612 munere
1921 541 2349 613 defendetur.
2412 546 2601 611 Tunc
2636 541 2738 610 vir
2883 539 3127 629 lacry-

562 655 827 703 mosam
862 632 1133 721 erigens
1171 630 1439 712 faciem,
1473 632 1717 701 flentes
1748 630 2106 711 confortat,
2138 630 2418 700 dicens:
2458 653 2494 696 «
2521 630 2756 720 Fideju
2845 650 2884 698 o
2910 629 3125 700 vobis

560 721 839 802 filiolae,
891 720 1071 808 quod
1126 719 1298 789 nihil
1336 720 1695 810 patiemini
1745 720 1934 801 mali,
1988 732 2254 790 tantum
2301 720 2367 788 in
2402 720 2666 789 Christo
2707 717 3122 788 confidite.»

560 815 693 880 Nec
741 831 977 880 mora:
1024 808 1251 879 statim
1301 831 1556 879 canum
1608 809 1886 879 illorum
1938 830 2252 899 repressa
2303 809 2602 898 pavescit
2647 807 2975 886 audacia,
3036 819 3125 876 et

560 921 683 989 per
733 921 989 980 muroS,
1040 918 1215 985 quos
1254 898 1727 978 ascenderant,
1780 897 2088 968 celeriter
2133 907 2480 976 exeuntes,
2539 896 2797 967 orantis
2855 897 3122 965 virtute

557 988 904 1058 deturbati
951 998 1137 1058 sunt.
1192 985 1556 1056 Confestim
1631 987 1825 1056 Clara
1888 986 2069 1066 illis,
2145 1008 2323 1074 quae
2378 1007 2605 1056 vocem
2681 984 3120 1075 praedictam

558 1077 947 1156 audierant,
1003 1075 1307 1147 studiose
1367 1075 1873 1154 interminatur,
1931 1075 2222 1145 dicens:
2278 1078 2580 1144 «Cavete
2643 1096 2763 1165 per
2824 1095 3120 1142 omnem

560 1165 870 1246 modum,
933 1164 1384 1233 charissimae
1422 1163 1626 1246 filiae,
1692 1186 1778 1234 ne
1842 1185 2071 1234 vocem
2125 1162 2353 1243 illam,
2418 1163 2585 1234 dum
2635 1184 2888 1252 corpus
2942 1183 3113 1252 agO,

556 1254 884 1341 cuiquam
919 1251 1298 1322 referatis»

633 1345 681 1499 ἓ
728 1347 871 1416 15.
926 1341 1069 1411 Alio
1109 1362 1384 1428 quoque
1433 1352 1737 1432 tempore
1785 1340 2021 1411 Vitalis
2069 1340 2153 1410 de
2200 1345 2467 1419 Aversa,
2524 1340 2625 1408 vir
2683 1339 2938 1431 gloriae
2981 1361 3119 1407 cu-

557 1431 627 1522 pi
685 1452 790 1511 uS,
827 1442 892 1499 et
938 1430 1007 1498 in
1049 1430 1324 1519 praeliis
1370 1429 1730 1500 animosus
1760 1484 1775 1509 ,
1831 1428 2264 1520 Imperialem
2340 1429 2709 1498 exercitum
2749 1484 2764 1510 ‚
2825 1427 2939 1497 cui
2985 1449 3118 1496 ca·

556 1520 878 1610 pitaneus
927 1531 1257 1610 praeerat,
1303 1518 1607 1588 admovit
1645 1533 1884 1588 contra
1939 1519 2300 1588 Assisium.
2347 1523 2619 1587 Terram
2688 1519 2918 1605 itaque
2977 1539 3119 1584 nu-

556 1608 743 1678 davit
813 1607 1223 1687 arboribuS‚
1290 1607 1674 1697 adjacentia
1752 1620 2000 1677 cuncta
2052 1606 2358 1688 vastavit,
2416 1620 2484 1677 et
2543 1607 2642 1676 sic
2690 1608 2759 1676 in
2811 1605 3116 1674 civitatis

556 1696 916 1767 obsidione
973 1695 1245 1766 resedit.
1310 1697 1563 1766 Firmat
1623 1698 1849 1766 verbis
1909 1696 2303 1766 minacibus
2355 1718 2430 1764 se
2491 1695 2652 1765 inde
2705 1694 3115 1764 nullatenus

557 1806 1020 1866 recessurum,
1064 1785 1282 1853 donec
1322 1785 1546 1875 ipsam
1584 1785 1902 1855 habuerit
1938 1785 2308 1855 civitatem.
2360 1786 2653 1872 Jamque
2711 1784 2795 1853 ad
2860 1782 2929 1853 id
2988 1783 3112 1851 de·

555 1888 838 1944 ventum
881 1886 1047 1953 erat,
1083 1886 1160 1944 ut
1196 1872 1281 1942 de
1328 1874 1623 1943 civitatis
1659 1874 1966 1965 periculo
2001 1876 2068 1944 in
2125 1874 2434 1964 proximo
2484 1875 2863 1943 timeretur.
2908 1870 3110 1953 Quod

556 1985 714 2032 cum
764 1962 1072 2032 audisset
1119 1962 1314 2032 Clara
1361 1961 1624 2033 famula
1658 1963 1929 2043 Christi,
1989 1963 2423 2032 vehementer
2480 1962 2841 2053 ingemuit,
2879 1973 2945 2030 et
2994 1982 3108 2029 so·

476 2113 481 2118 .
556 2051 832 2121 roribus
864 2051 946 2119 ad
1001 2073 1071 2120 se
1120 2050 1399 2134 vocatis,
1438 2052 1572 2121 ait:
1626 2075 1662 2117 «
1698 2052 1793 2120 Ab
1841 2052 1968 2121 ista
2017 2052 2310 2130 civitate,
2362 2051 2815 2121 charissimae
2867 2049 3052 2118 filiae
3083 2104 3100 2128 ,

557 2140 773 2211 multa
821 2140 1127 2227 quotidie
1176 2140 1355 2208 bona
1410 2138 1875 2229 suscipimus:
1931 2141 2226 2230 impium
2295 2139 2491 2208 valde
2559 2153 2683 2222 est,
2742 2140 2800 2209 si
2851 2161 2984 2207 non
3034 2139 3107 2205 in

555 2241 860 2330 tempore
898 2241 1289 2319 opportuno
1317 2229 1403 2308 ei,
1448 2242 1650 2317 prout
1744 2250 2094 2311 ossumus,
2149 2250 2715 2299 succurramus.»
2755 2228 2962 2298 Jubet
3001 2226 3107 2295 af—

555 2317 720 2386 ferri
752 2318 1041 2399 cineres,
1071 2317 1271 2407 jubet
1316 2318 1541 2407 capita
1575 2338 1672 2386 nu
1727 2339 1843 2387 are
1897 2339 2184 2388 sororeS.
2238 2321 2326 2387 Ac
2384 2319 2685 2407 primum
2736 2338 2941 2385 suum
2991 2337 3106 2385 ex·
3183 2372 3188 2376 .

555 2418 869 2496 opertum
922 2419 1132 2495 caput
1186 2406 1416 2475 cinere
1478 2407 1698 2475 multo
1737 2407 2158 2496 conspersit:
2212 2405 2463 2476 deinde
2537 2427 2746 2496 super
2819 2403 3097 2474 illarum

555 2496 783 2587 capita
812 2496 1115 2566 cinerem
1151 2496 1367 2584 ponit.
1407 2519 1442 2561 «
1477 2497 1765 2587 Pergite,
1821 2496 2065 2583 inquit.
2105 2495 2189 2565 ad
2245 2495 2609 2565 Dominum
2657 2506 2985 2574 vestrum,
3039 2507 3103 2562 et

555 2585 1028 2656 liberationem
1067 2585 1361 2655 civitatis
1393 2585 1550 2654 totis
1580 2585 1939 2655 affectibus
1981 2585 2380 2673 postulate.=
2418 2583 2594 2667 Quid
2632 2582 2909 2683 singula
2945 2603 3100 2651 nar-

556 2679 757 2744 rem?
789 2675 967 2758 Quid
1011 2674 1358 2762 virginum
1402 2673 1785 2764 lacrymaS,
1840 2673 2007 2760 quid
2062 2695 2295 2763 preces
2349 2686 2648 2763 repetam
2711 2671 3101 2741 violentas?

555 2765 740 2833 Facit
773 2764 1162 2834 misericors
1212 2767 1387 2832 Deus
1444 2762 1754 2848 sequenti
1798 2774 1990 2831 nocte
2027 2784 2185 2830 cum
2249 2762 2615 2831 tentatione
2665 2772 3092 2851 proventum,

554 2865 631 2921 ut
664 2864 801 2921 toto
825 2851 1161 2922 dissoluto
1185 2850 1510 2931 exercitu,
1532 2850 1960 2940 etsuperbus
1989 2850 2195 2919 homo
2225 2863 2460 2920 contra
2502 2865 2652 2919 vota
2690 2849 3093 2929 discederet,

554 2963 635 3009 ac
675 2954 925 3009 terram
976 2939 1165 3009 illam
1203 2938 1495 3008 ulterius
1537 2961 1669 3010 non
1706 2951 1993 3008 vexaret.
2038 2943 2204 3009 Nam
2240 2952 2305 3007 et
2351 2939 2499 3028 ipse
2537 2938 2675 3008 dux
2715 2938 2876 3008 belli
2931 2960 3100 3027 pau-

557 3028 780 3116 lopost
810 3027 1263 3117 interemptus
1307 3039 1432 3097 est.

643 3117 679 3203 §
726 3121 876 3187 1⁰.
932 3120 1176 3185 Verum
1232 3137 1355 3186 nec
1404 3114 1523 3184 illa
1572 3137 1738 3185 suae
1785 3115 2116 3185 orationis
2164 3114 2383 3184 virtus
2431 3114 2727 3184 mirifica
2766 3114 2966 3184 debet
3003 3114 3096 3183 si-

555 3204 766 3274 lentio
815 3203 1115 3294 sepeliri,
1169 3226 1307 3292 qua
1354 3204 1423 3272 in
1475 3204 1628 3294 ipso
1675 3204 2148 3291 conversionis
2196 3204 2394 3273 initio
2424 3226 2636 3273 unam
2674 3203 2979 3273 animam
3017 3202 3096 3272 ad

554 3297 770 3364 Deum
820 3293 1174 3375 convertit,
1227 3313 1625 3362 conversam
1678 3292 2005 3362 defendit.
2059 3292 2366 3363 Habebat
2417 3315 2719 3379 namque
2767 3314 3096 3370 sororem,

554 3403 720 3451 aevo
768 3394 1098 3458 teneram,
1154 3403 1362 3451 carne
1408 3403 1486 3450 ac
1529 3382 1823 3471 puritate
1855 3404 2293 3484 germanam:
2336 3384 2545 3472 cujus
2576 3381 3099 3451 conversionem

553 3469 1003 3550 desiderans,
1057 3471 1235 3539 inter
1284 3491 1564 3559 precum
1620 3472 1996 3557 primitias.
2052 3493 2227 3559 quas
2278 3476 2411 3541 Deo
2461 3470 2686 3561 plenis
2739 3470 3100 3539 affectibus

554 3557 902 3639 offerebat,
956 3558 1085 3628 hoc
1136 3558 1526 3647 postulabat
1570 3559 1916 3642 obnixius,
1972 3572 2047 3629 ut
2086 3561 2266 3630 sicut
2304 3583 2464 3630 cum
2500 3580 2730 3628 sorore
2770 3559 3101 3627 habuerat

555 3647 626 3716 in
679 3647 911 3717 seculo
958 3647 1462 3717 cohaerentiam
1515 3648 1937 3728 animorum,
1996 3650 2086 3717 ita
2126 3650 2274 3739 jam
2329 3649 2395 3717 in
2451 3648 2565 3717 Dei
2604 3647 2878 3716 servitio
2915 3646 3102 3716 fieret

553 3737 735 3807 inter
780 3758 895 3806 eas
944 3736 1176 3806 unitas
1224 3736 1678 3806 voluntatum.
1734 3740 1893 3806 Orat
1942 3736 2153 3827 igitur
2201 3738 2535 3807 instanter
2630 3750 2843 3805 atrem
2898 3735 3101 3805 mise-

554 3825 892 3896 ricordiae
925 3879 941 3907 ‚
995 3838 1072 3895 ut
1121 3824 1395 3895 relictae
1442 3826 1512 3894 in
1560 3825 1769 3896 domo
1826 3826 2043 3895 sorori
2090 3826 2329 3916 Agneti
2391 3758 2697 3894 muntfus
2755 3824 3094 3913 desipiat,

554 3914 909 3985 dulcescat
956 3919 1156 3994 DeuS,
1210 3936 1500 4001 eamque
1548 3914 1646 3983 sic
1696 3937 1736 3983 a
1771 3914 2119 4003 proposito
2152 3913 2538 3984 carnalium
2574 3914 2976 4015 nuptiarum
3012 3912 3097 3982 ad

556 4025 763 4073 suum
813 4025 1117 4072 amorem
1169 4004 1554 4082 transferat,
1591 4014 1938 4089 quatenus
1973 4006 2111 4073 una
2145 4025 2379 4073 secum
2422 4002 2488 4070 in
2525 4002 2914 4092 virginitate
2950 4023 3099 4090 per·

556 4105 760 4182 petua
810 4097 1074 4183 Sponso
1121 4091 1379 4183 gloriae
1427 4093 1666 4162 nubat.
1736 4092 2092 4162 Mirandus
2156 4093 2341 4161 enim
2411 4090 2684 4178 utrique
2751 4090 3098 4160 insederat

556 4193 846 4250 mutuus
894 4203 1131 4261 amor,
1185 4182 1307 4268 qui
1359 4203 1601 4251 novam
1662 4179 2122 4252 divulsionem
2196 4180 2352 4249 licet
2408 4179 2657 4249 affectu
2718 4178 3089 4258 dissimili,

555 4269 831 4355 utrique
877 4270 1125 4340 fecerat
1172 4269 1586 4339 dolorosam.
1643 4273 1841 4339 Favet
1887 4269 2200 4339 celeriter
2245 4268 2479 4337 divina
2520 4268 2842 4357 majestas
2901 4283 2962 4335 e‘
2992 4289 3097 4337 re-

556 4356 710 4445 giae
756 4359 1075 4428 oratrici:
1132 4359 1439 4448 primum
1490 4357 1668 4428 illud
1716 4357 1978 4428 donum
2013 4412 2028 4439 ,
2082 4356 2265 4444 quod
2319 4356 2685 4447 praecipue
2744 4368 2944 4445 postu
2978 4370 3090 4437 at,
3127 4402 3151 4420 t

555 4444 878 4533 quodque
930 4446 1149 4537 magis
1200 4451 1413 4518 Deum
1463 4447 1787 4517 exhibere
1833 4446 2223 4528 delectaret,
2263 4443 2701 4517 festinantius
2732 4444 3089 4535 elargitur.
