3308 5004
697 353 826 418 548
1280 364 1361 414 οε
1411 367 1467 414 s,
1521 365 1854 415 acaunum
1902 367 2046 413 aaa.
2099 364 2485 414 emaum.
2540 411 2545 416 ,
2835 347 3025 415 AUG.
3076 348 3168 414 20

610 452 991 524 admodum
1039 451 1535 540 qualicumque
1582 450 1871 539 liquore.
1925 455 2095 521 Nam
2135 449 2223 520 ad
2273 449 2579 521 solidum
2614 471 2819 520 omne
2850 450 3171 521 inexora-

609 542 841 641 biliter
886 538 1312 633 indignatur.
1367 544 1507 610 Hoc
1555 562 1807 631 parum
1837 595 1854 622 ,
1905 538 2093 628 quod
2159 538 2489 631 dignatur
2551 539 2959 621 admittere,
3020 562 3168 610 non

612 631 762 702 sine
807 631 997 722 gravi
1048 629 1361 700 molestia
1407 630 1667 699 sumit:
1717 627 1837 699 sed
1879 629 2073 699 timet
2118 628 2530 720 graviorem,
2587 628 2646 698 si
2681 649 2831 699 sese
2861 650 3170 700 vacuum

608 720 893 789 omnino
939 718 1302 789 dimiserit.
1356 718 1552 800 Quod
1601 718 1663 790 si
1710 717 2114 809 plusculum
2177 716 2344 806 quid
2392 717 2743 788 interdum
2801 716 3173 788 admittere

609 809 1022 897 acquiescat,
1077 807 1145 878 id
1197 807 1715 897 gravissimum.
1769 806 1981 878 Pedes
2028 818 2094 877 et
2146 828 2353 878 crura
2403 819 2858 888 tumuerunt,
2916 828 3174 895 quem·-

610 897 989 968 admodum
1035 896 1440 988 hydropicis
1494 896 1896 988 contingere
1949 896 2145 967 solet.
2213 901 2293 965 Et
2340 895 2410 965 iu
2477 895 2586 965 his
2632 895 2961 966 omnibus
2992 950 3008 977 ,
3082 918 3178 966 ne

608 985 775 1074 quid
823 985 1031 1056 lateat
1078 985 1382 1056 amicum
1419 1040 1437 1067 ,
1487 984 1572 1055 de
1620 997 1806 1056 statu
1850 985 2059 1055 amici
2107 984 2498 1062 solicitum,
2551 984 2937 1056 secundum
2991 985 3179 1056 inte-

609 1076 862 1145 riorem
913 1075 1293 1157 hominem,
1345 1085 1423 1144 ut
1469 1074 1707 1144 minus
1753 1074 2032 1166 sapiens
2079 1074 2259 1156 dioc,
2313 1073 2605 1164 spiritus
2652 1087 3018 1164 promptus
3064 1088 3180 1145 est

609 1165 681 1233 in
729 1185 937 1233 carne
985 1165 1288 1234 infirma.
1340 1167 1539 1233 Orate
1588 1163 2051 1244 Salvatorem,
2107 1163 2229 1252 qui
2280 1184 2418 1233 non
2468 1162 2614 1233 vult
2661 1174 2949 1233 mortem
3097 1187 3180 1234 c-

607 1253 883 1332 catoris,
936 1265 1013 1323 ut
1061 1252 1542 1343 tempestivum
1581 1254 1730 1343 jam
1779 1252 2040 1323 exitum
2091 1273 2228 1321 non
2280 1252 2575 1334 differat,
2632 1252 2750 1322 sed
2786 1266 2983 1323 custo
3041 1252 3173 1323 iat.

610 1347 851 1412 Curate
890 1342 1166 1412 munire
1197 1342 1372 1412 votis
1418 1340 1820 1412 calcaneum
1874 1340 2144 1411 nudum
2198 1341 2495 1423 meritis,
2549 1353 2627 1411 ut
2675 1342 2769 1422 is,
2821 1341 2943 1429 qui
2994 1342 3179 1413 insi—

610 1430 865 1512 diatur,
918 1431 1227 1500 invenire
1275 1452 1410 1501 non
1464 1431 1703 1521 possit,
1754 1430 1880 1501 ubi
1928 1430 2095 1522 figat
2140 1429 2439 1512 dentem,
2477 1441 2543 1500 et
2575 1428 2831 1502 vulnus
2863 1430 3173 1521 infligat.

613 1520 945 1610 Haecipse
992 1520 1289 1602 dictavi,
1343 1519 1444 1589 sic
1485 1541 1592 1589 me
1641 1520 1906 1590 habens
1937 1523 1967 1601 ,'
2007 1531 2107 1601 ut,
2159 1541 2282 1611 per
2318 1530 2552 1590 notam
2591 1519 2783 1589 vobis
2823 1541 3125 1590 manum
3158 1577 3173 1601 ,

609 1609 999 1699 agnoscatis
1045 1609 1366 1679 affectum
1402 1631 1439 1675 »
1478 1608 1535 1676 *.
2926 1669 2930 1674 ,

696 1701 735 1785 ξ
781 1702 928 1770 18.
983 1702 1123 1768 Hoc
1169 1697 1521 1787 exemplar
1567 1697 1932 1788 Epistolae,
1984 1718 2222 1786 quam,
2256 1708 2334 1767 ut
2382 1719 2507 1766 nos
2536 1696 2864 1778 diximus,
2909 1708 2975 1766 et
3014 1698 3177 1788 ipsa

608 1807 884 1942 guoque
923 1787 1074 1878 ejus
1122 1784 1328 1855 verba
1373 1786 1750 1867 declarant,
1806 1799 1999 1877 pater
2047 1797 2330 1857 sanctus
2360 1785 2547 1855 exitu
2570 1786 2717 1876 Jam
2750 1785 3177 1857 imminente

667 1875 920 1944 ictavit.
966 1880 1058 1944 Ex
1106 1876 1311 1964 cujus
1359 1886 1592 1944 tenore
1639 1888 1867 1966 posset
1914 1875 2248 1945 nimirum
2298 1874 2598 1965 diligens
2631 1875 2843 1944 lector
2883 1897 3175 1946 sacrum

611 1962 807 2032 illius
856 1963 956 2033 vel
993 1986 1073 2034 ex
1109 1977 1299 2065 parte
1344 1963 1579 2051 aliqua
1616 1977 1852 2056 pectus
1889 1985 2286 2055 agnoscere,
2324 1976 2584 2051 quanta
2617 1963 2720 2033 illi
2759 1963 2829 2032 in
2868 1963 3025 2053 ipsa
3059 1967 3177 2035 sui

612 2052 821 2122 ruina
860 2074 1168 2143 corporls
1218 2053 1682 2140 tranquillitas
1715 2053 1988 2135 mentia,
2023 2053 2358 2124 serenitas
2388 2053 2630 2133 animi,
2685 2051 2989 2122 suavitas
3027 2055 3176 2145 spi·

617 2140 816 2223 rituS,
870 2154 1129 2230 quanta
1176 2141 1307 2212 sub
1338 2142 1596 2212 fiducia
1624 2142 1933 2212 culmine
1978 2141 2173 2212 radix
2208 2141 2642 2211 humilitatis.
2682 2141 2808 2210 Sed
2847 2154 3173 2213 nostrum

616 2229 750 2300 sub
799 2242 938 2300 tam
1002 2232 1196 2322 gravi
1256 2231 1549 2302 articulo
1615 2231 2186 2301 inconsolabilem
2237 2230 2502 2301 luctum
2553 2230 2998 2319 aliquatenus
3058 2231 3165 2301 illi

609 2319 957 2390 aestimari
998 2343 1077 2390 ac
1125 2321 1403 2391 sibimet
1443 2320 1764 2390 exhibere
1804 2319 2059 2401 licebit,
2103 2318 2558 2410 pallidasque,
2592 2320 2650 2389 si
2696 2320 2805 2409 pie
2842 2320 3167 2401 senserit,

610 2420 877 2479 turmas
902 2409 1400 2500 imaginabitur
1418 2409 1751 2489 filiorum,
1767 2409 2253 2479 exterminatas
2273 2408 2506 2490 facies,
2525 2408 2757 2478 vultus
2784 2429 3167 2498 exangues.

609 2518 823 2588 genas
857 2497 1184 2589 lacrymis
1232 2499 1610 2580 sordenteS,
1646 2497 1950 2589 suspiria
1987 2520 2263 2586 quoque
2291 2511 2643 2589 pectorum
2674 2520 2755 2567 ac
2781 2497 3163 2589 singultus.

610 2587 780 2670 Quis
826 2588 1013 2658 enim
1063 2588 1244 2679 apud
1301 2610 1429 2658 nos
1485 2599 1631 2658 erat
1680 2587 2024 2659 tumultus
2081 2588 2604 2679 cogitationum,
2648 2586 2833 2673 quod
2885 2587 3172 2658 naufra-

609 2677 801 2767 gium
837 2677 1257 2758 animorum,
1302 2698 1462 2747 cum
1518 2678 1886 2747 thesaurus
1918 2689 2058 2746 tam
2101 2676 2425 2747 amabilis
2459 2687 2813 2766 raperetur
2845 2698 2887 2744 a
2928 2677 3164 2759 nobiS,

608 2777 675 2833 et
722 2766 1203 2854 praesentibus
1250 2780 1315 2836 et
1372 2766 1821 2836 cernentibus
1850 2820 1866 2847 ,
1919 2765 2087 2853 quia
2148 2787 2273 2836 nec
2322 2787 2481 2856 spes
2539 2778 2717 2835 esset
2772 2764 3165 2847 retinendi,

611 2875 738 2922 nec
778 2852 1070 2924 facultas
1108 2854 1341 2942 aliqua
1380 2853 1869 2924 commeandi?
1915 2860 2112 2925 Pater
2149 2865 2319 2935 erat,
2357 2853 2474 2922 sed
2523 2853 2752 2941 qualis
2787 2865 2993 2944 pater,
3030 2856 3165 2939 qui

611 2942 972 3012 videbatur
1004 2945 1240 3013 abire?
1288 2944 1496 3013 Nobis
1533 2943 2051 3030 quodammodo
2098 2942 2449 3035 propriuS,
2502 2943 2731 3014 verius
2772 2956 2987 3013 tamen
3020 2944 3156 3009 toti

615 3030 877 3101 mundo
924 3033 1343 3101 communis.
1399 3037 1558 3101 Erat
1602 3032 1792 3101 enim
1842 3033 2158 3103 omnium
2207 3044 2273 3101 et
2320 3030 2661 3102 bonorum
2712 3029 3037 3123 gloriati0,
3087 3043 3166 3100 et

612 3118 1147 3208 malignantium
1220 3132 1483 3190 metus:
1535 3133 1613 3190 ut
1674 3120 1760 3191 de
1813 3142 1893 3191 eo
1953 3144 2088 3192 non
2153 3120 2537 3212 incongrue
2604 3120 2936 3191 videretur
2998 3138 3169 3189 esse

611 3206 1097 3296 psallendum:
1151 3208 1494 3279 Videbunt
1542 3210 1709 3279 recti
1768 3223 1835 3280 et
1882 3209 2371 3290 laetabuntur,
2424 3222 2490 3279 et
2541 3209 2774 3279 omnis
2827 3207 3169 3295 iniquitas

609 3295 947 3385 oppilabit
978 3319 1054 3367 os
1095 3319 1327 3369 suurn.
1366 3303 1514 3380 Quo
1555 3311 1932 3389 praesente,
1987 3298 2318 3370 sanctitas
2350 3299 2579 3369 omnis
2605 3298 3165 3387 jucundabatur,

611 3387 1083 3477 praesumptio
1131 3386 1550 3470 frenabatur,
1596 3388 1855 3458 duritia
1894 3387 2519 3479 compungebatur.
2573 3394 2721 3471 Quo
2775 3399 3163 3477 praesente,

608 3472 899 3543 celebris
952 3475 1246 3563 quisque
1284 3490 1664 3548 conventus
1721 3477 1904 3547 velut
1961 3476 2262 3566 quodam
2315 3475 2455 3546 sole
2505 3477 2984 3567 resplenduit:
3036 3478 3173 3547 ab-

610 3575 821 3643 sente,
867 3563 1291 3654 caliginosus
1319 3577 1385 3635 et
1415 3565 1932 3653 quodammodo
1975 3565 2599 3656 mutus'apparuit.
2638 3572 2861 3649 Quam
2891 3565 3165 3648 devote,

608 3673 817 3739 quam
870 3653 980 3743 pie
1014 3653 1310 3745 singulis
1361 3669 1676 3725 nostrum
1726 3669 1791 3725 et
1840 3666 2003 3725 tunc
2053 3655 2400 3743 hodieque
2447 3654 2924 3736 clamandum,
2970 3659 3178 3726 Pater

611 3743 729 3823 mi,
778 3755 968 3832 pater
1003 3743 1142 3811 mi:
1196 3766 1448 3813 currus
1496 3743 1730 3822 Israel,
1785 3756 1850 3813 et
1909 3744 2154 3835 auriga
2202 3744 2355 3835 ejus
2381 3743 2475 3813 **.
2528 3749 2625 3813 Tu
2665 3744 3174 3816 fluctuantium

608 3845 872 3920 portus,
916 3831 1202 3923 clypeus
1233 3854 1750 3922 oppressorum,
1784 3843 1873 3913 et,
1909 3845 1986 3902 ut
2023 3833 2110 3903 de
2140 3833 2368 3924 seipso
2399 3833 2640 3904 beatus
2671 3833 2796 3903 Job
2824 3832 3170 3921 loquitur,

609 3942 811 3990 caeco
876 3920 1067 3992 fuisti
1128 3922 1420 4002 oculuS,
1485 3935 1550 3992 et
1598 3942 1719 4012 pes
1776 3921 2053 3992 claudo.
2105 3928 2207 3993 Tu
2265 3922 2701 4012 perfectionis
2755 3922 3117 4013 exemplar
3153 3979 3173 4004 ,

612 4008 884 4080 virtutis
932 4009 1173 4092 forma,
1229 4009 1588 4102 speculum
1642 4011 2049 4081 sanctitatis.
2103 4017 2203 4081 Tu
2251 4011 2469 4103 gloria
2505 4012 2740 4094 Israel,
2795 4025 2867 4080 tu
2903 4011 3179 4082 laetitia

608 4097 1018 4179 Jerusalem,
1073 4113 1147 4169 tu
1194 4099 1479 4169 deliciae
1530 4100 1628 4169 tui
1678 4099 1919 4180 seculi,
1960 4113 2027 4170 et
2066 4101 2352 4171 unicum
2403 4101 2503 4171 tui
2555 4101 2882 4192 temporis
2914 4100 3170 4184 decuS,

609 4186 787 4256 oliva
811 4186 1183 4268 fructifera,
1222 4189 1376 4259 vitis
1403 4187 1794 4271 abundans,
1827 4190 2057 4280 palma
2081 4190 2350 4272 florida,
2389 4189 2639 4262 cedrus
2672 4188 3171 4281 multiplicata,

660 4387 684 4406 ⁴·
713 4383 858 4435 Epist.
882 4387 941 4425 ad
961 4386 1214 4427 Arnoldum
1237 4387 1348 4427 Abb.
1368 4388 1684 4432 Bonaevallis,
1703 4385 1866 4430 ordine
1889 4390 1979 4429 310.

612 4437 1065 4533 lgefflagtisstmi
1103 4436 1323 4490 discipuli
1361 4442 1418 4483 ad
1451 4439 1777 4484 admirandum
1813 4444 1993 4492 patrem
2015 4444 2229 4485 sanctum
2249 4444 2547 4494 apostrophe,
2583 4446 2630 4484 et
2665 4443 2740 4493 pt·
2769 4442 2828 4483 de
2871 4444 2978 4492 ωας
3015 4444 3175 4486 οωςι
