3308 5004
718 309 806 375 76
1356 328 1438 376 nn
1482 327 1540 375 s.
1591 325 1918 376 Anrnonso
1966 322 2050 372 u.
2085 327 2166 374 nn
2212 263 2465 373 ticcam
2892 304 3079 372 ΑΗΘ.
3126 306 3162 369 2

630 409 702 480 id
750 413 1111 493 weuram,
1162 425 1242 483 ut
1267 411 1505 482 eodem
1560 425 1861 502 tempore
1900 432 2095 481 sacra
2142 409 2489 481 Missionis
2537 407 2857 478 exercitia
2911 407 3163 478 ibidem

633 500 1085 570 traderentur.
1140 505 1294 589 Ipse
1340 514 1485 572 tum
1533 523 1571 571 e
1618 523 1814 571 sacro
1872 512 2203 601 suggestu
2252 498 2520 568 dicebat
2592 497 3167 585 frequentissime.

632 592 725 659 Eo
745 601 972 659 autem
1005 610 1245 661 omnes
1276 590 1426 679 ejus
1456 590 1797 660 orationes
1828 588 2311 669 commeabant,
2332 600 2407 657 ut
2425 608 2776 657 summum
2815 607 2939 657 suo
3033 586 3173 677 regi

633 679 919 768 peccati,
962 679 1356 767 peccatique
1384 679 1822 749 occasionum
1858 677 2209 748 horrorem
2251 676 2585 762 injiceret,
2632 688 2709 745 ut
2738 696 2894 745 eum
2923 697 2963 744 a
3048 674 3175 744 fre·

632 780 953 852 quantem
1009 781 1593 838 sacramentorum
1654 788 1852 837 susce
1907 766 2156 837 tionem
2216 777 2281 836 et
2330 764 2415 833 ad
2465 763 2871 834 continuum
2943 785 3178 853 preca-

636 856 840 926 tionis
878 878 1084 926 usum
1138 856 1490 937 incitaret,
1541 868 1754 942 utque
1802 855 1846 924 fi
1882 855 2082 926 ialem
2131 855 2192 925 ei
2241 876 2403 954 erga
2444 859 2515 922 B.
2569 853 2915 943 Virginem
2956 852 3173 942 pieta-

637 957 795 1025 tem,
837 967 917 1014 ac
952 967 1280 1036 magnum
1320 944 1496 1014 Jesu
1529 944 1773 1015 Christi
1819 966 2120 1014 amorem
2165 944 2556 1033 inspiraret.
2601 942 2827 1011 Sancti
2875 942 3177 1010 Pastoris

636 1033 1030 1104 sollicitudo
1078 1034 1164 1104 ad
1213 1056 1454 1104 omnes
1518 1055 1588 1103 se
1633 1033 2070 1103 extendebat:
2127 1045 2269 1102 tum
2326 1031 2414 1101 ad
2484 1052 2756 1121 pueros,
2807 1051 2984 1116 quos
3042 1029 3175 1099 fre-

634 1135 922 1210 quenter
980 1123 1048 1191 in
1098 1122 1457 1192 ecclesiam
1508 1123 1975 1203 convocabat,
2050 1121 2440 1212 religiosam
2505 1141 2742 1189 eorum
2814 1118 3170 1189 scientiam
3251 1180 3252 1183 ,

633 1225 1061 1301 experturuS‚
1113 1233 1364 1299 eosque
1415 1210 1526 1280 illa
1577 1211 1991 1290 edocturus,
2044 1232 2220 1298 quae
2268 1223 2428 1279 sunt
2495 1209 2577 1278 ad
2643 1208 2931 1277 salutem
2996 1207 3175 1276 scitu

636 1300 1064 1381 n'ecessaria;
1118 1313 1261 1369 tum
1302 1299 1385 1369 ad
1431 1301 1741 1388 juvene-s,
1779 1321 1954 1385 quos
2017 1299 2384 1389 praecipue
2431 1297 2515 1367 ad
2573 1298 2721 1387 pias
2779 1294 3175 1367 sodalitates

635 1387 1171 1477 frequentandas
1217 1387 1734 1469 adhortabatur;
1783 1402 1927 1457 tum
1964 1388 2045 1457 ad
2098 1385 2677 1466 adolescentulas,
2729 1385 2989 1472 quibus
3039 1385 3176 1454 vir·

690 1477 950 1546 in'itatis
996 1498 1297 1547 amorem
1335 1476 1836 1547 admirabiliter
1882 1476 2282 1555 instillabat,
2323 1489 2465 1545 tum
2500 1474 2586 1544 ad
2629 1487 2971 1566 parenteia,
3018 1474 3177 1561 qui-

636 1500 794 1644 ssus,
845 1565 1074 1636 verbis
1120 1565 1364 1635 ardore
1414 1565 1870 1657 plenissimis,
1939 1587 2228 1635 munera
2285 1564 2374 1635 ab
2442 1563 2612 1654 ipsis
2681 1562 3034 1652 implenda
3106 1564 3174 1632 in

638 1654 1040 1723 memoriam
1093 1654 1473 1735 revocabat;
1527 1670 1670 1724 tum
1724 1653 1806 1722 ad
1860 1667 2193 1745 aegrotoS,
2246 1675 2423 1740 quos
2459 1673 2645 1722 mera
2682 1651 3012 1721 charitate
3049 1650 3179 1721 du·
3251 1734 3252 1739 Ἰ

638 1754 792 1812 ctus
838 1741 1073 1813 adibat
1124 1765 1204 1812 ac
1253 1756 1531 1834 paterne
1572 1743 1971 1823 solabatur;
2037 1757 2180 1812 tum
2222 1742 2305 1812 ad
2419 1741 2687 1811 ublicos
2733 1754 3130 1831 peccatores
3160 1795 3175 1817 ,

637 1852 811 1918 quos
858 1831 1186 1901 omnibus
1234 1832 1402 1914 viiS,
1471 1853 1594 1901 nec
1644 1831 2097 1902 severissimis
2144 1831 2347 1901 subin
2402 1852 2440 1899 e
2507 1829 2673 1900 casti
2729 1829 2891 1899 andi
2952 1829 3183 1899 modis

638 1921 1191 2011 praetermissis,
1257 1920 1343 1990 ad
1397 1920 1742 1990 meliorem
1794 1920 2061 2009 frugem
2138 1920 2461 1990 reducere
2524 1941 2694 1989 cona
2747 1932 2924 1988 atur.
2995 1918 3182 2001 Quid

638 2008 909 2078 multa?
953 2009 1153 2079 Nullo
1202 2008 1457 2087 labore,
1509 2022 1628 2078 aut
1691 2007 1962 2099 fatigari
2022 2029 2217 2099 posse
2276 2008 2430 2096 ejus
2475 2028 2768 2097 corpus,
2824 2019 2941 2075 aut
2989 2006 3180 2076 vinci

635 2098 786 2187 ejus
832 2097 1142 2167 animum
1194 2097 1480 2167 diceres.
1526 2097 1919 2168 Sacerdotes
1980 2098 2388 2178 saeculares,
2443 2107 2588 2166 tum
2649 2094 2968 2185 publicis,
3029 2109 3183 2165 tum

638 2185 922 2276 privatis
996 2186 1583 2257 cohortationibus
1649 2186 1735 2255 ad
1785 2186 2318 2276 comparandam
2387 2184 2521 2255 sibi
2579 2185 3004 2255 sanctitatem
3060 2205 3185 2253 ex-

636 2274 1060 2345 stimulabat.
1095 2275 1225 2357 Qui
1275 2297 1427 2345 vero
1468 2274 1789 2348 fidelibus
1827 2274 2230 2344 scandalum
2269 2273 2688 2364 praeberent,
2727 2272 2800 2340 in
2849 2272 2975 2341 hos
3024 2292 3187 2342 cor-

639 2363 960 2455 rigendos
995 2365 1295 2434 maxima
1328 2364 1646 2435 utebatur
1668 2364 2043 2433 severitate.
2083 2369 2156 2433 Et
2188 2363 2513 2451 quoniam
2558 2361 2833 2452 pigritia
2858 2361 3182 2431 omnium

638 2452 979 2524 malorum
1017 2451 1169 2525 fons
1214 2466 1316 2524 est
1361 2467 1564 2541 atque
1610 2453 1825 2555 orig0,
1869 2454 1958 2524 ab
2004 2453 2194 2523 omni
2234 2452 2415 2522 clero
2469 2450 2868 2542 hujusmodi
2917 2461 3184 2540 pestem

633 2542 974 2632 extirpare
1012 2543 1395 2633 satagebat:
1449 2542 1866 2632 theologicas
1914 2541 2051 2612 fere
2096 2542 2354 2628 ubique
2386 2541 2691 2611 locorum
2752 2539 3188 2609 instituendo

634 2632 1049 2713 academiaS,
1079 2631 1165 2701 ad
1199 2653 1374 2719 quas
1403 2652 1643 2702 omnes
1680 2632 1893 2721 parati
1928 2631 2290 2701 convenire
2316 2629 2743 2699 tenebantur.
2785 2633 2917 2698 Nec
2948 2627 3191 2699 minor

632 2719 1036 2791 zelosissimi
1086 2720 1381 2792 Pastoris
1450 2719 1579 2791 fuit
1642 2719 2032 2789 sollicitudo
2099 2741 2256 2810 erga
2311 2717 2707 2808 RegulareS.
2768 2721 2857 2785 De
2924 2716 3185 2786 borum

632 2829 907 2895 quoque
955 2807 1225 2877 vivendi
1277 2809 1537 2878 ratione
1584 2809 2113 2899 diligentissime
2160 2808 2586 2894 inquirebat;
2641 2826 2766 2875 nec
2813 2804 3186 2894 quidpiam

636 2897 1012 2976 omittebat,
1053 2918 1191 2983 quo
1226 2896 1460 2969 minus
1519 2918 1758 2967 omnes
1804 2896 2147 2984 ejusmodi
2211 2897 2414 2964 vitam
2465 2905 2891 2966 sectarentur
2921 2948 2938 2974 ,
2999 2915 3194 2980 quae

635 2984 895 3073 optimo
932 2985 1259 3054 omnibus
1296 2998 1472 3055 esset
1496 2984 1831 3074 exemplo.
1879 2990 2021 3054 Uno
2058 2984 2283 3065 verbu,
2322 2985 2390 3051 in
2431 3005 2559 3053 sua
2592 2982 2951 3054 lustranda
2978 2982 3190 3053 Dioe-

636 3072 799 3150 cesi,
871 3094 1113 3143 omnes
1161 3073 1525 3174 pastoralis
1557 3072 1763 3143 officii
1823 3086 2048 3164 partes
2105 3073 2198 3142 ita
2243 3095 2321 3141 ex
2380 3071 2563 3142 lebat
2621 3070 3050 3161 Alphonsus,
3107 3082 3197 3143 ut

636 3160 808 3229 nihil
845 3161 997 3252 ejus
1043 3161 1440 3252 vigilantiae
1485 3162 1764 3250 zeloque
1810 3162 1971 3231 addi
2010 3183 2206 3252 posse
2241 3161 2302 3229 vi
2355 3175 2605 3230 eretur.

724 3251 762 3336 ἓ
809 3254 890 3321 8.
945 3250 1125 3321 Nihil
1155 3263 1378 3320 tamen
1423 3252 1678 3320 interea
1717 3251 2236 3334 aseverissima,
2271 3271 2476 3337 quam
2515 3248 2701 3318 domi
2755 3248 3190 3330 sectabatur,

636 3336 908 3407 vivendi
958 3339 1220 3409 ratione
1249 3339 1633 3409 remittebat
1680 3351 1958 3408 sanctus
2005 3339 2342 3408 visitator.
2390 3337 2576 3408 Foris
2629 3336 2763 3426 ipsi
2810 3335 3051 3406 eadem
3099 3359 3200 3408 ac

635 3425 821 3495 domi
872 3427 1257 3517 frugalitas,
1304 3426 1483 3497 idem
1537 3428 1868 3497 orationis
1915 3426 2265 3504 studium,
2319 3426 2593 3497 eaedem
2645 3426 2956 3515 corporis
3002 3424 3201 3496 affli-

637 3515 987 3585 ctationes.
1029 3521 1120 3586 Ne
1152 3536 1460 3603 unquam
1511 3515 1581 3584 in
1634 3516 1823 3585 molli
1860 3516 2108 3587 lectulo
2138 3517 2392 3586 cubare
2422 3527 2801 3605 cogeretur,
2841 3535 3198 3603 magnum

637 3624 871 3673 secum
909 3617 1259 3693 asportare
1304 3604 1564 3675 solebat
1612 3628 1915 3686 saccum,
1952 3606 2021 3674 in
2052 3627 2211 3693 quo,
2254 3605 2445 3695 palea
2499 3601 2784 3684 refertO,
2859 3602 3196 3673 brevissi·

638 3713 829 3760 mum
868 3705 1061 3762 nocte
1092 3693 1404 3784 capiebat
1438 3714 1788 3764 somnum.
1811 3699 2024 3776 Quem
2052 3716 2256 3764 usum
2292 3692 2558 3763 tamdiu
2587 3690 2890 3772 retinuit,
2927 3690 3196 3774 donee,

635 3781 1066 3871 gravissimis
1120 3781 1394 3852 tandem
1454 3781 1977 3852 infirmitatibus
2038 3782 2339 3864 fractuS,
2382 3781 2668 3873 jubente
2715 3780 3206 3852 conscientiae

636 3869 1109 3953 moderatore,
1162 3870 1361 3940 aliter
1423 3893 1460 3940 a
1513 3892 1624 3940 ere
1671 3884 1949 3941 coactus
2010 3883 2136 3941 est.
2204 3876 2335 3942 Nec
2399 3871 2618 3961 ipsam
2695 3869 2962 3959 paleam
3012 3870 3211 3942 satis

637 3979 715 4027 as
768 3981 957 4029 eram
1000 3961 1352 4050 reputans,
1404 3981 1480 4029 ca
1515 3959 1708 4030 culos
1764 3958 2012 4029 lectulo
2067 3960 2451 4035 inserebat,
2527 3979 2614 4027 ne
2671 3958 2773 4027 vel
2822 3958 3208 4029 dormiens

638 4044 727 4116 do
758 4068 874 4119 ore
902 4061 1192 4119 vacaret.
1220 4048 1700 4118 ——Humilitas
1730 4070 1884 4118 vero
1913 4047 2241 4138 Alphonsi
2271 4047 2422 4138 ejus
2455 4047 2935 4135 poenitentiam
2974 4047 3210 4117 adae-

634 4137 914 4220 quabat.
976 4137 1170 4222 Quod
1239 4137 1571 4228 propheta
1626 4136 1710 4206 de
1760 4137 2025 4207 Christo
2095 4136 2380 4206 Domino
2439 4136 2540 4206 sic
2591 4135 3129 4225 praenuntiabat
3175 4160 3199 4204 :

632 4225 846 4294 Dicite
889 4228 1078 4316 filiae
1121 4228 1308 4297 Sion.-
1348 4232 1513 4296 Ecce
1543 4231 1694 4295 Rem
1731 4235 1887 4295 tuus
1914 4228 2094 4295 venit
2140 4226 2266 4295 tibi
2292 4236 2683 4295 mansuetus
2716 4225 2947 4294 sedens
2974 4247 3212 4317 super

637 4315 932 4398 asinum,
986 4315 1112 4384 hoc
1152 4316 1221 4384 in
1257 4315 1555 4406 perfecto
1589 4315 1717 4385 isto
1758 4314 2006 4384 Christi
2056 4314 2395 4383 imitatore
2446 4312 2777 4402 populum
2829 4335 3041 4384 suum
3085 4314 3215 4382 vi-

636 4400 885 4472 sitante
942 4416 1338 4474 renovatum
1380 4403 1760 4474 videbatur.
1830 4402 2030 4474 Nulla
2077 4402 2214 4493 ipsi
2262 4401 2629 4494 splendida
2676 4401 2928 4483 rheda;
2986 4402 3208 4473 nulla
