3308 5004
693 344 778 410 50
1460 356 1543 403 nn
1588 356 1645 403 s.
1699 353 1974 403 rumano
2020 350 2299 402 nmLuso
2867 318 3132 401 anast

572 458 893 517 ‚tentator
918 444 985 513 in
1025 441 1236 514 simili
1271 440 1498 533 specie
1529 440 1614 510 ad
1667 438 2151 510 secundellum
2188 438 2584 519 diaconum,
2618 436 2881 507 dicens:
2912 442 3141 508 Nonne

601 555 1083 638 praeceperam
1119 532 1268 612 tibi,
1311 552 1390 601 eo
1417 531 1597 618 quod
1651 551 1809 599 oves
1845 551 2035 598 meae
2082 526 2436 598 morbidae
2482 539 2732 608 essent,
2764 538 2833 595 et
2880 540 3147 616 pastore

600 624 1015 715 1ndigerent‚
1071 634 1145 691 ut
1184 619 1607 711 egredereris
1654 630 1720 687 et
1767 617 2109 697 visitare5‚
2169 628 2373 703 atque
2432 637 2631 705 opem
2689 614 3001 685 sanitatis
3046 616 3142 687 eis

603 711 987 784 tribueres?
1024 715 1100 780 Et
1140 708 1289 778 ille:
1343 713 1420 777 In
1475 707 1755 776 veritate
1787 704 2116 796 comperi,
2160 704 2339 806 quod
2396 703 2715 775 seductor
2746 704 2867 786 sis,
2922 725 3141 791 neque

602 814 665 871 te
696 808 908 872 Deum
959 797 1187 879 cred0,
1222 797 1425 886 cujus
1460 809 1521 866 te
1570 795 1868 886 speciem
1924 794 2237 863 mentiris
2269 793 2543 864 habere.
2581 799 2832 862 Tamen
2865 791 2923 862 si
2955 793 3150 863 Chri-

601 902 750 961 stus
796 912 892 970 es,
918 908 1194 957 crucem
1238 899 1452 965 tuam,
1487 907 1698 972 quam
1751 883 2113 971 reliquisti,
2155 882 2375 973 ipsam
2423 881 2729 961 ostende,
2766 892 2834 950 et
2866 881 3141 952 credam

603 979 749 1050 tibi.
790 982 1095 1065 Cumque
1144 997 1276 1044 non
1328 973 1738 1053 ostenderet,
1784 973 2079 1043 Diacono
2127 976 2409 1041 Crucem
2458 970 2730 1039 Domini
2780 970 2848 1038 in
2884 991 2962 1040 os
2994 970 3148 1058 ejus

604 1068 915 1146 faciente,
980 1063 1314 1135 confusus
1360 1062 1662 1132 evanuit.
1716 1067 2016 1132 Rursum
2087 1082 2244 1130 vero
2303 1058 2389 1129 ad
2451 1080 2611 1128 eum
2662 1057 2943 1129 veniens
2985 1080 3145 1129 cum

604 1154 1050 1227 multitudine
1086 1152 1532 1232 daemonum,
1596 1163 1787 1220 tanta
1835 1149 2033 1219 illum
2076 1151 2284 1218 caede
2332 1148 2593 1229 afflixit,
2638 1160 2715 1217 ut
2775 1147 2882 1217 vix
2944 1160 3143 1236 puta-

603 1258 793 1315 retur
856 1242 1141 1313 evadere
1191 1262 1425 1331 posse:
1487 1252 1555 1309 et
1598 1238 2007 1319 discedens,
2064 1258 2407 1324 nusquam
2475 1236 2887 1337 comparuit.
2954 1236 3145 1307 Idem

651 1349 837 1404 ostea
871 1332 1210 1400 Diaconus
1260 1329 1329 1398 in
1394 1349 1673 1398 summa
1720 1327 2078 1398 sanctitate
2133 1326 2543 1417 perduranS,
2586 1325 2699 1395 die
2744 1324 2975 1396 debito
3031 1325 3150 1394 de-

632 1433 885 1493 unctus
931 1431 1056 1489 est.

692 1513 728 1598 §
775 1516 869 1580 θ.
922 1512 1166 1577 Beatus
1215 1528 1369 1575 vero
1405 1505 1730 1576 Friardus
1791 1527 1948 1574 cum
2001 1503 2276 1594 magnis
2325 1503 2695 1574 virtutibus
2741 1502 3095 1593 effulgeret
3126 1556 3142 1583 ,

603 1598 900 1686 quadam
948 1597 1090 1666 vice
1136 1595 1488 1665 effractum
1540 1616 1576 1663 e
1612 1607 1808 1663 vento
1855 1595 1943 1663 ab
1990 1593 2235 1662 arbore
2284 1613 2581 1672 ramum,
2648 1614 2881 1679 quem,
2927 1605 3001 1660 ut
3046 1590 3149 1660 fe-

603 1698 787 1767 runt,
823 1686 971 1776 ipse
998 1685 1356 1764 inseverat,
1382 1682 1681 1772 collegit,
1708 1681 2309 1773 compositumque
2341 1680 2672 1751 baculum
2703 1680 2836 1750 sibi
2862 1678 3138 1761 exinde,

649 1796 803 1845 uem
845 1795 1056 1842 manu
1095 1785 1380 1864 gereret,
1441 1770 1619 1841 fecit.
1676 1777 1831 1840 Post
1880 1770 2175 1840 multum
2229 1791 2385 1839 vero
2436 1784 2744 1858 tempus,
2797 1769 2944 1861 jam
2995 1791 3151 1838 are-

629 1877 849 1934 actam
902 1863 1161 1953 virgam
1191 1861 1258 1931 in
1298 1873 1472 1931 terra
1500 1860 1854 1951 plantavit,
1887 1859 2250 1945 infusaque
2279 1861 2462 1944 aqua
2495 1858 2795 1948 saepius,
2849 1856 3145 1929 baculus

602 1953 720 2024 ille
751 1951 1027 2021 frondes
1089 1950 1317 2020 emisit
1363 1962 1427 2018 et
1477 1971 1702 2037 poma,
1755 1962 1959 2035 atque
1999 1949 2178 2016 intra
2225 1946 2403 2017 duos
2442 1958 2563 2016 aut
2610 1961 2744 2016 tres
2790 1968 3011 2016 annos
3070 1947 3148 2015 in

605 2062 925 2131 magnam
960 2039 1226 2109 arboris
1309 2039 1731 2108 roceritatem
1767 2037 2107 2107 distentus
2132 2036 2447 2107 excrevit.
2477 2036 2665 2118 Quod
2696 2057 2855 2105 cum
2935 2034 3151 2105 rande

605 2128 1020 2199 miraculum
1068 2149 1250 2218 popu
1285 2128 1342 2197 is
1390 2126 1833 2196 cernentibus
1897 2126 2301 2205 haberetur,
2366 2138 2433 2194 et
2476 2123 2783 2211 quotidie
2828 2146 2866 2193 a
2967 2123 3150 2194 hanc

603 2217 957 2287 visendam
992 2238 1243 2307 magna
1271 2216 1472 2285 turba
1510 2216 1907 2295 conflueret,
1951 2215 2043 2284 ita
2077 2227 2152 2283 ut
2180 2213 2382 2283 etiam
2437 2212 2656 2304 ipsam
2694 2211 3147 2283 remotionem

603 2305 876 2376 insulae
918 2305 1133 2374 virtus
1183 2303 1452 2395 prodita
1486 2304 1908 2394 publicaret:
1975 2315 2258 2373 sanctus
2311 2301 2452 2382 Dei,
2493 2324 2575 2371 ne
2623 2323 2835 2371 vanae
2883 2300 3148 2392 gloriae

604 2394 757 2465 labe
790 2394 1173 2475 subrueret,
1212 2394 1526 2463 arborem
1566 2404 1837 2483 arrepta
1877 2414 2116 2462 secure
2162 2391 2480 2461 succidit.
2535 2395 2937 2476 Rursusque
2984 2412 3153 2459 san-

604 2496 757 2554 ctus
804 2483 1086 2554 alterius
1134 2482 1399 2553 arboris
1450 2482 1722 2552 ruinam
1763 2502 2072 2562 cernenS,
2124 2501 2303 2569 quae
2340 2490 2492 2550 acta
2540 2479 2721 2550 venti
2769 2478 3095 2550 violentia
3126 2534 3144 2561 ‚

605 2574 893 2644 floribus
943 2573 1143 2664 plena
1191 2585 1591 2651 corruerat,
1663 2569 2136 2641 misericordia
2208 2582 2434 2639 motus
2467 2621 2483 2654 ,
2535 2567 2795 2649 oravit,
2851 2568 3144 2638 dicens:

607 2685 645 2730 «
679 2668 769 2732 Ne
819 2674 1068 2753 pereat,
1119 2682 1400 2749 quaeso,
1443 2658 1749 2740 Domine,
1793 2659 2007 2746 hujus
2053 2657 2468 2729 arbusculae
2515 2656 2821 2737 fructus,
2872 2679 3050 2744 quae
3085 2671 3153 2728 te

600 2751 886 2840 jubente
916 2751 1165 2820 florum
1206 2761 1608 2819 ornamenta
1633 2747 1955 2839 produxit
1988 2770 2000 2813 :
2037 2746 2155 2817 sed
2195 2748 2421 2837 potius
2458 2768 2501 2816 a
2537 2758 2596 2816 te
2635 2745 3148 2815 incrementum

609 2838 1061 2930 reparationis
1107 2837 1482 2919 indultum,
1525 2836 1881 2907 fructuum
1919 2848 2262 2905 mereatur
2292 2834 2583 2924 adipisci
2623 2835 2966 2904 effectum.
3001 2857 3037 2902 »
3069 2840 3155 2904 Et

609 2928 778 2997 haec
826 2926 1087 3004 dicens,
1140 2939 1420 3017 accepta
1468 2948 1726 3006 secure,
1771 2924 2152 3014 amputavit
2191 2924 2458 2993 arboris
2490 2923 2887 2993 columnam
2937 2945 3160 3012 super

609 3015 900 3096 radices,
951 3037 1127 3102 quae
1159 3015 1387 3085 adhuc
1434 3015 1830 3095 haerebant,
1874 3013 2413 3098 columnamque
2462 3013 2683 3102 ipsam
2735 3012 2804 3080 in
2860 3010 3148 3081 modum

610 3104 808 3175 sudis
853 3102 1011 3174 fecit
1057 3117 1355 3184 acutam,
1404 3126 1483 3173 ac
1510 3126 1658 3173 eam
1696 3115 1912 3171 terrae
1957 3101 2215 3171 defixit.
2261 3107 2410 3170 Mox
2444 3100 2674 3192 ligatis
2722 3100 2872 3169 sine
2922 3099 3162 3171 radice

609 3193 848 3274 ramis,
892 3206 956 3262 et
1002 3192 1087 3262 ad
1140 3193 1509 3282 pristinum
1562 3191 1893 3261 restitutis
1941 3202 2189 3261 statum
2226 3245 2241 3272 ,
2297 3192 2499 3260 flores
2532 3243 2547 3273 ,
2599 3189 2722 3276 qui
2771 3200 3151 3269 aruerant,

610 3281 991 3351 viruerunt.
1048 3287 1203 3370 Ipso
1248 3302 1520 3367 quoque
1566 3302 1750 3349 anno
1803 3280 1966 3349 haec
2005 3279 2211 3350 arbor
2254 3277 2525 3348 fructus
2577 3277 2827 3348 cultori
2872 3299 2999 3347 suo
3048 3299 3162 3347 re-

610 3370 853 3440 stituit.
908 3371 1117 3439 Credo
1163 3390 1288 3459 ego
1335 3368 1420 3438 de
1492 3368 1962 3439 misericordia
2008 3368 2167 3450 Dei,
2222 3367 2405 3455 quod
2475 3366 2892 3436 miraculum
2955 3388 3162 3457 prae-

611 3479 771 3528 sens
816 3458 1022 3546 exigit
1069 3456 1304 3545 loqui,
1357 3456 1522 3544 quia
1589 3458 1897 3528 obtinere
1948 3457 2166 3547 potuit
2221 3457 2333 3526 hic
2393 3456 2701 3526 oratione
2766 3477 2896 3525 sua
2942 3455 3160 3526 vitam

611 3546 901 3617 mortuis
949 3568 990 3616 a
1037 3546 1323 3615 Domino
1370 3546 1743 3634 impertiri,
1808 3546 1930 3634 qui
1977 3546 2276 3616 obtinuit
2321 3544 2603 3615 arbores
2648 3544 2881 3614 aridas
2928 3543 2998 3613 in
3050 3566 3164 3614 re-

609 3636 835 3706 diviva
877 3635 1213 3705 viriditate
1260 3633 1718 3705 frondescere.

697 3727 735 3813 ἓ
779 3728 858 3796 ⁸2.
914 3724 1103 3794 Idem
1150 3744 1310 3793 cum
1362 3723 1770 3814 plerumque
1813 3723 2176 3794 transitum
2237 3743 2445 3792 suum
2500 3720 2831 3792 fratribus
2877 3719 3165 3812 praedi-

610 3826 813 3895 ceret,
864 3813 1164 3900 quadam
1215 3812 1326 3881 die
1375 3825 1631 3883 tractus
1677 3836 1718 3882 a
1762 3812 1980 3894 febre,
2032 3811 2202 3881 dicit
2253 3811 2443 3880 suis:
2499 3833 2535 3877 «
2572 3815 2669 3880 Ite
2722 3810 2807 3880 ad
2857 3809 3162 3880 Felicem

611 3902 1025 3994 Episcopum
1065 3957 1080 3984 ,
1152 3913 1217 3970 et
1265 3903 1585 3972 nunciate
1640 3902 1703 3971 ei
1751 3901 2133 3972 discessum
2185 3922 2454 3979 meum,
2506 3898 2850 3969 dicentes:
2921 3904 3163 3967 Frater

612 4003 773 4061 tuus
812 3990 1135 4061 Friardus
1183 3989 1388 4060 dixit:
1424 3996 1591 4060 Ecce
1637 4001 2116 4060 consummato
2142 4011 2355 4060 cursu
2404 3989 2575 4058 vitae
2608 3988 2842 4079 hujuS,
2892 3987 2979 4057 de
3019 3986 3163 4057 hoc

612 4078 873 4149 mundo
920 4078 1279 4150 absolvor:
1330 4093 1395 4150 et
1440 4091 1518 4150 ut
1563 4080 1809 4149 certior
1855 4079 1952 4149 sis
1998 4078 2083 4149 de
2141 4079 2270 4148 hoc
2321 4079 2561 4158 verbo,
2631 4076 2742 4146 die
2791 4075 3160 4146 Dominica

610 4168 971 4239 transitum
1021 4168 1308 4260 accipi0,
1360 4179 1427 4238 et
1473 4168 1644 4238 vado
1677 4168 1764 4237 ad
1813 4168 2143 4256 requiem,
2186 4187 2397 4255 quam
2440 4166 2608 4236 mihi
2661 4165 2978 4257 promisit
3007 4170 3159 4234 Rex

612 4268 930 4329 aeternus
970 4263 1168 4327 DeuS.
1224 4257 1410 4339 Veni,
1463 4259 1771 4339 obsecr0,
1806 4270 1882 4326 ut
1929 4257 2196 4328 videam
2249 4268 2332 4337 te,
2373 4255 2774 4345 priusquam
2826 4254 3156 4323 obeam.»

614 4350 919 4432 Cumque
964 4346 1079 4415 ille
1124 4346 1481 4416 occasione
1522 4346 1751 4417 nescio
1798 4368 1936 4434 qua
1968 4346 2410 4426 detineretur,
2468 4344 2869 4414 mandatum
2924 4342 3149 4422 misit,

613 4434 886 4505 dicens:
946 4439 1156 4526 Rog0,
1194 4435 1254 4505 si
1300 4434 1449 4505 fieri
1510 4447 1770 4526 potest,
1823 4449 1900 4506 ut
1962 4457 2069 4505 me
2120 4434 2471 4505 modicum
2517 4446 2867 4524 expecteS,
2920 4431 3154 4500 donec
