3308 5004
625 278 752 345 344
1134 295 1214 344 nn
1251 292 1636 343 maumonii
1683 291 1971 345 amuss.
2024 294 2193 344 unc.
2244 296 2490 344 naun
2761 278 2947 346 AUG.
3000 280 3094 346 ⁴5

531 401 717 461 vero,
768 378 1028 467 quibus
1059 392 1162 450 εει
1193 401 1396 450 verus
1443 384 1622 450 Deus
1671 380 1740 450 id
1787 380 1972 468 quod
2004 379 2255 452 colitur
2305 386 2503 461 Deus,
2541 378 2830 469 quinon
2861 404 2939 452 ex
2994 382 3097 452 iis

531 490 708 558 quae
743 481 929 570 sunt,
986 468 1364 559 productus
1401 482 1503 539 est
1539 468 1627 539 ad
1669 468 1822 549 hoc,
1866 482 1944 541 ut
1988 482 2189 550 esset,
2232 469 2348 542 sed
2384 470 2507 557 qui
2556 491 2827 561 semper
2868 482 3094 542 estex

531 579 636 639 eo,
675 578 798 644 qut
845 569 946 627 est
993 578 1286 648 semper,
1324 579 1538 647 supra
1574 579 1884 639 causam,
1918 570 1985 629 et
2016 559 2376 639 rationem,
2416 571 2486 629 et
2517 559 2863 629 notionem
2915 571 3097 630 tem-

532 646 723 738 poris
769 659 835 716 ει
880 658 1209 717 naturae:
1262 651 1543 717 Matrem
1593 646 1711 717 Dei
1772 646 2071 718 colimus
2117 661 2186 718 et
2230 668 2679 729 veneramur,
2740 669 2875 717 non
2929 649 3093 738 ejus

534 734 914 806 divinitatis
960 757 1040 806 ex
1089 736 1241 826 ipsa
1279 734 1746 807 describentes
1778 736 2316 827 generationem,
2367 757 2548 824 quae
2592 748 2694 806 est
2730 737 2884 808 sine
2915 749 3096 807 tem-

475 885 485 893 .
532 824 752 916 pore(
785 824 898 893 Dei
935 824 1121 894 enim
1162 824 1363 895 Verbi
1410 847 1488 895 ex
1521 829 1653 894 Deo
1687 825 2035 915 generatio
2081 826 2365 898 estsine
2414 839 2741 915 tempore,
2793 839 2860 895 ει
2902 826 3093 896 Patri

533 912 941 1002 coaeterna),
987 912 1102 984 sed
1167 912 1546 986 secundam
1585 914 1990 984 confitentes
2023 914 2560 1005 generationem,
2616 936 2738 1005 per
2770 916 3094 985 volunta-

535 1002 709 1071 riam
744 1002 975 1073 carnis
1021 1003 1554 1093 susceptionem,
1590 1015 1798 1088 atque
1843 1002 1994 1090 ejus
2040 1024 2324 1075 causam
2385 1016 2450 1072 et
2506 1002 2818 1083 scientes,
2883 1016 2949 1073 et
2983 1004 3095 1073 di-

535 1104 785 1162 centes.
841 1095 1054 1161 Carne
1099 1090 1287 1160 enim
1337 1090 1653 1161 induitur
1701 1092 1759 1161 is
1806 1092 1926 1179 qui
1971 1105 2075 1162 est
2118 1091 2269 1163 siue
2318 1091 2684 1182 principio,
2736 1092 2889 1163 sine
2932 1114 3093 1162 cor-

535 1202 721 1271 pore,
769 1192 1047 1271 propter
1103 1202 1252 1260 nos,
1306 1192 1372 1250 ει
1420 1192 1698 1271 propter
1747 1194 2047 1251 nostram
2092 1180 2422 1259 salutem,
2474 1194 2551 1251 ut
2588 1180 2817 1251 simile
2863 1194 3093 1252 servet

535 1269 773 1340 simili.
828 1273 904 1338 Et
950 1290 1110 1338 cum
1158 1290 1436 1338 carnem
1509 1269 1926 1359 suscepisset
1992 1292 2074 1340 ex
2140 1270 2268 1339 hac
2330 1291 2525 1340 sacra
2583 1269 2860 1359 Virgine
2936 1271 3089 1341 sine

533 1359 1040 1449 conjunctione,
1085 1358 1392 1429 nascitur
1444 1358 1588 1447 ipse
1639 1380 1929 1429 manens
1998 1371 2179 1429 totus
2231 1364 2443 1436 Deus,
2494 1370 2559 1427 et
2633 1372 2815 1428 totus
2856 1357 3085 1428 sactus

533 1446 763 1526 homo,
799 1446 945 1536 ipse
976 1457 1156 1516 totus
1208 1451 1386 1517 Deus
1431 1468 1589 1516 cum
1631 1468 1841 1517 carne
1886 1469 2037 1529 sua,
2091 1461 2157 1518 et
2205 1459 2386 1518 totus
2444 1446 2649 1516 homo
2706 1469 2870 1517 cum
2929 1449 3084 1536 ejus

536 1536 906 1626 plusquam
956 1534 1191 1605 divina
1239 1534 1618 1605 divinitate.

624 1625 662 1712 ξ
709 1627 840 1696 n.
895 1624 1003 1693 Sic
1031 1624 1146 1693 Dei
1185 1629 1464 1694 Matrem
1499 1638 1990 1714 cognoscentes
2029 1623 2207 1694 hanc
2240 1624 2616 1714 Virginem,
2647 1623 3092 1696 celebramus

533 1712 687 1803 eJus
731 1712 1260 1782 dormitionem:
1315 1734 1451 1783 non
1511 1713 1693 1784 hanc
1743 1717 1946 1783 Deam
1994 1712 2420 1803 appellantes
2450 1713 2689 1797 (Absiu
2741 1727 2845 1783 εει
2889 1714 3089 1783 enim

534 1801 898 1891 gentilium
936 1822 1308 1892 nugarum,
1347 1801 1512 1872 haec
1550 1800 1890 1872 fabulari:
1932 1824 2092 1872 nam
2130 1803 2282 1889 ejus
2327 1823 2601 1889 quoque
2635 1814 2924 1872 mortem
2959 1823 3094 1871 an·

532 1890 986 1980 nunciamus)
1013 1890 1128 1962 sed
1164 1890 1279 1959 Dei
1310 1912 1517 1960 carne
1546 1890 1773 1961 induti
1810 1904 2093 1961 matrem
2122 1903 2634 1979 cognoscenteS,
2664 1890 2844 1961 hanc
2876 1890 3093 1960 hodie

532 1980 748 2051 sacris
773 1980 1257 2069 prosequimur
1282 1979 1595 2060 canticis,
1635 2001 1783 2059 nos,
1824 1980 1947 2067 qui
1988 1980 2117 2050 hoc
2147 1979 2378 2068 adepti
2412 2001 2684 2059 sumuS,
2723 1992 2800 2049 ut
2827 1979 3089 2050 Christi

532 2068 838 2159 populus
881 2081 948 2138 et
976 2068 1221 2147 simus,
1265 2082 1330 2139 et
1362 2068 1702 2139 dicamur.
1747 2074 1940 2139 Hanc
1988 2068 2347 2140 nocturnis
2379 2068 2799 2138 honoremus
2846 2068 3092 2139 statio-

533 2156 767 2227 nibus.
811 2161 1002 2228 Hanc
1039 2156 1256 2227 animi
1302 2170 1369 2227 et
1407 2159 1716 2248 corporis
1744 2158 2052 2228 castitate
2099 2157 2562 2237 oblectemus,
2615 2177 2795 2243 quae
2847 2177 3091 2227 revera

534 2258 688 2337 post
721 2251 932 2316 Deum
978 2259 1168 2317 casta
1197 2258 1299 2317 est
1344 2268 1556 2337 supra
1582 2268 1848 2317 omnes.
1894 2246 2124 2317 Solent
2152 2247 2339 2315 enim
2367 2245 2773 2316 naturaliter
2818 2244 3093 2316 similia

532 2334 832 2425 gaudere
861 2335 1233 2405 similibus.
1285 2340 1478 2405 Hanc
1532 2334 1845 2406 colamus
1892 2357 2269 2427 egenorum
2331 2333 2952 2404 commiseratione.
3006 2335 3087 2403 Si

538 2424 723 2495 enim
777 2428 953 2494 Deus
985 2424 1180 2495 nulla
1213 2444 1284 2494 re
1331 2444 1548 2514 aeque
1575 2424 1852 2506 colitur,
1895 2438 2100 2513 atque
2138 2421 2652 2494 misericordia:
2703 2423 2862 2512 quis
2910 2443 3088 2492 con-

533 2513 819 2585 tradicet
867 2530 1150 2586 matrem
1200 2535 1475 2603 quoque
1540 2535 1675 2585 non
1734 2514 1971 2586 laetari
2024 2513 2418 2584 similibus?
2465 2517 2646 2583 Haec
2703 2511 3091 2603 publicavit

532 2602 950 2674 ineffabilem
1001 2603 1118 2674 Dei
1167 2604 1239 2672 in
1279 2625 1406 2674 nos
1456 2603 1817 2704 abyssum.
1862 2608 1987 2674 Per
2016 2624 2168 2672 eam
2226 2602 2427 2673 nohis
2483 2620 2646 2671 cum
2695 2623 2775 2671 eo
2824 2622 3089 2692 magno

530 2692 786 2784 plausu
817 2692 990 2762 inita
1029 2692 1157 2763 fuit
1190 2691 1679 2772 reconciliatio,
1723 2714 1986 2782 paxque
2016 2705 2081 2760 et
2127 2692 2347 2781 gratia
2397 2689 2524 2760 suit
2552 2689 2830 2759 donata:
2873 2702 2942 2760 et
2986 2689 3085 2758 si-

530 2781 674 2851 mul
705 2803 866 2851 cum
915 2780 1190 2883 Angelis
1235 2781 1522 2851 choreas
1552 2781 1820 2853 ducunt
1858 2780 2197 2857 homines,
2233 2793 2299 2850 et
2341 2778 2467 2849 filii
2508 2779 2624 2848 Dei
2683 2800 2935 2849 sumus
2983 2778 3084 2848 el?-

528 2869 710 2950 fecti,
769 2870 910 2956 qui‘
945 2890 1141 2957 prius
1184 2890 1464 2941 eramus
1509 2882 1776 2940 contem
1835 2869 1977 2947 tui,
2027 2882 2096 2939 et
2161 2868 2372 2939 notati
2439 2866 2751 2937 infamia.
2805 2872 2901 2937 Ex
2947 2868 3082 2937 hac

527 2958 805 3028 botrum
858 2959 1033 3027 vitae
1078 2958 1579 3047 decerpsimus.
1636 2963 1729 3028 Ex
1779 2892 1908 3027 fiac
1954 2955 2129 3027 colle
2182 2957 2364 3026 imus
2410 2977 2693 3046 germen
2759 2956 3079 3027 incorru-

529 3046 811 3137 ptioniS.
864 3050 1044 3115 Haec
1094 3047 1294 3116 nobis
1327 3048 1506 3118 bona
1552 3045 1967 3117 conciliavit.
2010 3049 2085 3114 In
2186 3066 2266 3114 ac
2302 3048 2476 3116 Deus
2512 3043 2795 3133 quidem
2839 3044 3070 3124 homo,

530 3147 599 3204 et
646 3134 850 3203 homo
900 3139 1078 3204 Deus
1099 3134 1321 3206 factus
1366 3149 1500 3206 est.
1526 3142 1602 3206 Et
1632 3135 1799 3223 quid
1836 3136 1964 3204 hoc
2010 3131 2540 3204 admirabilius?
2572 3133 2741 3221 quid
2773 3133 3079 3204 beatius?

533 3222 763 3314 Caligo
813 3235 1024 3301 metu,
1065 3222 1317 3293 timens
1362 3223 1430 3293 id
1479 3223 1663 3313 quod
1713 3224 1996 3294 dicitur.
2048 3227 2215 3293 Cum
2267 3222 2480 3292 Maria
2526 3223 2988 3312 Prophetissa,
3035 3244 3078 3292 o

532 3311 807 3381 animae
845 3311 1158 3401 juveneS,
1212 3312 1460 3382 choros
1506 3312 1850 3383 ducamus
1912 3334 2073 3383 cum
2134 3312 2525 3402 tympanis,
2581 3311 3076 3383 mortificantes

535 3400 872 3481 membra,
922 3420 1100 3488 quae
1145 3412 1309 3470 sunt
1340 3423 1552 3490 super
1600 3414 1877 3483 terram,
1920 3401 2045 3470 hoc
2091 3400 2280 3471 enim
2326 3413 2430 3472 est
2469 3400 2840 3490 mysticum
2896 3415 3074 3491 tym-

533 3510 823 3580 panum.
872 3487 1268 3559 Juhilemus
1315 3489 1386 3558 in
1452 3512 1608 3560 arca
1662 3490 1932 3561 Domini
1980 3491 2097 3560 Dei
2160 3491 2438 3559 animae
2492 3488 3071 3577 jubilationibus,

531 3588 599 3647 et
637 3577 817 3648 muri
849 3577 1096 3647 cadent
1155 3578 1612 3649 Jerichuntini
1645 3634 1661 3659 ,
1714 3579 2243 3659 contrariarum,
2302 3578 2609 3664 inquam,
2663 3590 3074 3667 potestatum

503 3666 817 3758 ,infestae
867 3666 1312 3737 munitiones.
1365 3672 1521 3738 Post
1567 3668 1775 3738 David
1823 3668 2189 3739 exiliamus
2250 3668 2523 3767 spiritu.
2575 3671 2740 3737 Arca
2808 3667 3075 3738 Domini

531 3755 735 3826 hodie
783 3755 1137 3841 requievit.
1176 3755 1567 3827 clamemus
1612 3780 1776 3826 cum
1811 3755 2144 3836 Gabriele,
2182 3777 2305 3844 qut
2342 3755 2645 3845 primum
2688 3754 2918 3825 locum
2953 3755 3079 3824 ob-

529 3845 698 3915 tinet
745 3843 925 3914 inter
963 3844 1297 3935 Angelos:
1331 3851 1468 3915 Ave
1512 3848 1747 3937 qratia
1762 3849 1995 3937 plena,
2034 3846 2352 3915 Dominus
2400 3856 2639 3915 tecum.
2675 3848 2806 3913 Ave
2836 3843 3078 3935 gaudii

527 3933 841 4024 pelagus,
891 3933 1076 4021 quod
1128 3954 1261 4002 non
1311 3947 1528 4023 potest
1572 3935 1917 4005 consumi.
1952 3939 2086 4004 Ave
2133 3934 2422 4004 unicum
2475 3932 2949 4004 molestiarum
2979 3933 3074 4003 le·

530 4043 799 4092 vamen.
851 4028 982 4093 Ave
1030 4022 1638 4104 medicamentum,
1675 4022 1863 4111 quod
1893 4022 2206 4094 medetur
2231 4021 2463 4092 cordis
2500 4021 2884 4093 doloribus.
2916 4026 3073 4104 Ave,

529 4132 652 4201 per
687 4132 896 4198 quam
948 4132 1135 4182 mors
1179 4111 1460 4199 quidem
1512 4111 1643 4183 fuit
1687 4111 1998 4202 expulsa,
2053 4112 2189 4182 vita
2236 4124 2466 4181 autem
2521 4111 2937 4182 introducta.

616 4201 654 4285 ἓ
700 4202 839 4272 18.
892 4205 992 4270 'ru
1039 4222 1195 4271 vero
1242 4221 1282 4270 o
1331 4223 1687 4272 sacrorum
1738 4223 1813 4271 se
1864 4200 2218 4271 ulcrorum
2280 4199 2870 4281 sacratissimum,
2925 4209 3081 4289 post

527 4287 799 4356 Domini
843 4287 1121 4375 quidem
1167 4290 1607 4380 sepulcrum,
1651 4313 1790 4378 quo
1888 4289 2063 4359 vitae
2108 4287 2298 4358 dedit
2364 4288 2788 4380 principium
2817 4341 2833 4368 ,
2884 4289 3070 4376 quod

525 4374 833 4445 suitsons
881 4379 1403 4450 resurrectionis
1443 4380 1723 4465 (etenim
1775 4377 2019 4466 loquar
2071 4390 2423 4465 tamquam
2474 4398 2635 4448 cum
2686 4376 3066 4467 animato),
