3308 5004
203 342 393 410 AUG.
450 343 534 408 ⁴2
1082 361 1161 409 ns
1210 362 1264 410 s.
1318 359 1548 412 sumo
1595 362 1889 412 naamis
2533 349 2662 415 267

203 445 463 516 librum
514 465 750 516 secum
802 444 1089 528 habens,
1127 467 1265 533 quo
1316 445 1608 539 populos
1653 458 1719 518 et
1768 448 2286 520 multitudinem
2340 451 2564 542 ipsam
2614 451 2755 521 cir-

202 535 603 615 cumvenit,
680 533 1039 604 affirmans
1100 558 1434 627 magnum
1504 557 1653 607 esse
1719 540 1932 606 Deum
1998 538 2569 610 Christianorum.
2632 540 2754 611 His

197 622 485 704 auditis,
540 622 736 694 valde
787 625 1227 713 perturbatus
1274 636 1377 694 est
1425 624 1878 706 calvisianus,
1931 639 1996 704 et
2043 627 2180 696 ait:
2234 628 2565 699 Adducite
2603 630 2756 699 vin-

196 725 392 783 ctum
444 711 533 782 ad
583 732 693 782 me
740 712 1091 783 hominem
1142 712 1380 795 istum,
1432 713 1779 784 adducite.
1836 715 2074 786 Statim
2118 716 2445 786 satellites
2474 738 2597 807 per
2634 740 2755 789 ur-

200 801 314 871 bis
409 799 647 873 lateas.
702 800 1029 892 Euplium
1082 802 1600 892 perquirentes,
1654 803 2067 873 invenerunt
2136 825 2295 874 eum
2366 805 2434 873 in
2500 806 2754 877 cellula

203 911 343 977 qua
392 911 504 959 am
558 903 982 973 morantem,
1036 902 1102 961 et
1150 891 1265 961 Dei
1314 891 1764 981 Evangelium
1814 891 2201 962 docentem.
2257 897 2471 976 Quem
2523 895 2753 966 subito

204 978 812 1068 comprehensum,
868 981 1193 1050 manibus
1226 992 1380 1070 post
1410 992 1599 1081 terga
1631 980 1997 1071 colligatiS,
2040 981 2125 1051 ad
2159 981 2524 1052 Calvisiani
2561 1006 2755 1074 prae-

204 1067 377 1139 sidis
425 1067 733 1138 tribunal
783 1068 1242 1140 adduxerunt.
1296 1074 1486 1139 Tunc
1535 1071 1806 1159 impius·
1840 1083 1907 1140 et
1952 1070 2262 1142 nefarius
2295 1071 2746 1154 CalvisianuS,

201 1178 362 1226 cum
413 1156 657 1227 ambas
704 1157 853 1246 ejus
902 1180 1155 1228 manus
1200 1170 1267 1227 et
1315 1157 1555 1248 pedem
1607 1158 1902 1229 alterum
1953 1158 2039 1228 ad
2092 1159 2315 1250 ipsius
2366 1173 2551 1250 gen'u
2609 1161 2754 1231 col-

199 1244 405 1336 ligari
455 1246 765 1317 fecisset:
819 1251 1030 1328 Tune,
1085 1246 1334 1334 inquit,
1386 1268 1459 1317 es
1507 1245 1796 1317 deorum
1851 1260 2241 1318 nostrorum
2293 1247 2619 1331 desertor,
2686 1262 2753 1320 et

197 1333 701 1424 imperatorum
752 1347 1020 1405 contem
1079 1348 1204 1418 tor,
1305 1335 1380 1405 ui
1415 1356 1638 1423 neque
1672 1336 1985 1426 ipsorum
2015 1336 2259 1406 edictis
2288 1337 2745 1428 obtemperas,

198 1443 426 1510 neque
475 1436 953 1514 praepotentes
1048 1446 1166 1494 eos
1213 1447 1253 1494 a
1304 1428 1511 1493 oras?
1559 1425 1940 1515 Respondit
1985 1425 2312 1516 Euplius:
2368 1448 2403 1493 «
2455 1428 2748 1510 Quinam

200 1525 366 1582 sunt
415 1512 531 1581 isti
577 1512 782 1583 vestri
834 1511 956 1594 dii,
1008 1526 1085 1583 ut
1131 1534 1249 1584 eos
1286 1513 1611 1583 adorem?
1643 1536 1681 1580 »
1711 1513 2003 1604 Jupiter,
2040 1514 2267 1600 inquit
2296 1514 2746 1598 CalvisianuS,

200 1600 653 1692 Aesculapius
700 1614 767 1671 et
813 1602 1051 1671 Diana.
1103 1602 1199 1672 Ad
1248 1600 1417 1671 haec
1465 1601 1756 1691 Euplius
1805 1602 1940 1673 ait:
1996 1624 2031 1669 «
2083 1607 2337 1673 Caecus
2383 1617 2585 1688 estu,
2625 1609 2749 1675 Do-

200 1689 477 1760 minum
526 1690 755 1760 Jesum
810 1690 1156 1762 Christum
1210 1712 1346 1760 non
1396 1711 1845 1780 cognoscens,
1905 1691 2026 1778 qui
2072 1691 2342 1762 coelum
2393 1704 2460 1762 et
2498 1705 2748 1764 terram

200 1778 450 1861 effecit,
481 1792 547 1848 et
575 1778 928 1850 hominem
960 1801 997 1849 e
1030 1791 1211 1850 terra
1249 1778 1589 1860 formavit,
1632 1779 1893 1867 quique
1925 1801 2049 1850 nos
2076 1781 2499 1852 Christianos
2524 1782 2752 1852 induit

200 1879 385 1936 veste
406 1867 949 1938 immortalitatis
979 1870 1273 1971 pretioso
1299 1867 1637 1945 videlicet,
1663 1869 1948 1959 insigni,
1973 1870 2435 1952 sanctissimO,
2461 1870 2752 1941 terribili

203 1968 273 2026 et
320 1955 578 2027 illustri
628 1980 754 2028 suo
812 1958 1245 2048 baptismate.
1290 1984 1313 2020 ι)
1354 1963 1544 2027 Tunc
1576 1957 1672 2026 ait
1702 1957 2171 2028 Calvisianus:
2212 1964 2574 2049 Propterea
2609 1971 2744 2029 tam

200 2045 500 2136 superbe
541 2044 868 2133 loqueris,
920 2045 1103 2134 quod
1157 2044 1467 2116 nondum
1513 2058 1848 2116 tormenta
1908 2059 2229 2137 expertus
2289 2068 2384 2117 es.
2438 2047 2530 2117 Ad
2582 2048 2748 2118 haec

198 2146 487 2204 sanctus
519 2135 810 2226 Euplius
844 2135 1199 2226 respondit
1230 2157 1243 2202 :
1285 2156 1320 2201 «
1374 2140 1735 2205 Tormenta
1782 2136 1914 2205 ista
1963 2149 2081 2206 tua
2116 2136 2287 2205 mihi
2321 2136 2601 2225 quidem
2637 2158 2750 2208 co-

198 2243 433 2302 ronae,
488 2222 613 2292 tibi
661 2245 819 2294 vero
870 2238 1032 2294 sunt
1079 2223 1420 2293 tenebrae.
1461 2245 1497 2290 »

288 2314 325 2399 ξ
373 2317 457 2384 4.
514 2312 635 2382 His
681 2313 910 2384 verbis
960 2312 1154 2382 valde
1203 2311 1645 2403 perturbatus
1695 2311 2147 2390 Calvisianus,
2200 2326 2266 2383 et
2312 2335 2349 2382 a
2400 2327 2590 2404 patre
2620 2334 2748 2383 suo

197 2399 476 2471 diabolo
514 2402 922 2482 concitatus,
961 2400 1173 2489 jussit
1222 2401 1489 2492 lignum
1540 2400 1611 2468 in
1664 2411 1839 2469 terra
1880 2400 2113 2502 defigi,
2160 2415 2226 2471 et
2272 2402 2341 2470 in
2392 2423 2470 2471 eo
2519 2404 2743 2472 virum

197 2488 399 2559 illum
425 2502 740 2562 sanctum
770 2490 1127 2581 suspendi,
1158 2489 1534 2578 ferreisque
1562 2489 1952 2581 pectinibus
1973 2490 2321 2561 dilaniari.
2362 2495 2507 2574 Quo
2537 2490 2735 2571 fact0,

195 2576 313 2649 ille
344 2580 590 2651 erectis
620 2580 689 2648 in
722 2581 988 2651 coelum
1020 2580 1264 2661 oculis,
1298 2580 1397 2650 sic
1431 2583 1642 2649 Deum
1676 2580 1893 2661 oravit
1922 2604 1934 2645 ε
1975 2603 2012 2646 «
2048 2582 2332 2650 Domine
2359 2585 2522 2651 Jesu
2558 2579 2745 2650 Chri-

198 2679 322 2748 ste,
381 2667 594 2738 indue
642 2689 752 2739 me
798 2682 980 2740 veste
1030 2668 1611 2739 immortalitatis:
1666 2668 1794 2751 fac,
1838 2690 2118 2756 quaeso,
2167 2690 2253 2738 ne
2285 2669 2572 2738 istorum
2609 2681 2745 2738 tor-

194 2757 452 2826 mentis
480 2779 566 2827 su
618 2757 796 2828 erari
830 2756 1116 2828 valeam.
1156 2780 1192 2825 »
1232 2764 1421 2828 Tunc
1459 2780 1582 2828 vox
1611 2757 1847 2827 audita
1877 2770 1980 2828 est
2014 2777 2051 2827 e
2081 2757 2293 2840 coe10,
2324 2778 2502 2845 quae
2536 2757 2737 2827 dixit:

194 2849 377 2925 Esto,
422 2850 570 2937 Eup
603 2846 648 2926 i,
686 2846 867 2918 bono
897 2860 964 2918 et
1001 2846 1159 2917 forti
1191 2847 1426 2917 animo
1457 2869 1472 2912 :
1524 2868 1685 2917 vera
1729 2847 1915 2916 enim
1951 2847 2158 2918 vestis
2188 2846 2311 2917 tibi
2336 2859 2578 2948 parata
2611 2858 2737 2916 es-t.

190 2937 376 3003 Haec
425 2934 520 3004 ait
566 2957 691 3004 vox
737 2935 881 3004 illa.
933 2941 1010 3006 At
1059 2935 1319 3027 impius
1369 2935 1837 3006 Calvisianus:
1910 2935 2261 3016 Etiamne,
2331 2935 2602 3022 lnquit,
2656 2934 2743 3004 ab

192 3021 347 3092 istis
397 3022 539 3093 tuis
587 3045 684 3093 nu
738 3024 794 3094 is
842 3024 1071 3095 adhuc
1122 3046 1256 3094 non
1309 3024 1683 3094 destitisti?
1729 3024 1905 3107 Quin
1945 3024 2175 3115 potius
2223 3024 2295 3093 in
2330 3023 2586 3114 templa
2634 3024 2746 3093 in-

192 3110 504 3201 gredere,
557 3122 624 3182 et
720 3112 807 3182 iis
855 3113 1191 3195 sacrifica,
1246 3125 1324 3183 ut
1373 3127 1809 3202 peccatorum
1861 3113 2131 3183 veniam
2168 3113 2641 3201 consequariS,
2681 3123 2746 3182 et

191 3200 281 3269 ab
318 3199 597 3270 invictis
646 3206 748 3271 Im
802 3202 1187 3272 eratoribus
1227 3203 1409 3272 bona
1456 3201 1677 3272 multa
1725 3202 2089 3292 percipias,
2157 3207 2452 3293 Insuper
2501 3202 2746 3272 amici—

189 3288 355 3358 tiam
394 3302 699 3360 nostram
800 3291 1059 3371 abebis,
1114 3303 1319 3378 atque
1366 3291 1632 3381 argenti
1681 3303 1746 3360 et
1792 3293 1945 3360 auri
1985 3291 2255 3381 copiam
2285 3291 2610 3371 multam.
2648 3290 2743 3360 Ad

188 3376 359 3447 haec
408 3378 701 3467 Euplius
750 3380 1149 3469 respondit:
1191 3402 1227 3446 «
1266 3385 1354 3450 Ex
1387 3380 1514 3449 hoc
1552 3380 1572 3449 i
1627 3401 1726 3462 so,
1760 3379 2225 3471 perditissime
2266 3381 2494 3461 homo,
2538 3380 2746 3448 mini—

192 3478 330 3536 ster
377 3465 640 3536 diaboli
685 3479 753 3538 et
798 3469 948 3556 ejus
995 3489 1301 3550 consors,
1356 3402 1739 3560 intelli}ere
1787 3482 2017 3570 poteS,
2070 3491 2311 3541 omnes
2358 3470 2525 3539 istos
2574 3489 2744 3538 auro

188 3553 471 3634 adduci,
522 3568 601 3625 ut
651 3556 835 3627 idola
881 3570 1331 3626 venerentur:
1383 3556 1584 3643 cujus
1634 3557 1730 3626 rei
1782 3558 2119 3627 ludicium
2173 3580 2252 3627 ac
2304 3558 2475 3627 ratio
2510 3557 2580 3626 in
2623 3556 2743 3627 illo

191 3643 485 3713 terribili
525 3643 638 3713 die
671 3668 711 3714 a
746 3646 831 3715 tei
886 3667 963 3714 so
1008 3645 1410 3735 exigetur.»
1461 3645 1888 3717 Calvisianus
1939 3646 2047 3716 his
2089 3646 2315 3717 verbis
2363 3665 2736 3728 accensuS,

181 3731 392 3820 jussi-t
436 3732 679 3803 ferreis
726 3667 995 3803 malleis
1042 3734 1194 3824 ejus
1234 3733 1550 3805 maxillas
1580 3746 1644 3804 et
1683 3757 1888 3805 crura
1921 3735 2287 3805 verberari.
2322 3740 2400 3804 At
2432 3734 2548 3804 ille
2579 3754 2740 3803 cum

188 3822 666 3892 verberaretur
696 3846 710 3890 :
765 3845 801 3889 «
840 3827 1111 3904 Insane,
1148 3822 1396 3910 inquit,
1444 3824 1783 3913 insipiens
1816 3839 1882 3894 et
1917 3824 2163 3895 mentis
2197 3823 2466 3893 lumine
2499 3823 2744 3892 obcae-

188 3921 359 3990 cate,
409 3932 540 3981 cur
584 3911 757 3981 mihi
807 3923 1146 3981 tormenta
1193 3912 1323 3983 ista
1371 3924 1485 3983 tua
1537 3912 1776 3983 inferri
1843 3914 2082 4001 jubes,
2136 3934 2312 4000 quae
2345 3967 2361 3994 ,
2428 3912 2545 3981 Dei
2609 3911 2739 3979 mei

188 3998 447 4070 auxilio
498 4001 836 4084 munitus,
891 4013 1245 4088 tamquam
1293 4022 1704 4071 aranearum
1759 3986 1926 4071 telas
1973 4003 2395 4072 contemno?
2441 4001 2508 4070 Si
2549 4010 2741 4089 potes

188 4085 421 4176 igitur,
459 4088 599 4159 alia
639 4101 977 4160 tormenta
1011 4089 1120 4159 his
1150 4090 1466 4191 graviora
1503 4090 1847 4180 excogites
1878 4113 1893 4155 :
1946 4091 2115 4159 haec
2154 4090 2339 4158 enim
2379 4102 2737 4175 tamquam

185 4174 492 4246 ludibria
524 4179 863 4265 quaedam
902 4200 1175 4268 corpori
1211 4199 1364 4249 meo
1413 4191 1597 4249 sunt.
1637 4202 1676 4246 »

270 4267 310 4353 ξ
356 4271 442 4339 5.
498 4267 623 4336 His
669 4266 972 4348 auditis,
1037 4267 1299 4358 impius
1347 4266 1773 4337 Calvisianus
1813 4266 2027 4357 jussit
2072 4266 2348 4336 beatum
2408 4264 2735 4355 Euplium

182 4352 548 4437 devinciri,
600 4368 665 4425 et
713 4369 1029 4426 sanctum
1082 4361 1263 4426 Evan
1318 4355 1533 4426 elium
1577 4357 1646 4426 in
1681 4355 1837 4444 ejus
1885 4355 2062 4426 collo
2110 4354 2407 4455 alligari,
2460 4367 2525 4425 et
2567 4368 2742 4424 tam-

181 4463 398 4529 quam
433 4445 503 4515 in
541 4467 798 4537 pompa
845 4446 1081 4535 aliqua
1120 4445 1220 4516 sic
1305 4445 1439 4527 uci,
1492 4446 1660 4515 etin
1709 4466 2054 4516 carcerem
2089 4443 2363 4534 conjici.
2418 4448 2495 4515 In
2528 4465 2735 4531 quem
