3308 5004
190 341 340 408 Aua.
365 341 413 407 4
1110 357 1193 405 m:
1238 358 1299 406 s.
1324 365 1331 380 ⁵
1348 355 1652 407 nomino
2420 345 2570 411 ,tto

182 452 590 535 propugnator.
666 445 734 511 Is
808 441 1134 532 princeps
1212 441 1653 513 clarissimus
1723 463 2014 516 cernens
2101 443 2349 516 Christi
2421 445 2643 517 athle-

179 546 280 602 tam
318 529 716 599 Dominicum
763 551 994 600 coram
1049 535 1179 601 Deo
1223 544 1290 600 et
1336 531 1744 601 hominibus
1809 531 2213 603 innocenter
2270 546 2336 614 et
2399 534 2643 606 lauda-

169 621 346 691 biliter
370 618 633 700 versari,
676 620 1106 689 sanctitatem
1155 621 1309 709 eJ'us
1342 618 1562 690 multo
1617 632 1685 689 et
1730 642 1966 692 amore
2018 622 2637 714 complectebatur,

169 710 464 779 ethonore
506 729 588 777 ac
618 708 1052 778 veneratione
1151 709 1670 796 rosequebatur.
1710 710 2132 781 Circumibat
2163 711 2347 781 enim
2398 713 2504 782 vir
2530 713 2646 783 Dei

172 798 491 868 flamininus
535 797 723 866 vicos
767 809 832 866 et
875 796 1085 867 castel
1117 819 1159 867 a
1217 808 1283 867 et
1330 797 1538 867 urbes
1569 852 1584 879 ,
1642 798 2052 887 praedicans
2110 800 2399 871 verbum
2469 802 2638 871 Dei:

174 899 381 973 eratque
436 885 753 956 vitiorum
824 885 1206 957 acerrimus
1273 886 1646 978 castigator
1675 941 1692 969 ,
1772 886 2137 959 haeresum
2204 902 2645 980 oppugnator

170 975 458 1066 egregius,
516 974 680 1043 fidei
720 973 972 1046 zelator
1044 986 1413 1054 strenuus,
1476 976 1986 1046 Catholicorum
2060 974 2644 1067 diligentissimus

168 1063 496 1133 exhortator.
568 1062 781 1132 Verba
826 1064 979 1151 ejus
1013 1064 1229 1133 instar
1256 1063 1646 1135 facularum
1697 1063 2057 1135 ardebant.
2097 1069 2336 1154 Itaque
2380 1068 2646 1137 invidia

166 1153 530 1223 tabescebant
551 1151 900 1227 haeretici.
937 1165 1003 1222 et
1037 1151 1772 1223 fremebantadversus
1793 1153 2091 1241 justum,
2125 1154 2647 1244 irridebantque

163 1241 475 1328 simplicem
528 1241 831 1310 veritatis
876 1241 1221 1310 doctorem
1256 1296 1271 1322 ‚
1329 1241 1765 1332 phlegmata,
1822 1242 2043 1313 lutum
2080 1295 2099 1322 ,
2155 1242 2429 1331 aliaque
2476 1244 2643 1315 vilia

155 1329 426 1415 ⁸iactantes
472 1330 545 1398 in
592 1351 776 1411 eum,
830 1342 894 1399 et
955 1328 1042 1399 ad
1098 1329 1384 1401 dorsum
1433 1329 1590 1419 ejus
1648 1331 1883 1421 paleas
1938 1331 2327 1420 alligantes.
2378 1336 2457 1402 At
2522 1333 2642 1403 ille

159 1417 259 1487 ibat
287 1417 582 1508 gaudens
618 1432 686 1493 et
729 1418 1046 1488 exultans
1078 1419 1355 1508 spiritu,
1406 1419 1590 1507 quod
1641 1420 1900 1511 dignus
1959 1419 2240 1491 habitus
2286 1434 2467 1493 esset
2516 1445 2641 1513 pro

156 1507 376 1577 nomine
415 1513 585 1579 ‚lesu
615 1507 1071 1578 contumelias
1108 1508 1273 1597 pati.

213 1598 243 1695 ς
281 1599 395 1667 1¹1.
445 1596 708 1666 Accidit
751 1619 831 1667 eo
893 1608 1234 1686 tempore,
1290 1609 1368 1666 ut
1413 1596 1708 1667 celebris
1755 1595 2139 1686 disputatio
2184 1619 2344 1668 cum
2396 1599 2641 1670 haere-

154 1683 266 1755 ticis
322 1684 834 1756 institueretur:
903 1684 993 1755 ad
1040 1707 1251 1772 quam
1323 1707 1486 1755 cum
1550 1684 1936 1775 Episcopus
2005 1684 2139 1755 loci
2198 1708 2360 1756 cum
2426 1688 2646 1759 multa

148 1793 347 1863 pompa
380 1789 557 1845 esset
603 1774 851 1855 ituruS,
906 1773 1078 1843 dixit
1128 1773 1216 1844 ad
1263 1795 1422 1843 eum
1474 1773 1765 1844 humilis
1826 1795 2075 1863 praeco
2114 1775 2364 1844 Christi
2417 1779 2643 1848 Domi-

149 1861 340 1930 nicus:
388 1868 586 1933 «Non
618 1864 739 1943 sic,
776 1863 870 1932 mi
900 1862 1182 1933 domine
1217 1875 1431 1953 pater,
1471 1884 1607 1932 non
1661 1863 1760 1934 sic
1801 1862 2133 1932 adversus
2171 1863 2354 1935 filios
2401 1887 2647 1956 super-

144 1948 258 2019 biae
295 1964 389 2021 est
424 1951 1048 2043 progrediendum:
1088 1951 1207 2022 sed
1256 1951 1697 2031 humilitatis,
1754 1951 2122 2042 patientiae
2153 2006 2168 2033 ,
2230 1952 2591 2044 religionis
2621 2009 2637 2039 ‚

143 2037 521 2127 aliarumque
571 2041 895 2111 virtutum
947 2041 1281 2130 exemplis
1329 2040 1725 2110 revincendi
1773 2051 1936 2110 sunt
1994 2039 2225 2111 hostes
2279 2044 2627 2126 νει-ἰωῆς,

142 2148 246 2196 non
303 2127 479 2199 fastu
536 2128 854 2200 elationis
899 2141 965 2199 et
1018 2128 1468 2199 ostentatione
1538 2129 1800 2219 gloriae
1868 2128 2230 2200 secularis.
2282 2134 2645 2203 Armemur

139 2235 263 2305 ergo
296 2216 553 2288 devotis
600 2218 945 2308 precibus,
982 2230 1047 2287 et
1078 2217 1491 2288 humilitatis
1522 2219 1827 2309 insignia
1878 2240 2040 2309 prae
2083 2219 2282 2289 nobis
2314 2219 2632 2304 ferenteS,

136 2302 408 2376 detractis
455 2306 748 2388 calceis,
800 2319 1038 2378 contra
1106 2306 1263 2378 illos
1312 2307 1795 2397 procedamus
1831 2333 1855 2369 ι
1910 2308 2215 2377 Assensit
2262 2309 2643 2399 Episcopus

137 2394 376 2489 oonsilio
425 2396 720 2485 pietatis,
772 2409 837 2465 et
882 2417 1124 2466 omnes
1163 2418 1206 2466 a
1265 2418 1336 2467 se
1384 2395 1650 2466 calceos
1705 2410 2135 2466 amoverunt.
2204 2399 2511 2484 Cumque
2558 2398 2644 2468 de

135 2481 330 2554 ninere
373 2496 606 2556 essent
663 2484 945 2567 incerti,
997 2485 1276 2556 obvium
1342 2485 1715 2573 quemdam
1791 2485 2210 2556 haereticum
2283 2484 2636 2570 habuere,

135 2590 294 2655 quem
365 2574 787 2644 catholicum
855 2576 1213 2664 putabant.
1266 2579 1334 2646 Is
1396 2573 1716 2664 promisit
1785 2574 2068 2661 quidem
2132 2595 2204 2643 se
2251 2573 2410 2644 illos
2456 2588 2645 2646 recta

134 2661 588 2758 perducturum
640 2663 725 2732 ad
762 2663 1016 2745 locum,
1060 2663 1179 2733 sed
1231 2662 1542 2753 perfidus
1582 2663 1652 2732 in
1703 2663 1967 2764 sylvam
2017 2660 2394 2750 quamdam
2436 2663 2640 2733 mali-

136 2760 263 2846 tiose
303 2773 414 2821 eos
461 2752 791 2833 abduxit,
855 2752 980 2823 ubi
1027 2752 1205 2822 inter
1253 2773 1490 2842 vepres
1528 2765 1595 2822 et
1643 2773 1885 2843 spinas
1935 2751 2143 2842 pedes
2189 2772 2429 2821 eorum
2479 2773 2645 2822 sau-

132 2838 468 2922 ciabantur,
526 2854 592 2911 et
632 2840 841 2911 tibiae
886 2842 1229 2931 sanguine
1266 2841 1932 2932 conspergebantur.

190 2928 386 3013 §18
460 2935 640 2999 Tum
689 2952 845 3000 vero
909 2930 1150 2999 beatus
1220 2928 1625 3001 Dominicus
1690 2951 1851 2999 cum
1916 2928 2108 2999 omni
2233 2928 2514 2999 atientia
2560 2929 2632 2999 id

134 3009 327 3099 serens,
377 3031 443 3089 et
498 3020 572 3088 in
614 3017 971 3106 jucundas
1031 3018 1147 3088 Dei
1196 3017 1440 3088 laudes
1503 3040 1905 3108 erumpens,
1960 3016 2044 3087 ad
2093 3039 2173 3087 co
2208 3017 2640 3089 laudandum

136 3103 295 3197 Deum
341 3121 404 3177 et
452 3108 746 3178 comiter
783 3106 1099 3178 ferendas
1158 3107 1533 3189 molestias,
1587 3107 1746 3177 illos
1792 3129 2033 3178 omnes
2090 3106 2590 3178 adhortabatur
2618 3163 2635 3191 ‚

136 3201 197 3260 tta
248 3194 518 3267 dicens:
579 3219 615 3263 «
675 3196 1005 3267 Confidite
1062 3197 1133 3266 in
1186 3195 1513 3278 Domine,
1585 3196 2034 3277 charissimi,
2108 3196 2273 3283 quia
2319 3196 2406 3265 de
2451 3195 2641 3266 coelo

137 3296 311 3352 manet
357 3307 484 3357 nos
537 3285 939 3376 triumphus
968 3297 1036 3356 et
1083 3285 1389 3356 victoria.
1427 3290 1582 3356 Jam
1632 3286 1817 3355 enim
1871 3297 2148 3386 peccata
2199 3298 2430 3356 nostra
2477 3307 2642 3355 san-

138 3370 297 3455 guine
338 3375 789 3465 expiantur.»
846 3378 1142 3445 Cernens
1189 3385 1420 3445 autern
1473 3386 1808 3444 veterator
1869 3373 1987 3444 ille
2035 3373 2281 3442 miram
2356 3372 2638 3444 illorum

138 3460 556 3545 &jucundam
594 3463 1017 3554 patientiam,
1073 3463 1359 3554 optimis
1390 3463 1573 3534 beati
1625 3463 1755 3532 viri
1805 3461 2245 3532 sermonibus
2293 3485 2636 3553 compun-

141 3556 260 3641 ctus,
308 3553 811 3644 malignitatem
864 3574 1065 3622 suam
1123 3551 1488 3633 confitenS,
1542 3551 1858 3622 haeresin
1908 3551 2277 3651 abJurayit.
2345 3552 2641 3621 Venien-

142 3634 266 3709 tibus
307 3641 467 3711 inde
510 3640 656 3710 illis
702 3640 788 3711 ad
831 3640 1085 3722 locum,
1139 3642 1345 3712 rectis
1392 3641 1597 3711 corde
1635 3653 1785 3711 orta
1830 3654 1932 3711 est
1978 3639 2259 3721 laetitia,
2299 3640 2640 3731 perversis

145 3738 243 3819 t’tto
269 3749 533 3800 moeror
566 3741 633 3799 et
682 3730 1088 3821 ignominia.
1144 3731 1607 3814 Quamobrem
1654 3730 2185 3800 dissecabantur
2232 3729 2435 3820 impii
2486 3751 2641 3799 cor-

146 3806 282 3885 dibus
324 3820 497 3902 suis,
555 3831 623 3888 et
683 3818 1064 3890 stridebant
1110 3818 1438 3890 dentibus
1492 3820 1564 3888 in
1618 3840 1891 3890 servum
1951 3818 2092 3900 Dei,
2148 3839 2524 3905 necemque
2572 3818 2638 3888 ei

150 3900 452 3990 molientes,
505 3908 665 4010 ejus
722 3907 1084 3978 occidendi
1143 3907 1440 3978 consilia
1487 3907 1886 3999 agitabant,
1954 3919 2030 3978 ut
2090 3906 2635 3977 condemnarent

150 3995 481 4082 &Quinem
542 4008 1007 4067 lnnocentem.
1061 3996 1398 4067 Dominus
1446 4010 1678 4067 autem
1727 3995 2060 4066 irridebat
2106 4017 2263 4076 eos,
2318 4015 2445 4064 nec
2500 4006 2640 4064 tra-

154 4069 259 4150 dtdit
304 4106 462 4156 eum
514 4088 592 4155 in
646 4107 893 4156 manus
926 4107 1208 4157 eorum:
1263 4086 1483 4156 immo
1530 4106 1688 4156 vero
1738 4085 1948 4154 etiam
1998 4083 2432 4154 admirandis
2478 4105 2642 4175 ope-

156 4160 272 4241 ubas
312 4174 693 4246 illustravit
729 4196 1005 4245 servum
1056 4195 1292 4245 suum.

204 4256 387 4359 MD.
423 4268 602 4335 Cum
638 4264 735 4332 sic
769 4275 997 4334 autem
1029 4262 1494 4353 praedicando
1525 4262 1966 4337 discurreret,
2001 4261 2243 4362 crebro
2270 4260 2631 4363 fluviolum

314 4375 377 4422 m
476 4352 735 4426 edibus
770 4353 1127 4423 transibat.
1166 4351 1429 4422 Accidit
1476 4364 1732 4433 autem,
1770 4364 1849 4422 ut
1897 4350 2081 4431 libri,
2131 4372 2307 4438 quos
2348 4350 2416 4420 in
2467 4373 2631 4421 stnu

162 4422 185 4491 f
310 4454 351 4524 t,
452 4466 583 4515 um
634 4464 707 4513 se
763 4441 1219 4533 succingeret,
1274 4441 1348 4511 in
1402 4440 1668 4512 medias
1722 4460 1939 4528 aquas
1987 4438 2404 4512 laberentur.
2456 4445 2628 4510 Tum
