3308 5004
135 344 311 411 ΑΗΕ.
363 342 449 409 13
946 358 1028 410 nt
1079 362 1135 411 s.
1187 363 1563 413 santernum
1609 363 1844 413 anema
2449 346 2567 413 30⁴

129 445 307 516 dedit
348 467 482 515 non
527 444 876 528 inferiora,
917 447 1189 517 Domini
1218 469 1536 519 crescens
1576 449 1646 517 in
1691 448 1934 540 gratia.
1990 449 2165 519 Hinc
2198 470 2361 520 cum
2396 449 2467 519 in
2503 449 2667 521 villa

131 534 417 606 Suaedas
453 534 668 625 (Saia)
692 536 963 607 Pictavo
983 537 1346 619 territorio,
1376 537 1577 626 juxta
1609 536 2039 628 praedictum
2082 538 2309 608 vicum
2347 538 2671 609 decenter

135 623 491 706 accederet,
537 624 781 695 itinere
812 638 1280 717 prosperante,
1317 627 1616 715 qualiter
1644 648 1717 698 se
1754 626 1966 717 gessit
2004 647 2127 717 per
2166 627 2470 719 singula,
2508 629 2669 716 quis

140 726 435 782 numeret
464 711 738 783 infinita
758 724 786 782 ἱ)
815 719 1122 802 Namque
1147 715 1216 784 in
1252 737 1490 785 mensa
1523 715 1656 785 sub
1680 714 1952 784 fladone
1982 715 2380 807 siligineum
2415 739 2667 808 panem

103 801 566 884 absconsum,
622 802 725 872 vel
777 802 1263 887 hordeaceum,
1319 803 1786 875 manducabat
1824 803 2091 873 occulte
2122 859 2137 884 ,
2192 804 2291 875 sic
2340 816 2416 875 ut
2463 828 2672 877 nemo

147 891 523 982 perciperet.
578 896 747 961 Nam
793 912 877 962 ex
911 893 1029 964 illo
1078 906 1404 985 tempore,
1508 915 1599 963 uo
1645 894 1844 963 beato
1876 891 2197 963 Medardo
2225 907 2670 965 consecrante

142 978 332 1049 velata
370 994 498 1062 est,
537 1002 758 1069 usque
791 981 879 1050 ad
916 983 1149 1062 finem,
1189 996 1455 1073 praeter
1513 1003 1809 1073 egumen
1845 994 1911 1051 et
1936 980 2148 1063 olera,
2185 1003 2318 1051 non
2351 1004 2663 1073 pomum,

142 1088 259 1137 non
294 1069 551 1160 piscem
604 1068 707 1139 vel
758 1091 991 1154 ovum,
1046 1071 1147 1142 vel
1195 1070 1386 1141 aliud
1444 1071 1609 1159 quid
1660 1070 1823 1141 edit.
1864 1076 2104 1141 Potum
2162 1092 2342 1151 vero,
2398 1083 2671 1172 praeter

140 1178 367 1245 aquam
421 1157 723 1228 mulsam
775 1171 979 1247 atque
1014 1161 1367 1252 piratium,
1423 1182 1558 1230 non
1596 1160 1822 1230 bibit:
1877 1181 2012 1230 non
2066 1159 2207 1229 vini
2256 1173 2664 1251 purltatem,

145 1265 261 1315 non
295 1247 525 1317 mellis
570 1247 1064 1332 decoctionem,
1108 1249 1574 1338 cervisiaeque
1625 1248 2084 1320 turbedinem.
2138 1254 2327 1319 Tune
2371 1271 2559 1319 more
2595 1254 2663 1320 S.

143 1337 467 1419 Germani,
502 1336 702 1423 jubet
735 1338 869 1409 sibi
904 1339 1158 1409 molam
1191 1338 1647 1410 secretissime
1696 1336 1970 1419 deferri,
2006 1358 2085 1408 ex
2133 1359 2271 1426 qua
2319 1351 2456 1408 tota
2487 1342 2672 1422 Qua-

140 1422 534 1514 dragesimA‚
588 1426 1004 1513 inquantum
1053 1427 1521 1516 quatriduana
1554 1425 1830 1497 refectio
1913 1426 2258 1509 ostulavit,
2298 1449 2420 1498 sua
2458 1448 2671 1498 manu

139 1514 549 1584 commoluit.
603 1515 996 1587 Oblationes
1045 1518 1249 1587 etiam
1303 1517 1451 1587 suis
1487 1516 1815 1586 manibus
1889 1517 2145 1597 aciens,
2188 1516 2359 1588 locis
2393 1536 2672 1586 venera-

137 1600 376 1673 bilibus
408 1603 917 1675 incessabiliter
948 1605 1400 1696 dispensavit.

212 1692 244 1779 §
286 1696 363 1763 2.
408 1697 589 1783 Ergo
636 1694 803 1780 quia
851 1694 1032 1785 apud
1087 1708 1396 1766 sanctam
1451 1716 1585 1764 non
1629 1693 1865 1762 minus
1912 1715 2086 1764 usus
2127 1692 2665 1775 misericordiae,

138 1799 324 1936 guam
375 1794 525 1851 erat
571 1804 956 1853 concursus
1002 1784 1089 1854 de
1137 1784 1377 1876 plebe:
1432 1804 1557 1853 nec
1605 1783 1922 1853 deessent
1968 1783 2087 1871 qui
2140 1795 2491 1873 peterent.
2547 1804 2672 1853 nec

181 1867 438 1940 eliceret
470 1892 652 1957 quae
681 1870 990 1953 donaret,
1031 1872 1455 1954 mirandum,
1500 1885 1577 1943 ut
1621 1871 1951 1943 omnibus
2000 1870 2442 1953 satisfaceret,
2484 1872 2672 1942 unde

143 1955 427 2028 thesauri
457 1970 555 2029 tot
583 1961 791 2041 exuli,
825 1961 1013 2032 unde
1045 1973 1139 2032 tot
1168 1962 1449 2032 divitiae
1481 1961 1907 2053 peregrinae.
1948 1964 2216 2043 Quanta
2247 1960 2675 2051 expendebat

140 2043 370 2117 diurna
410 2047 822 2139 redemptio,
862 2071 1041 2137 quae
1081 2051 1225 2121 sola
1257 2051 1537 2132 sciebat,
1571 2071 1751 2138 quae
1874 2050 2178 2121 tentibus
2214 2049 2674 2139 deportabat?

144 2137 290 2204 Nam
323 2150 594 2227 praeter
623 2139 1098 2225 quotidianam
1139 2161 1472 2221 mensam,
1518 2160 1657 2226 qua
1706 2159 1777 2208 re
1806 2137 2046 2208 ovebat
2102 2138 2537 2209 matriculam
2585 2138 2621 2175 ¹*
2650 2193 2665 2221 ,

145 2220 398 2321 duobus
432 2248 712 2318 semper
749 2228 997 2298 diebus
1031 2228 1322 2309 sabbati,
1372 2228 1616 2316 quinta
1663 2240 1729 2297 et
1775 2227 2083 2308 sabbato,
2121 2226 2368 2297 balneo
2406 2240 2665 2318 param,

146 2332 279 2399 ipsa
307 2316 664 2386 succincta
692 2315 778 2388 de
812 2317 1096 2397 sabano,
1140 2318 1367 2408 capita
1403 2317 1638 2387 lavans
1668 2336 2070 2408 egenorum,
2109 2315 2454 2386 defricans
2480 2317 2672 2404 quic·

146 2400 290 2485 quid
319 2415 465 2475 erat
496 2420 794 2488 crustae,
849 2406 1129 2489 scabiei,
1185 2406 1404 2476 tineae
1439 2462 1454 2487 ,
1523 2427 1645 2476 nec
1700 2405 2063 2495 purulenta
2111 2404 2469 2475 fastidiens
2501 2460 2516 2488 ‚
2570 2406 2673 2475 in·

148 2489 389 2562 terdum
426 2508 493 2565 et
529 2517 794 2567 vermes
831 2495 1219 2567 extrahens.
1250 2500 1564 2587 Purgans
1596 2495 1775 2566 cutis
1812 2494 2233 2587 putredineS,
2266 2494 2670 2586 singulatim

148 2580 348 2670 capita
397 2584 712 2674 pectebat
761 2586 937 2676 ipsa,
991 2606 1170 2672 quae
1221 2584 1499 2654 laverat.
1555 2583 1795 2654 Ulcera
1836 2606 1991 2654 vero
2031 2585 2457 2665 cicatricum,
2543 2606 2672 2654 uae

147 2669 302 2741 cutis
333 2671 483 2743 laxa
518 2673 887 2762 detexerat,
933 2687 1053 2743 aut
1082 2696 1356 2765 ungues
1387 2687 1977 2763 exasperaverant,
2016 2693 2202 2743 more
2237 2679 2506 2764 Evange
2540 2674 2666 2756 ic0,

149 2755 275 2827 oleo
302 2761 666 2853 superfuso
703 2761 1052 2833 mulcebat
1082 2763 1301 2833 morbi
1338 2763 1763 2854 contagium.
1801 2762 2163 2832 Mulierum
2199 2784 2354 2832 vero
2389 2762 2674 2833 descen-

150 2843 433 2919 dentium
469 2851 544 2919 in
587 2852 831 2933 tinam,
889 2851 1041 2942 ipsa
1072 2875 1358 2924 cum-sa
1411 2874 1541 2922 one
1588 2874 1629 2922 a
1684 2852 1908 2941 capite
1946 2873 2168 2940 usque
2222 2851 2310 2922 ad
2365 2851 2672 2942 plantam

153 2938 432 3032 membra
473 2939 756 3041 singula
793 2939 1127 3010 diluebat.
1174 2876 1703 3033 Egredientibus
1741 2939 1988 3011 exinde
2017 2994 2033 3021 ‚
2093 2941 2153 3010 si
2208 2939 2324 3010 cui
2381 2951 2677 3009 veterata

151 3022 529 3099 indumenta
591 3051 818 3099 inesse
880 3031 1332 3120 conspiceret,
1386 3029 1634 3102 tollens
1691 3051 1867 3110 rasa,
1922 3051 2096 3098 nova
2145 3028 2463 3109 reddens,
2520 3039 2676 3098 ante

153 3130 516 3200 pannosos,
579 3117 876 3188 faciebat
922 3118 1148 3189 cultos
1196 3119 1427 3188 venire
1475 3119 1560 3188 ad
1620 3118 2019 3209 prandium.
2074 3118 2340 3201 Quibus
2385 3139 2675 3208 congre·-

153 3201 322 3298 gatis,
366 3207 752 3277 ministerio
802 3219 1061 3295 parat0,
1102 3207 1252 3298 ipsa
1302 3229 1553 3296 aquam
1605 3208 1747 3278 sive
1783 3228 2109 3297 mappam
2166 3206 2465 3297 singulis
2516 3228 2675 3308 por-

156 3292 408 3377 rtgebat,
439 3307 504 3365 et
543 3296 872 3366 invalidis
907 3297 1057 3387 ipsa
1094 3318 1343 3365 manus
1378 3297 1631 3388 pariter
1669 3307 1734 3368 et
1773 3318 1849 3366 os
1882 3295 2207 3387 tergebat.
2248 3297 2421 3365 Hinc
2455 3296 2675 3366 tribus

161 3372 406 3452 ferculis
444 3384 706 3468 illatis,
753 3384 1016 3456 farcitis
1068 3384 1339 3456 deliciis
1369 3440 1384 3467 ‚
1454 3398 1645 3455 stans
1704 3397 1862 3455 ante
1922 3383 2339 3475 prandentes
2379 3385 2622 3486 jejuna
2653 3439 2669 3464 ,

164 3482 447 3549 praesens
480 3473 793 3544 convivis
825 3475 975 3565 ipsa
1013 3474 1360 3545 incidebat
1396 3496 1670 3565 panem,
1724 3495 2000 3544 carnem
2035 3473 2137 3542 vel
2187 3473 2516 3561 quicquid
2553 3493 2676 3564 ap-

166 3570 425 3637 poneret.
480 3562 862 3655 Languidis
909 3577 1141 3634 autem
1192 3576 1258 3633 et
1305 3564 1530 3635 caecis
1577 3584 1714 3633 non
1764 3563 2078 3633 cessabat
2124 3562 2318 3632 cibos
2366 3584 2526 3632 cum
2559 3585 2676 3632 co-

164 3637 379 3717 chleari
428 3653 805 3743 porrigere.
860 3658 1002 3723 Hoc
1043 3653 1526 3744 praesentibus
1578 3652 1854 3722 duabus
1898 3650 2493 3743 adspicientibus,
2557 3650 2675 3721 sed

170 3735 377 3806 sescla
414 3743 778 3821 serviente,
831 3755 908 3812 ut
942 3764 1116 3811 nova
1162 3743 1424 3812 Martha
1479 3740 1853 3832 satagebat,
1899 3740 2117 3810 donec
2158 3740 2507 3831 purulenti
2543 3739 2679 3809 fra-

169 3824 280 3887 ires
316 3823 461 3897 laeti
509 3829 850 3901 ferverent
880 3831 1241 3901 conviviis.
1294 3837 1485 3901 Tunc
1537 3830 1656 3899 illa
1705 3832 2062 3899 removens
2109 3851 2181 3898 se
2230 3829 2401 3911 loce,
2438 3842 2516 3900 ut
2554 3828 2678 3898 ab·

169 3897 349 4005 lueret
394 3939 642 3988 manus
674 3974 689 3999 ,
735 3920 880 4010 jam
933 3919 1109 3988 bene
1156 3919 1347 3991 culto
1395 3919 1749 4000 convivio,
1802 3930 1940 3988 tota
1995 3917 2561 4010 gratificabatur,
2618 3917 2676 3986 si

169 3996 309 4076 ‘luld
342 4006 603 4077 audiret
635 4006 952 4078 fremitus
984 4032 999 4074 :
1045 4008 1342 4097 jubebat
1380 4024 1632 4092 tamen,
1671 4021 1748 4078 ut
1795 4006 2133 4090 sederent,
2171 4007 2390 4077 donec
2428 4005 2678 4075 vellent

166 4099 514 4181 assurgere,

237 4173 269 4258 ἓ
308 4179 382 4249 S.
423 4184 807 4255 Venerabili
837 4207 994 4255 vero
1025 4185 1214 4256 omni
1252 4185 1606 4256 Dominico
1643 4184 1755 4256 die
1785 4185 1916 4255 hoe
1949 4184 2246 4255 babebat
2277 4184 2351 4254 in
2383 4203 2669 4266 canone,

161 4257 250 4326 vel
291 4282 528 4343 aestate
574 4273 677 4343 vel
728 4275 995 4364 hyeme,
1050 4287 1126 4345 ut
1174 4275 1614 4377 pauperibus·
1649 4274 1997 4358 collectis,
2052 4274 2357 4365 primum
2404 4294 2674 4344 merum

165 4364 277 4416 Sua
321 4376 518 4431 manu
566 4361 651 4433 de
700 4377 869 4454 potu
914 4363 1104 4435 dulci
1146 4376 1546 4457 porrigeret,
1601 4363 1873 4455 puellae
1902 4375 2138 4456 postea
2185 4363 2623 4434 committens
2654 4418 2669 4446 ,

211 4468 233 4491 ⁸
257 4473 470 4528 Ptnreres
497 4487 549 4528 tn
575 4488 740 4531 ubeuo
769 4487 1047 4540 descriptos.
