3308 5004
679 311 809 390 390
938 363 941 374 .
1262 327 1342 375 m:
1385 324 1652 378 ιιιΑῦιΝΕ
1697 327 2020 386 snassssnx
2055 329 2120 375 n.
2170 327 2237 377 N.
2288 329 2341 375 J.
2394 326 2453 376 c,
2815 309 3001 376 AUG.
3067 310 3163 375 16

586 435 753 486 ,vasa
805 432 1018 484 aenea
1047 411 1118 481 in
1150 410 1356 482 domo
1388 411 1720 484 sublimia
1753 413 2056 484 sonitum
2091 413 2496 494 emiserunt,
2529 412 2755 483 Persis
2784 413 2918 483 sub
2961 423 3165 482 terra

589 501 1061 604 pulsantibuS,
1113 512 1180 571 et
1238 500 1586 591 pulverem
1638 501 2150 573 effodientibus.
2205 506 2376 573 Cum
2422 523 2587 602 ergo
2646 500 2852 592 plane
2914 514 3166 572 essent

589 612 834 682 inopes
903 588 1216 673 consilii,
1283 602 1348 659 et
1394 604 1622 661 essent
1670 590 1756 661 ad
1831 604 2206 666 extremam
2286 590 2545 662 redacti
2592 588 3164 680 desperationem

588 679 915 752 Edesseni
962 678 1167 760 civeS‚
1220 678 1307 748 ad
1356 684 1572 749 Deum
1638 679 2089 771 confugiunt,
2153 690 2219 749 et
2275 701 2437 750 cum
2499 678 2733 749 dolore
2780 678 3015 749 cordis
3093 692 3169 749 et

589 768 918 860 lacrymis
966 769 987 836 i
1040 788 1197 837 sum
1242 768 1635 857 exquirunt.
1691 774 1908 841 Noctu
1961 782 2193 840 autem
2240 781 2527 859 apparet
2574 768 2909 859 Episcopo
2941 767 3167 858 (erat

497 921 504 928 .
588 880 750 929 vero
780 858 839 927 is
885 862 986 928 Eu
1017 854 1232 947 alius)
1280 856 1534 928 mulier
1569 857 1910 945 quaedam
1949 857 2233 930 honesta
2264 870 2330 927 et
2379 857 2751 939 moderata,
2791 869 3168 948 praestan-

588 947 721 1017 tior
763 969 971 1034 quam
1009 959 1085 1015 ut
1132 946 1339 1015 homo
1386 958 1587 1022 esset.
1643 948 1707 1016 ei
1754 946 2151 1028 consulens,
2190 960 2266 1016 ut
2315 945 2565 1017 Christi
2624 968 2760 1016 non
2825 944 3165 1015 manufa-

587 1048 769 1108 ctam
840 1036 1186 1126 acciperet
1245 1036 1629 1126 Imaginem
1663 1088 1680 1118 ,
1748 1049 1815 1106 et
1869 1057 2030 1106 cum
2080 1058 2161 1107 ea
2206 1034 2458 1117 faceret
2511 1035 3158 1126 supplicationem:

585 1123 865 1212 foreque
913 1124 1108 1200 dixit,
1154 1136 1232 1194 ut
1279 1125 1613 1195 Dominus
1661 1125 1948 1195 omnino
2011 1148 2142 1197 sua
2186 1124 2503 1195 ostendat
2551 1123 2911 1194 miracula.
2984 1123 3163 1213 Epi-

586 1236 845 1305 scopus
892 1226 1122 1283 autem
1174 1211 1444 1284 dicebat
1478 1236 1550 1284 se
1597 1214 1883 1284 omnino
1916 1214 2261 1315 ignorare,
2295 1236 2384 1286 an
2434 1213 2524 1284 sit
2571 1212 2756 1304 apud
2809 1213 3022 1302 ipsoS‚
3064 1234 3159 1281 an

584 1302 775 1393 apud
823 1300 999 1372 alios
1045 1324 1126 1371 ea
1172 1301 1426 1392 imago.
1467 1308 1658 1373 Tunc
1691 1302 1860 1373 dicit
1905 1326 1993 1383 ei,
2048 1325 2225 1392 quae
2264 1303 2333 1372 in
2385 1301 2714 1373 muliebri
2769 1301 3163 1392 apparebat

584 1391 870 1461 habitu:
912 1395 1137 1482 Supra
1170 1405 1437 1481 portam
1480 1391 1801 1474 civitatis,
1842 1393 1911 1461 in
1970 1392 2102 1462 hoc
2151 1391 2322 1473 loco,
2368 1391 2498 1462 hoc
2553 1390 2759 1462 modo
2805 1392 3162 1460 absconsa

586 1478 719 1550 fuit
753 1480 921 1549 haec
969 1480 1224 1569 imago,

675 1571 712 1656 ἓ
759 1573 893 1641 12.
946 1573 1140 1638 Mane
1188 1590 1351 1660 ergo
1384 1569 1770 1659 Episcopus
1814 1568 2115 1639 evidenti
2155 1568 2419 1639 visione
2467 1567 2722 1648 fretus,
2775 1566 2862 1636 ad
2911 1566 3158 1638 locum

588 1657 870 1726 veniens
917 1680 1079 1727 cum
1133 1657 1478 1747 precibuS‚
1531 1671 1597 1727 et
1644 1673 2112 1748 perscrutanS,
2151 1658 2410 1727 invenit
2456 1658 2639 1728 hanc
2686 1656 2996 1727 divinam
3043 1656 3160 1726 in·

588 1761 851 1837 tegram
901 1758 967 1815 et
1014 1746 1488 1836 incorruptam
1538 1747 1945 1837 imaginem,
1997 1760 2063 1817 et
2117 1747 2497 1837 lucernam,
2551 1768 2731 1834 quae
2789 1758 2882 1816 tot
2939 1746 3158 1815 annis

587 1858 724 1908 non
760 1834 985 1905 fuerat
1029 1835 1368 1905 extincta:
1422 1848 1488 1905 et
1527 1835 1597 1905 in
1649 1836 1880 1927 tegula
1928 1850 2087 1906 ante
2121 1835 2474 1906 lucernam
2510 1833 2836 1926 imposita
2880 1833 2964 1903 ad
2994 1834 3160 1924 ejus

586 1923 1006 2006 custodiam,
1042 1924 1247 2002 aliam
1298 1947 1694 2014 expressam
1745 1924 2276 1997 similitudinem
2319 1923 2828 2005 similitudinis,
2864 1945 3040 2014 quae
3078 1924 3154 1992 in

594 2012 1013 2084 hodiernum
1067 2013 1249 2082 diem
1300 2029 1749 2085 conservatur
1808 2014 2126 2086 Edessae.
2180 2018 2347 2084 Cum
2397 2036 2471 2083 er
2521 2035 2561 2083 o
2611 2012 3022 2104 sumpsisset
3076 2013 3151 2081 in

588 2123 843 2171 manus
899 2101 1080 2172 hanc
1126 2102 1437 2172 divinam
1488 2103 1775 2184 Christi,
1828 2104 1950 2191 qui
1997 2116 2101 2173 est
2150 2108 2325 2174 Deus
2373 2116 2439 2172 et
2535 2122 2694 2174 omo
2725 2157 2740 2183 ,
2792 2101 3094 2191 effigiem
3124 2157 3145 2182 ,

586 2190 858 2266 meliori
893 2212 1014 2280 spe
1061 2205 1416 2293 concepta,
1474 2193 1660 2261 venit
1698 2192 1783 2261 ad
1814 2215 1972 2262 eum
2009 2192 2266 2271 locum,
2303 2193 2372 2261 in
2406 2214 2544 2279 quo
2585 2197 2830 2261 Persae
2877 2189 3152 2260 fodien-

586 2290 709 2360 tes,
760 2301 842 2348 ex
889 2279 1067 2350 aeris
1115 2296 1350 2351 sonitu
1397 2279 1809 2371 deprehensi
1861 2280 2157 2351 fuerant.
2211 2286 2288 2350 Et
2335 2303 2496 2351 cum
2545 2281 2931 2371 coepissent
2957 2279 3150 2349 cives

583 2366 815 2439 fodere
861 2369 1304 2449 intrinsecus,
1344 2371 1467 2440 ubi
1499 2371 1633 2441 sibi
1670 2371 1959 2441 invicem
1995 2369 2671 2461 appropinquarunt,
2726 2392 2807 2439 ex
2856 2367 2973 2437 illa
3035 2367 3151 2438 lu-

583 2478 793 2529 cerna
839 2458 1066 2528 oleum
1105 2459 1521 2530 instillantes
1557 2460 1625 2529 in
1662 2460 1919 2551 ignem,
1959 2459 2078 2548 qui
2113 2458 2335 2530 suerat
2363 2459 2464 2529 eis
2503 2470 2784 2549 paratus
2808 2457 3152 2528 adversus

583 2546 932 2629 inimico&
988 2561 1054 2618 et
1102 2549 1558 2621 immisissent
1613 2561 1851 2620 contra
1900 2554 2179 2629 Persas,
2236 2548 2356 2635 qui
2404 2561 2602 2618 erant
2640 2549 2709 2616 in
2762 2546 3096 2617 cuniculo
3130 2603 3145 2627 ,

583 2658 826 2737 omnes
855 2638 1329 2727 perdiderunt.
1371 2645 1637 2709 Etcum
1675 2638 1839 2709 hinc
1870 2638 2141 2709 liberati
2179 2649 2408 2708 essent
2441 2639 2528 2708 ab
2561 2637 2858 2718 insidiis,
2898 2635 3148 2705 eadem

582 2748 696 2796 usi
742 2740 908 2796 sunt
944 2728 1365 2816 experientia
1412 2727 1744 2799 adversus
1785 2727 2168 2805 machinas,
2206 2747 2384 2812 quae
2424 2738 2622 2797 erant
2649 2739 2839 2795 extra
2874 2746 3142 2797 muros,

583 2826 650 2884 et
680 2836 797 2885 eas
831 2830 1111 2905 repente
1150 2817 1709 2899 combusserunt,
1762 2829 1827 2887 et
1867 2815 2122 2887 multos
2151 2828 2739 2906 consumpserunt
2777 2836 2858 2884 ex
2893 2814 2979 2884 iis
3023 2814 3150 2901 qui

584 2902 656 2971 in
706 2904 808 2972 eis
854 2915 1052 2973 erant
1100 2904 1438 2975 hostibus.

672 2993 709 3078 ἓ
754 2995 893 3065 18.
943 2993 1106 3062 Jam
1159 3006 1388 3063 autem
1438 2994 1664 3063 offecti
1710 2992 2142 3074 fidentiores,
2200 2992 2467 3085 lapides
2514 3014 2791 3080 quoque
2835 3013 2873 3061 e
2923 2991 3151 3061 muris

583 3079 989 3162 emiserunt,
1029 3104 1070 3150 a
1115 3083 1376 3167 quibus
1423 3082 1671 3152 ducem
1703 3082 2073 3169 quemdam
2119 3082 2460 3153 exercitus
2515 3082 2816 3152 hostium
2857 3079 3150 3169 contigit

584 3167 916 3249 interimi,
961 3180 1029 3239 et
1074 3170 1247 3240 alios
1307 3170 1564 3241 multos
1618 3193 1781 3241 cum
1832 3193 1933 3240 eo.
1999 3179 2131 3243 Nec
2182 3172 2250 3243 id
2303 3169 2554 3252 solum,
2609 3168 2724 3240 sed
2777 3170 2984 3238 etiam
3035 3190 3142 3244 ea,

583 3278 761 3343 quae
808 3260 1236 3345 extrinsecus
1281 3282 1321 3330 a
1370 3263 1595 3331 Persis
1643 3281 1937 3329 accensa
1984 3259 2136 3343 suit,
2193 3283 2366 3353 pyra
2429 3259 2761 3329 adversus
2808 3281 2965 3340 eos,
3024 3259 3148 3344 qui

583 3359 782 3415 erant
830 3346 1042 3428 intUS,
1094 3370 1304 3434 quam
1358 3349 1670 3419 olearum
1721 3360 1786 3418 et
1835 3348 2214 3420 multarum
2264 3349 2558 3419 aliarum
2616 3370 2791 3435 quas
2821 3347 3149 3416 immise-

583 3448 763 3514 rant,
819 3438 1147 3506 arborum
1198 3437 1422 3506 alebat
1470 3436 1747 3507 infinita
1821 3440 2148 3522 materia,
2209 3438 2432 3509 effecit
2486 3436 2761 3506 divinae
2809 3435 3147 3525 Imaginis

584 3523 922 3593 auxilium
975 3524 1254 3596 serentis
1304 3526 1543 3606 virtuS‚
1598 3537 1676 3596 ut
1723 3538 1961 3596 contra
2024 3528 2215 3619 ipsos
2259 3538 2438 3598 esset
2484 3525 2605 3612 qui
2656 3525 3139 3594 accenderant.

581 3617 951 3700 Postquam
994 3615 1178 3682 enim
1212 3637 1293 3684 ex
1340 3614 1478 3684 alto
1518 3614 1832 3686 Eulalius
1864 3637 2014 3686 eam
2064 3639 2103 3686 e
2143 3638 2342 3686 muro
2382 3615 2530 3695 suis
2563 3637 2644 3685 ex
2698 3613 2974 3683 licasset
3002 3636 3145 3682 ma-

582 3701 817 3781 nibuS,
870 3715 936 3771 et
963 3703 1182 3773 obiret
1234 3704 1603 3784 civitatem,
1647 3717 1927 3793 repente
1974 3728 2136 3775 cum
2190 3704 2497 3795 pervenit
2527 3703 2611 3773 ad
2648 3637 2839 3773 lianc
2880 3703 3136 3780 locum,

582 3804 828 3860 ventus
877 3792 1244 3863 vehemens
1290 3795 1649 3874 excitatu5‚
1686 3793 2017 3866 adversus
2042 3816 2180 3876 eos,
2227 3794 2346 3881 qui
2389 3793 2576 3862 hunc
2617 3815 2862 3883 rogum
2900 3812 3142 3860 accen-

582 3879 861 3961 debant,
898 3881 1250 3951 flammam
1305 3883 1678 3952 convertit:
1744 3905 1921 3969 quae
1968 3905 2084 3953 eos
2133 3897 2491 3973 persecuta
2551 3881 2681 3952 fuit
2726 3893 2792 3950 et
2837 3881 3135 3958 exussit,

585 3971 766 4040 sicut
812 3968 978 4039 olim
1032 3970 1431 4041 Chaldaeos.

670 4061 706 4145 ἓ
753 4063 906 4132 19.
962 4065 1104 4130 Νοι]
1156 4074 1320 4129 sunt
1368 4060 1534 4129 haec
1589 4059 1925 4130 miracula
1976 4060 2192 4133 nullis
2240 4059 2617 4152 approbata
2666 4058 2980 4139 testibuS,
3026 4068 3141 4126 aut

583 4147 889 4218 oratione
954 4150 1338 4239 composita
1383 4149 1465 4218 ad
1519 4172 1724 4219 aures
1783 4149 2272 4232 oblectandas,
2326 4162 2445 4219 aut
2492 4171 2532 4217 a
2598 4148 2799 4218 nobis
2849 4147 3135 4217 conficta

584 4235 940 4325 deceptio:
992 4240 1110 4308 sed
1165 4252 1297 4310 tres
1347 4237 1557 4308 simul
1610 4239 2063 4320 Patriarchae‚
2106 4241 2245 4311 Job
2275 4236 2801 4319 AlexandrinuS,
2842 4232 3138 4306 Christo-

584 4325 847 4413 phorus
880 4328 1363 4410 AntiochenuS‚
1403 4342 1469 4397 et
1508 4326 1807 4397 Basilius
1837 4329 2455 4418 Jerosolymitanus
2488 4327 2654 4396 haec
2685 4326 3130 4415 scripserunt,

582 4424 649 4481 et
674 4411 843 4481 haec
870 4414 963 4483 ita
996 4438 1067 4486 se
1095 4416 1348 4487 habere
1378 4416 1867 4507 significarunt
1897 4417 2271 4507 Theophilo
2301 4418 2730 4507 Imperatori,
2759 4413 2876 4502 qui
2910 4432 3137 4485 sacras
