3308 5004
191 266 347 333 AUG.
388 266 427 330 2
883 284 963 330 nn
1010 283 1067 331 s.
1120 281 1449 332 Amnonso
1497 284 1564 331 n.
1616 284 1697 331 na
1744 283 1995 332 meoiuo
2501 271 2573 337 81

187 367 501 445 laboraret,
531 378 734 454 atque
782 366 1069 459 insuper
1101 368 1291 437 omni
1319 367 1757 438 cruciatuum
1797 369 2170 459 asperitate
2210 392 2338 439 sua
2365 374 2674 444 membra

183 456 540 535 debilitaret,
576 456 875 526 multum
927 457 1385 528 nihilominus
1416 458 1744 546 temporis
1776 457 2114 547 ejusmodi
2152 457 2508 532 laboribus
2543 463 2676 533 im-

182 544 435 633 pendere
483 558 730 635 posset,
781 545 1037 632 quibus
1086 557 1292 615 totam
1348 568 1488 615 rem
1538 546 1987 615 christianam
2037 547 2328 618 mirifice
2373 549 2670 639 juvaret.

182 634 400 702 Invicto
426 633 690 716 ardore,
727 633 1047 703 heroicus
1076 656 1279 705 senex
1312 656 1539 704 rerum
1570 656 1926 705 sacrarum
1965 636 2193 706 studio
2219 658 2302 705 ac
2333 636 2670 710 librorum

183 722 491 812 scriptioni
540 722 943 793 incumbere
992 726 1360 814 perstabat.
1413 723 1608 792 Enim
1644 745 1823 805 vero,
1876 737 1941 793 et
1989 724 2339 806 tredecim,
2379 748 2553 814 quos
2600 730 2668 798 in

182 812 533 901 episcopatu
585 812 934 903 transegit,
986 812 1213 894 annis,
1269 811 1375 881 vix
1423 833 1609 882 unus
1653 811 1933 893 effluxit,
1988 814 2275 899 quinon
2320 837 2540 885 unum
2574 817 2675 887 al-

183 913 439 969 terumve
485 900 575 970 ab
621 922 699 970 eo
745 922 921 991 opus
967 901 1277 991 evulgari
1326 899 1603 970 videret.
1657 905 1844 971 Inter
1887 923 2066 988 quae
2101 923 2144 971 o
2233 924 2330 985 ra,
2385 905 2668 983 maximi

177 989 461 1058 momenti
515 988 712 1079 plura
761 990 1066 1059 invenire
1112 1004 1253 1070 est,
1309 1003 1382 1059 ut
1434 989 1599 1058 illud
1654 989 1768 1060 cui
1803 989 2078 1060 titulus:
2207 992 2498 1063 indiciae
2597 1018 2672 1065 ro

173 1098 443 1167 suprema
472 1080 812 1169 Pontificis
837 1089 1184 1169 potestate,
1222 1079 1544 1148 adversus
1573 1081 1916 1149 Iustinum
1941 1080 2371 1160 Febronium;
2404 1094 2468 1150 et
2495 1081 2541 1150 il
2576 1083 2667 1152 ud

171 1166 318 1252 quod
359 1166 799 1237 inscribitur:
855 1171 907 1237 0
955 1191 1032 1237 us
1063 1168 1517 1258 doqmatt‘cum
1549 1178 1780 1237 contra
1823 1170 2210 1239 Haereticos
2233 1171 2411 1257 salso
2457 1173 2670 1259 refor-

170 1265 367 1334 ηιαιοε,
417 1257 489 1325 in
540 1278 679 1343 quo
727 1256 829 1324 vir
924 1256 1319 1327 octissimus
1359 1277 1598 1327 omnes
1632 1255 1793 1325 fidei
1842 1256 2170 1327 articulos
2202 1280 2242 1327 a
2276 1258 2671 1330 Tridentium

170 1346 203 1410 S
244 1343 404 1414 nodo
449 1344 770 1414 definitos
799 1344 1102 1414 dilucide
1131 1345 1431 1434 exponit,
1468 1357 1673 1431 atque
1707 1345 2207 1416 haereticorum
2247 1346 2671 1434 objectiones

171 1431 206 1498 il
234 1432 283 1500 is
309 1433 656 1524 oppositas
680 1434 926 1503 invicte
959 1433 1288 1503 confutat.
1334 1437 1474 1502 Hoc
1505 1433 1739 1502 eodem
1787 1446 1915 1503 tem
1931 1456 2112 1524 pore,
2151 1448 2215 1504 et
2249 1435 2425 1504 inter
2451 1436 2663 1519 itlius,

165 1519 381 1607 dequo
416 1522 623 1592 modo
670 1521 879 1592 locuti
931 1545 1199 1603 sumus,
1254 1522 1476 1591 morbi
1509 1521 1779 1592 dolores
1810 1523 2316 1605 acerbissimos,
2362 1526 2669 1594 conscri-

169 1609 279 1696 psit
306 1624 366 1679 et
394 1611 600 1698 quasi
639 1611 999 1701 seraphion
1040 1632 1253 1680 manu
1285 1611 1585 1680 exaravit
1617 1633 1906 1680 aureum
1951 1611 2147 1682 illum
2185 1611 2529 1681 libellum:
2569 1615 2671 1684 De

163 1701 348 1786 praoet'
388 1700 676 1769 amandi
698 1704 927 1770 Jesum
970 1701 1330 1771 Christum.
1384 1705 1729 1790 Perpauca
1793 1722 1958 1770 sane
2004 1714 2165 1771 sunt
2212 1722 2442 1788 opera,
2494 1723 2671 1790 quae

163 1807 343 1873 aeque
388 1811 467 1858 ac
515 1788 832 1859 divinum
865 1789 1047 1861 istud
1083 1789 1527 1879 opusculum,
1572 1788 1658 1858 ad
1701 1802 2042 1858 amantem
2094 1789 2436 1860 Christum
2504 1790 2671 1862 ada-

166 1876 464 1946 mandum
496 1878 952 1948 inflamment.
980 1883 1056 1947 Et
1103 1878 1364 1949 ferreus
1395 1876 1584 1959 foret,
1629 1878 1750 1964 qui
1788 1877 1854 1946 in
1896 1877 2011 1946 illo
2064 1878 2475 1968 perlegendo
2509 1880 2669 1950 nul-

164 1962 282 2033 lum
314 1967 378 2034 in
414 1979 689 2056 pectore
716 1966 986 2056 pietatis
1013 1966 1329 2036 affectum
1371 1966 1650 2036 excitari
1687 1979 1889 2053 atque
1920 1967 2203 2035 accendi
2231 1968 2664 2057 persentiret.

229 2054 262 2140 ξ
305 2057 451 2126 lo.
504 2061 777 2126 Praeter
825 2055 950 2125 hos
998 2055 1289 2136 laboreS,
1343 2054 1600 2141 quibus
1650 2069 1930 2124 sanctus
1970 2056 2273 2146 Scriptor
2306 2057 2513 2127 totius
2551 2061 2671 2128 Ec-

161 2139 376 2212 clesiae
428 2144 706 2214 utilitati
757 2144 1045 2214 mirifice
1104 2144 1498 2225 inservivit,
1553 2166 1752 2213 suam
1806 2165 2081 2231 quoque
2129 2145 2664 2216 sollicitudinem

157 2228 225 2298 ad
270 2232 658 2303 universam
709 2232 1155 2302 christianam
1211 2232 1710 2323 rempublicam
1761 2233 1855 2301 ita
1894 2232 2239 2323 expandit,
2283 2247 2359 2304 ut
2398 2234 2467 2303 in
2516 2256 2667 2305 om—

160 2319 336 2389 nibus
359 2321 497 2391 fere
534 2321 817 2410 majoris
852 2320 1177 2391 momenti
1226 2322 1507 2401 eventis,
1542 2321 1803 2408 quibus
1839 2334 1998 2390 tunc
2028 2321 2346 2411 religiosa
2379 2324 2666 2395 societas

156 2406 542 2496 agitabatur,
575 2410 943 2479 maximam
979 2410 1146 2497 quin
1170 2423 1235 2479 et
1256 2409 1553 2479 subinde
1627 2409 2039 2499 rodigiosam
2071 2424 2326 2500 partem
2360 2410 2660 2481 haberet.

162 2498 481 2568 Neminem
523 2498 720 2581 latet,
773 2514 940 2586 quot
984 2513 1050 2569 et
1148 2512 1392 2569 uantae
1430 2432 1760 2580 insidiae,
1817 2498 1932 2568 illo
1973 2512 2313 2590 tempore,
2370 2499 2670 2590 inclytae

162 2586 212 2652 S.
238 2588 475 2686 Ignatii
511 2586 837 2670 familiae,
874 2590 961 2658 ab
991 2594 1119 2658 Ecc
1150 2588 1331 2657 esiae
1366 2588 1706 2669 hostibuS,
1746 2587 2004 2675 ubique
2030 2587 2336 2658 locorum
2372 2600 2667 2659 structae

160 2670 398 2746 fuerint.
455 2676 898 2767 AlphonsuS,
963 2678 1082 2764 qui
1144 2677 1331 2746 illam
1394 2676 1732 2747 familiam
1793 2689 2119 2763 tanquam
2180 2677 2661 2747 firmissimum

161 2763 467 2835 Ecclesiae
543 2767 1145 2857 propugnaculum
1199 2765 1514 2847 habebat,
1572 2765 1877 2836 assiduis
1925 2765 2010 2834 ad
2047 2770 2258 2835 Deum
2313 2766 2658 2856 precibus,

162 2851 406 2946 exitium
456 2854 646 2942 quod
696 2855 830 2944 ipsi
883 2855 1325 2945 impendebat
1378 2868 1678 2924 avertere
1725 2867 2012 2924 conatus
2058 2867 2179 2925 est.
2236 2878 2272 2922 «
2316 2855 2662 2943 Quidquid

161 2959 213 3005 tn
256 2944 651 3014 Societatem
699 2950 864 3014 Jesu
898 2944 1188 3014 struitur
1213 2941 1633 3033 (inquiebat)
1665 2946 1941 3012 emanat
1980 2965 2021 3013 a
2058 2944 2506 3014 Jansenistis:
2546 2945 2667 3032 qui

161 3048 269 3098 non
312 3032 377 3101 in
429 3033 656 3103 solam
707 3033 1130 3114 Societatem,
1185 3032 1300 3102 sed
1355 3032 1423 3101 in
1474 3032 1698 3122 ipsam
1750 3032 2148 3120 Ecclesiam,
2189 3045 2253 3102 et
2288 3033 2355 3101 in
2393 3033 2658 3103 civilem

161 3135 393 3207 quoque
426 3122 821 3192 societatem
858 3121 1367 3191 machinantur.
1403 3144 1438 3188 »
1485 3126 1700 3207 Atque
1730 3120 1856 3191 has
1902 3120 2181 3207 quidem
2217 3122 2664 3212 cogitationes

162 3225 355 3276 secum
405 3211 662 3280 anxius
698 3209 1001 3280 volvebat
1033 3208 1449 3300 Alphonsus.
1500 3216 1652 3280 Jatn
1707 3231 1885 3290 vero,
1941 3213 2072 3278 Deo
2103 3209 2196 3279 ita
2227 3210 2657 3300 disponente,

166 3292 433 3368 Clemens
481 3303 628 3369 XIV
676 3320 857 3368 anno
904 3321 1280 3379 unccuxm,
1338 3298 1449 3368 die
1499 3298 1829 3388 vigesima
1881 3299 2104 3387 prima
2149 3298 2317 3368 Julii
2370 3298 2664 3368 illustris

167 3382 477 3457 Societatis
524 3387 1011 3458 extinctionem
1064 3387 1385 3458 decrevit.
1439 3387 1628 3470 Quod
1668 3387 2044 3468 decretum,
2099 3398 2173 3455 ut
2221 3387 2523 3478 primum
2577 3387 2661 3456 ad

169 3489 332 3544 aures
384 3477 612 3546 sancti
659 3476 798 3546 Viri
846 3477 1200 3567 pervenit,
1253 3476 1438 3546 haud
1492 3475 1691 3546 aliter
1736 3474 2094 3566 obstupuit
2140 3498 2218 3544 ac
2267 3476 2326 3545 si
2373 3474 2667 3546 fulmine

168 3553 369 3633 fuisset
408 3566 623 3659 ictus.
656 3565 783 3635 Ubi
830 3587 987 3634 vero
1023 3587 1093 3636 se
1134 3564 1488 3668 paulisper
1533 3577 1905 3654 receperat,
1946 3564 2361 3634 altissimum
2401 3565 2515 3634 Dei
2547 3564 2667 3634 de-

169 3662 385 3721 eretum
434 3654 761 3734 adorans,
815 3677 850 3720 «
882 3658 1146 3724 Summi
1188 3654 1537 3724 Pontificis
1577 3653 1893 3724 voluntas
1923 3652 2208 3743 (inquit)
2249 3653 2363 3722 Dei
2402 3665 2502 3723 est
2550 3674 2665 3722 vo-

174 3729 382 3810 luntas.
421 3766 459 3810 »
509 3748 660 3826 Quo
700 3742 905 3824 dicto,
958 3743 1276 3829 quamvis
1321 3742 1556 3812 dolore
1609 3742 2078 3832 plenissimus,
2113 3742 2483 3812 obmutuit.
2534 3747 2666 3811 Nec

177 3839 364 3908 postea
409 3831 640 3903 ullum
676 3830 981 3921 amplius
1021 3831 1382 3902 verbulum
1437 3831 1755 3923 protulit,
1807 3852 1945 3919 quo
1991 3831 2500 3902 amarissimam
2553 3828 2665 3900 sui

180 3915 359 3989 cordis
403 3919 944 3990 amaritudinem
995 3920 1364 3990 exhalaret.

239 4003 269 4087 ἓ
307 4012 431 4080 n.
475 4014 770 4084 Interea.
796 4031 952 4078 cum
984 4009 1367 4080 rescivisset
1389 4007 1805 4099 AlphonsuS,
1836 4006 2231 4077 Pontificem
2265 4006 2333 4075 in
2367 4005 2668 4077 maxima

184 4092 346 4165 animi
394 4097 736 4168 moestitia
768 4098 1046 4178 versari,
1077 4097 1285 4200 quod,
1318 4118 1691 4189 suppressa
1722 4096 2071 4177 Societate,
2107 4094 2279 4164 nihil
2314 4094 2668 4185 conspice-

191 4191 327 4270 {etur
367 4184 583 4268 illius,
636 4207 813 4273 quae
840 4187 1270 4277 sperabatur,
1305 4187 1494 4277 pacis
1535 4209 1615 4256 ac
1646 4184 2191 4272 tranquillitatiS,
2235 4183 2671 4254 vehementer

192 4261 337 4367 ¹¹le
382 4275 933 4356 commiseratus,
990 4274 1368 4367 permultas
1419 4297 1541 4366 pro
1573 4297 1654 4345 eo
1690 4296 1926 4364 preces
1957 4284 2021 4343 et
2051 4274 2197 4364 ipse
2228 4272 2428 4354 fudit,
2480 4286 2546 4343 et
2578 4273 2666 4343 ab

195 4350 302 4427 ilus
339 4363 814 4453 expostulavit.
882 4364 1146 4434 Placuit
1200 4381 1451 4439 autem.
1495 4369 1624 4434 Deo
1654 4417 1672 4448 ,
1738 4374 2000 4434 tantam
2048 4384 2129 4433 ac
2193 4374 2329 4433 tam
2379 4362 2660 4468 filialem

302 4482 529 4541 surius
544 4514 569 4529 -
595 4484 759 4544 Vitae
782 4484 890 4544 SS.
912 4513 937 4528 ·
957 4482 1084 4542 Vol.
1126 4480 1281 4544 v111.
2441 4483 2478 4542 6
