3308 5004
204 349 353 417 ΑΗΕ.
396 349 442 415 2.
864 366 946 414 aa
992 366 1049 414 s.
1100 364 1427 414 Atruonso
1472 367 1545 415 ι.
1593 367 1674 414 nn
1722 364 1974 414 usnam
2518 349 2611 414 85

199 452 475 524 omnibus
505 449 872 542 pessimam
906 449 1043 541 (uti
1080 450 1529 543 opinabatur)
1575 450 2042 543 suspicionem
2091 450 2521 533 excluderet,
2573 449 2695 520 do-

199 563 301 611 nec
328 540 584 611 tandem
626 537 814 609 fraus
848 537 1184 630 patefacta
1228 553 1354 611 est.

265 633 413 719 §5-
462 633 725 699 Interea
780 650 939 699 vero
996 627 1375 699 laetissima
1436 650 1479 698 a
1545 632 1621 698 P.
1683 627 1947 719 Majone
2011 627 2563 708 nuntiabantur3
2628 640 2695 697 et

203 720 306 789 'am
340 719 403 787 in
437 739 514 788 eo
553 739 627 787 se
671 738 821 787 esse
866 716 1186 791 credebat
1231 716 1646 808 Alphonsus,
1700 731 1779 787 ut
1823 716 2161 797 omnium,
2206 738 2384 803 quae
2416 715 2482 784 in
2519 717 2694 786 votis

237 807 470 889 abebat,
522 805 713 877 fieret
760 807 1018 897 partice
1111 860 1126 875 .
1165 811 1391 889 Quare
1424 807 1575 897 ipso
1611 805 1747 887 die,
1790 827 1928 894 quo
1961 804 2381 876 adulteratae
2414 804 2696 896 regulae

203 896 412 966 missae
438 908 600 966 sunt
621 894 978 967 Nuceriam
1006 827 1221 985 &guod
1250 894 1504 965 factum
1537 893 1780 965 estdie
1809 899 1894 964 27
1927 893 2277 963 Februarii
2310 892 2686 983 uncctxxx),

195 1007 318 1056 cum
357 983 710 1055 nonnullis
754 983 1108 1066 Patribus,
1160 984 1282 1071 qui
1343 983 1801 1074 vespertinam
1864 982 2352 1052 recreationem
2398 1004 2559 1052 cum
2611 1005 2692 1052 eo

192 1074 465 1164 agebant,
517 1071 960 1160 colloquens:
1014 1095 1050 1139 «
1096 1072 1212 1142 Die
1262 1077 1667 1142 Parasceves
1718 1070 2161 1162 (inquiebat)
2208 1086 2510 1141 nostram
2564 1076 2696 1141 Re·-

188 1161 384 1253 gulam
414 1161 858 1252 accipiemus,
895 1166 973 1230 Et
1000 1161 1329 1247 quoniam
1371 1161 1491 1230 illo
1524 1161 1637 1230 die
1668 1160 1976 1230 Christus
2005 1165 2208 1229 Jesus
2249 1159 2452 1228 vitam
2488 1182 2692 1229 suam

190 1272 285 1338 pro
322 1251 510 1320 nobis
562 1249 887 1340 profudit,
933 1271 1065 1319 nos
1106 1250 1309 1320 etiam
1363 1263 1527 1322 tunc
1583 1249 2043 1339 nosmetipsos
2099 1248 2231 1337 ipsi
2276 1248 2524 1319 iterum
2579 1269 2695 1317 sa-

185 1338 641 1409 crificabimus.
679 1360 719 1405 »
752 1338 874 1407 Cui
903 1337 1050 1407 ilii:
1104 1362 1139 1406 «
1177 1344 1318 1408 Hoc
1353 1338 1710 1419 faciemus,
1751 1337 1866 1408 sed
1915 1336 2206 1427 perlecta
2247 1349 2448 1407 antea
2487 1349 2692 1424 atque

188 1428 537 1497 examinata
574 1426 860 1518 Regula.
894 1450 932 1494 »
971 1432 1189 1510 Quam
1225 1449 1384 1497 cum
1425 1425 1898 1518 perlegissent,
1936 1440 2312 1527 stupentes,
2347 1440 2690 1512 quantum

183 1536 421 1586 sacrum
455 1515 780 1585 volumen
820 1515 1149 1586 violatum
1190 1516 1456 1598 fuisset,
1494 1528 1946 1606 agnoverunt.
2001 1520 2103 1585 Fit
2139 1514 2353 1605 igitur
2393 1514 2694 1583 maxima

184 1606 479 1674 mentium
524 1604 973 1695 perturbatio,
1020 1617 1087 1674 et
1134 1604 1249 1674 vix,
1273 1626 1474 1675 mane
1505 1604 1708 1685 fact0‚
1745 1625 1986 1674 omnes
2024 1603 2110 1673 ad
2144 1617 2466 1673 sanctum,
2514 1607 2695 1673 Fun-

183 1690 451 1763 datorem
516 1704 895 1762 accurrunt
924 1747 947 1775 ,
1000 1693 1409 1774 universas,
1464 1714 1641 1780 quae
1683 1692 1900 1762 factae
1943 1706 2213 1771 essent,
2261 1704 2694 1761 recensentes

183 1780 718 1861 immutationes;
770 1794 977 1868 atque
1025 1781 1095 1850 in
1146 1804 1337 1851 reum
1390 1793 1576 1852 tanto
1625 1781 1930 1851 facinore
1976 1781 2227 1871 dignas
2277 1801 2534 1871 poenas
2582 1800 2695 1849 ex-

179 1869 601 1969 postulantes,
672 1875 842 1939 Tum
918 1891 1073 1939 vero
1145 1871 1502 1960 obstupuit
1578 1869 1812 1940 infelix
1876 1891 2129 1952 senex;
2195 1881 2261 1939 et
2329 1882 2690 1958 postquam

176 1974 434 2047 ipsemet
482 1957 905 2029 adulteratas
944 1957 1220 2050 regulas
1278 1958 1722 2052 perlegisset,
1780 1959 1942 2028 flere
1990 1958 2212 2048 coepit
2251 1957 2533 2049 largiter
2561 2011 2578 2038 ,
2630 1970 2698 2026 et

182 2061 381 2117 mente
421 2059 904 2117 consternatus
933 2101 948 2126 ‚
1010 2079 1033 2107 ιι
1076 2047 1489 2134 Neutiquam
1532 2047 1927 2138 (exclamat)
1971 2047 2370 2135 neutiquam
2421 2045 2489 2116 id
2540 2067 2691 2115 esse

218 2148 395 2205 otest.
442 2158 480 2203 »
532 2135 711 2205 Hinc
779 2134 864 2205 ad
927 2141 1192 2206 Patrem
1258 2136 1502 2206 Villani
1560 2158 1708 2206 sese
1761 2149 2210 2207 convertens:
2276 2159 2313 2202 «
2359 2134 2694 2221 Equidem

175 2155 381 2379 ζῶιίε)
426 2246 564 2294 non
615 2223 925 2294 futurum
976 2224 1390 2315 cogitabam,
1443 2229 1637 2295 Pater
1683 2225 1973 2300 Andrea,
2030 2236 2105 2294 ut
2137 2225 2266 2294 hoc
2317 2223 2519 2294 modo
2559 2246 2597 2292 a
2632 2234 2695 2292 te

213 2314 527 2403 cciperer.
565 2336 605 2381 »
652 2314 918 2395 Quibus
952 2313 1177 2393 dictis,
1231 2313 1445 2383 flebili
1495 2336 1654 2384 voce
1711 2318 1941 2384 Patres
1987 2335 2228 2383 omnes
2283 2312 2691 2399 alloquens:

178 2402 482 2492 «Dignus
522 2401 736 2471 forem
785 2401 1079 2492 (inquit)
1121 2401 1242 2489 qui
1288 2403 1445 2490 equi
1495 2402 1719 2472 cauda
1761 2416 2088 2492 raptarer.
2151 2401 2520 2492 Superior,
2576 2399 2698 2469 de-
2759 2462 2766 2468 .

176 2487 447 2561 buissem
501 2512 630 2581 ego
678 2490 826 2581 ipse
860 2490 1019 2562 illas
1065 2490 1415 2586 perlegere
1461 2491 1829 2585 regulas.»
1871 2490 2198 2572 Tandem,
2253 2489 2552 2581 profusis
2602 2489 2698 2559 la-

178 2581 432 2667 erymis,
472 2579 714 2651 oculos
745 2580 830 2649 ad
867 2579 1115 2650 Christi
1146 2580 1213 2649 in
1256 2601 1461 2651 cruce
1499 2580 1860 2671 pendentis
1902 2581 2277 2670 imaginem
2327 2578 2690 2648 attollens:

176 2687 203 2732 ε
232 2668 310 2737 lli
353 2668 520 2739 Jesu
565 2667 964 2758 (exclamat)
990 2668 1094 2738 illi
1127 2667 1301 2739 fisus
1347 2691 1503 2739 sum
1538 2669 1662 2757 qui
1697 2669 1868 2738 mihi
1909 2683 2010 2738 est
2042 2691 2082 2738 a
2110 2665 2690 2738 confessionibus.

178 2756 329 2836 Quid
374 2780 542 2848 ergo
566 2761 601 2825 ⁶?
644 2757 987 2844 Numquid
1023 2758 1091 2825 in
1128 2756 1362 2846 aliquo
1391 2755 1529 2827 alio
1562 2758 1784 2849 magis
1813 2757 2161 2827 confidere
2193 2756 2585 2826 debuissem
2608 2759 2697 2824 t»

176 2845 496 2916 Postremo
546 2851 779 2914 Patres
828 2868 1072 2916 rursus
1119 2845 1527 2934 alloquens:
1582 2869 1618 2913 «
1648 2852 1779 2916 Vos
1830 2868 1966 2917 non
2002 2846 2162 2916 latet
2187 2844 2476 2936 (inquit)
2525 2843 2698 2913 mihi

177 2951 359 3016 quam
407 2933 700 3004 difficile
746 2934 857 3015 sit,
914 2934 1013 3004 vel
1056 2956 1265 3004 unam
1327 2934 1552 3036 legere
1617 2935 1950 3025 phrasim.
2006 2957 2042 3002 »
2099 2939 2178 3004 Et
2224 2956 2386 3004 voce
2440 2932 2700 3003 doloris

175 3022 521 3093 acerbitate
574 3022 1034 3113 lacrymisque
1072 3023 1360 3093 omnino
1399 3023 1803 3105 interclusa,
1858 3024 1928 3092 in
1971 3023 2268 3093 lamenta
2335 3023 2696 3113 prorupit,

181 3108 335 3180 istud
360 3111 667 3183 subinde
695 3110 1043 3201 proferens
1073 3113 1397 3182 verbum:
1436 3135 1471 3179 a
1500 3116 1833 3203 Deceptus
1855 3135 2008 3182 sum
2034 3115 2049 3181 l
2088 3117 2421 3202 Deceptus
2444 3134 2604 3181 sum
2628 3114 2695 3180 l»

178 3197 305 3269 Post
346 3200 516 3271 haec
566 3199 960 3282 obmutuit,
1016 3201 1285 3270 homini
1332 3199 1647 3289 quolibet
1692 3223 1902 3272 sensu
1958 3201 2219 3270 carenti
2259 3200 2686 3270 simillimus.

180 3286 404 3359 Exhinc
438 3310 654 3359 omne
693 3289 1108 3359 matutinum
1165 3302 1451 3380 tempus.
1486 3289 1554 3358 in
1609 3289 1948 3359 altissimo
1997 3289 2266 3361 silentio
2315 3288 2697 3378 transigere

182 3378 626 3461 perseveravit,
656 3377 806 3468 ejus
835 3377 1025 3448 vultu
1050 3400 1210 3467 prae
1242 3377 1574 3448 moeroris
1602 3378 2080 3467 magnitudine
2106 3378 2277 3448 adeo
2301 3378 2689 3455 immutato,

180 3465 381 3552 utJam
421 3488 565 3537 non
595 3466 972 3547 bominem,
1013 3465 1128 3538 sed
1159 3479 1505 3558 spectrum
1550 3488 1701 3536 esse
1732 3467 2019 3537 diceres.
2057 3472 2185 3537 Nec
2218 3465 2417 3537 facile
2439 3465 2698 3535 adduci

186 3554 388 3637 potuit,
424 3569 503 3626 ut
535 3555 681 3625 cibi
726 3554 894 3643 quid
953 3567 1281 3626 sumeret.
1342 3559 1529 3624 Inter
1576 3556 2146 3626 manducandum
2197 3577 2351 3625 vero
2408 3554 2477 3623 in
2524 3576 2697 3624 nova

186 3642 449 3737 suspiria
494 3643 930 3733 erumpebat,
966 3644 1227 3732 quibus
1274 3643 1628 3735 singultus
1672 3645 1758 3714 ita
1813 3644 2308 3725 increscebant,
2353 3657 2431 3713 ut
2466 3665 2624 3713 mox
2656 3665 2699 3712 a

186 3727 307 3826 cibo
326 3733 720 3803 abstineret.
756 3736 967 3819 Atque
1014 3733 1142 3803 hoc
1172 3732 1401 3813 mod0,
1447 3732 1683 3823 plures
1721 3733 1867 3804 dies
1901 3756 1979 3802 ac
2018 3732 2250 3824 plures
2284 3745 2515 3802 noctes
2546 3753 2698 3800 om-

189 3834 320 3887 mno
362 3821 723 3892 insomnes
777 3820 1124 3904 traduxit,
1184 3834 1255 3891 et
1302 3843 1578 3892 omnem
1636 3821 2176 3892 consolationem
2222 3822 2315 3892 ita
2360 3820 2691 3901 exclusit,

190 3915 401 3977 utnon
432 3911 702 4000 parum'
733 3908 819 3979 de
848 3909 999 4000 ejus
1034 3910 1166 3980 vita
1198 3911 1578 3980 timeretur.

198 4075 208 4087 ,
252 3995 283 4080 ξ
319 4003 409 4069 8.
464 3999 599 4069 Ubi
645 4019 800 4068 vero
842 3998 1143 4089 primum
1180 3997 1265 4068 de
1295 3997 1701 4069 adulteratis
1749 3998 2009 4090 regulis
2039 3997 2223 4068 fama
2274 3995 2692 4088 percrebuit,

197 4097 397 4172 lugens
429 4086 499 4156 in
550 4088 790 4157 omnia
847 4088 1150 4157 Instituti
1211 4087 1500 4179 collegia
1566 4087 1817 4176 injecta
1866 4100 1968 4157 est
2015 4086 2464 4178 perturbatio,
2518 4085 2697 4156 Huic

201 4170 336 4241 malo
362 4187 439 4245 ut
477 4174 867 4246 remedium
909 4176 1290 4258 afferretur,
1345 4176 1415 4245 in
1467 4175 1650 4246 diem
1694 4176 1960 4266 teuaji
1997 4195 2352 4256 uacauit,
2390 4173 2697 4245 indictus

202 4268 271 4357 ⁴²!
302 4277 696 4347 conventus,
735 4264 854 4352 qui
905 4278 1131 4334 tamen
1168 4264 1254 4334 ad
1305 4263 1649 4335 sedandos
1696 4265 1969 4335 animos
2015 4264 2189 4335 nihil
2250 4263 2537 4335 omnino
2584 4286 2699 4333 va-

206 4336 311 4418 hut.
340 4355 514 4435 Erat,
555 4353 738 4422 inter
767 4358 997 4424 Patres
1029 4354 1152 4441 qui
1180 4367 1665 4436 convenerant,
1701 4353 1907 4423 homo
1937 4353 2220 4442 quidam
2256 4353 2699 4424 turbulentus

128 4449 143 4458 ·
210 4441 489 4512 somnis
530 4441 675 4513 doli
743 4441 1239 4533 plenissimuS,
1307 4443 1427 4520 cui
1494 4464 1743 4512 nomen
1809 4443 2080 4534 Leggio.
2142 4448 2212 4513 Is
2280 4442 2695 4514 horrendam
