3308 5004
664 339 795 404 276
1477 355 1557 402 ns
1603 354 1661 402 s.
1713 353 1915 403 cum
1961 351 2217 401 viselat
2795 335 2980 404 AUG.
3036 336 3119 401 ⁴2

574 440 826 510 meruit
872 438 1286 531 singulares.
1332 437 1461 509 Sed
1495 460 1676 527 quae
1706 437 2066 510 conventio
2099 435 2342 508 carnis
2366 437 2711 528 virgineae
2742 438 2828 507 ad
2863 452 3114 509 vestem

575 529 987 616 porcinam?
1032 531 1518 600 Procuraverat
1570 527 1759 598 enim
1807 527 1944 598 sibi
1989 527 2094 597 vir
2142 548 2188 597 o
2239 527 2678 597 sanctissima
2725 540 2975 597 vestem
3030 527 3122 598 de

573 618 761 688 corio
809 617 1024 709 porci,
1076 637 1286 705 quam
1319 672 1335 699 ,
1389 638 1582 687 versa
1629 617 1715 687 ad
1767 635 2045 687 carnem
2148 614 2375 708 ispida
2437 625 2719 686 tonsura
2771 616 3116 707 pilorum,

572 718 830 776 secreto
877 708 1009 777 sub
1047 707 1285 776 tunica
1313 705 1683 777 deferebat.
1730 706 2060 777 Utebatur
2091 725 2596 793 nonnunquam
2631 705 2811 776 duro
2856 705 3118 787 cilicio,

573 794 659 864 de
708 795 868 886 pilis
897 811 1234 882 equorum
1289 794 1545 867 nodose
1590 808 1929 876 conserto,
1984 794 2168 882 quod
2221 794 2553 867 hincinde
2597 795 2958 866 chordulis
3004 817 3124 865 ru-

571 883 779 954 dibus
825 884 1204 975 stringebat
1272 881 1365 953 ad·
1408 906 1689 974 corpus.
1744 889 1936 953 Hanc
1993 897 2244 953 vestem
2296 885 2418 954 uni
2479 883 2565 953 de
2621 883 2903 954 filiabus
2947 883 3124 954 dum

575 973 826 1062 petenti
874 972 1487 1054 accommodasset,
1541 972 1802 1061 illaque
1848 994 1921 1043 se
1946 973 2281 1053 vestisset,
2318 985 2543 1043 tantae
2577 974 2891 1063 protinus
2922 995 3126 1064 aspe⁴

572 1062 755 1132 ritati
804 1062 1293 1143 succumbens»,
1348 1083 1485 1131 non
1537 1075 1677 1131 tam
1726 1059 2036 1132 hilariter
2070 1062 2286 1152 petiit,
2343 1075 2554 1150 quam
2603 1061 2915 1132 celeriter
2969 1074 3127 1153 post

570 1151 881 1222 triduum
930 1151 1328 1241 resignavit.
1381 1149 1576 1221 Nuda
1623 1150 1929 1232 humus,
1979 1163 2046 1220 et
2091 1150 2441 1220 interdum
2491 1163 2841 1221 sarmenta
2889 1151 3127 1221 vinea·

571 1261 729 1309 rum
765 1253 962 1311 erant
995 1261 1118 1329 pro
1168 1238 1443 1320 lectulo,
1510 1239 1923 1329 lignumque
1967 1239 2224 1310 durum
2279 1239 2672 1330 praestabat
2715 1240 2846 1311 sub
2894 1240 3126 1330 capite

568 1327 877 1399 officium
914 1328 1324 1420 pulvinaris.
1367 1333 1698 1398 Processu
1731 1350 1887 1399 vero
1921 1329 2252 1417 temporis
2279 1330 2545 1399 corium
2582 1328 2938 1399 debilitato
2970 1351 3126 1399 cor-

570 1418 721 1507 pori
771 1418 1032 1498 stravit,
1072 1430 1138 1486 et
1173 1417 1384 1507 capiti
1436 1417 1778 1487 modicam
1831 1417 2098 1508 paleam
2148 1417 2523 1487 clementer
2570 1417 2887 1488 indulsit.

657 1508 891 1592 §12
967 1511 1334 1593 Postquam
1410 1518 1640 1576 autem
1685 1527 1948 1596 ,corpus
1997 1519 2137 1577 tam
2208 1528 2437 1577 severe
2487 1519 2852 1577 tractatum
2916 1506 3130 1597 longa

571 1594 796 1684 eoepit
826 1616 1168 1685 occupare
1215 1594 1610 1674 infirmitas,
1636 1595 1928 1685 jubente
1975 1597 2172 1666 beato
2221 1595 2609 1676 Francisco,
2663 1618 2864 1667 sacco
2918 1596 3129 1686 pleno

571 1681 787 1772 paleis
834 1706 962 1755 usa
1030 1696 1155 1753 est.
1209 1689 1415 1754 Porro
1463 1685 1533 1753 in
1585 1683 1880 1774 jejuniis
1927 1697 2159 1757 tantus
2221 1697 2368 1754 erat
2414 1685 2602 1774 rigor
2658 1685 3125 1755 abstinentiae

569 1793 759 1854 suae,
798 1785 875 1842 ut
903 1772 991 1842 de
1038 1773 1281 1842 viatico
1318 1774 1531 1854 tenui,
1569 1773 1751 1861 quod
1804 1773 2144 1846 sumebat.
2180 1774 2292 1844 vix
2338 1772 2793 1863 corporaliter
2840 1775 3120 1855 viveret,

572 1861 707 1932 nisi
752 1883 905 1930 eam
940 1862 1158 1932 virtus
1206 1861 1342 1931 alia
1390 1874 1826 1932 sustentaret.
1902 1863 2226 1933 Sanitatis
2267 1884 2566 1951 namque
2619 1876 2925 1953 tempore
2975 1884 3127 1932 ma·-

561 1949 783 2039 jorem
820 1950 1463 2052 Quadragesimam,
1498 1964 1566 2021 et
1600 1951 2214 2041 Quadragesimam
2258 1956 2324 2021 S.
2366 1953 2664 2033 Martini,
2701 1952 3011 2054 quotidie
3051 1952 3127 2022 in

573 2059 747 2127 pane
775 2052 841 2109 et
886 2057 1069 2128 aqua
1105 2041 1461 2130 jejunans,
1492 2040 1660 2110 solis
1685 2040 1935 2111 diebus
1968 2041 2344 2110 Dominicis
2379 2041 2645 2121 vinum,
2685 2064 2745 2110 si
2791 2041 3120 2123 habebat,

618 2128 916 2197 ustabat.
961 2134 1041 2198 Et
1085 2142 1161 2197 ut
1204 2129 1497 2208 mireris,
1550 2129 1852 2212 auditor,
1901 2130 2086 2217 quod
2138 2130 2398 2199 imitari
2449 2152 2586 2199 non
2631 2142 2843 2218 potes.
2900 2130 3129 2201 tribus

621 2215 818 2286 iebus
866 2217 934 2286 in
989 2217 1445 2299 hebdomada,
1497 2219 1802 2288 secunda
1853 2218 2209 2299 videlicet,
2261 2232 2511 2305 quarta
2550 2230 2616 2287 et
2662 2231 2849 2288 sexta
2897 2217 3073 2289 seria
3105 2273 3122 2299 ,

573 2303 748 2373 nibil
812 2305 883 2375 in
936 2305 1076 2377 illis
1137 2306 1700 2397 Quadragesimis
1747 2308 2064 2378 sumebat
2105 2309 2172 2376 in
2232 2309 2493 2377 cibum.
2571 2308 2679 2377 Sic
2729 2307 3126 2377 alternatim

569 2392 717 2462 dies
772 2395 1181 2484 penuriosae
1250 2394 1661 2477 refectioniS,
1713 2410 1780 2466 et
1826 2396 1974 2466 dies
2035 2396 2322 2466 acerbae
2389 2397 2940 2467 mortificationis
2989 2396 3127 2466 sibi

568 2482 862 2554 invicem
914 2483 1399 2566 succedebant,
1432 2497 1510 2556 ut
1557 2485 1793 2575 vigilia
1843 2484 2178 2577 perfectae
2218 2485 2487 2555 inediae
2516 2486 2715 2572 quasi
2747 2487 2816 2555 in
2867 2485 3126 2557 festum

568 2572 949 2644 solveretur
990 2575 1189 2662 panis
1217 2588 1282 2644 et
1328 2596 1572 2661 aquae.
1627 2581 1769 2644 Non
1825 2576 2107 2654 mirum,
2173 2576 2234 2645 si
2290 2587 2474 2644 tanta
2526 2574 2842 2665 rigiditas
2905 2574 3129 2645 multo

568 2675 876 2751 tempore
923 2664 1305 2743 observata,
1353 2663 1619 2733 Claram
1669 2663 2193 2733 infirmitatibus
2241 2663 2576 2744 subdi-dit,
2630 2664 2688 2733 si
2739 2665 2915 2734 vires
2954 2685 3128 2733 con-

568 2751 891 2840 sumpsit,
946 2753 1003 2820 si
1034 2753 1335 2843 vigorem
1369 2752 1682 2843 corporis
1718 2753 2087 2822 enervavit.
2120 2753 2726 2843 compatiebantur
2760 2765 3129 2843 propterea

569 2852 846 2909 sanctae
896 2841 1098 2910 matri
1146 2840 1629 2912 devotissimae
1680 2840 1885 2920 filiae,
1939 2864 2019 2911 ac
2070 2854 2322 2912 mortes
2372 2841 2550 2923 illas,
2603 2863 2779 2929 quas
2809 2840 3126 2927 quotidie

566 2927 951 2997 voluntarie
998 2929 1404 3009 sustinebat,
1462 2928 1791 3020 lacrymis
1830 2930 2310 3020 deplorabam,
2366 2931 2781 3020 prohibuere
2839 2929 3126 2999 tandem

571 3014 812 3086 beatus
891 3018 1297 3088 Franciscus
1342 3028 1408 3087 et
1463 3019 1846 3108 Episcopus
1894 3019 2175 3099 Assisii‚
2235 3023 2300 3088 S.
2365 3019 2598 3089 Clarae
2669 3017 2841 3088 illud
2908 3018 3128 3087 trium

566 3103 837 3174 dierum
880 3106 1153 3175 exitiale
1175 3106 1547 3193 jejunium,
1588 3108 2107 3197 praecipientes,
2147 3121 2224 3177 ut
2254 3107 2528 3177 nullum
2567 3120 2865 3177 transeat
2908 3107 3123 3187 diem,

565 3192 735 3279 quin
768 3192 1009 3264 saltem
1045 3216 1295 3264 uncem
1330 3208 1394 3264 et
1424 3195 1786 3265 dimidiam
1823 3196 2020 3285 panis
2067 3209 2299 3266 sumat
2332 3197 2400 3264 in
2454 3209 2755 3287 pastum.
2813 3201 3128 3282 Cumque

619 3282 801 3350 ravis
833 3282 1110 3352 afflictio
1135 3304 1530 3373 corporum,
1562 3284 2001 3355 afflictionem
2049 3307 2130 3354 ex
2159 3307 2346 3355 more
2376 3300 2656 3376 generet
2693 3285 3121 3365 animorum,

594 3392 771 3459 onge
819 3370 1019 3441 aliter
1062 3372 1434 3462 effulgebat
1481 3373 1549 3442 in
1601 3373 1819 3443 Clara.
1858 3374 2181 3444 servabat
2208 3375 2394 3444 enim
2429 3374 2499 3444 in
2550 3375 2742 3444 omni
2777 3396 2899 3444 sua
2936 3394 3126 3443 mor-

571 3458 945 3530 tificatione
991 3460 1227 3531 vultus
1272 3460 1548 3531 festivos
1592 3475 1660 3531 et
1691 3462 1968 3543 hilares,
2007 3476 2084 3533 ut
2118 3463 2218 3532 vel
2259 3486 2393 3533 non
2444 3463 2747 3544 sentiret,
2803 3462 2907 3531 vel
2942 3462 3128 3531 deri-

567 3547 730 3618 dere
767 3549 1116 3619 videretur
1161 3550 1521 3640 angustias
1568 3551 1984 3641 corporales.
2024 3557 2117 3621 Ex
2154 3575 2293 3640 quo
2344 3552 2609 3639 liquido
2657 3552 2863 3621 datur
2919 3551 3127 3620 intel-

568 3637 715 3727 ligi,
762 3638 957 3739 ‚quod
1003 3651 1242 3709 sancta
1290 3639 1567 3720 laetitia,
1620 3662 1801 3728 quae
1851 3640 2142 3711 interius
2189 3640 2637 3723 abundabat,
2690 3639 3128 3711 redundabat

567 3739 892 3797 exterius.

657 3818 693 3903 ξ
741 3816 889 3889 18.
945 3821 1131 3899 Quae
1178 3838 1336 3887 vero
1384 3817 1482 3886 sic
1531 3817 1603 3886 in
1652 3840 1860 3888 carne
1922 3829 2380 3909 praemortua,
2436 3818 2535 3888 sic
2585 3830 2732 3887 erat
2777 3840 2817 3887 a
2861 3818 3128 3887 mundo

569 3906 846 3997 penitus
893 3904 1144 3984 aliena,
1218 3906 1546 3976 continue
1594 3908 1812 3977 sacris
1858 3908 2290 3978 orationibus
2349 3920 2415 3977 et
2481 3906 2738 3976 divinis
2795 3906 3126 3977 laudibus

565 3995 881 4065 animum
922 3994 1325 4085 occupabat.
1386 3996 1635 4086 Longis
1684 4008 1836 4085 post
1862 3996 2396 4087 completorium
2432 3996 2767 4067 tractibus
2813 4016 2976 4065 cum
3009 4017 3124 4065 so·

569 4085 848 4155 roribus
896 4097 1068 4164 orat,
1103 4097 1170 4155 et
1219 4084 1687 4174 lacrymarum
1741 4085 2104 4175 profluvia,
2152 4086 2322 4155 dum
2384 4085 2454 4154 in
2506 4086 2658 4176 ipsa
2717 4095 3120 4174 entmpunt.

568 4172 640 4241 in
681 4174 967 4243 caeteris
994 4174 1401 4244 excitantur.
1432 4178 1802 4261 Postquam
1843 4194 2000 4244 vero
2031 4186 2337 4245 caeterae
2368 4173 2549 4244 sessa
2583 4175 2898 4244 membra
2923 4173 3125 4243 duris

570 4259 859 4331 adibant
905 4261 1203 4333 refovere
1249 4262 1627 4343 cubilibus,
1685 4264 1753 4332 in
1789 4264 2096 4333 oratione
2144 4262 2431 4353 pervigil
2481 4275 2548 4333 et
2594 4263 2851 4333 invicta
2892 4283 3127 4333 mane—

572 4350 740 4419 bat:
791 4362 872 4420 ut
916 4362 1080 4421 tunc
1133 4372 1341 4422 venas
1400 4351 1620 4422 divini
1687 4352 1982 4423 susurrii
2050 4351 2297 4422 furtive
2344 4351 2761 4441 susciperet,
2840 4350 3125 4437 qua-ndo

571 4458 779 4529 sopor
824 4452 1125 4513 caeteras
1164 4453 1589 4531 occupasset.
1643 4441 2058 4534 Saepissime
2105 4440 2192 4510 ad
2241 4440 2619 4511 orationem
2672 4451 3015 4531 prostrata
3049 4441 3118 4509 in
