3308 5004
162 345 349 413 AUG.
409 346 496 413 29
786 364 854 412 nt
900 365 1095 414 πετο
1142 365 1478 414 nncoun.
1532 366 1588 412 S.
1639 363 1866 412 somn.
1919 364 2100 412 nur.
2502 342 2630 416 7⁴7

162 453 529 535 Postquam
577 447 764 518 enim
802 449 919 519 ille
966 472 1166 520 suam
1199 472 1511 531 uxorem,
1574 462 1852 551 propter
1901 449 2379 520 vehementem
2417 471 2725 522 amorem

161 537 233 606 in
268 536 682 619 adulteram,
734 551 804 608 et
848 538 1006 609 odio
1047 538 1312 621 habuit,
1366 551 1431 609 et
1482 537 1915 629 repudiavit:
1957 559 2038 608 ea
2091 559 2228 608 non
2287 538 2517 610 ferens
2562 562 2729 610 con-

159 625 547 708 tumeliam,
589 627 775 697 venit
818 626 906 697 ad
937 632 1203 698 Aretam
1253 650 1465 698 suum
1503 640 1810 718 patrem,
1842 626 1965 715 qui
2009 639 2160 698 erat
2205 631 2347 698 Rex
2394 628 2722 710 Arabum,

160 727 238 790 ut
266 727 468 786 antea
516 716 782 786 dictum
814 729 939 799 est,
974 717 1175 803 eique
1202 730 1267 788 et
1315 716 1756 798 insolentiam
1805 730 1870 787 et
1903 715 2041 787 alia
2095 716 2332 786 omnia
2359 717 2472 808 (ut
2513 717 2725 788 semel

163 803 428 893 dicam)
470 805 811 907 exposuit,
849 818 917 875 et
964 806 1180 897 petiit,
1233 817 1312 875 ut
1356 804 1814 877 ulcisceretur
1859 827 2005 875 rem
2067 827 2245 893 quae
2297 807 2576 876 mulieri
2623 817 2730 878 est

165 892 644 965 intolerabilis.
680 893 805 963 Ille
834 909 1065 965 autem
1102 894 1359 985 (neque
1390 895 1577 965 enim
1604 896 1762 965 e‘us
1798 894 2055 976 solum,
2102 893 2221 964 sed
2259 915 2458 964 suam
2497 896 2730 985 potius

166 982 517 1073 propriam
566 983 1004 1054 existimabat
1059 982 1613 1074 contumeliam)
1707 983 1919 1055 ellum
1961 984 2342 1073 commovit
2393 984 2728 1055 adversus

166 1070 528 1142 Herodem.
581 1078 659 1141 Et
705 1095 866 1143 cum
909 1094 1051 1142 rem
1105 1086 1282 1143 recte
1330 1073 1682 1163 gessisset,
1734 1086 1800 1144 et
1840 1072 2030 1145 illius
2076 1072 2451 1143 exercitum
2491 1072 2729 1143 *valide

164 1160 564 1232 cecidisset:
629 1172 695 1231 et
740 1161 917 1232 alios
984 1161 1265 1249 quidem
1344 1162 1735 1245 occidisset,
1778 1161 1954 1233 alios
2016 1183 2173 1232 vero
2224 1159 2600 1252 redegisset
2651 1163 2724 1231 in

167 1250 608 1332 servitutem,
661 1263 727 1320 et
772 1251 1105 1341 subjectis
1154 1251 1458 1322 flammis
1506 1273 1785 1322 omnem
1833 1263 2012 1322 esset
2062 1250 2435 1341 populatus
2497 1251 2727 1343 regio-

170 1361 355 1422 nem,
394 1340 781 1409 revertitur.
829 1346 905 1410 Et
940 1362 1049 1410 res
1095 1340 1375 1428 quidem
1419 1341 1709 1411 Herodis
1746 1340 1840 1411 ita
1886 1363 1960 1410 se
2006 1341 2429 1411 habuerunt.

257 1431 296 1517 ξ
347 1432 507 1500 28.
552 1433 917 1499 ‘Caeterum
969 1429 1181 1519 hujus
1217 1428 1573 1500 adulterae
1596 1444 1664 1499 et
1691 1429 2093 1521 illegitimae
2123 1430 2361 1501 uxoris
2409 1428 2725 1512 HerodiS,

168 1516 574 1605 quomodo?
622 1523 781 1608 Ipsa
819 1518 891 1587 in
945 1517 1437 1609 longissimum
1488 1518 1771 1607 quidem
1805 1532 2081 1609 tempus
2111 1518 2322 1588 vitam
2378 1517 2722 1619 producit.

170 1612 340 1676 Cum
372 1628 571 1678 suam
621 1621 851 1677 autem
903 1606 1186 1677 vidisset
1233 1606 1448 1676 filiam
1491 1609 1741 1679 acerbo
1788 1607 1927 1679 fine
1976 1607 2281 1697 primum
2332 1622 2544 1677 vitam
2590 1619 2726 1678 ter·-

166 1695 497 1775 minasse,
551 1695 653 1765 sic
701 1696 853 1786 ipsa
917 1717 1199 1784 quoque
1248 1695 1547 1788 recedit,
1614 1697 1726 1779 iis,
1778 1718 1959 1785 quae
2005 1695 2151 1766 illic
2200 1709 2385 1778 sunt,
2439 1697 2730 1767 omnino

169 1798 436 1862 servata
485 1783 877 1876 suppliciis,
908 1798 975 1855 et
1021 1786 1328 1856 bibitura
1375 1795 1584 1856 totam
1618 1785 1878 1856 faecem
1918 1784 2296 1876 justissimi
2329 1784 2572 1855 calicis
2608 1785 2732 1874 qui

167 1886 272 1944 est
305 1874 376 1943 in
427 1895 642 1943 manu
692 1875 986 1944 Domini.
1044 1874 1216 1944 Filia
1260 1886 1495 1945 autem
1543 1875 1777 1956 illius,
1833 1880 2042 1963 qua‘m
2089 1873 2731 1963 quidemtdiximus

171 1962 461 2053 periisse
498 1975 658 2033 ante
698 1974 1011 2045 matrem,
1068 1985 1232 2033 cum
1271 1963 1357 2033 ad
1407 1964 1783 2052 quemdam
1833 1964 2065 2034 locum
2116 1962 2674 2054 proficisceretur
2701 2018 2723 2046 ,

168 2063 234 2120 et
269 2064 574 2142 ternpore
623 2051 894 2142 hyemis
940 2063 1282 2142 oporteret
1328 2074 1480 2124 earn
1531 2054 1796 2123 flumen
1837 2053 2176 2144 trajicere,
2213 2053 2544 2141 quoniam
2585 2064 2732 2123 erat
2851 2124 2856 2129 .

170 2139 394 2230 glacie
439 2155 863 2222 concretum,
907 2141 973 2211 id
1026 2141 1363 2228 transibat
1414 2141 1732 2233 pedibus.
1773 2146 1942 2213 Cum
1991 2153 2222 2212 autem
2263 2141 2545 2232 glacieS,
2592 2163 2730 2212 non

170 2229 325 2298 sine
370 2229 487 2299 Dei
536 2230 849 2330 numine,
888 2229 1176 2300 omnino
1214 2244 1393 2301 esset
1439 2230 1784 2322 disrupta,
1831 2231 1992 2320 ipsa
2038 2230 2322 2318 quidem
2375 2252 2597 2318 usque
2642 2229 2732 2300 ad

172 2331 385 2408 caput
430 2318 718 2388 defluxit
767 2319 1041 2400 misera,
1090 2332 1257 2389 tunc
1303 2341 1579 2407 quoque
1625 2319 1838 2390 veluti
1889 2318 2151 2391 saltans
2202 2317 2728 2400 laniationibuS,

171 2428 309 2476 non
348 2408 418 2476 in
470 2422 671 2489 terra,
737 2407 856 2477 sed
909 2408 981 2477 in
1014 2409 1241 2495 aquis.
1294 2413 1512 2507 Caput
1558 2430 1720 2479 vero
1765 2420 1831 2477 et
1883 2407 2104 2498 glacie
2159 2406 2619 2487 confractum,
2665 2419 2735 2478 et

172 2495 398 2567 valide
426 2510 892 2589 amputatum,
950 2497 1369 2585 relinquitur
1409 2520 1625 2599 supra
1686 2495 1871 2589 gelu,
1925 2493 2337 2567 admirabile
2387 2495 2731 2567 indicium

167 2586 289 2657 Dei
317 2585 778 2673 judiciorum,
831 2587 1064 2678 ipsum
1120 2608 1393 2675 quoque
1452 2586 1758 2657 divisum
1808 2609 1848 2655 a
1894 2585 2165 2674 reliquo
2227 2607 2536 2675 corpore,
2589 2606 2732 2655 non

168 2675 428 2776 gladiO,
483 2677 602 2749 sed
652 2675 896 2765 glacie.
953 2675 1079 2746 Sed
1132 2677 1302 2747 haec
1339 2674 1624 2763 quidem
1661 2676 1756 2745 ita
1802 2697 1876 2745 se
1907 2675 2329 2756 habuerunt,
2365 2686 2430 2744 et
2475 2673 2734 2745 infame

170 2763 348 2833 illud
398 2777 464 2834 et
497 2764 907 2835 sceleratum
943 2777 1175 2856 caput,
1214 2764 1640 2855 propositum
1673 2775 1821 2834 erat
1868 2763 2342 2854 spectaculum
2375 2763 2729 2845 omnibus,

168 2873 276 2933 ea,
314 2869 494 2938 quae
531 2852 805 2934 fecerat,
852 2853 923 2923 in
979 2853 1381 2924 memoriam
1434 2856 1765 2924 revocans
1809 2852 2338 2943 spectatoribus,
2386 2851 2734 2934 Quemad-

169 2939 464 3011 modum
512 2955 740 3012 autem
807 2941 981 3012 illud
1034 2965 1185 3011 vere
1245 2962 1566 3023 sacrum,
1620 2955 1685 3012 et
1736 2964 1990 3032 magna
2038 2941 2477 3011 contentione
2522 2963 2736 3029 quae-

170 3029 472 3099 rendum
513 3043 745 3122 caput,
802 3032 872 3102 in
918 3030 1262 3122 profundo
1295 3043 1513 3100 terrae
1543 3030 1760 3121 (sicut
1800 3032 1994 3116 prius
2027 3030 2366 3119 diximus)
2394 3052 2435 3098 a
2468 3030 2736 3100 Baccha

167 3117 297 3188 illa
342 3120 787 3203 absconsum,
816 3119 1320 3200 admirabiliter
1370 3142 1616 3190 rursus
1652 3120 1967 3202 eluxerit,
2006 3132 2073 3190 et
2101 3118 2550 3191 manifestum
2580 3141 2735 3189 eva-

171 3209 341 3278 serit
385 3207 735 3293 fidelibus,
785 3210 933 3299 jam
983 3209 1071 3278 ad
1121 3207 1621 3279 declarandum
1654 3209 1922 3280 accedit
1963 3209 2206 3279 oratio.

369 3413 382 3427 '
458 3445 562 3510 DE
610 3444 1106 3512 ΙΝνΕΝΤΙοΝΕ
1153 3444 1466 3511 cmi-Is
1514 3445 1581 3511 s,
1632 3440 1969 3543 Jomms
2014 3442 2454 3510 effusus

263 3658 302 3743 ξ
350 3657 428 3727 1.
481 3659 626 3725 Duo
667 3654 992 3739 monachi
1051 3675 1132 3725 ex
1166 3654 1440 3725 Oriente
1489 3653 1801 3746 profecti,
1853 3676 2017 3725 cum
2063 3675 2182 3726 eos
2232 3666 2486 3725 teneret
2548 3654 2735 3726 desi-

174 3744 453 3814 derium
503 3742 782 3815 fruendi
815 3757 1194 3835 conspectu
1243 3766 1599 3815 sacrorum
1652 3742 1966 3815 locorum
2001 3743 2249 3814 Christi
2299 3744 2731 3835 passionum,

173 3835 464 3904 veniunt
508 3832 959 3924 Jerosolyma.
1011 3833 1218 3904 Alteri
1265 3855 1510 3904 eorum
1560 3832 1939 3903 dormienti
1990 3854 2336 3935 apparens
2398 3833 2732 3923 Baptista,

177 3923 478 3992 ostendit
523 3922 845 4011 quisnam
882 3935 1084 4004 esset,
1120 3935 1208 4004 et,
1245 3945 1408 3993 cum
1438 3922 1524 3991 ad
1561 3922 1879 4005 Herodis,
1908 3922 2161 4010 inquit,
2196 3928 2290 3992 Re
2343 3922 2403 3994 is
2447 3922 2736 3992 domum

179 4012 502 4083 veneritis
547 4011 726 4102 (illic
773 4011 959 4080 enim
993 4024 1096 4082 est
1145 4034 1377 4081 meum
1412 4025 1624 4102 caput
1670 4012 2083 4101 conditum),
2118 4034 2159 4081 a
2206 4032 2292 4080 vo'
2339 4012 2400 4083 is
2437 4011 2737 4081 maxime

179 4101 570 4173 curandum
616 4114 743 4182 est,
796 4113 875 4171 ut
921 4100 989 4170 id
1042 4100 1325 4171 tollatis.
1379 4105 1575 4171 Mane
1622 4122 1787 4192 ergo
1818 4098 2180 4183 acceden5‚
2232 4100 2355 4188 qui
2395 4100 2733 4171 visionem

182 4187 465 4272 viderat,
507 4212 588 4261 ea
644 4190 881 4261 comiti
945 4190 1442 4261 communicat.
1508 4189 1635 4259 Ille
1683 4203 1913 4261 autem
1961 4190 2151 4278 quod
2209 4190 2432 4260 visum
2483 4189 2730 4272 fuerat,

182 4276 458 4349 inanem
508 4279 677 4350 dicit
715 4300 866 4351 esse
915 4278 1274 4361 visionem,
1312 4300 1450 4349 non
1487 4278 1868 4349 veritatem.
1912 4283 2155 4370 Ipsum
2204 4280 2392 4349 enim
2448 4278 2737 4349 fortasse

180 4368 496 4438 movebat
541 4369 623 4438 ad
694 4367 1245 4445 incredulitatem
1314 4368 1582 4438 affectio
1652 4367 2165 4439 aemulationis,
2218 4373 2314 4439 Ea
2363 4370 2624 4439 ratione
2670 4380 2737 4439 et

180 4455 667 4549 negligebatur
721 4457 908 4547 quod
981 4457 1400 4550 imperatum
1463 4456 1689 4528 suerat
1730 4512 1747 4540 ,
1800 4469 1867 4528 et
1921 4457 2007 4527 ad
2071 4456 2389 4529 effectum
2448 4458 2738 4533 minime
