3308 5004
164 347 339 413 AUG.
395 346 478 413 ⁴9
999 365 1079 413 na
1126 365 1182 413 s.
1234 364 1522 415 nanno
1566 364 1842 415 newso
2486 354 2614 421 4⁴7

161 450 528 541 imaginem
570 450 1083 521 contaminare:
1138 449 1256 522 sed
1308 450 1800 522 miserabiliter
1847 451 2198 524 hominem
2250 453 2698 546 discerpens,

163 538 330 628 fugit
360 540 446 609 ab
474 561 576 609 eo.
610 540 930 610 Protinus
962 552 1194 609 autem
1226 538 1416 609 salus
1446 555 1818 610 consecuta
1845 554 1969 621 est,
2008 555 2073 611 et
2112 542 2318 614 homo
2348 567 2586 636 sospes
2618 547 2708 616 ab

159 627 443 697 ecclesia
475 649 638 698 cum
687 628 1017 699 iratribus
1050 650 1392 718 egressuS,
1429 649 1983 719 permanensque
2014 630 2409 716 incolumis,
2450 635 2710 734 gratias

163 716 480 807 persolvit
525 719 846 800 Creatori,
899 717 1083 805 quod
1116 717 1381 788 famulo
1430 740 1555 789 suo
1597 730 1732 788 tam
1793 718 1992 788 facile
2047 717 2362 803 favendo,
2415 743 2704 811 ejusque

158 805 582 876 orationibus
627 805 1188 897 obtemperando,
1228 807 1252 876 i
1306 807 1453 876 sius
1483 806 1884 878 abstulisset
1930 809 2303 879 cruciatus.
2343 811 2704 902 InterJecto

160 892 316 963 inde
363 907 690 985 tempore,
762 895 943 965 alius
994 917 1194 966 saeva
1288 897 1598 966 aemonis
1661 895 2094 967 infestatione
2148 908 2428 970 vexatus
2476 900 2704 970 infan-

165 981 343 1054 tulus
373 983 808 1073 (Dominicus
855 984 915 1054 is
962 984 1342 1065 dicebatur,
1397 985 1584 1056 filius
1623 985 1882 1055 Urbani
1933 984 2355 1088 cujusdam),
2408 986 2493 1057 ad
2541 1011 2701 1059 eum

164 1069 396 1142 salutis
428 1076 642 1142 causa
693 1072 1069 1164 productus
1109 1087 1232 1143 est.
1287 1073 1415 1143 Diu
1461 1095 1624 1166 ergo
1679 1073 1796 1143 ille
1841 1073 2248 1145 daemonem
2303 1097 2694 1167 mcrepam,

160 1160 372 1251 coegit
420 1161 510 1231 ab
557 1160 839 1232 homine
886 1163 1090 1232 exire.

241 1251 277 1336 ξ
319 1252 402 1321 6.
456 1249 604 1320 Alio
645 1264 949 1342 tempore
978 1251 1264 1338 quidam
1300 1251 1515 1321 multa
1564 1251 1758 1342 lepra
1793 1251 2136 1342 perfusus,
2170 1252 2294 1341 qui
2343 1252 2536 1324 nulla
2564 1276 2700 1323 un·-

159 1357 361 1423 quam
410 1339 841 1409 medicorum
890 1341 1098 1429 opera
1146 1361 1218 1409 se
1266 1340 1559 1411 salutem
1625 1352 2162 1411 consecuturum
2214 1355 2557 1432 speraret,
2610 1341 2696 1412 ad

161 1426 617 1498 venerabilem
651 1429 878 1499 virum
931 1429 1381 1520 Bertulphum
1432 1429 1638 1511 venit,
1696 1451 1926 1518 osanS,
1977 1441 2057 1499 ut
2103 1430 2428 1519 precibus
2474 1431 2495 1499 i
2551 1431 2698 1501 sius

160 1527 381 1603 posset
419 1518 536 1586 Dei
588 1517 1133 1588 misericordiam
1197 1518 1515 1608 experiri.
1574 1524 1746 1588 Eum
1797 1530 1871 1588 ut
1931 1517 2242 1608 adspexit
2288 1519 2393 1588 vir
2438 1519 2488 1589 fi
2541 1519 2699 1590 ucia

159 1602 423 1692 plenuS,
478 1605 778 1676 indoluit
822 1605 1174 1676 hominem
1238 1619 1374 1676 tam
1425 1607 1616 1698 gravi
1656 1606 1906 1677 ultioni
1952 1607 2346 1695 subjacere:
2401 1607 2697 1699 impera-

156 1691 404 1779 vitque,
450 1707 531 1764 ut
577 1694 761 1785 apud
814 1696 1045 1785 ipsum
1096 1695 1314 1766 donec
1360 1708 1643 1767 curatus
1689 1708 1901 1778 esset,
1959 1708 2413 1787 permaneret.
2457 1701 2697 1785 Itaque

158 1799 348 1852 mens
406 1782 743 1854 virtutum
794 1784 1093 1867 conscia,
1145 1783 1371 1856 coelos
1440 1797 1830 1875 penetrans,
1889 1785 2037 1857 suis
2091 1786 2411 1876 precibus
2456 1786 2697 1855 condi-

158 1878 361 1940 torem
410 1873 730 1943 omnium
762 1873 1123 1944 excitavit:
1177 1885 1586 1965 peractoque
1634 1873 1940 1944 biduano
1997 1874 2287 1963 jejunio,
2341 1874 2490 1945 oleo
2544 1896 2698 1965 per-

156 1956 327 2030 fudit
372 1960 569 2052 lepra
627 1962 971 2032 obsitum:
1030 1984 1320 2050 moxque
1388 1962 1692 2032 didicere
1757 1963 2067 2033 membra
2137 1975 2288 2054 post
2353 1962 2694 2034 viscerum

157 2049 585 2134 putredinem
637 2050 859 2121 redire
907 2052 993 2120 ad
1030 2052 1415 2134 sanitatem,
1468 2052 1984 2142 pristinumque
2042 2073 2449 2154 recuperare
2494 2051 2696 2122 deco-

155 2153 317 2234 rem.
370 2143 472 2208 Ita
524 2160 823 2228 namque
853 2162 1068 2212 sanus
1116 2140 1232 2210 ille
1269 2140 1551 2210 effectus
1594 2153 1720 2223 est,
1775 2153 1851 2210 ut
1901 2162 2023 2210 nec
2054 2141 2420 2231 vestigium
2462 2140 2693 2232 leprae

157 2242 223 2291 in
261 2226 409 2315 eJus
438 2250 726 2319 corpore
758 2241 1140 2320 appareret.
1187 2231 1295 2299 Sic
1330 2230 1664 2300 nimirum
1697 2242 2105 2320 praepotens
2131 2235 2308 2301 Deus
2348 2252 2691 2320 propenso

155 2309 369 2384 favore
402 2317 786 2408 opitulatur
825 2317 1106 2387 famulis
1141 2318 1310 2401 suiS,
1342 2329 1418 2388 ut
1456 2317 1675 2389 multo
1710 2319 2037 2389 virtutum
2092 2320 2320 2407 vigore
2365 2318 2687 2399 roborati,

156 2400 409 2476 calcent
455 2407 644 2477 fluxa
690 2420 754 2478 et
802 2407 1123 2490 labentia,
1176 2429 1583 2498 semperque
1632 2407 1983 2498 suspirent
2014 2407 2100 2477 ad
2141 2406 2462 2478 coelestia
2508 2407 2636 2496 (a).

744 2778 872 2879 DE
938 2779 1023 2878 S.
1092 2778 1563 2880 MARlANO
1635 2776 2090 2881 RECLUSO

395 3039 434 3085 E
483 3038 545 3086 B.
597 3036 909 3086 Gnsscomo
955 3037 1189 3087 maon.
1242 3039 1320 3085 ult
1366 3035 1595 3085 GLomA
1641 3036 2112 3097 CONFBSSORUU,
2165 3035 2304 3085 cn.
2360 3019 2423 3085 ⁴·

652 3229 815 3291 Vita
854 3235 1139 3292 functus
1181 3248 1358 3292 anno
1399 3236 1514 3291 513
1540 3262 1619 3273 ——
1643 3230 1875 3291 Patria
1899 3233 2179 3292 incerta.

232 3454 267 3539 ξ
310 3459 387 3526 1.
442 3453 598 3525 Fuit
644 3465 873 3523 autem
923 3453 994 3521 in
1031 3451 1325 3522 termino
1369 3452 1405 3488 *
1438 3451 1787 3525 Marianus
1831 3452 2136 3534 eremita,
2189 3452 2304 3523 cui
2353 3473 2491 3523 non
2541 3466 2688 3524 erat

152 3536 311 3610 alter
362 3543 588 3624 cibus,
643 3542 779 3613 nisi
830 3562 1031 3632 poma
1076 3541 1416 3631 agrestia:
1468 3552 1534 3611 et
1577 3541 1639 3612 si
1691 3541 1755 3610 ei
1794 3540 2160 3629 aliquoties
2189 3565 2229 3612 a
2261 3541 2677 3630 quibusdam

157 3629 280 3699 mel
325 3632 630 3702 delatum
681 3630 947 3712 fuisset,
998 3643 1117 3701 aut
1165 3632 1225 3702 si
1271 3631 1418 3721 ipse
1465 3629 1764 3731 reperire
1813 3631 2143 3721 potuisset
2176 3631 2245 3700 in
2283 3630 2517 3721 sylviS,
2555 3631 2682 3703 hoc

155 3715 213 3783 ei
247 3733 384 3790 erat
416 3721 645 3792 cibus.
682 3719 810 3802 Qui
845 3741 1005 3789 cum
1043 3719 1451 3809 plerumque
1491 3719 1880 3789 visitaretur
1916 3742 1956 3788 a
1992 3719 2338 3810 plurimiS,
2379 3719 2678 3808 quodam

156 3812 447 3898 tempore
476 3833 519 3879 a
551 3808 1047 3897 quaerentibus
1081 3830 1216 3878 non
1269 3820 1530 3899 poterat
1566 3807 1887 3878 inveniri.
1930 3809 2428 3899 Investigantes
2452 3820 2678 3889 autam

155 3911 302 3989 eum
345 3898 473 3968 viri
520 3898 642 3985 qui
694 3910 1040 3977 venerant,
1092 3896 1522 3988 deprehenso
1570 3896 1856 3986 vestigio
1884 3950 1900 3979 ,
1946 3896 2360 3967 invenerunt
2414 3896 2672 3976 locum,

154 3999 220 4049 ln
264 4006 397 4070 quo
447 3987 623 4058 flexo
668 4008 850 4077 genu
918 4008 1166 4074 aquam
1216 3985 1449 4056 hausit
1494 4009 1534 4056 a
1582 3985 1831 4055 fluvio:
1903 3995 1969 4053 et
2032 3985 2278 4055 exinde
2340 3984 2683 4076 progressi

155 4074 498 4159 reperiunt
542 4097 702 4146 eum
753 4075 886 4147 sub
933 4097 1076 4146 una
1120 4074 1364 4146 arbore
1413 4074 1593 4146 malo
1642 4075 1988 4165 jacentem
2055 4085 2429 4145 mortuum.
2496 4072 2685 4143 Unde

120 4198 146 4247 N

203 4242 263 4296 (ο)
289 4251 411 4298 Quae
438 4256 707 4305 sequuntur
733 4258 849 4297 sunt
875 4257 935 4296 de
963 4253 1071 4297 alii·
1098 4255 1381 4304 qmbusdam
1407 4255 1657 4296 neblensis
1677 4250 1897 4295 coenobii
1915 4255 2170 4295 monachis.
2189 4256 2361 4296 mrum
2384 4264 2496 4295 une
2513 4255 2684 4297 Sonam

154 4297 230 4346 qui
256 4302 511 4357 Bertulpho
539 4307 730 4358 quidem
758 4309 1036 4360 supervixit.
1063 4310 1204 4358 atque
1231 4309 1346 4349 haec
1366 4317 1421 4349 co
1441 4309 1664 4349 defuncto
1684 4305 1980 4367 conscripsit.
1996 4311 2183 4350 caetera
2200 4311 2244 4351 S.
2264 4307 2459 4350 Abbati·
2478 4309 2684 4359 glorios·

158 4356 689 4459 {Qlffiuffiiggffg'
716 4365 913 4414 ejusque
942 4364 1124 4404 obitum
1153 4364 1202 4403 et
1230 4364 1396 4403 necata
1422 4361 1662 4403 mirabilia
1692 4361 1885 4404 anantio
1912 4363 2157 4411 pres-isne.
2186 4364 2507 4405 Praetuttii-am
2534 4361 2681 4413 gessit

208 4459 233 4485 ⁸
256 4461 309 4502 In
327 4466 494 4509 vicinia
512 4445 718 4519 reglonst
736 4467 1048 4512 Bitian-ioannis
1064 4466 1263 4522 (Bam-y).

309 4548 583 4610 Sul-iue-
609 4552 771 4612 Vitae
794 4552 903 4615 88.
925 4583 950 4598 -
969 4552 1096 4611 Vol.
1139 4548 1292 4611 v111.
2441 4559 2517 4616 27
