3308 5004
759 373 889 440 706
1280 388 1349 437 ιι(
1395 387 1589 441 πετο
1634 386 1977 438 nitentur.
2030 391 2087 438 s.
2137 389 2364 440 somn.
2395 335 2602 435 ’airu
2912 368 3129 435 Ans.
3171 369 3236 434 29

668 473 743 544 in
793 497 919 546 sua
965 473 1440 545 dominatione
1487 474 1795 544 retinuit.
1847 480 2128 546 Factum
2179 489 2284 546 est
2326 488 2607 554 autem,
2663 483 2740 542 ut
2787 471 2868 540 in
2928 473 3256 562 proxima

667 560 1022 636 adveniret
1049 562 1198 635 dies
1239 563 1581 652 passionis
1616 565 1939 655 martyris
1969 563 2277 654 gloriosi.
2315 561 2408 634 Ad
2501 584 2663 633 uam
2705 560 2828 630 ille
2854 560 3234 661 ,immemor

670 651 1101 743 pervasionis
1149 673 1317 724 suae
1390 665 1594 739 atque
1646 652 1991 744 injuriae,
2062 675 2271 740 quam
2324 653 2473 722 intu
2504 664 2650 721 erat
2693 649 2998 720 clericis
3033 705 3054 732 ,
3108 667 3256 719 ants

670 741 980 829 quinque
1025 740 1174 811 dies
1221 739 1720 824 solemnitatiS,
1772 741 1860 812 ad
1914 743 2143 813 vicum
2206 740 2669 811 Brivatensem
2722 738 3088 809 advenit:
3139 741 3256 826 qui

568 826 579 839 “
669 850 829 900 cum
879 831 950 900 in
1000 829 1208 901 domo
1242 830 1731 921 hospitalitatis
1775 853 1947 902 suae
1990 830 2307 901 convivio
2352 850 2512 899 cum
2563 827 2830 898 laetitia
2875 840 2951 897 et
2985 827 3237 897 exulta·

670 918 855 990 tione
921 919 1374 1009 fungeretur,
1438 920 1670 990 subito
1730 919 2207 992 coruscatione
2268 917 2494 998 facta,
2563 917 2909 987 tonitrum
2969 920 3232 987 sonuit:

668 1027 1094 1096 rursumque
1139 1008 1403 1090 iterem,
1455 1009 1694 1098 jaculo
1738 1009 1961 1100 igneo·
1992 1008 2077 1078 de
2110 1006 2323 1079 coelis
2368 1005 2604 1095 elapso
2657 1026 3072 1095 percussus
3117 1019 3232 1080 est,

668 1096 867 1168 nullo
902 1111 1128 1167 tamen
1160 1097 1248 1168 de
1285 1097 1574 1186 reliquis
1609 1113 1956 1188 pereunte.
2013 1097 2268 1168 Deinde
2315 1094 2402 1166 ad
2441 1094 2849 1184 exemplum
2889 1094 3229 1164 omnium.

668 1197 808 1257 tam
862 1208 1025 1256 uam
1064 1208 1275 1278 rogus
1324 1188 1716 1268 flammeuS,
1752 1187 2029 1266 ardens,
2069 1184 2401 1277 paulatim
2433 1183 3115 1255 consummabatur.
3163 1183 3256 1256 Ad*

669 1296 768 1363 qu
909 1275 1324 1347 miraculum
1380 1275 1727 1366 populus,
1780 1275 1903 1364 qui
1949 1275 2036 1345 ad
2103 1275 2280 1345 beati
2329 1273 2497 1345 festa
2542 1286 2987 1344 convenerat
3021 1328 3040 1355 .
3099 1273 3256 1346 ὴεεε,

671 1385 965 1435 cernens
997 1419 1014 1447 ,
1067 1387 1229 1435 cum
1278 1364 1738 1435 admiratione
1788 1365 2183 1436 metuebat:
2236 1363 2405 1434 satis
2456 1384 2543 1432 ue
2583 1361 2720 1432 'ille
2770 1361 2922 1433 suit
2954 1418 2973 1445 ,
3039 1386 3124 1433 ne
3170 1363 3256 1444 deg

669 1453 880 1523 rebus
927 1455 1147 1524 sancti
1193 1453 1458 1541 aliquid
1523 1452 1708 1524 ultra
1754 1453 2205 1546 contingeret.
2260 1457 2409 1536 Quo
2509 1473 2595 1524 ne
2651 1450 2959 1521 fortuito
3030 1455 3256 1534 actum}

670 1542 832 1699 quils
898 1555 1137 1668 putet,
1205 1556 1440 1614 cernat
1500 1542 1682 1613 inter
1745 1542 2000 1613 multos
2059 1542 2379 1614 innoxios
2443 1562 2664 1612 unum
2732 1542 3089 1613 interisse
3142 1543 3256 1636 sa}

671 1652 772 1702 cri
802 1652 1009 1722 egum
1101 1685 1118 1701 .

1535 1966 1983 2050 COMMEN
1986 1967 2314 2051 TARIU
2318 1967 2370 2048 S

972 2187 1075 2253 DE
1124 2189 1188 2255 S.
1241 2187 1697 2266 PROPHETA,
1750 2187 2344 2255 PRAECURSORE
2391 2188 2491 2252 ET
2538 2187 2959 2254 MARTYRE

1238 2428 1807 2531 -JOANNE
1920 2427 2603 2532 BAPTlS'l'A

1506 2671 1586 2720 31
1634 2672 1908 2721 sinon
1953 2673 2404 2721 unrarnnasrss

767 2870 805 2945 5
856 2869 931 2937 1.
981 2868 1316 2935 Joannem
1370 2864 1770 2956 Baptistam,
1816 2888 2148 2957 magnum
2186 2863 2359 2935 illud
2393 2863 2606 2935 decus
2654 2865 2866 2936 ot‘bis
2913 2880 3193 2938 terrarum

675 2950 1012 3034 laudare,
1075 2951 1467 3023 desiderare
1534 2953 1814 3041 quidem
1886 2954 2044 3025 licet
2111 2955 2481 3025 omnibus:
2558 2964 2633 3023 ut
2699 2976 2842 3053 pro
2909 2956 3187 3046 dignitate

673 3053 909 3112 autem
960 3041 1214 3124 laudet,
1268 3063 1471 3111 nemo
1507 3056 1723 3132 potest
1768 3043 2123 3132 consequi.
2177 3043 2343 3127 Quis
2389 3042 2574 3111 enim
2611 3040 2713 3111 illi
2766 3043 3184 3115 taudeoemn·

674 3141 851 3199 texet
897 3151 1021 3219 pro
1069 3129 1403 3222 dignitate
1436 3184 1452 3213 ,
1504 3153 1708 3219 quem
1761 3133 2088 3203 omnibus
2138 3131 2540 3203 hominibus
2595 3152 2755 3200 esse
2813 3129 3179 3223 sumt-im
3255 3208 3256 3213 Ἰ

673 3216 846 3299 dixit
892 3220 1205 3288 omniurn
1257 3217 1531 3310 opifex?
1578 3221 1917 3304 Quoniam
1968 3235 2196 3291 autem
2250 3220 2363 3290 hic
2409 3228 2510 3291 est
2559 3218 2760 3291 illius
2818 3220 3094 3299 amicus,
3133 3226 3196 3283 et

674 3303 1020 3406 perfectus
1067 3307 1391 3390 imitator,
1434 3308 1497 3379 ei
1533 3331 1808 3398 quoque
1839 3311 2125 3381 omnino
2159 3324 2431 3400 gratum
2482 3308 2714 3390 fuerit,
2779 3309 2979 3399 quod
3001 3308 3074 3381 tit
3097 3327 3202 3399 pro

672 3395 964 3485 viribus,
1019 3401 1192 3468 Sunt
1251 3419 1416 3489 ergo
1463 3420 1504 3467 a
1563 3399 1763 3470 nobis
1824 3422 1931 3471 res
1981 3399 2171 3469 illius
2232 3397 2665 3480 narrandae,
2739 3400 2986 3471 divini
3025 3403 3206 3470 Lucae

673 3484 962 3576 vestigia
995 3486 1469 3573 sequentibuS‚
1521 3488 1872 3558 undenam
1906 3502 2098 3559 ortus
2130 3487 2240 3569 sit,
2277 3500 2344 3558 et
2374 3487 2754 3574 quomod0,
2794 3503 2869 3561 et
2897 3508 3208 3581 quaenam

675 3568 883 3644 fuerit
926 3573 1085 3665 ejus
1126 3575 1443 3646 educatio
1472 3629 1490 3659 ,
1543 3590 1610 3646 et
1654 3599 1958 3665 quonam
2011 3576 2147 3647 fine
2195 3577 2369 3646 vitae
2409 3598 2581 3647 usus
2630 3574 2720 3646 sit
2773 3577 2903 3649 hic
2959 3581 3064 3650 vir
3103 3596 3212 3676 mtt-

673 3685 857 3754 gnus
901 3676 968 3734 et
1013 3662 1471 3736 admirabilis.
1527 3664 1825 3736 Dicenda
1871 3678 2035 3737 sunt
2081 3680 2337 3748 autem,
2393 3687 2526 3735 non
2578 3678 2652 3734 ut
2721 3681 3117 3739 narrentur
3154 3668 3213 3734 iis

670 3753 793 3839 qui
846 3752 1160 3823 nesciunt
1196 3752 1588 3844 (Quomodo
1639 3756 1854 3837 enim,
1910 3777 2072 3825 cum
2121 3777 2361 3826 omnes
2402 3777 2511 3825 res
2551 3754 2744 3824 illius
2798 3756 3216 3829 celebrentur

672 3841 761 3911 ab
784 3842 1212 3933 omnibus‘l),
1253 3843 1369 3913 sed
1410 3856 1484 3913 ut
1516 3843 1802 3915 omnino
1836 3844 2300 3934 percipiamus
2339 3842 2761 3934 voluptatem
2792 3845 2875 3915 in
2911 3846 3030 3918 eis
3065 3864 3214 3919 com·

673 3931 1167 4002 memorandis.
1222 3931 1331 4002 Sic
1362 3954 1520 4004 vero
1569 3932 1865 4003 habent:
3097 3928 3126 3949 “

682 4086 683 4089 ,
768 4022 806 4106 5
857 4025 946 4092 ².
999 4025 1157 4091 Tem
1212 4021 1453 4093 oribus
1514 4022 1828 4104 HerodiS‚
1877 4021 2000 4110 qui
2046 4020 2177 4093 fuit
2225 4027 2365 4092 Rex
2409 4019 2740 4109 Judaeae,
2807 4024 3214 4097 sacerdota

671 4106 842 4209 dicit
889 4107 1105 4180 fuisse
1202 4109 1430 4181 ivinus
1488 4109 1602 4182 hic
1663 4115 1930 4194 Lucas,
1984 4111 2377 4181 Zachariam
2428 4109 2713 4199 quidem
2767 4113 3132 4197 nomine.
3169 4129 3216 4179 ex

671 4218 820 4298 vice
865 4210 1094 4268 autem
1126 4198 1374 4269 Abiae:
1417 4198 1696 4288 quaein
1727 4211 1906 4271 sorte
1945 4199 2380 4270 sacerdotum
2415 4211 2650 4269 octava
2679 4213 2857 4271 erat.
2894 4202 2988 4273 Ei
3027 4216 3218 4277 aum

673 4284 888 4359 fuisse
934 4287 1140 4358 etiam
1188 4310 1496 4372 uxorem,
1546 4311 1729 4379 quae
1772 4301 1920 4361 orta
1966 4288 2252 4378 quidem
2297 4301 2444 4360 erat
2486 4310 2570 4358 ex
2618 4286 2910 4362 filiabus
2971 4296 3216 4367 Aaron.

684 4440 687 4443 ’
730 4448 758 4476 *
786 4449 1002 4510 Reliquis
1030 4450 1180 4490 adhuc
1209 4452 1377 4491 multis
1406 4449 1454 4492 in
1482 4452 1758 4504 hujusmodi
1787 4451 2076 4497 mirabilium
2105 4450 2380 4504 produxiori
2398 4449 2523 4494 serie
2542 4453 2592 4494 te
2610 4450 2816 4503 mutina.
2831 4454 3218 4506 memmae&

677 4509 774 4548 non
791 4506 1162 4552 permittendum
1181 4506 1464 4548 commmun-
