3308 5004
188 326 380 395 AUG.
435 328 478 393 9
867 339 950 391 m:
997 342 1091 392 SS.
1143 343 1259 391 uu.
1313 341 1708 394 sacunmano
1754 344 1832 392 m·
1878 342 2078 393 socns
2525 325 2659 394 225

196 425 368 514 quid
416 425 730 497 facturus
779 445 975 495 sum:
1027 423 1149 512 qui
1197 435 1335 494 tam
1389 425 1642 495 multos
1691 437 1969 496 sanctos
2016 425 2445 508 excruciavi,
2497 438 2576 496 ut
2621 431 2748 497 Va·-

194 514 461 598 leriano
506 514 984 606 gratificarer?
1031 536 1069 580 »
1122 513 1453 583 verianus
1500 513 1713 584 dixit:
1768 534 1805 580 a
1857 514 2165 584 Forsitan
2213 537 2342 607 ego
2376 536 2617 587 amens
2651 516 2752 588 ef-

192 603 419 675 fectus
466 626 650 686 sum,
685 602 808 690 qui
842 601 1063 682 aliter,
1110 614 1315 689 atque
1349 602 1709 684 hactenuS‚
1747 602 1995 673 docere
2028 603 2295 673 videam
2340 605 2753 696 magistrum

192 704 263 762 et
308 692 616 762 amicum
671 691 1095 783 principum.
1150 690 1278 760 Sed
1329 712 1438 768 ne,
1495 712 1775 779 quaeso,
1829 691 2060 762 isthuc
2095 692 2385 782 prodere
2416 693 2484 762 in
2520 693 2756 784 publi-

190 803 358 852 cum
406 781 654 863 velitiS,
706 778 1270 868 quandoquidem
1324 779 1543 869 hujus
1589 780 1947 851 doctrinae
1995 780 2422 872 professores
2455 803 2574 852 vos
2652 803 2758 852 er-

195 869 416 941 secuti
462 871 651 940 estiS.
708 891 746 937 »
797 868 1278 940 Secundianus
1325 868 1459 938 ait:
1513 892 1551 936 «
1600 869 1843 940 Audite
1891 889 2024 950 me,
2064 881 2132 939 et
2164 870 2535 940 credamus
2567 875 2614 942 C
2667 871 2761 940 ri-

198 971 382 1029 stum
431 964 672 1030 Jesum
722 979 872 1027 esse
920 962 1160 1037 Deum,
1215 957 1423 1044 idque
1472 956 1573 1028 vel
1623 980 1862 1030 eorum
1900 957 2237 1049 exemplis
2274 959 2591 1050 permoti,
2637 960 2761 1047 qui

194 1068 419 1134 usque
466 1047 638 1118 adeo
686 1046 981 1137 cupiunt
1025 1045 1245 1134 hujus
1295 1047 1471 1117 vitae
1508 1047 1858 1138 jacturam
1926 1045 2148 1117 facere
2182 1101 2197 1129 ,
2267 1060 2345 1117 ut
2405 1060 2755 1118 aeternam

200 1135 583 1206 lucrentur.
629 1158 668 1204 »
718 1135 1050 1204 Verianus
1099 1135 1494 1224 respondit:
1549 1158 1584 1202 «
1638 1136 1708 1206 Si
1747 1150 1851 1207 est
1890 1134 2156 1223 aliquid
2192 1149 2576 1218 aeternum,
2631 1157 2758 1228 par

196 1237 305 1295 est
334 1224 507 1294 illud
553 1246 679 1295 nos
712 1224 1085 1312 inquirere.
1125 1246 1161 1291 »
1197 1223 1678 1295 Secundianus
1711 1224 1920 1295 dixit:
1969 1248 2005 1292 «
2049 1230 2190 1317 Ego
2230 1224 2324 1307 id,
2366 1224 2534 1294 dum
2571 1225 2755 1296 mul-

201 1326 428 1384 torum
461 1312 682 1384 fundo
713 1313 1150 1403 sanguinem,
1204 1314 1519 1404 cognovi.
1563 1336 1599 1381 »

288 1403 327 1489 ς
372 1407 459 1475 4.
515 1401 762 1473 Eadem
814 1400 986 1471 hora
1034 1402 1375 1472 miserunt
1421 1401 1507 1472 ad
1558 1402 1991 1473 Timotheum
2026 1404 2232 1494 presb
2285 1414 2507 1474 terum
2543 1401 2630 1473 de
2667 1402 2753 1472 ti·-

204 1490 350 1561 tulo
397 1491 696 1562 Pastoris
723 1490 780 1558 *-
833 1495 1005 1560 Eum
1056 1490 1144 1560 ad
1193 1491 1383 1580 ipsos
1416 1492 1786 1562 intrantem
1820 1491 2164 1562 salutant:
2205 1494 2222 1562 i
2261 1491 2320 1561 le
2355 1491 2748 1582 respondet,

200 1584 337 1649 Pax
383 1580 617 1650 vobis:
670 1601 958 1670 sperans
1006 1578 1091 1649 ad
1145 1581 1459 1670 martyrii
1505 1594 1849 1651 certamen
1902 1581 2288 1651 ineundum
2337 1580 2750 1651 accersitum

200 1690 276 1738 se
322 1690 496 1739 esse.
549 1673 627 1738 At
672 1689 830 1738 vero
879 1668 1360 1739 Secundianus
1407 1668 1930 1760 quamprimum
1980 1691 2055 1740 se
2100 1669 2354 1760 abjecit
2401 1669 2486 1738 ad
2548 1667 2755 1760 pedes

201 1757 400 1847 ejuS,
455 1759 549 1828 ita
597 1756 876 1828 dicens:
931 1780 968 1824 «
1021 1761 1151 1828 Oro
1199 1771 1263 1828 te
1334 1780 1457 1848 per
1518 1757 1865 1828 Christum
1939 1780 2144 1846 quem
2201 1758 2608 1850 praedicas,
2673 1779 2760 1828 ne

205 1844 381 1915 mihi
432 1868 661 1917 moras
710 1858 968 1927 nectas,
1020 1846 1139 1915 sed
1192 1848 1495 1948 baptizes
1546 1868 1654 1916 me
1708 1847 1775 1916 in
1812 1848 1964 1917 e'us
2005 1847 2307 1918 nomine.
2352 1846 2609 1917 »Idem
2645 1869 2758 1918 ro-

205 1947 461 2025 garunt
506 1933 990 2005 marcellianus
1036 1940 1504 2006 etverianuS.
1559 1940 1800 2023 Itaque
1897 1948 2094 2007 eatus
2134 1935 2531 2007 Timotheus
2594 1955 2752 2006 cum

200 2022 546 2093 catechesi
595 2023 1073 2106 instruxisset,
1127 2023 1498 2115 baptizavit
1543 2046 1698 2097 eos:
1752 2025 2156 2113 accitusque
2219 2025 2461 2095 beatus
2528 2024 2757 2096 Sixtus

204 2111 588 2203 Episcopus
632 2112 761 2203 (a),
813 2114 1246 2201 consignavit
1292 2135 1432 2184 eos.
1491 2115 1587 2185 Ab
1635 2135 1716 2184 ea
1762 2125 1995 2185 autem
2044 2113 2155 2184 die
2202 2135 2490 2205 coepero
2536 2112 2758 2184 sacul—

204 2212 374 2270 tates
424 2223 588 2270 suas
632 2223 915 2293 erogare
964 2203 1033 2270 in
1087 2223 1449 2293 pauperes.
1504 2208 1713 2273 Porro
1755 2215 1909 2293 post
1944 2225 2216 2274 menses
2250 2202 2428 2273 duos
2456 2202 2756 2273 Valeria-

205 2311 338 2359 nus
369 2290 755 2380 praefectus
783 2290 868 2360 de
899 2290 1332 2362 Secundiano
1363 2292 1745 2379 inquisivit,
1777 2313 1980 2379 quem
2010 2292 2346 2361 didicerat
2371 2291 2755 2361 Christiana

206 2377 540 2468 religione
586 2379 960 2461 initiatum,
1012 2391 1079 2449 et
1124 2402 1284 2449 cum
1321 2379 1441 2450 illo
1483 2381 1696 2452 simul
1732 2380 2252 2450 Marcellianum
2290 2392 2357 2449 et
2385 2380 2753 2449 Verianum

208 2467 680 2540 scholasticos,
734 2468 838 2539 Ait
884 2479 1111 2540 autem
1147 2468 1592 2540 Valerianus:
1630 2492 1667 2537 «
1704 2468 2034 2559 Equidem
2070 2468 2585 2540 secundianum
2671 2490 2756 2538 u-

208 2557 339 2626 tavi
387 2570 815 2628 constantem
864 2557 1040 2629 fore:
1094 2558 1211 2628 sed
1262 2559 1321 2629 si
1370 2580 1528 2629 vera
1575 2571 1764 2639 sunt,
1817 2580 1994 2646 quae
2033 2557 2267 2640 audi0,
2315 2570 2498 2627 certe
2538 2559 2629 2625 im
2686 2579 2758 2627 e-

206 2645 413 2717 cillus
462 2657 586 2719 est.
649 2671 675 2710 n
730 2647 1021 2737 Scripsit
1080 2668 1239 2717 vero
1303 2646 1389 2717 ad
1453 2670 1609 2717 eum
1678 2660 2008 2735 tanquam
2081 2646 2432 2717 amicitiae
2496 2650 2753 2729 causa,

204 2733 565 2824 epistolam
617 2735 995 2826 ejusmodi:
1050 2757 1086 2802 «
1139 2737 1356 2805 Fratri
1387 2735 1823 2807 Secundiano
1856 2748 2084 2827 togato
2115 2735 2525 2805 Valerianus
2565 2753 2764 2827 prae-

203 2822 461 2893 fectus:
513 2828 605 2894 De
652 2824 957 2893 amicitia
1007 2836 1241 2896 nostra
1288 2824 1644 2907 solicituS,
1698 2824 1880 2913 quod
1999 2835 2222 2895 raeter
2284 2846 2551 2895 morem
2621 2844 2760 2894 non

203 2911 367 2982 ades
415 2912 724 2983 consiliis
771 2913 1070 2994 nostris,
1125 2913 1419 2984 multum
1472 2914 1799 2984 admiror.
1856 2918 1938 2984 Se
2032 2934 2334 3002 quaes0,
2388 2925 2463 2982 ut
2515 2913 2754 2983 venias

206 3000 293 3070 ad
341 3021 503 3083 nos;
555 3012 719 3071 sunt
764 3001 993 3084 enim,
1045 3024 1222 3089 quae
1270 3014 1496 3073 tecum
1545 3002 1630 3072 de
1680 3002 2037 3091 republica
2087 3014 2380 3072 tractare
2435 3002 2758 3072 velimuS.

210 3094 470 3159 Mature
515 3089 622 3160 sac
669 3089 755 3159 ad
807 3112 933 3161 nos
981 3090 1365 3162 accedas.»
1413 3097 1605 3162 Hanc
1654 3091 2020 3182 epistolam
2081 3091 2204 3161 ubi
2267 3092 2329 3160 le
2384 3091 2434 3160 it
2504 3096 2761 3162 Secun-

212 3177 507 3261 dianuS,
557 3178 731 3249 dixit
775 3178 859 3249 ad
914 3177 1428 3250 Marcellianum
1473 3193 1540 3250 et
1587 3181 1994 3250 Verianum:
2050 3202 2087 3246 «
2137 3179 2280 3249 Viri
2360 3192 2620 3261 ratres,
2676 3200 2761 3249 en

215 3279 487 3369 tempus
536 3280 846 3339 nostrum
898 3267 1113 3338 adest.
1164 3269 1626 3359 Accingamus
1677 3292 1802 3341 nos
1849 3269 1936 3340 ad
1987 3268 2288 3339 bellum:
2334 3269 2482 3358 ‚iam
2547 3268 2763 3340 armis

210 3354 371 3426 fidei
418 3356 856 3437 communiti,
913 3378 1254 3447 ponamus
1303 3370 1562 3428 metum
1614 3380 1915 3429 omnem.
1963 3363 2101 3450 Ego
2137 3358 2325 3429 solus
2361 3358 2474 3428 ibo
2516 3356 2601 3427 ad
2636 3362 2763 3426 Va-

214 3442 580 3515 lerianum.
627 3468 663 3513 »
713 3445 1243 3536 Responderunt
1290 3446 1426 3516 illi:
1481 3469 1517 3513 «
1570 3452 1645 3516 Et
1687 3469 1811 3518 nos
1843 3459 2068 3518 tecum
2106 3447 2388 3530 ibimuS,
2423 3445 2752 3534 quicquid

214 3534 492 3603 tandem
532 3547 938 3605 eventurum
975 3535 1063 3605 sit
1093 3536 1317 3605 nobis.
1360 3558 1397 3602 »

300 3627 337 3710 ξ
380 3628 473 3695 ὅ.
529 3628 807 3694 Iverunt
852 3623 1068 3713 igitur
1111 3623 1424 3694 diluculo
1472 3646 1713 3694 omnes
1762 3635 1899 3694 tres
1944 3624 2209 3712 absque
2263 3644 2455 3693 mora
2503 3621 2587 3692 ad
2641 3626 2762 3693 Sa-

209 3710 405 3782 lustii
455 3712 817 3802 palatium,
869 3712 989 3782 ubi
1040 3725 1186 3782 tum
1235 3712 1640 3783 Valerianus
1674 3726 1818 3782 erat
1855 3734 2018 3783 cum
2054 3713 2281 3783 Decio.
2318 3712 2608 3783 Sedente
2637 3733 2762 3782 au-

210 3813 345 3869 tem
394 3801 754 3871 Valeriano
802 3801 870 3870 in
922 3800 1211 3871 basilica
1255 3801 1573 3892 Asclepii,
1630 3823 1792 3871 cum
1841 3802 1928 3871 ad
1977 3802 2471 3872 eum-intraret
2503 3806 2763 3871 Secun-

208 3889 513 3970 dianus,
574 3892 805 3961 subito
876 3902 1181 3960 mutatus
1244 3903 1348 3961 est
1413 3890 1645 3960 vultus
1711 3890 1906 3977 eju8‚
1975 3902 2056 3960 ut
2125 3890 2337 3980 plane
2405 3888 2762 3979 angelicus

212 3976 581 4050 videretur.
634 3978 739 4050 Ait
784 4000 943 4049 vero
990 3979 1075 4049 ad
1125 4000 1286 4049 eum
1334 3978 1779 4050 Valerianus:
1834 4001 1871 4046 «
1905 3977 2022 4048 Vir
2058 3978 2651 4066 eloquentissime,
2698 3987 2767 4048 et

215 4067 466 4138 artium
516 4069 832 4139 omnium
881 4068 1342 4159 peritissime,
1401 4068 1834 4139 Secundiane
1864 4122 1880 4150 ,
1931 4067 2272 4155 quidnam
2325 4079 2428 4136 est
2485 4065 2759 4149 isthuc,

276 4191 301 4217 ·
328 4193 597 4236 Timotheus
626 4192 703 4235 hio
731 4196 783 4235 de
803 4195 926 4235 mido
951 4195 1164 4241 Pusione,
1184 4194 1405 4244 acceptus
1429 4194 1617 4235 videtur
1640 4204 1698 4236 ex
1724 4194 1852 4234 Actis
1872 4193 1953 4234 SS.
1975 4194 2105 4243 virg.
2127 4190 2448 4233 pudentianae
2467 4193 2515 4232 ot
2539 4189 2765 4233 Pmedis

221 4254 308 4293 per
325 4248 727 4290 anochi-ommam
759 4249 933 4299 integri
959 4246 1154 4294 saeculi,
1169 4258 1279 4289 cum
1296 4249 1374 4288 htc
1388 4249 1641 4297 Presbyter
1657 4248 1747 4289 sub
1767 4249 1809 4289 8.
1829 4246 1912 4289 Pio
1930 4249 2012 4298 Pp.
2033 4249 2055 4289 1
2083 4245 2312 4288 floruerit.
2336 4247 2455 4288 Vide
2475 4246 2762 4288 Mmrrnox..

218 4299 436 4340 lamma.
454 4302 578 4348 δυο..
597 4313 641 4351 p.
658 4302 749 4347 55⁷.
766 4303 824 4342 de
852 4302 896 4342 Β,
924 4302 1119 4342 Novato.
1424 4342 1433 4355 ,

274 4351 338 4404 (a)
365 4354 411 4393 st
426 4357 578 4396 actam
595 4356 855 4405 imperante
876 4352 1016 4396 Decio
1044 4365 1145 4396 rem
1163 4354 1417 4404 credimus,
1437 4353 1525 4394 sub
1544 4353 1587 4394 8.
1609 4354 1818 4396 Fabiano
1836 4353 1914 4394 vel
1939 4353 1986 4394 8.
2007 4350 2224 4394 Cornelio
2251 4349 2554 4394 Pontificibus
2575 4349 2680 4392 fuit.
2704 4353 2763 4393 At

213 4405 399 4501 gixtum
427 4410 508 4459 Pp.
542 4410 621 4456 211)
650 4408 702 4502 sii
719 4406 1027 4455 admittimus,
1044 4410 1135 4450 sub
1154 4405 1402 4449 Valeriano
1423 4410 1469 4449 et
1492 4405 1707 4450 Gallieno
1727 4410 1972 4456 martyres.
1991 4409 2140 4449 nostri
2167 4408 2371 4459 ponendi
2392 4407 2518 4447 sunt.
2546 4406 2763 4447 Probabl-

255 4470 311 4501 οι·
328 4463 481 4511 prims
494 4463 685 4504 sentent
706 4473 747 4503 a.

335 4547 581 4604 surius
611 4575 633 4588 -
671 4542 834 4604 Vitae
874 4538 979 4603 SS.
1008 4574 1030 4586 ·
1052 4540 1183 4603 Vol.
1210 4541 1391 4604 VIII.
2448 4540 2521 4602 15
