3308 5004
150 364 339 431 AUG.
394 367 479 432 25
971 386 1051 436 nx
1097 375 1154 432 a.
1208 384 1593 434 nunasunnn
1641 384 1898 435 vutemss
2487 371 2616 438 623

148 463 265 534 sed
316 465 439 554 qui
492 465 1020 556 perseveraverit
1048 487 1272 553 usque
1317 466 1676 549 iwfinem,
1722 465 1921 536 illum
1958 466 2225 537 salvum
2279 468 2445 539 fore.
2495 475 2708 558 Atque

148 553 218 624 in
261 553 389 624 hac
420 567 658 623 sancta
687 555 905 625 animi
934 554 1377 626 meditatione
1408 567 1472 625 et
1497 554 1738 625 devota
1773 555 1933 625 fidei
1974 557 2369 646 operatione
2404 559 2708 630 moriens

146 642 435 725 mund0‚
474 655 539 714 et
578 644 813 715 vivens
844 644 1133 724 Christo,
1180 656 1397 715 totum
1431 645 1606 715 vitae
1645 665 1812 714 suae
1854 659 2125 734 tempus
2156 645 2435 718 duxisse
2461 646 2701 729 fertur,

144 752 284 801 non
319 754 477 802 raro
531 731 707 803 illud
756 754 917 803 cum
975 731 1339 804 Psalmista
1386 732 1667 803 dicens:
1722 738 1871 804 Heu
1925 734 2119 814 milti,
2172 736 2338 825 quia
2375 738 2708 807 incolatus

143 842 328 891 meus
352 825 796 912 prolonqatus
826 832 966 891 esc.-
1001 835 1204 910 atque
1243 820 1418 892 illud
1472 845 1634 892 cum
1687 821 2042 913 Apostolo:
2108 825 2316 914 Cupio
2371 825 2698 907 dissolvi,

147 920 208 980 et
240 932 378 980 esse
423 934 576 981 cum
613 911 993 981 omisca...
1039 915 1182 980 Non
1256 910 1476 981 defuit
1522 923 1753 981 autem
1812 911 2070 981 sanctis
2133 910 2288 999 ejus
2336 911 2706 985 desideriis

148 1020 448 1089 superna
499 1000 738 1090 pietas,
784 999 901 1070 sed
946 998 1413 1090 longanimem
1448 999 1600 1087 ejus
1652 1000 2276 1100 peregrinationem
2311 1003 2699 1085 attendenS,

145 1085 313 1156 dum
359 1089 662 1176 quodam
698 1088 812 1158 die
859 1101 1085 1158 oraret
1137 1088 1835 1169 extensis·man1bu8,
1896 1109 2016 1158 cor
2066 1089 2209 1159 oris
2265 1091 2543 1182 magnis
2591 1113 2705 1160 ar-

142 1174 432 1247 doribus
463 1190 528 1248 et
577 1177 910 1249 molestiis
961 1199 1113 1247 eam
1163 1175 1348 1246 affici
1396 1177 1734 1267 permisit.
1794 1181 1939 1248 Non
2039 1191 2274 1248 eerant
2320 1192 2549 1250 autem
2600 1180 2706 1249 illi

142 1264 388 1335 solatia
419 1265 832 1357 Angelorum
873 1278 938 1336 et
969 1276 1365 1337 sanctorum
1397 1267 1712 1337 omnium
1756 1266 2113 1355 suffragia,
2157 1289 2335 1354 quae
2367 1269 2571 1340 etiam
2628 1270 2695 1338 in

141 1351 264 1423 illa
291 1355 542 1425 afflicta
590 1353 980 1425 valetudine
1014 1354 1389 1445 implorare
1439 1377 1573 1424 non
1617 1357 1951 1426 cessabat.
2008 1356 2305 1427 Aderant
2359 1370 2587 1427 autem
2640 1359 2703 1427 ei

138 1444 504 1531 utriusque
533 1465 735 1515 sexus
785 1442 1110 1534 permulti
1153 1443 1417 1514 Christo
1466 1445 1862 1524 servientes,
1896 1445 2133 1531 quiex
2168 1445 2416 1516 vicinis
2454 1458 2519 1516 et
2553 1447 2704 1517 lon-

139 1532 424 1622 ginquis
472 1532 642 1602 locis
688 1531 775 1602 ad
828 1544 1053 1603 tantae
1089 1533 1327 1603 matris
1374 1545 1441 1603 et
1488 1533 1777 1624 virginis
1810 1532 2172 1604 decessum
2206 1550 2697 1617 convenerant,

139 1621 359 1691 multo
389 1621 624 1692 dolore
670 1634 736 1690 et
769 1621 963 1691 luctu
1008 1621 1349 1711 occupati,
1388 1621 1574 1710 quod
1627 1643 1700 1693 se
1748 1633 1937 1692 tanto
1972 1622 2217 1693 solatio
2267 1624 2546 1694 destitui
2600 1626 2700 1693 vi-

139 1707 423 1779 derent:
470 1710 738 1780 tametsi
767 1731 901 1779 non
927 1710 1380 1800 ambigerent,
1418 1711 1571 1800 ejus
1603 1711 1934 1802 suffragia
1964 1711 2031 1779 in
2063 1712 2274 1781 coelis
2310 1734 2698 1801 numquam

139 1798 274 1869 sibi
314 1797 658 1869 defutura.
714 1804 790 1868 At
838 1798 957 1868 illa
994 1821 1324 1868 conversa
1373 1800 1457 1869 ad
1528 1821 1644 1868 eos
1709 1802 1830 1887 qui
1878 1799 2025 1869 illic
2058 1801 2481 1880 assidebant,
2544 1823 2702 1891 pre-

138 1888 477 1978 sbyterOS,
531 1909 762 1957 sacrae
800 1887 1155 1958 Unctionis
1202 1887 1432 1958 oleum
1468 1901 1533 1958 et
1581 1889 2088 1960 Eucharistiam
2140 1890 2275 1959 sibi
2327 1891 2518 1980 petiit
2569 1891 2701 1959 mi-

140 1975 447 2047 nistrari.
483 1974 783 2046 Tandem
838 1976 1172 2046 Dominici
1208 1977 1518 2067 corporis
1556 1990 1622 2046 et
1663 1978 2031 2069 sanguinis
2068 1995 2269 2068 perce
2324 1992 2388 2048 to
2424 1980 2695 2060 viatico,

139 2086 336 2135 roseo
370 2062 562 2134 vultu
593 2077 656 2135 et
707 2065 880 2134 facie
939 2064 1227 2146 decora,
1286 2066 1487 2152 jubet
1556 2067 2090 2136 circumstantes
2142 2089 2261 2155 psa
2301 2090 2447 2137 mos
2497 2069 2699 2138 Davi-

139 2153 336 2222 dicos
383 2175 737 2244 promere:
793 2165 997 2240 atque
1052 2175 1134 2223 ex
1160 2154 1410 2225 ·cilicio
1459 2166 1525 2224 et
1569 2156 1801 2224 cinere
1859 2168 2071 2246 caput
2120 2156 2431 2245 erigens,
2521 2158 2700 2226 inter

139 2256 405 2312 caetera
434 2241 739 2313 dicebat:
772 2242 1028 2312 Adsum
1063 2264 1188 2333 ego
1231 2244 1491 2312 Christe
1525 2243 1783 2313 ancilla
1815 2256 1955 2313 tua:
1996 2244 2172 2323 veni,
2212 2246 2522 2325 obsecro,
2561 2251 2698 2315 Rex

136 2330 473 2488 piissime,
517 2343 583 2401 et
632 2354 741 2402 me
789 2330 1087 2420 benigne
1126 2332 1426 2422 suscipe.
1467 2338 1777 2419 Cumque
1832 2333 1900 2401 in
1945 2333 2350 2420 hujusmodi
2403 2355 2560 2402 voce
2609 2335 2696 2402 ab

190 2441 305 2489 ora
339 2420 556 2489 noctis
592 2419 817 2489 media
849 2420 1164 2507 usquein
1201 2421 1470 2490 tertiam
1511 2420 1650 2489 diei
1686 2421 1924 2490 horam
1944 2421 2378 2580 (persisteret,
2418 2435 2697 2512 repente
2755 2437 2760 2440 ·

134 2531 295 2579 cum
337 2509 680 2579 immenso
729 2508 995 2580 lumine
1033 2509 1202 2580 odor
1250 2511 1712 2580 suavissimus
1755 2509 1896 2580 illic
1996 2510 2246 2581 iffusus
2291 2525 2422 2598 est,
2479 2512 2572 2580 ita
2620 2526 2700 2581 ut

136 2619 302 2687 prae
349 2596 717 2688 splendore
759 2597 865 2666 vix
906 2610 1208 2689 possent,
1252 2600 1373 2686 qui
1426 2598 1569 2669 illic
1618 2599 1928 2680 aderant,
1989 2599 2282 2688 pedibus
2331 2600 2479 2668 suis
2527 2623 2695 2670 con—

137 2687 402 2767 sistere,
456 2687 775 2774 quamvis
801 2685 1034 2758 odoris
1075 2688 1266 2758 illius
1301 2688 1479 2757 mira
1516 2688 1894 2777 fragrantia
1923 2689 2288 2758 corrobora
2326 2689 2370 2757 i.
2408 2690 2693 2769 Interim

131 2774 255 2845 illa
304 2787 543 2845 sancta
579 2775 814 2845 anima
853 2782 894 2844 8
953 2776 1288 2846 calendas
1339 2777 1760 2866 Septembris
1803 2777 2123 2867 migravit
2160 2777 2246 2846 ad
2344 2779 2688 2847 ominum.

221 2866 259 2950 ὃ
303 2868 451 2935 18.
506 2868 674 2933 Cum
709 2876 941 2936 autem
982 2866 1103 2934 diu
1153 2887 1427 2935 sacrum
1454 2888 1725 2954 corpus
1759 2866 1913 2956 ejus
1936 2866 2070 2937 sub
2113 2880 2288 2935 terra
2331 2866 2694 2937 conditum

118 2953 482 3043 jacuisset,
519 2954 857 3041 quaedam
927 2953 1535 3033 sanctimonialis,2
1574 2959 1770 3025 Berta
1835 2956 2138 3034 nomine,
2212 2955 2424 3024 mirae
2483 2956 2695 3026 absti-

128 3042 429 3121 nentiae,
486 3042 744 3113 multae
793 3043 1198 3134 patientiae,
1261 3044 1688 3133 paupertatis
1741 3042 1935 3113 valde
1982 3043 2339 3124 studiosa,
2399 3045 2696 3114 eximiae

128 3130 571 3211 humilitatis,
653 3132 1166 3202 misericordiae
1213 3131 1542 3222 operibus
1615 3131 1872 3213 dedita,
1940 3133 2278 3224 jejuniis,
2335 3132 2595 3223 vigiliis
2629 3148 2695 3204 et

128 3219 456 3309 precibus
516 3221 821 3299 intenta,
877 3242 957 3290 ex
1004 3220 1241 3289 divina.
1317 3221 1728 3291 revelatione
1784 3220 2013 3291 locum
2074 3221 2473 3312 sepulturae
2532 3223 2690 3313 ejus

88 3309 448 3399 -cognovit
494 3330 677 3377 anno
715 3309 961 3381 salutis
997 3309 1595 3400 noningentesimo
1642 3310 2392 3401 quadragesimosexm.
2465 3313 2692 3381 Ludo-

128 3398 278 3467 vico
313 3410 664 3488 regnante.
718 3404 1024 3487 Cumque
1066 3399 1407 3468 immenso
1458 3399 1700 3469 affecta
1747 3400 2027 3490 gaudi0,
2090 3412 2356 3470 tantum
2409 3400 2691 3472 thesau-

127 3509 284 3556 rum
338 3487 569 3557 subito
597 3486 861 3572 elevare
894 3487 1116 3567 vellet,
1173 3488 1605 3558 venerandus
1659 3489 2011 3580 presbyter
2050 3491 2234 3569 Gis0,
2289 3502 2689 3560 sanctorum

126 3575 502 3665 pignorum
551 3576 861 3659 Quintini
895 3588 961 3646 et
998 3578 1314 3646 Victorlci
1377 3589 1764 3667 martyrum
1812 3590 2044 3648 custos
2080 3633 2095 3659 ,
2149 3600 2318 3649 casu
2370 3601 2691 3668 superve-

129 3665 350 3745 niens,
404 3686 555 3735 eam
604 3665 1016 3755 objurgavit,
1061 3665 1302 3736 dicens
1336 3666 1439 3735 fas
1472 3688 1608 3736 non
1658 3688 1832 3748 esse,
1889 3669 2039 3739 sine
2078 3667 2483 3737 auctoritate
2531 3668 2691 3756 Epi-

125 3755 317 3843 scopi
398 3776 673 3825 sacrum
753 3776 1006 3845 corpus
1072 3755 1302 3825 levari.
1372 3761 1474 3826 Ita
1519 3755 1604 3825 ad
1657 3755 1806 3825 dies
1861 3756 2325 3846 trigintaduos
2389 3756 2688 3825 intactus

124 3842 381 3913 mansit
436 3841 910 3944 sarcophagus
948 3844 1091 3929 jam
1142 3856 1444 3935 apertus,
1500 3844 1687 3934 apud
1736 3867 1944 3933 quem
1996 3846 2117 3915 diu
2169 3858 2517 3933 noctuque
2582 3867 2687 3915 sa-

123 3930 279 4000 crise
311 3931 567 4021 vigiliis
634 3933 1157 4014 incumbenteS,
1211 3933 1530 4024 Episcopi
1580 3933 1949 4003 adventum
2001 3934 2460 4004 sustinebant.
2533 3937 2683 4015 Quo

126 4019 345 4108 spatio
381 4020 597 4090 multa
631 4018 773 4091 illic
823 4021 1157 4093 divinitus
1183 4035 1347 4093 sunt
1392 4021 1739 4092 declarata
1789 4024 2151 4103 miracula,
2191 4035 2397 4110 atque
2439 4023 2686 4112 ingens

124 4105 453 4207 splendor
491 4122 819 4201 perpetuo
865 4111 951 4180 ad
1002 4133 1276 4180 sacrum
1311 4132 1567 4202 corpus
1604 4112 2005 4202 permansit,
2061 4112 2155 4182 ita
2203 4124 2278 4180 ut
2326 4134 2366 4179 a
2409 4124 2683 4199 pectore

123 4196 415 4295 virginis
445 4211 511 4268 et
556 4221 864 4280 sursum,
925 4222 1048 4289 pro
1094 4200 1419 4269 sordibus
1501 4200 1757 4270 ulveris
1797 4201 2084 4270 nitentia
2119 4199 2504 4269 relucerent
2545 4199 2677 4267 sra-

120 4306 362 4375 gmtna
426 4288 984 4377 margaritarum,
1047 4301 1112 4357 et
1168 4288 1425 4375 quibus
1478 4311 1590 4357 am
1671 4288 2082 4361 clarissimis
2151 4289 2681 4377 erumpentibus

120 4373 470 4457 scintillis,
495 4376 1032 4468 adspicientium
1060 4379 1661 4448 reverberarentur
1693 4378 1998 4449 obtutus.
2035 4385 2246 4448 Tanta
2291 4380 2493 4447 etiam
2551 4379 2682 4447 ibi-

117 4461 282 4533 dem
343 4465 764 4537 sentiebatur
810 4467 1042 4538 odoris
1097 4466 1519 4558 fragrantia,
1588 4480 1664 4536 ut
1711 4468 2022 4537 omnium
2095 4489 2293 4536 nares
2342 4466 2676 4537 ineffabili
