3308 5004
586 301 724 373 *248
1050 318 1131 370 a:
1177 319 1234 370 s.
1288 316 1579 371 mmm
1626 318 1796 369 vias.
1847 317 2039 369 itm.
2090 316 2220 369 cim
2264 316 2472 368 sociis
2714 300 2906 368 AUG‘.
2955 299 3028 366 Η

504 409 794 479 Domino
837 412 1005 479 Jesu
1052 407 1342 488 chrisio,
1393 405 1577 494 quod
1626 405 2058 477 orationibus
2090 402 2333 475 vestris
2366 402 2702 496 templum
2744 405 2862 474 Dei
2892 403 3038 474 effic·

503 497 671 579 ciar,
724 496 905 568 sicut
948 495 1193 567 beatus
1237 494 1492 565 Paulus
1535 493 1900 584 Apostolus
1944 493 2075 565 ait:
2114 492 2473 584 Templum
2509 493 2695 563 enim
2735 492 2848 576 Dei
2877 514 3039 564 san·

503 599 694 658 ctum
739 597 864 667 est,
915 579 1101 673 quod
1148 584 1314 656 estis
1360 599 1507 654 vos,
1545 588 1753 654 Nemo
1804 601 1920 654 vos
1959 579 2269 653 seducat.
2321 602 2359 648 «
2409 584 2577 652 Cum
2629 581 2797 652 haec
2856 581 3039 653 inter

506 695 580 749 se
627 685 1021 754 tractarent,
1068 672 1297 744 subito
1347 672 1532 743 venit
1576 669 1904 744 Claudius
1942 670 2030 742 aid
2062 689 2179 742 ecs
2210 682 2362 762 post
2392 669 2546 741 dies·
2577 681 2736 753 tres,
2774 683 2839 741 et
2870 692 3034 742 cum

505 763 759 857 gaudio
804 762 1112 833 introivit
1157 761 1228 832 in
1277 755 1563 832 domum
1610 761 1886 831 Grabinii
2095 759 2340 851 hyteri,
2385 758 2629 830 multis
2657 780 2819 831 eum
2862 759 3036 830 mili·

508 853 693 924 tibus
742 869 866 943 pro
910 847 1135 922 officio
1166 849 1697 922 comitantibus:
1751 870 1790 920 e
1820 851 1940 938 qui
1994 871 2078 922 us
2120 862 2370 930 tamen,
2415 848 2764 920 neminem
2796 848 3041 939 permi-

509 942 599 1014 sit
643 958 876 1012 secum
929 939 1227 1031 ingredi,
1278 938 1397 1009 sed
1448 938 1594 1030 ipse
1639 939 1840 1010 solus
1878 939 2178 1010 intravit.
2231 941 2468 1027 Itaque
2513 937 2850 1029 gaudium
2900 935 3042 1007 illis

507 1029 735 1102 attulit
759 1028 1058 1100 adventu
1083 1045 1233 1107 suo,
1264 1047 1471 1115 seque
1494 1046 1726 1098 coram
1758 1039 1999 1099 mutuo
2023 1025 2322 1118 amplexi
2354 1038 2539 1109 sunt,
2579 1026 2770 1117 pacis
2800 1025 3041 1097 oscula

421 1176 425 1179 >
507 1115 640 1191 sibi
667 1116 958 1188 invicem
989 1115 1411 1208 praebentes.
1450 1116 1626 1186 Dixit
1657 1137 1815 1187 vero
1843 1116 2274 1188 clarissimus
2305 1115 2410 1186 vir
2439 1114 2792 1187 Claudius:
2836 1140 2862 1179 ι
2894 1118 3041 1186 Non

509 1209 784 1300 ignorat
805 1206 1133 1278 sanctitas
1160 1217 1409 1287 vestra,
1430 1224 1609 1293 quae
1639 1225 1748 1276 me
1786 1205 2037 1276 laetitia
2118 1204 2466 1275 erduxerit
2489 1203 2576 1274 ad
2604 1225 2752 1275 vos,
2775 1226 2813 1272 ι
2840 1203 3041 1292 cajus

511 1297 891 1389 Episcopus
940 1316 1045 1365 res
1099 1293 1330 1366 ondit:
1384 1316 1421 1362 «
1458 1294 1741 1365 Etiamsi
1790 1294 1985 1366 nulla
2030 1294 2167 1363 aia
2205 1314 2417 1363 causa
2446 1291 2532 1363 ad
2565 1314 2691 1365 nos
2724 1291 3043 1362 veniendi

512 1397 925 1476 suppeteret,
977 1405 1054 1453 ve
1119 1382 1336 1455 solius
1374 1396 1599 1454 tamen
1638 1384 1912 1474 generis
1941 1395 2005 1453 et
2037 1381 2666 1473 consanguinitatis
2693 1381 2863 1452 ratio
2897 1380 3042 1450 suf-

509 1475 762 1555 ficeret,
797 1485 874 1543 ut
904 1485 1145 1543 mutuo
1190 1471 1524 1573 adspectu
1558 1484 1624 1542 et
1650 1472 2043 1564 cognitione
2076 1471 2413 1542 fruamur.
2463 1494 2500 1539 »
2540 1470 2868 1542 Claudius
2898 1470 3036 1540 ait:

507 1585 547 1646 ‚«
596 1558 865 1633 Noverit
908 1581 1072 1652 ergo
1119 1574 1448 1632 sanctitas
1496 1573 1737 1643 vestra,
1785 1561 2148 1632 dominum
2191 1571 2501 1634 nostrum
2543 1558 3043 1629 Diocletianum

504 1657 890 1753 Augustum
941 1668 1378 1740 summopere
1417 1649 1832 1732 desiderare,
1883 1661 1961 1720 ut
2005 1647 2198 1719 vobis
2248 1648 2462 1739 possit
2497 1648 2804 1719 amicitia
2839 1659 2906 1717 et
2934 1645 3036 1717 af-

505 1741 774 1811 finitate
789 1738 1143 1828 conjungi.
1179 1743 1256 1808 Et
1282 1759 1408 1829 ego
1444 1757 1687 1809 moneo
1719 1752 1783 1808 et
1816 1757 1982 1830 rogo
2015 1736 2441 1810 sanctitatem
2474 1748 2793 1819 vestram,
2823 1735 3044 1807 utob-

507 1828 901 1901 secundatis
932 1826 1260 1897 voluntati
1289 1825 1552 1897 domini
1577 1839 1645 1898 et
1672 1827 2006 1919 principis
2033 1826 2242 1897 totius
2271 1824 2539 1908 mundi,
2574 1826 2862 1927 q'usque
2886 1825 3041 1895 ani-

506 1933 703 1988 mum
736 1914 991 2007 gaudio
1022 1914 1446 2006 compleatis.
1484 1942 1508 1981 ι
1542 1911 1876 1987 Gabinius
1907 1914 2264 2006 presbyter
2295 1933 2404 1986 res
2453 1915 2673 1985 ondite
2716 1943 2742 1976 ι
2768 1919 3043 2005 Expone

509 2018 751 2078 sancto
798 2005 1134 2096 Episcopo
1180 2004 1467 2095 Augusti
1515 2004 2089 2096 praeceptionem.
2123 2026 2160 2071 i)
2210 2002 2375 2074 Clau
2428 2004 2543 2074 ius
2570 2003 2787 2074 dixit:
2827 2025 2865 2070 «
2901 2008 3040 2093 Ego

508 2110 668 2166 vero
748 2093 1029 2164 audens
1074 2106 1141 2163 et
1193 2092 1753 2184 gratulabundus
1804 2092 1876 2163 id
1914 2092 2200 2164 faciam:
2236 2093 2499 2180 aitque:
2545 2092 2881 2163 Dominus
2918 2112 3044 2163 no-

511 2197 658 2255 ster
680 2113 1267 2254 clementissimus
1293 2184 1642 2273 Augustus
1675 2180 1889 2252 filiam
1921 2194 2239 2265 vestram,
2281 2193 2549 2283 neptem
2585 2201 2836 2262 meam,
2873 2201 3045 2251 con-

504 2273 748 2363 Jugeni
777 2270 1028 2362 expetit
1054 2275 1357 2371 Angusto
1380 2271 1738 2342 et-Caesari
1776 2270 1919 2341 filio
1958 2290 2086 2342 suo
2124 2270 2565 2353 Maximiano,
2601 2269 2785 2358 quod
2820 2267 3041 2341 multa

512 2360 812 2432 audierit
852 2360 940 2431 de
984 2358 1374 2431 eruditione
1413 2359 1591 2450 ejus,
1644 2357 1826 2432 Nihil
1875 2378 2031 2431 vero
2077 2358 2565 2461 praestabilius
2611 2358 2812 2429 nobis
2842 2371 3041 2452 puta·-

513 2469 696 2533 mus,
749 2467 962 2538 quam
1007 2459 1088 2521 ut
1132 2466 1352 2551 genus
1383 2462 1702 2521 nostrum
1740 2448 1809 2519 in
1850 2447 2127 2540 imperii
2165 2446 2564 2519 affinitatem
2598 2465 2671 2520 se
2709 2446 3036 2531 insinuet,

511 2546 577 2611 et
622 2551 810 2610 tanta
869 2536 1297 2610 sublimitate
1354 2551 1715 2629 augeatur.
1753 2557 1792 2606 n
1840 2537 2177 2609 Gabinius
2239 2539 2596 2628 presbyter
2644 2535 3037 2627 respondit:

512 2650 549 2696 «
598 2622 781 2700 Nihil
830 2643 958 2699 nos
1002 2638 1403 2698 extraneum
1456 2628 1554 2699 vel
1604 2628 1948 2709 obscuret,
1989 2625 2091 2697 vel
2133 2625 2485 2718 impediat.
2528 2630 2607 2697 ,tt
2646 2639 2869 2696 tamen
2927 2646 3041 2696 ex-

511 2708 864 2807 ploremus
896 2714 1107 2786 simul
1142 2715 1457 2786 animum
1498 2716 1792 2807 puellae.
1840 2738 1878 2784 »

598 2807 639 2895 ξ
681 2811 770 2878 5.
814 2806 1112 2875 Accitam
1142 2804 1356 2895 igitui-
1378 2824 1608 2876 coram
1641 2804 1782 2875 illis
1813 2808 2225 2885 Susannam,
2266 2801 2460 2874 nullo
2490 2802 2628 2873 alio
2657 2814 3036 2894 praesente,

510 2890 847 2964 ‘Claudius
893 2893 1289 2982 lacrymans
1326 2893 1650 2983 amplecti
1686 2892 1921 2974 voluit,
1956 2905 2022 2963 et
2052 2906 2367 2976 amanter
2396 2891 2734 2963 osculari:
2772 2889 2891 2963 sed
2925 2891 3046 2963 illa

510 2982 607 3052 ait
651 2980 736 3051 ad
786 2998 989 3051 eum:
1043 3002 1081 3047 «
1130 2981 1275 3052 Noli
1312 2982 1790 3053 contaminare
1831 3002 1914 3053 os
1951 2999 2221 3062 meum3
2266 2981 2452 3051 novit
2488 2980 2674 3052 enim
2711 2980 3045 3052 Dominus

512 3084 712 3140 meus
754 3074 960 3140 Jesus
990 3068 1319 3152 Christus,
1362 3088 1439 3140 cs
1470 3071 1766 3141 ancillae
1802 3088 1968 3141 suae
1999 3088 2355 3157 nunquam
2388 3089 2433 3140 a
2470 3070 2613 3141 viro
2648 3082 3044 3140 contactum

512 3172 687 3229 esse,
715 3176 752 3225 ii
775 3156 1104 3229 Claudius
1133 3157 1523 3249 respondit:
1557 3181 1595 3226 α
1619 3158 1950 3247 Equidem
1980 3157 2334 3229 charitatis
2361 3158 2610 3229 affectu
2636 3155 2819 3230 volui
2843 3179 3045 3230 oscu-

515 3244 645 3316 lari
679 3258 744 3317 te
774 3245 1127 3318 dominam
1178 3258 1451 3338 neptem
1481 3264 1732 3318 meam.
1770 3268 1808 3315 ii
1842 3250 2159 3318 Susanna
2195 3247 2408 3318 dixit:
2451 3268 2488 3315 a
2537 3251 2680 3318 Non
2728 3246 2816 3319 ob
2853 3244 3045 3318 aliud

512 3350 641 3426 ego
685 3348 927 3407 ‘recuso
973 3334 1291 3405 osculum
1339 3345 1561 3417 tuum,
1612 3353 1822 3424 quam
1866 3335 2049 3425 quod
2090 3356 2168 3407 os
2197 3348 2395 3407 tuum
2429 3335 2791 3407 sacrificiis
2822 3334 3044 3406 idolo-

513 3436 670 3493 rum
720 3422 1062 3515 pollutum
1112 3435 1236 3494 est.
1275 3444 1312 3491 »
1361 3423 1690 3496 Claudius
1732 3426 1864 3497 ait:
1930 3452 1959 3491 ι
1993 3424 2252 3513 Ecquid
2297 3443 2456 3495 vero
2495 3423 2770 3507 faciam,
2806 3437 2882 3495 ut
2912 3425 3044 3495 hac

513 3504 958 3582 immunditia
981 3526 1412 3671 purggturcs
1436 3530 1665 3584 meum
1687 3517 1720 3583 ‘t
1754 3538 1792 3583 »
1816 3518 2149 3585 susanna
2185 3513 2571 3606 responditi
2614 3535 2651 3581 ii
2685 3512 3045 3584 poeniten-

514 3599 678 3671 tiam
728 3615 932 3692 agere
977 3600 1149 3671 debe
1200 3601 1281 3682 is,
1324 3613 1392 3672 et
1418 3597 1750 3704 baptizari
1782 3603 1851 3673 in
1889 3602 2168 3673 nomine
2196 3602 2413 3673 Patris
2441 3617 2511 3675 et
2542 3601 2695 3673 Filii
2725 3614 2793 3673 et
2824 3601 3043 3692 Spiri-

514 3699 628 3760 tus
652 3686 906 3761 Sancti.
945 3711 985 3757 »
1031 3689 1361 3760 Claudius
1381 3689 1553 3761 dixit
1578 3690 1736 3784 cajo
1768 3691 2012 3783 Episco
2089 3696 2092 3699 ’
2127 3706 2144 3761 2
2181 3714 2219 3760 α
2254 3696 2384 3762 Vos
2414 3691 2629 3782 igitur
2658 3710 2770 3761 me
2800 3690 3046 3792 purifi-

512 3790 685 3853 cate.
734 3777 796 3849 sl
842 3774 1123 3867 quidem
1160 3778 1403 3851 melior
1436 3792 1540 3851 est
1577 3780 1788 3851 homo
1826 3798 1992 3850 mun
2045 3800 2155 3863 us,
2205 3780 2494 3852 credens
2546 3781 2613 3851 in
2664 3773 3036 3862 Christum,

510 3884 720 3956 quam
771 3861 937 3938 deos
982 3865 1240 3938 colens·
1292 3873 1433 3960 Ego
1476 3868 1617 3939 diis
1643 3868 1987 3942 sacrificia
2024 3869 2268 3944 obtuli.
2303 3869 2564 3958 quibus
2594 3878 2659 3942 et
2687 3869 3042 3961 principes

509 3955 724 4027 nostri
751 3956 1036 4027 flectunt
1063 3956 1388 4029 cervices.
1426 3957 1686 4048 »cajiis
1713 3958 2098 4060 Episcopus
2120 3952 2252 4029 ait:
2287 3980 2327 4026 «i
2363 3963 2593 4029 Frater
2613 3957 2880 4040 claudi,
2913 3975 3044 4029 au—
3109 4028 3120 4041 ,

513 4043 735 4115 sculta
782 4062 936 4116 me:
988 4061 1147 4115 nam
1197 4045 1457 4118 bonum
1505 4059 1634 4129 est,
1682 4062 1889 4138 cujus
1931 4065 2062 4149 ego
2109 4060 2170 4118 te
2216 4045 2577 4119 admoneo.
2627 4046 3041 4135 'mquidem

507 4126 778 4204 efficere
824 4149 966 4205 rem
1016 4133 1218 4205 istam
1271 4152 1311 4206 a
1363 4128 1460 4206 ud
1506 4148 1635 4206 nos
1680 4132 2020 4227 cogitasti,
2072 4134 2192 4206 sed
2241 4134 2677 4208 Dominuste
2704 4136 3045 4207 redimere

513 4219 661 4321 vult
708 4236 831 4312 per
877 4240 1113 4324 preces
1160 4154 1455 4326 puellae,
1485 4235 1567 4295 ut
1596 4220 1863 4295 salvum
1898 4224 1991 4296 sit
2025 4242 2247 4327 genus
2287 4238 2626 4298 nostrum.
2670 4230 2827 4318 lpse
2852 4224 3042 4296 enim

511 4307 840 4410 dignatus
883 4322 987 4382 est
1032 4310 1262 4383 dicere
1308 4334 1380 4382 in
1427 4311 1828 4404 Evangelio:
1892 4314 2124 4385 Venite
2158 4314 2383 4384 adme
2416 4332 2662 4396 omnes,
2705 4317 2829 4408 qui
2856 4314 3044 4387 tabo-

512 4407 684 4467 ratis
726 4408 787 4467 et
831 4401 1096 4470 onerati
1136 4401 1316 4484 estis,
1369 4412 1433 4470 et
1479 4421 1602 4492 eqo
1630 4403 1933 4492 reficiam
1957 4424 2072 4472 vos
2097 4401 2365 4492 (Mami.
2402 4401 2521 4493 xi).
2560 4403 2841 4476 Nullum
2878 4424 3045 4477 sane
