3308 5004
664 253 796 318 578
1354 271 1432 324 n}
1471 273 1530 321 s.
1582 272 2084 328 ammomum
2130 273 2354 326 Arest.
2802 254 3033 323 AUG.
3090 254 3191 320 24

574 367 842 427 turmas
873 355 1294 442 percussisti,
1326 367 1392 427 et
1423 357 1819 430 mortalium
1852 359 2125 430 animas
2153 360 2317 431 vitio
2351 358 2767 440 vulneratas,
2797 380 3039 428 sanas
3072 354 3186 428 ef·
3286 387 3287 466 χ

573 442 816 516 fecisti.
858 442 1074 526 Salve,
1113 444 1651 526 Bartholomaee,
1691 447 1809 534 qui
1848 447 2189 520 idolorum
2229 447 2482 550 templa
2513 447 2659 519 solo
2690 445 3179 534 adaequa-sti.
3286 483 3287 498 κ

571 545 638 604 et
683 532 1003 604 homines
1050 534 1236 623 ipsos
1284 533 1576 605 viventis
1627 535 1743 606 Dei
1793 535 2047 628 templa
2112 536 2494 610 reddidisti.
2559 537 2778 619 Salve,
2835 535 3189 626 Spiritus
3286 555 3287 582 ¹

574 621 801 693 Sancti
832 621 1132 713 gladius,
1169 623 1291 711 qui
1320 622 1873 714 alienigenarum
1907 639 2171 698 turmas
2203 627 2546 697 sermonis
2579 627 2750 708 acie,
2790 637 2861 694 et
2894 645 3185 695 omnes

571 723 837 782 mentes
881 710 969 782 ad
1020 711 1270 782 Christi
1316 712 1779 785 obedientiam
1827 715 2137 806 captivas
2185 713 2469 787 duxisti.
2535 714 2729 786 Salve
2784 713 3181 786 concinna
3288 737 3289 762 1

572 799 803 871 Sancti
851 800 1150 891 Spiritus
1199 801 1530 872 Paracleti
1577 802 1870 883 cithara,
1928 802 2287 875 rationalis
2339 803 2839 886 tibia,·Christi
2874 803 3181 873 instru-

572 901 910 969 mentum,
948 889 1134 976 quod
1170 890 1492 961 coelestia
1529 890 1855 983 dogmata
1891 892 2091 963 nobis
2126 893 2464 974 cecinisti,
2500 905 2569 963 et
2651 913 2857 964 ravae
2895 890 3181 992 impie·

572 977 729 1051 tatis
778 977 1287 1049 modulationes
1333 979 1735 1051 confudisti.
1773 979 1968 1051 Salve
1999 980 2268 1052 coelum
2292 980 2587 1082 perpulc
2616 995 2830 1061 rum,
2880 979 3179 1050 divinis

572 1065 1064 1168 splendoribus
1112 1066 1404 1169 illustre,
1462 1069 1530 1138 in
1581 1091 1722 1156 quo
1771 1068 1887 1141 ille
1934 1069 2033 1141 sol
2080 1069 2393 1160 justitiae
2448 1071 2849 1172 requiescit,
2893 1081 2969 1140 et
3009 1090 3183 1139 ora-

573 1166 779 1226 tionis
824 1154 991 1237 dux,
1036 1178 1175 1244 quo
1209 1169 1282 1227 tu
1319 1157 1622 1239 innixae,
1662 1157 2008 1229 fallaciam
2028 1180 2317 1242 omnem
2346 1159 2674 1230 evertisti.
2718 1164 2811 1229 Te
2844 1157 3174 1246 quidem

569 1243 1093 1317 laudationibus
1136 1244 1459 1317 extollere
1491 1245 1761 1328 vellem,
1802 1246 1919 1319 sed
1955 1269 2185 1318 rerum
2229 1247 2679 1319 multitudine
2706 1246 3171 1326 confundor,

568 1345 637 1404 et
680 1332 1009 1404 dictionis
1053 1333 1457 1406 infirmitate
1502 1336 1895 1425 opprimorz
1948 1358 2113 1408 narn
2144 1336 2243 1408 vel
2286 1335 2383 1417 hi,
2425 1337 2548 1425 qui
2586 1337 2901 1410 oratoria
2930 1334 3177 1407 facul-

572 1432 704 1494 tate
757 1422 1055 1494 maxime
1102 1436 1476 1514 praestant,
1530 1424 1890 1497 inferiores
1939 1437 2126 1506 sunt,
2178 1446 2389 1513 quam
2440 1437 2515 1497 ut
2555 1437 2617 1496 te
2647 1424 2959 1496 laudare
2994 1446 3169 1515 pos-

571 1511 751 1583 sint:
807 1533 1028 1600 neque
1073 1512 1446 1600 quisquam
1495 1526 1621 1595 est,
1672 1513 1799 1601 qui
1845 1534 1971 1605 pro
2010 1513 2345 1605 dignitate
2380 1513 2623 1585 laudes
2660 1527 2819 1586 tuas
2856 1534 3179 1584 narrare

569 1599 811 1671 valeat.
864 1599 1027 1671 Tuis
1077 1601 1289 1691 igitur
1338 1602 1662 1693 precibus
1694 1608 1906 1674 Deum
1950 1603 2181 1694 ipsum
2225 1603 2427 1675 nobis
2469 1603 2859 1695 propitium
2900 1602 3167 1678 facias.

566 1702 633 1761 et
665 1701 1101 1780 peccatorum
1141 1690 1751 1779 perturbationem,
1787 1713 1927 1779 qua
1959 1714 2307 1772 vexamur,
2345 1691 2584 1765 sedare
2622 1691 2818 1772 velis,
2860 1692 3160 1779 quique

568 1789 766 1852 tuum
818 1777 1001 1847 diem
1038 1777 1286 1853 festum
1322 1778 1716 1860 recolimuS,
1765 1780 1964 1851 nobis
2003 1781 2335 1851 omnibus
2367 1779 2783 1852 delictorum
2833 1781 3165 1858 veniam.

567 1879 634 1938 et
678 1865 993 1966 coelestis
1039 1866 1278 1958 gaudii
1326 1867 1922 1959 participationem
1976 1868 2115 1940 tuis
2162 1869 2599 1941 orationibus
2638 1869 3024 1970 impetres,
3091 1868 3163 1937 in

569 1955 835 2026 Chrlsto
858 1960 1027 2029 Jesu
1069 1956 1352 2026 Domino
1390 1969 1658 2027 nostro:
1699 1956 1821 2027 Cui
1849 1955 2071 2047 gloria
2099 1980 2259 2028 cum
2292 1963 2485 2030 Patre
2523 1971 2592 2029 et
2639 1958 2923 2048 Sptritu
2978 1962 3161 2028 San·

569 2058 703 2125 etc,
746 2065 929 2114 nunc
962 2055 1030 2114 et
1055 2065 1349 2135 semper,
1386 2058 1451 2116 et
1485 2045 1553 2118 in
1586 2045 1822 2118 secula
1859 2045 2285 2117 seculorum.

886 2254 1143 2333 ITEM
1194 2256 1334 2334 DE
1388 2257 1464 2335 S.
1528 2254 2384 2336 BARTHOLOMAEO
2437 2255 2795 2336 APOST.

1311 2462 1586 2530 SERMO
1636 2462 1704 2528 S.
1756 2461 2000 2529 PETRI
2052 2461 2390 2529 DAMIANI

656 2673 694 2757 ὃ
740 2675 817 2742 1.
873 2674 1258 2750 Laetamur,
1298 2680 1367 2742 et
1394 2667 1777 2757 gloriamur
1808 2668 1875 2737 in
1916 2668 2227 2746 Domino,
2264 2664 2731 2747 dilectissimi,
2771 2665 2866 2736 de
2900 2680 3155 2738 sancto

567 2771 828 2829 vestrae
874 2757 1262 2827 dilectionis
1299 2756 1570 2837 affectu,
1607 2755 1770 2843 quia
1805 2768 2063 2844 quanto
2101 2755 2389 2826 uberius
2427 2754 2651 2825 divini
2683 2755 2885 2826 verbi
2925 2778 3143 2845 pocu-

568 2846 714 2917 lum
742 2846 1005 2925 bibitis,
1032 2858 1215 2917 tanto
1242 2844 1614 2915 ferventius
1639 2844 1713 2913 in
1740 2844 2047 2945 idipsum
2074 2842 2397 2915 desiderii
2421 2843 2752 2917 faucibus
2771 2844 3128 2915 aestuatis.

565 2940 699 3007 Nec
748 2934 1116 3007 immerito.
1168 2939 1338 3004 Nam
1386 2933 1480 3002 ita
1525 2945 1629 3004 est
1674 2954 1904 3004 omnis
1957 2932 2324 3023 Apostolici
2377 2930 2716 3005 culminis
2782 2929 3135 3003 beatitudo

565 3024 959 3112 conjuncta,
1010 3033 1075 3092 et
1125 3033 1220 3099 tot
1263 3021 1646 3111 gratiarum
1679 3023 2037 3120 compage,
2078 3033 2154 3092 ut
2183 3020 2475 3111 glutino,
2519 3021 2871 3110 probatur
2902 3019 3120 3098 unita,

565 3123 645 3181 ut
689 3132 848 3181 cum
902 3110 1113 3181 unius
1155 3131 1395 3180 eorum
1446 3107 1776 3180 festivitas
1812 3108 2086 3187 colitur,
2135 3109 2447 3198 protinus
2477 3109 2806 3182 omnium
2841 3115 3133 3199 Aposto-

569 3198 796 3270 lorum
851 3220 983 3269 non
1034 3196 1304 3269 diversa
1351 3196 1746 3269 sublimitas
1809 3197 2253 3268 interioribus
2306 3196 2669 3269 obtutibus
2734 3197 3137 3287 ingeratur.

569 3293 718 3359 Una
763 3285 1025 3357 scilicet
1073 3286 1250 3358 inter
1283 3307 1402 3357 eos
1434 3285 1835 3357 excellentia
1868 3286 2277 3374 judiciariae
2318 3285 2702 3376 potestatis,
2742 3286 2996 3357 eadem
3031 3285 3145 3357 di·

615 3376 797 3446 nitas
842 3374 1132 3451 ordinis.
1187 3397 1313 3445 nec
1360 3374 1630 3446 diversa
1677 3376 1749 3444 in
1791 3374 2073 3465 ligando
2120 3373 2262 3445 sive
2308 3372 2640 3445 solvendo
2686 3374 2976 3445 virtutis
3017 3374 3147 3444 ha-

656 3478 768 3536 tur
813 3464 1208 3535 auctoritas.
1263 3469 1404 3534 Hae
1451 3477 1615 3535 sunt
1660 3464 1846 3535 enim
1888 3462 2049 3533 illae
2088 3462 2422 3552 pretiosae
2458 3464 2911 3554 margaritae,
2952 3484 3144 3551 quas

563 3555 636 3625 in
685 3552 1091 3644 Apocalypsi
1140 3553 1381 3624 beatus
1425 3552 1724 3625 loannes
1772 3574 1845 3622 se
1891 3551 2329 3641 conspexisse
2370 3552 2820 3641 pronunciat,
2860 3573 2947 3621 ex
2977 3551 3142 3638 qui-

561 3644 697 3715 bus
742 3642 948 3713 etiam
998 3641 1311 3713 coelestis
1355 3641 1743 3714 Jerusalem
1794 3638 2396 3731 portas-perhibet
2447 3661 2601 3710 esse
2659 3652 3137 3713 constructas.

564 3730 915 3823 Singulae,
968 3731 1218 3820 inquit,
1275 3744 1505 3821 portae
1552 3742 1769 3801 erant.
1827 3752 1907 3798 ex
1943 3727 2240 3818 singulis
2274 3727 2696 3817 margaritis.
2741 3728 2893 3819 Ipsi
2929 3727 3147 3799 nimi-

563 3843 720 3892 rum
774 3832 1026 3912 portae,
1083 3820 1221 3911 ipsi
1267 3833 1430 3891 sunt
1479 3818 1939 3889 nihilominus
1989 3815 2422 3907 margaritae,
2457 3816 2626 3904 quia
2660 3815 2838 3887 dum
2874 3816 2933 3887 si
2997 3817 3134 3900 nis,

561 3924 768 3998 atque
816 3909 1152 4001 prodigiis
1199 3908 1536 3996 quosdam
1587 3907 1804 3977 divini
1841 3905 2230 3997 splendoris
2264 3904 2495 3975 radios
2529 3904 2847 3985 mittunt,
2884 3928 2926 3975 a
3015 3928 3141 3976 su·

562 4021 817 4090 pernae
860 3997 1251 4069 Jerusalem
1303 3998 1591 4088 gloriam
1643 3994 1992 4066 conversis
2040 3993 2124 4063 ad
2190 3991 2393 4063 fidem
2453 3993 2798 4065 Gentibus
2856 3992 3141 4064 aditum

563 4086 903 4177 pandunt.
958 4093 1035 4158 Et
1079 4086 1505 4175 quicumque
1552 4083 1880 4163 salvatur,
1937 4080 2058 4173 pe'r
2106 4081 2229 4151 hos
2276 4080 2473 4168 quasi
2508 4093 2752 4170 portas
2790 4080 2881 4151 ad
2925 4082 3143 4155 vitam

565 4177 780 4247 viator
826 4176 1236 4267 ingreditur.
1289 4181 1594 4257 Quorum
1648 4172 2007 4260 mysticam
2063 4184 2336 4268 tenuere
2384 4169 2687 4259 figuram
2738 4183 2809 4240 et
2861 4168 3147 4259 lapides

564 4264 690 4346 illi,
742 4266 888 4352 qui,
945 4270 1075 4335 Deo
1097 4263 1383 4352 jubente
1423 4262 1661 4350 Moysi,
1703 4258 2041 4330 Rationali
2076 4279 2334 4328 summi
2368 4255 2765 4327 Sacerdotis
2800 4257 3146 4348 leguntur

564 4352 919 4441 impressi;
952 4352 1139 4441 quod
1172 4351 1451 4438 quidem
1494 4348 1846 4421 Rationale
1882 4346 2209 4420 Sacerdos
2237 4344 2491 4417 ferebat
2524 4346 2594 4415 in
2635 4360 2943 4436 pectore,
2971 4369 3139 4421 cum
