3308 5004
625 225 754 351 ato
1432 300 1513 347 nx
1559 299 1617 348 n.
1673 297 1904 346 amnuo
1953 298 2194 347 Anam:
2756 281 2952 348 AUG.
3003 283 3088 348 25

621 390 660 477 ξ
706 392 793 461 cl.
845 390 949 458 Nu
1002 386 1254 457 errimo
1301 396 1531 454 autem
1572 394 1921 474 tempore,
1974 405 2132 453 cum
2198 383 2327 454 iter
2372 405 2653 475 carpere
2700 385 3091 475 coepisset,

536 476 822 546 nimbus
882 497 921 545 a
1031 496 1190 545 eum
1251 472 1525 565 pluviae
1590 472 1915 542 advenire
1978 471 2225 562 coepit.
2298 473 2493 557 Quod
2562 472 2675 542 ille
2741 495 3093 556 cernens,

532 564 903 657 paululum
938 585 1151 655 super
1198 584 1457 651 equum
1510 561 1580 630 in
1628 582 1769 648 quo
1809 560 2110 641 sedebat,
2156 574 2366 652 caput
2414 560 2783 642 inclinanS,
2833 583 3102 634 manus

533 652 838 725 extendit
902 652 989 722 ad
1052 651 1449 723 Dominum.
1523 655 2013 720 consummata
2075 671 2231 719 vero
2293 652 2646 732 oratione,
2706 650 2939 722 divisa
2998 664 3107 722 est

539 744 761 814 nubes
808 741 878 811 in
919 741 1097 811 duas
1147 753 1398 831 ρει-ωε,
1452 761 1532 809 ac
1581 739 1653 808 in
1703 738 2000 809 circuitu
2041 740 2342 810 maxima
2392 740 2747 811 descendit
2795 739 3102 832 pluvia:

536 853 747 921 super
791 852 952 900 eum
992 842 1220 900 autem
1271 851 1351 899 ac
1401 828 1625 899 socios
1665 828 1826 918 *ejus
1874 826 2091 908 nulla,
2147 828 2204 898 si
2254 827 2393 899 dici
2427 828 2530 897 fas
2564 839 2687 910 est,
2741 841 2946 919 gutta
2982 829 3110 899 de-

536 920 823 993 scendit.
878 917 1352 989 Vistrimundo
1399 938 1558 987 vero
1589 972 1605 998 ‚
1659 928 2113 1007 cognomento
2174 918 2465 997 Tattoni,
2530 917 2662 987 civi
2716 919 3106 1000 Turonico,

540 1008 778 1080 dentes
826 1030 1102 1099 gravem
1152 1006 1541 1076 inferebant
1589 1005 1893 1076 dolorem
1923 1060 1938 1086 ,
1991 1027 2072 1075 ex
2135 1027 2273 1093 quo
2318 1006 2525 1076 etiam
2567 1005 2851 1077 maxilla
2908 1007 3112 1078 intu-

538 1111 829 1169 muerat.
855 1096 1049 1181 Quod
1077 1118 1240 1166 cum
1280 1095 1478 1165 beato
1504 1095 1650 1164 viro
1675 1093 2106 1176 ostendisset,
2142 1093 2259 1164 ille
2291 1116 2576 1165 manum
2612 1117 2825 1198 super
2854 1094 3108 1166 locum

537 1186 800 1272 doloris
848 1186 1124 1277 posuit:
1179 1184 1550 1271 statimque
1601 1182 1798 1253 dolor
1851 1182 2131 1271 fugatus
2163 1238 2180 1265 ,
2233 1205 2579 1273 nusquam
2620 1184 2964 1275 deinceps
3014 1185 3106 1255 ad

540 1275 872 1364 injuriam
908 1274 1215 1345 hominis
1253 1273 1585 1343 excitatus
1615 1283 1740 1341 est.
1781 1276 1961 1341 Haec
2008 1273 2179 1362 ipse,
2214 1272 2336 1361 qui
2377 1295 2625 1364 passus
2653 1287 2778 1354 est,
2827 1273 3105 1344 retulit.

540 1369 633 1434 De
680 1364 792 1434 his
838 1385 995 1434 vero
1036 1362 1255 1453 signis
1286 1418 1301 1445 ,
1367 1383 1545 1449 quae
1595 1383 1720 1462 per
1771 1361 2090 1431 virtutem
2131 1360 2351 1432 sancti
2396 1361 2659 1432 Juliani
2709 1363 3058 1454 martyris
3089 1418 3106 1443 ,

546 1452 957 1540 Martinique
988 1451 1401 1523 confessoris
1431 1451 1637 1531 beati,
1697 1449 1767 1518 in
1816 1448 1971 1537 ejus
2013 1450 2338 1521 manibus
2386 1450 2718 1522 Dominus
2763 1465 3113 1544 operatus

544 1553 669 1622 est,
757 1541 1037 1629 leraque
1068 1541 1138 1610 in
1173 1539 1373 1611 libris
1406 1539 1904 1608 miraculorum
1940 1538 2375 1629 scripsimus.

484 1706 504 1724 ⁶
627 1631 666 1719 ξ
770 1686 785 1699 .
839 1635 993 1700 Post
1024 1629 1148 1701 has
1181 1651 1336 1698 vero
1374 1638 1438 1697 et
1478 1627 1736 1697 multas
1768 1625 1944 1696 alias
1977 1627 2280 1708 virtutes,
2318 1650 2493 1715 quas
2534 1627 2801 1699 Christo
2839 1645 3110 1730 coope-

545 1732 737 1790 rante
782 1718 1171 1809 complevit,
1226 1716 1501 1787 advenit
1547 1719 1853 1787 Turones
1887 1728 2040 1806 post
2072 1716 2501 1787 festivitatem
2533 1718 2755 1787 sancti
2787 1719 3112 1799 Martini,

541 1808 778 1896 ibique
798 1806 1193 1965 ,faunum
1242 1807 1733 1888 commoratus,
1786 1803 1960 1875 dixit
2006 1804 2228 1885 nobis,
2283 1795 2383 1875 se‘
2402 1818 2523 1876 aut
2557 1805 2896 1897 longaevo
2930 1819 3119 1878 tem-

544 1918 709 1988 pore
756 1919 795 1966 a
847 1897 986 1966 huc
1032 1895 1104 1965 in
1152 1894 1281 1964 hoc
1331 1893 1592 1965 mundo
1640 1892 1965 1975 retineri,
2020 1906 2137 1964 aut
2184 1906 2364 1965 certe
2421 1894 2723 1965 velocius
2778 1895 3116 1966 dissolri.

543 1990 625 2055 Et
668 1984 815 2054 vale
864 1985 1125 2064 dicens,
1164 1983 1519 2063 abscessit,
1556 1983 1815 2074 gratias
1845 2004 2058 2074 agens
2091 1987 2246 2065 Deo,
2284 1983 2470 2072 quod
2507 1983 2924 2075 priusquam
2966 1986 3122 2056 obi-

544 2084 669 2155 ret,
722 2072 1121 2164 sepulcrum
1170 2073 1352 2142 beati
1399 2071 1733 2142 Antistitis
1772 2071 2069 2142 osculari
2106 2072 2621 2163 promeruisset.
2667 2076 3000 2161 Cumque
3033 2074 3123 2144 ad

545 2160 868 2232 cellulam
919 2162 1363 2243 accessisset,
1416 2171 1821 2230 testamento
1866 2159 2167 2243 condito,
2220 2160 2693 2250 ordinatisque
2738 2163 3122 2246 omnihus,

546 2273 628 2322 ac
675 2263 912 2322 sancto
952 2250 1266 2333 Martino,
1310 2248 1711 2337 Hilarioque
1748 2249 2185 2321 Antistitibus
2223 2249 2638 2321 haeredibus
2669 2252 3122 2334 constitutiS,

551 2351 904 2442 aegrotare
949 2361 1069 2410 coe
1122 2340 1195 2422 it,
1248 2361 1326 2410 ac
1361 2338 1795 2430 dysenteriae
1833 2338 2074 2408 morbo
2106 2339 2403 2440 gravari.
2443 2344 2639 2410 Sexta
2672 2361 2833 2409 vero
2868 2362 3130 2433 aegro-

546 2429 825 2500 tationis
869 2429 1020 2521 ejus
1103 2429 1187 2509 ie,
1229 2427 1503 2511 mulier,
1544 2448 1723 2517 quae
1756 2449 1795 2497 a
1830 2450 1861 2497 s
1916 2427 2080 2498 iritu
2112 2427 2480 2500 immundo
2511 2427 2790 2520 saepius
2834 2444 3123 2514 vexata,

550 2542 589 2590 a
639 2530 876 2590 sancto
922 2519 1293 2590 emundari
1342 2540 1477 2589 non
1531 2529 1819 2608 poterat,
1901 2517 2104 2609 igatis
2153 2538 2275 2609 per
2322 2540 2395 2590 se
2426 2541 2465 2588 a
2507 2530 2696 2610 tergo
2737 2520 3121 2601 manibus,

545 2607 848 2678 clamare
893 2608 1140 2699 coepit,
1195 2629 1274 2677 ac
1322 2607 1582 2678 dicere:
1638 2606 1903 2676 Currite
1950 2607 2156 2688 civeS‚
2201 2606 2429 2677 exilite
2465 2607 2727 2699 populi,
2766 2608 2961 2679 exite
3003 2610 3129 2680 ob-

545 2698 725 2767 viam
779 2697 1223 2788 martyribus,
1269 2690 1947 2783 confessoribusque,
1985 2695 2107 2783 qui
2140 2695 2225 2766 ad
2259 2718 2618 2768 excessum
2658 2697 2843 2767 beati
2885 2697 3126 2769 Aredii

546 2787 987 2856 conveniunt.
1042 2789 1211 2856 Ecce
1258 2784 1451 2855 adest
1494 2785 1823 2856 Julianus
1871 2807 1911 2854 a
1959 2785 2256 2868 Brinate,
2309 2785 2620 2855 Privatus
2666 2806 2747 2855 ex
2801 2787 3115 2869 Mimate‚

551 2875 887 2945 Martinus
934 2897 975 2944 a
1020 2868 1338 2955 Turonis,¹
1396 2873 1864 2961 martialisque
1911 2873 2001 2943 ab
2049 2872 2219 2944 urbe
2270 2874 2572 2965 propria.
2624 2873 2832 2944 Adest
2873 2880 3112 2947 Satur-

550 2964 761 3034 ninus
809 2986 850 3034 a
896 2962 1136 3033 Tolosa
1166 3017 1181 3044 ,
1235 2961 1606 3053 Dionysius
1654 2963 1744 3033 ab
1790 2962 1964 3032 urbe
2011 2962 2356 3033 Parisiaca
2385 3018 2401 3045 ,
2458 2962 2780 3034 nonnulli
2829 2977 2909 3034 et
2957 2964 3103 3045 alii,

549 3073 726 3140 quos
772 3051 1043 3121 coelum
1089 3052 1353 3132 retinet,
1390 3071 1566 3139 quos
1602 3072 1721 3121 vos
1754 3063 1831 3120 ut
1862 3050 2294 3122 confessores
2327 3064 2390 3122 et
2425 3053 2540 3121 Dei
2575 3057 2924 3143 Martyres
2956 3053 3114 3125 ado-

551 3140 740 3210 ratis.
793 3144 973 3210 Haec
1022 3160 1183 3210 cum
1234 3140 1305 3208 in
1354 3137 1631 3210 exordio
1683 3140 1902 3209 noctis
1948 3139 2250 3210 clamare
2297 3141 2657 3232 coepisset,
2709 3162 2751 3209 a
2818 3140 3120 3213 domino

553 3250 681 3301 suo
729 3229 1028 3298 revincta
1074 3242 1198 3298 est.
1251 3234 1438 3312 Quae
1485 3250 1923 3318 nequaquam
1975 3230 2197 3329 potuit
2243 3230 2544 3310 retineri,
2598 3228 2717 3300 sed
2769 3252 3130 3323 rumpens

556 3315 854 3398 vincula,
885 3315 968 3384 ad
1003 3317 1495 3388 monasterium
1523 3338 1684 3387 cum
1716 3318 1825 3387 his
1851 3318 2137 3389 vocibus
2157 3340 2524 3409 properare
2547 3319 2795 3419 coepit.
2822 3324 3134 3409 Moxque

554 3405 797 3475 beatus
845 3405 947 3473 vir
994 3405 1320 3496 spiritum
1366 3406 1676 3487 tradidit,
1736 3427 1872 3477 non
1921 3406 2071 3476 sine
2119 3408 2510 3477 testimonio
2557 3408 2895 3489 veritatiS,
2934 3408 3134 3497 quod

557 3494 647 3565 sit
676 3505 1063 3581 susceptus,
1095 3494 1183 3563 ab
1215 3494 1514 3585 Angelis,
1551 3493 1916 3565 Mulierem·
1950 3516 2252 3583 namque
2284 3495 2353 3565 in
2389 3496 2698 3583 exequiis
2730 3495 2915 3578 suis,
2958 3519 3136 3569 cnm

555 3583 691 3653 alia
744 3581 1030 3652 muliere
1078 3582 1395 3671 nequiori
1444 3584 1698 3676 spiritu
1730 3595 1988 3667 vexata,
2025 3596 2100 3654 ut
2129 3598 2231 3654 est
2270 3585 2588 3675 sepulcro
2630 3597 2880 3667 tectus,
2925 3609 2970 3657 a
3007 3609 3138 3657 ne-

554 3671 775 3759 quitia
823 3670 1052 3741 infesti
1100 3670 1460 3743 daemonis
1506 3672 1934 3743 emundavit.
1989 3677 2067 3743 Et
2113 3673 2356 3755 cred0,
2409 3674 2594 3762 quod
2644 3676 2733 3744 ob
2782 3674 2952 3756 hoc,
3009 3676 3144 3747 Dei

560 3774 738 3830 nutu
783 3760 1058 3830 easdem
1109 3760 1179 3829 in
1230 3782 1517 3852 corpore
1613 3761 1834 3831 ositus
1886 3784 2019 3831 non
2073 3762 2293 3852 potuit
2340 3761 2768 3845 emundare,
2824 3777 2912 3834 ut
2971 3785 3146 3837 exe·-

553 3849 756 3937 quiae
803 3848 994 3919 illius
1042 3849 1173 3920 hac
1221 3849 1472 3920 virtute
1517 3874 1564 3941 g
1593 3849 2098 3921 orificarentur.
2151 3856 2307 3921 Post
2345 3851 2767 3922 celebratum
2802 3872 2982 3924 vero
3015 3852 3148 3927 fu·

556 3959 712 4019 nus,
771 3937 1024 4008 mulier
1068 3937 1409 4026 quaedam
1461 3939 1643 4009 rictu
1693 3940 1926 4028 patulo
1975 3939 2125 4009 sine
2173 3939 2360 4010 vocis
2405 3940 2631 4012 officio
2679 3940 2768 4011 ad
2810 3942 2978 4033 ejus
3009 3965 3148 4015 ae-

555 4026 779 4185 {essi}i
809 4026 1204 4127 tumulum:
1256 4047 1395 4114 quo
1442 4027 1682 4098 osculo
1724 4028 2048 4111 delibato,
2083 4027 2493 4101 elocutionis
2526 4030 2781 4101 meruit
2811 4031 3154 4124 recipere

605 4136 731 4186 ene
785 4137 1000 4186 cmm.
1538 4168 1547 4173 .
