<?xml version="1.0" encoding="UTF-8"?>
<!DOCTYPE html PUBLIC "-//W3C//DTD XHTML 1.0 Transitional//EN"
    "http://www.w3.org/TR/xhtml1/DTD/xhtml1-transitional.dtd">
<html xmlns="http://www.w3.org/1999/xhtml" xml:lang="en" lang="en">
 <head>
  <title>
</title>
<meta http-equiv="Content-Type" content="text/html;charset=utf-8" />
  <meta name='ocr-system' content='tesseract 3.04.00' />
  <meta name='ocr-capabilities' content='ocr_page ocr_carea ocr_par ocr_line ocrx_word'/>
</head>
<body>
  <div class='ocr_page' id='page_1' title='image "./historiaeseuvit01lippgoog_0477.png"; bbox 0 0 3308 5004; ppageno 0'>
   <div class='ocr_carea' id='block_1_1' title="bbox 180 329 2647 400">
    <p class='ocr_par' dir='ltr' id='par_1_1' title="bbox 180 329 2647 400">
     <span class='ocr_line' id='line_1_1' title="bbox 180 329 2647 400; baseline -0.001 -1"><span class='ocrx_word' id='word_1_1' title='bbox 180 330 375 400; x_wconf 75' lang='lat' dir='ltr'>mo.</span> <span class='ocrx_word' id='word_1_2' title='bbox 427 329 515 394; x_wconf 79' lang='lat'>20</span> <span class='ocrx_word' id='word_1_3' title='bbox 843 347 925 394; x_wconf 72' lang='lat' dir='ltr'>ns</span> <span class='ocrx_word' id='word_1_4' title='bbox 952 347 1027 395; x_wconf 87' lang='lat' dir='ltr'>·s.</span> <span class='ocrx_word' id='word_1_5' title='bbox 1075 347 1413 396; x_wconf 69' lang='lat' dir='ltr'>naumann</span> <span class='ocrx_word' id='word_1_6' title='bbox 1456 349 1601 397; x_wconf 61' lang='lat' dir='ltr'>aaa.</span> <span class='ocrx_word' id='word_1_7' title='bbox 1652 344 2042 397; x_wconf 66' lang='lat' dir='ltr'>cunum..</span> <span class='ocrx_word' id='word_1_8' title='bbox 2518 332 2647 398; x_wconf 72' lang='lat'>468</span> 
     </span>
    </p>
   </div>
   <div class='ocr_carea' id='block_1_2' title="bbox 178 432 2739 4527">
    <p class='ocr_par' dir='ltr' id='par_1_2' title="bbox 178 432 2739 701">
     <span class='ocr_line' id='line_1_2' title="bbox 179 432 2739 527; baseline 0 -23"><span class='ocrx_word' id='word_1_9' title='bbox 179 435 338 527; x_wconf 81' lang='lat' dir='ltr'>ipso</span> <span class='ocrx_word' id='word_1_10' title='bbox 395 432 677 520; x_wconf 90' lang='lat' dir='ltr'>quidem</span> <span class='ocrx_word' id='word_1_11' title='bbox 729 443 989 523; x_wconf 86' lang='lat' dir='ltr'>poterat</span> <span class='ocrx_word' id='word_1_12' title='bbox 1033 432 1378 523; x_wconf 81' lang='lat' dir='ltr'><strong>compesci</strong></span> <span class='ocrx_word' id='word_1_13' title='bbox 1441 432 1821 515; x_wconf 83' lang='lat' dir='ltr'>miracu10,</span> <span class='ocrx_word' id='word_1_14' title='bbox 1874 455 2014 521; x_wconf 90' lang='lat' dir='ltr'>quo</span> <span class='ocrx_word' id='word_1_15' title='bbox 2063 434 2299 505; x_wconf 90' lang='lat' dir='ltr'>minus</span> <span class='ocrx_word' id='word_1_16' title='bbox 2354 432 2739 525; x_wconf 75' lang='lat' dir='ltr'>increparet</span> 
     </span>
     <span class='ocr_line' id='line_1_3' title="bbox 178 521 2736 613; baseline -0 -19"><span class='ocrx_word' id='word_1_17' title='bbox 178 545 374 602; x_wconf 85' lang='lat' dir='ltr'>eum,</span> <span class='ocrx_word' id='word_1_18' title='bbox 427 533 494 593; x_wconf 88' lang='lat' dir='ltr'>et</span> <span class='ocrx_word' id='word_1_19' title='bbox 551 521 1133 612; x_wconf 77' lang='lat' dir='ltr'><strong>praesumptionis</strong></span> <span class='ocrx_word' id='word_1_20' title='bbox 1170 534 1529 612; x_wconf 87' lang='lat' dir='ltr'>argueret,</span> <span class='ocrx_word' id='word_1_21' title='bbox 1581 522 1765 610; x_wconf 93' lang='lat' dir='ltr'>quod</span> <span class='ocrx_word' id='word_1_22' title='bbox 1817 522 2233 610; x_wconf 80' lang='lat' dir='ltr'>acquieverit</span> <span class='ocrx_word' id='word_1_23' title='bbox 2290 535 2570 613; x_wconf 87' lang='lat' dir='ltr'>tangere</span> <span class='ocrx_word' id='word_1_24' title='bbox 2618 523 2736 593; x_wconf 89' lang='lat' dir='ltr'>ho·</span> 
     </span>
     <span class='ocr_line' id='line_1_4' title="bbox 182 610 2316 701; baseline -0.001 -19"><span class='ocrx_word' id='word_1_25' title='bbox 182 613 485 682; x_wconf 83' lang='lat' dir='ltr'><strong>minem:</strong></span> <span class='ocrx_word' id='word_1_26' title='bbox 542 624 728 681; x_wconf 87' lang='lat' dir='ltr'>tanta</span> <span class='ocrx_word' id='word_1_27' title='bbox 760 610 1102 698; x_wconf 81' lang='lat' dir='ltr'>siquidem</span> <span class='ocrx_word' id='word_1_28' title='bbox 1152 610 1484 680; x_wconf 81' lang='lat' dir='ltr'>charitate</span> <span class='ocrx_word' id='word_1_29' title='bbox 1533 633 1654 701; x_wconf 92' lang='lat' dir='ltr'>pro</span> <span class='ocrx_word' id='word_1_30' title='bbox 1694 632 1773 681; x_wconf 92' lang='lat' dir='ltr'>eo</span> <span class='ocrx_word' id='word_1_31' title='bbox 1821 611 2133 682; x_wconf 90' lang='lat' dir='ltr'>solicitus</span> <span class='ocrx_word' id='word_1_32' title='bbox 2165 610 2316 681; x_wconf 90' lang='lat' dir='ltr'>fuit.</span> 
     </span>
    </p>

    <p class='ocr_par' dir='ltr' id='par_1_3' title="bbox 182 698 2731 947">
     <span class='ocr_line' id='line_1_5' title="bbox 269 698 2731 802; baseline 0 -30"><span class='ocrx_word' id='word_1_33' title='bbox 269 704 311 802; x_wconf 62' lang='grc' dir='ltr'><strong>ξ</strong></span> <span class='ocrx_word' id='word_1_34' title='bbox 359 704 518 773; x_wconf 69' lang='lat'>48.</span> <span class='ocrx_word' id='word_1_35' title='bbox 574 700 762 769; x_wconf 87' lang='lat' dir='ltr'>Circa</span> <span class='ocrx_word' id='word_1_36' title='bbox 793 700 973 769; x_wconf 89' lang='lat' dir='ltr'>idem</span> <span class='ocrx_word' id='word_1_37' title='bbox 1009 710 1284 789; x_wconf 90' lang='lat' dir='ltr'>tempus</span> <span class='ocrx_word' id='word_1_38' title='bbox 1315 698 1589 780; x_wconf 87' lang='lat' dir='ltr'>accidit,</span> <span class='ocrx_word' id='word_1_39' title='bbox 1628 714 1707 769; x_wconf 91' lang='lat' dir='ltr'>ut</span> <span class='ocrx_word' id='word_1_40' title='bbox 1731 700 2124 770; x_wconf 84' lang='lat' dir='ltr'>avunculus</span> <span class='ocrx_word' id='word_1_41' title='bbox 2156 701 2307 790; x_wconf 89' lang='lat' dir='ltr'>ejus</span> <span class='ocrx_word' id='word_1_42' title='bbox 2342 699 2731 783; x_wconf 89' lang='lat' dir='ltr'>Galdricus,</span> 
     </span>
     <span class='ocr_line' id='line_1_6' title="bbox 182 787 2731 947; baseline -0 -87"><span class='ocrx_word' id='word_1_43' title='bbox 182 812 308 947; x_wconf 52' lang='lat' dir='ltr'>am</span> <span class='ocrx_word' id='word_1_44' title='bbox 352 792 622 880; x_wconf 88' lang='lat' dir='ltr'>etipse,</span> <span class='ocrx_word' id='word_1_45' title='bbox 674 787 819 858; x_wconf 86' lang='lat' dir='ltr'>zelo</span> <span class='ocrx_word' id='word_1_46' title='bbox 870 787 1110 870; x_wconf 79' lang='lat' dir='ltr'>simili,</span> <span class='ocrx_word' id='word_1_47' title='bbox 1163 787 1315 877; x_wconf 88' lang='lat' dir='ltr'>ejus</span> <span class='ocrx_word' id='word_1_48' title='bbox 1363 788 1996 869; x_wconf 86' lang='lat' dir='ltr'>mansuetudinem,</span> <span class='ocrx_word' id='word_1_49' title='bbox 2028 789 2207 858; x_wconf 87' lang='lat' dir='ltr'>sicut</span> <span class='ocrx_word' id='word_1_50' title='bbox 2238 789 2731 879; x_wconf 65' lang='lat' dir='ltr'>praediximus»,</span> 
     </span>
    </p>

    <p class='ocr_par' dir='ltr' id='par_1_4' title="bbox 180 876 2739 1769">
     <span class='ocr_line' id='line_1_7' title="bbox 237 876 2732 969; baseline -0 -21"><span class='ocrx_word' id='word_1_51' title='bbox 237 879 382 948; x_wconf 83' lang='lat' dir='ltr'>uris</span> <span class='ocrx_word' id='word_1_52' title='bbox 427 877 1022 969; x_wconf 79' lang='lat' dir='ltr'>increpationibus</span> <span class='ocrx_word' id='word_1_53' title='bbox 1068 876 1442 956; x_wconf 80' lang='lat' dir='ltr'>obruebat,</span> <span class='ocrx_word' id='word_1_54' title='bbox 1497 877 1930 968; x_wconf 90' lang='lat' dir='ltr'>gravissimis</span> <span class='ocrx_word' id='word_1_55' title='bbox 1993 877 2301 947; x_wconf 84' lang='lat' dir='ltr'>febribus</span> <span class='ocrx_word' id='word_1_56' title='bbox 2362 876 2732 948; x_wconf 77' lang='lat' dir='ltr'>laboraret.</span> 
     </span>
     <span class='ocr_line' id='line_1_8' title="bbox 195 964 2739 1058; baseline -0 -21"><span class='ocrx_word' id='word_1_57' title='bbox 195 973 474 1037; x_wconf 89' lang='lat' dir='ltr'>Demum</span> <span class='ocrx_word' id='word_1_58' title='bbox 526 967 1057 1058; x_wconf 74' lang='lat' dir='ltr'>ingravescente·</span> <span class='ocrx_word' id='word_1_59' title='bbox 1091 964 1350 1045; x_wconf 90' lang='lat' dir='ltr'>morbo,</span> <span class='ocrx_word' id='word_1_60' title='bbox 1415 965 1567 1056; x_wconf 88' lang='lat' dir='ltr'>ipsa</span> <span class='ocrx_word' id='word_1_61' title='bbox 1612 965 1872 1036; x_wconf 89' lang='lat' dir='ltr'>doloris</span> <span class='ocrx_word' id='word_1_62' title='bbox 1922 966 2401 1056; x_wconf 83' lang='lat' dir='ltr'>magnitudine</span> <span class='ocrx_word' id='word_1_63' title='bbox 2448 988 2739 1056; x_wconf 86' lang='lat' dir='ltr'>supera-</span> 
     </span>
     <span class='ocr_line' id='line_1_9' title="bbox 189 1053 2731 1146; baseline 0 -21"><span class='ocrx_word' id='word_1_64' title='bbox 189 1070 322 1138; x_wconf 70' lang='grc' dir='ltr'>ωε,</span> <span class='ocrx_word' id='word_1_65' title='bbox 366 1055 690 1125; x_wconf 80' lang='lat' dir='ltr'>Abbatem</span> <span class='ocrx_word' id='word_1_66' title='bbox 742 1055 999 1125; x_wconf 88' lang='lat' dir='ltr'>humili</span> <span class='ocrx_word' id='word_1_67' title='bbox 1024 1053 1530 1146; x_wconf 83' lang='lat' dir='ltr'>supplicatione</span> <span class='ocrx_word' id='word_1_68' title='bbox 1563 1055 1952 1145; x_wconf 89' lang='lat' dir='ltr'>compellit,</span> <span class='ocrx_word' id='word_1_69' title='bbox 2006 1068 2085 1124; x_wconf 91' lang='lat' dir='ltr'>ut</span> <span class='ocrx_word' id='word_1_70' title='bbox 2130 1056 2239 1127; x_wconf 92' lang='lat' dir='ltr'>sui</span> <span class='ocrx_word' id='word_1_71' title='bbox 2300 1054 2731 1134; x_wconf 84' lang='lat' dir='ltr'>misereatur,</span> 
     </span>
     <span class='ocr_line' id='line_1_10' title="bbox 182 1143 2736 1236; baseline 0 -22"><span class='ocrx_word' id='word_1_72' title='bbox 182 1158 249 1215; x_wconf 86' lang='lat' dir='ltr'>et</span> <span class='ocrx_word' id='word_1_73' title='bbox 277 1166 481 1236; x_wconf 89' lang='lat' dir='ltr'>opem</span> <span class='ocrx_word' id='word_1_74' title='bbox 515 1144 649 1214; x_wconf 90' lang='lat' dir='ltr'>sibi</span> <span class='ocrx_word' id='word_1_75' title='bbox 679 1144 872 1226; x_wconf 87' lang='lat' dir='ltr'>ferat,</span> <span class='ocrx_word' id='word_1_76' title='bbox 906 1165 1117 1231; x_wconf 87' lang='lat' dir='ltr'>quam</span> <span class='ocrx_word' id='word_1_77' title='bbox 1165 1143 1452 1213; x_wconf 89' lang='lat' dir='ltr'>caeteris</span> <span class='ocrx_word' id='word_1_78' title='bbox 1484 1145 1862 1214; x_wconf 83' lang='lat' dir='ltr'>consuevit.</span> <span class='ocrx_word' id='word_1_79' title='bbox 1891 1149 1967 1214; x_wconf 80' lang='lat' dir='ltr'>At</span> <span class='ocrx_word' id='word_1_80' title='bbox 2018 1143 2156 1224; x_wconf 88' lang='lat' dir='ltr'>ille,</span> <span class='ocrx_word' id='word_1_81' title='bbox 2212 1144 2414 1234; x_wconf 86' lang='lat' dir='ltr'>cujus</span> <span class='ocrx_word' id='word_1_82' title='bbox 2448 1144 2736 1233; x_wconf 82' lang='lat' dir='ltr'>spiritus</span> 
     </span>
     <span class='ocr_line' id='line_1_11' title="bbox 180 1232 2738 1325; baseline -0.001 -21"><span class='ocrx_word' id='word_1_83' title='bbox 180 1256 397 1325; x_wconf 87' lang='lat' dir='ltr'>super</span> <span class='ocrx_word' id='word_1_84' title='bbox 442 1233 578 1302; x_wconf 90' lang='lat' dir='ltr'>mel</span> <span class='ocrx_word' id='word_1_85' title='bbox 626 1232 877 1315; x_wconf 89' lang='lat' dir='ltr'>dulcis,</span> <span class='ocrx_word' id='word_1_86' title='bbox 919 1232 1221 1323; x_wconf 85' lang='lat' dir='ltr'>primum</span> <span class='ocrx_word' id='word_1_87' title='bbox 1273 1232 1518 1302; x_wconf 90' lang='lat' dir='ltr'>leniter</span> <span class='ocrx_word' id='word_1_88' title='bbox 1538 1233 1970 1321; x_wconf 86' lang='lat' dir='ltr'>breviterque</span> <span class='ocrx_word' id='word_1_89' title='bbox 2014 1253 2569 1303; x_wconf 89' lang='lat' dir='ltr'>commemorans</span> <span class='ocrx_word' id='word_1_90' title='bbox 2591 1254 2738 1303; x_wconf 91' lang='lat' dir='ltr'>cre-</span> 
     </span>
     <span class='ocr_line' id='line_1_12' title="bbox 184 1320 2736 1412; baseline -0.001 -19"><span class='ocrx_word' id='word_1_91' title='bbox 184 1323 349 1395; x_wconf 87' lang='lat' dir='ltr'>bras</span> <span class='ocrx_word' id='word_1_92' title='bbox 387 1344 600 1412; x_wconf 82' lang='lat' dir='ltr'>super</span> <span class='ocrx_word' id='word_1_93' title='bbox 645 1320 1048 1412; x_wconf 80' lang='lat' dir='ltr'>huJusmodi</span> <span class='ocrx_word' id='word_1_94' title='bbox 1096 1320 1614 1411; x_wconf 85' lang='lat' dir='ltr'>objurgationes</span> <span class='ocrx_word' id='word_1_95' title='bbox 1662 1322 1909 1412; x_wconf 75' lang='lat' dir='ltr'>ipsine,</span> <span class='ocrx_word' id='word_1_96' title='bbox 1974 1334 2040 1391; x_wconf 90' lang='lat' dir='ltr'>et</span> <span class='ocrx_word' id='word_1_97' title='bbox 2088 1322 2454 1412; x_wconf 90' lang='lat' dir='ltr'>imponens</span> <span class='ocrx_word' id='word_1_98' title='bbox 2507 1323 2594 1403; x_wconf 87' lang='lat' dir='ltr'>ei,</span> <span class='ocrx_word' id='word_1_99' title='bbox 2652 1343 2736 1391; x_wconf 90' lang='lat' dir='ltr'>ne</span> 
     </span>
     <span class='ocr_line' id='line_1_13' title="bbox 184 1409 2736 1501; baseline -0.001 -20"><span class='ocrx_word' id='word_1_100' title='bbox 184 1410 356 1481; x_wconf 88' lang='lat' dir='ltr'>forte</span> <span class='ocrx_word' id='word_1_101' title='bbox 411 1411 578 1481; x_wconf 91' lang='lat' dir='ltr'>haec</span> <span class='ocrx_word' id='word_1_102' title='bbox 630 1409 886 1480; x_wconf 90' lang='lat' dir='ltr'>diceret</span> <span class='ocrx_word' id='word_1_103' title='bbox 931 1422 1201 1480; x_wconf 91' lang='lat' dir='ltr'>tentans</span> <span class='ocrx_word' id='word_1_104' title='bbox 1247 1431 1462 1480; x_wconf 87' lang='lat' dir='ltr'>eum:</span> <span class='ocrx_word' id='word_1_105' title='bbox 1519 1411 1907 1501; x_wconf 88' lang='lat' dir='ltr'>persistenti</span> <span class='ocrx_word' id='word_1_106' title='bbox 1972 1421 2199 1480; x_wconf 87' lang='lat' dir='ltr'>tamen</span> <span class='ocrx_word' id='word_1_107' title='bbox 2255 1431 2538 1479; x_wconf 90' lang='lat' dir='ltr'>manum</span> <span class='ocrx_word' id='word_1_108' title='bbox 2602 1410 2736 1478; x_wconf 90' lang='lat' dir='ltr'>im-</span> 
     </span>
     <span class='ocr_line' id='line_1_14' title="bbox 186 1498 2738 1591; baseline -0.001 -20"><span class='ocrx_word' id='word_1_109' title='bbox 186 1500 403 1591; x_wconf 86' lang='lat' dir='ltr'>ponit,</span> <span class='ocrx_word' id='word_1_110' title='bbox 446 1511 512 1569; x_wconf 87' lang='lat' dir='ltr'>et</span> <span class='ocrx_word' id='word_1_111' title='bbox 543 1499 797 1570; x_wconf 81' lang='lat' dir='ltr'>febrem</span> <span class='ocrx_word' id='word_1_112' title='bbox 842 1499 1210 1569; x_wconf 88' lang='lat' dir='ltr'>abscedere</span> <span class='ocrx_word' id='word_1_113' title='bbox 1264 1499 1488 1587; x_wconf 85' lang='lat' dir='ltr'>jubet.</span> <span class='ocrx_word' id='word_1_114' title='bbox 1539 1505 1671 1570; x_wconf 88' lang='lat' dir='ltr'>Nec</span> <span class='ocrx_word' id='word_1_115' title='bbox 1724 1521 1959 1569; x_wconf 89' lang='lat' dir='ltr'>mora:</span> <span class='ocrx_word' id='word_1_116' title='bbox 2012 1499 2097 1568; x_wconf 90' lang='lat' dir='ltr'>ad</span> <span class='ocrx_word' id='word_1_117' title='bbox 2157 1498 2529 1590; x_wconf 89' lang='lat' dir='ltr'>imperium</span> <span class='ocrx_word' id='word_1_118' title='bbox 2583 1500 2738 1584; x_wconf 82' lang='lat' dir='ltr'>ejus</span> 
     </span>
     <span class='ocr_line' id='line_1_15' title="bbox 185 1586 2736 1678; baseline -0.001 -19"><span class='ocrx_word' id='word_1_119' title='bbox 185 1589 467 1678; x_wconf 89' lang='lat' dir='ltr'>reliquit</span> <span class='ocrx_word' id='word_1_120' title='bbox 497 1610 654 1658; x_wconf 91' lang='lat' dir='ltr'>eum</span> <span class='ocrx_word' id='word_1_121' title='bbox 697 1586 932 1669; x_wconf 76' lang='lat' dir='ltr'>febriS,</span> <span class='ocrx_word' id='word_1_122' title='bbox 986 1601 1340 1677; x_wconf 84' lang='lat' dir='ltr'>expertum</span> <span class='ocrx_word' id='word_1_123' title='bbox 1387 1587 1455 1656; x_wconf 89' lang='lat' dir='ltr'>in</span> <span class='ocrx_word' id='word_1_124' title='bbox 1491 1588 1884 1678; x_wconf 90' lang='lat' dir='ltr'>semetipso,</span> <span class='ocrx_word' id='word_1_125' title='bbox 1927 1588 2113 1675; x_wconf 92' lang='lat' dir='ltr'>quod</span> <span class='ocrx_word' id='word_1_126' title='bbox 2164 1588 2233 1656; x_wconf 94' lang='lat' dir='ltr'>in</span> <span class='ocrx_word' id='word_1_127' title='bbox 2283 1588 2571 1658; x_wconf 86' lang='lat' dir='ltr'>caeteris</span> <span class='ocrx_word' id='word_1_128' title='bbox 2622 1609 2736 1656; x_wconf 88' lang='lat' dir='ltr'>ar·-</span> 
     </span>
     <span class='ocr_line' id='line_1_16' title="bbox 184 1675 2735 1769; baseline -0.001 -21"><span class='ocrx_word' id='word_1_129' title='bbox 184 1680 464 1769; x_wconf 88' lang='lat' dir='ltr'>guebat.</span> <span class='ocrx_word' id='word_1_130' title='bbox 504 1683 580 1748; x_wconf 88' lang='lat' dir='ltr'>Et</span> <span class='ocrx_word' id='word_1_131' title='bbox 617 1678 673 1746; x_wconf 88' lang='lat' dir='ltr'>is</span> <span class='ocrx_word' id='word_1_132' title='bbox 718 1677 997 1764; x_wconf 90' lang='lat' dir='ltr'>quidem</span> <span class='ocrx_word' id='word_1_133' title='bbox 1041 1677 1444 1756; x_wconf 83' lang='lat' dir='ltr'>Galdricus,</span> <span class='ocrx_word' id='word_1_134' title='bbox 1498 1699 1660 1747; x_wconf 91' lang='lat' dir='ltr'>cum</span> <span class='ocrx_word' id='word_1_135' title='bbox 1726 1677 1793 1745; x_wconf 92' lang='lat' dir='ltr'>in</span> <span class='ocrx_word' id='word_1_136' title='bbox 1845 1675 2217 1747; x_wconf 77' lang='lat' dir='ltr'>claravalle</span> <span class='ocrx_word' id='word_1_137' title='bbox 2271 1677 2534 1763; x_wconf 89' lang='lat' dir='ltr'>aliquot</span> <span class='ocrx_word' id='word_1_138' title='bbox 2584 1677 2735 1767; x_wconf 89' lang='lat' dir='ltr'>jam</span> 
     </span>
    </p>

    <p class='ocr_par' dir='ltr' id='par_1_5' title="bbox 183 1764 2736 2924">
     <span class='ocr_line' id='line_1_17' title="bbox 233 1764 2736 1858; baseline -0 -22"><span class='ocrx_word' id='word_1_139' title='bbox 233 1779 541 1858; x_wconf 89' lang='lat' dir='ltr'>erageret</span> <span class='ocrx_word' id='word_1_140' title='bbox 585 1787 843 1844; x_wconf 89' lang='lat' dir='ltr'>annos,</span> <span class='ocrx_word' id='word_1_141' title='bbox 906 1764 1173 1836; x_wconf 87' lang='lat' dir='ltr'>fervens</span> <span class='ocrx_word' id='word_1_142' title='bbox 1218 1765 1510 1857; x_wconf 90' lang='lat' dir='ltr'>spiritu,</span> <span class='ocrx_word' id='word_1_143' title='bbox 1564 1778 1629 1836; x_wconf 92' lang='lat' dir='ltr'>et</span> <span class='ocrx_word' id='word_1_144' title='bbox 1677 1766 1885 1836; x_wconf 88' lang='lat' dir='ltr'>totius</span> <span class='ocrx_word' id='word_1_145' title='bbox 1944 1766 2105 1836; x_wconf 89' lang='lat' dir='ltr'>boni</span> <span class='ocrx_word' id='word_1_146' title='bbox 2163 1765 2582 1848; x_wconf 76' lang='lat' dir='ltr'>aemulator,</span> <span class='ocrx_word' id='word_1_147' title='bbox 2652 1787 2736 1836; x_wconf 86' lang='lat' dir='ltr'>ex</span> 
     </span>
     <span class='ocr_line' id='line_1_18' title="bbox 213 1854 2733 1947; baseline -0.001 -22"><span class='ocrx_word' id='word_1_148' title='bbox 213 1878 342 1926; x_wconf 84' lang='lat' dir='ltr'>uce</span> <span class='ocrx_word' id='word_1_149' title='bbox 410 1855 751 1947; x_wconf 86' lang='lat' dir='ltr'>migravit.</span> <span class='ocrx_word' id='word_1_150' title='bbox 796 1855 926 1938; x_wconf 90' lang='lat' dir='ltr'>Qui</span> <span class='ocrx_word' id='word_1_151' title='bbox 972 1866 1130 1924; x_wconf 87' lang='lat' dir='ltr'>ante</span> <span class='ocrx_word' id='word_1_152' title='bbox 1180 1854 1317 1924; x_wconf 88' lang='lat' dir='ltr'>fere</span> <span class='ocrx_word' id='word_1_153' title='bbox 1372 1876 1582 1924; x_wconf 91' lang='lat' dir='ltr'>unam</span> <span class='ocrx_word' id='word_1_154' title='bbox 1639 1855 1877 1924; x_wconf 88' lang='lat' dir='ltr'>horam</span> <span class='ocrx_word' id='word_1_155' title='bbox 1946 1854 2209 1935; x_wconf 88' lang='lat' dir='ltr'>mortis,</span> <span class='ocrx_word' id='word_1_156' title='bbox 2265 1854 2580 1925; x_wconf 90' lang='lat' dir='ltr'>turbatus</span> <span class='ocrx_word' id='word_1_157' title='bbox 2644 1854 2733 1923; x_wconf 91' lang='lat' dir='ltr'>ad</span> 
     </span>
     <span class='ocr_line' id='line_1_19' title="bbox 188 1942 2735 2034; baseline -0 -20"><span class='ocrx_word' id='word_1_158' title='bbox 188 1955 642 2025; x_wconf 85' lang='lat' dir='ltr'>momentum,</span> <span class='ocrx_word' id='word_1_159' title='bbox 692 1956 758 2014; x_wconf 89' lang='lat' dir='ltr'>et</span> <span class='ocrx_word' id='word_1_160' title='bbox 804 1956 942 2014; x_wconf 87' lang='lat' dir='ltr'>toto</span> <span class='ocrx_word' id='word_1_161' title='bbox 989 1964 1271 2034; x_wconf 88' lang='lat' dir='ltr'>corpore</span> <span class='ocrx_word' id='word_1_162' title='bbox 1331 1942 1725 2013; x_wconf 89' lang='lat' dir='ltr'>terribiliter</span> <span class='ocrx_word' id='word_1_163' title='bbox 1774 1954 2000 2013; x_wconf 91' lang='lat' dir='ltr'>motus</span> <span class='ocrx_word' id='word_1_164' title='bbox 2044 1942 2424 2015; x_wconf 89' lang='lat' dir='ltr'>infremuit:</span> <span class='ocrx_word' id='word_1_165' title='bbox 2477 1943 2591 2012; x_wconf 86' lang='lat' dir='ltr'>sed</span> <span class='ocrx_word' id='word_1_166' title='bbox 2644 1942 2735 2013; x_wconf 89' lang='lat' dir='ltr'>ad</span> 
     </span>
     <span class='ocr_line' id='line_1_20' title="bbox 191 2031 2736 2124; baseline -0.001 -22"><span class='ocrx_word' id='word_1_167' title='bbox 191 2034 553 2124; x_wconf 88' lang='lat' dir='ltr'>pristinam</span> <span class='ocrx_word' id='word_1_168' title='bbox 604 2033 831 2103; x_wconf 88' lang='lat' dir='ltr'>statim</span> <span class='ocrx_word' id='word_1_169' title='bbox 873 2032 1306 2103; x_wconf 89' lang='lat' dir='ltr'>serenitatem</span> <span class='ocrx_word' id='word_1_170' title='bbox 1366 2053 1711 2112; x_wconf 84' lang='lat' dir='ltr'>reversus,</span> <span class='ocrx_word' id='word_1_171' title='bbox 1770 2032 2096 2122; x_wconf 88' lang='lat' dir='ltr'>deinceps</span> <span class='ocrx_word' id='word_1_172' title='bbox 2164 2031 2359 2101; x_wconf 85' lang='lat' dir='ltr'>vultu</span> <span class='ocrx_word' id='word_1_173' title='bbox 2407 2031 2736 2123; x_wconf 86' lang='lat' dir='ltr'>placidis-</span> 
     </span>
     <span class='ocr_line' id='line_1_21' title="bbox 187 2120 2734 2213; baseline -0 -21"><span class='ocrx_word' id='word_1_174' title='bbox 187 2122 365 2192; x_wconf 89' lang='lat' dir='ltr'>simo</span> <span class='ocrx_word' id='word_1_175' title='bbox 402 2123 758 2213; x_wconf 83' lang='lat' dir='ltr'>expiravit.</span> <span class='ocrx_word' id='word_1_176' title='bbox 812 2121 1041 2192; x_wconf 87' lang='lat' dir='ltr'>Noluit</span> <span class='ocrx_word' id='word_1_177' title='bbox 1072 2134 1300 2191; x_wconf 85' lang='lat' dir='ltr'>autem</span> <span class='ocrx_word' id='word_1_178' title='bbox 1335 2121 1668 2191; x_wconf 88' lang='lat' dir='ltr'>Dominus</span> <span class='ocrx_word' id='word_1_179' title='bbox 1698 2121 2040 2191; x_wconf 89' lang='lat' dir='ltr'>solicitum</span> <span class='ocrx_word' id='word_1_180' title='bbox 2093 2120 2371 2191; x_wconf 80' lang='lat' dir='ltr'>Abbatis</span> <span class='ocrx_word' id='word_1_181' title='bbox 2417 2122 2734 2191; x_wconf 90' lang='lat' dir='ltr'>animum</span> 
     </span>
     <span class='ocr_line' id='line_1_22' title="bbox 191 2208 2732 2310; baseline -0 -32"><span class='ocrx_word' id='word_1_182' title='bbox 191 2210 405 2296; x_wconf 57' lang='lat' dir='ltr'>husus</span> <span class='ocrx_word' id='word_1_183' title='bbox 453 2212 549 2280; x_wconf 86' lang='lat' dir='ltr'>rei</span> <span class='ocrx_word' id='word_1_184' title='bbox 597 2211 985 2302; x_wconf 88' lang='lat' dir='ltr'>cognitione</span> <span class='ocrx_word' id='word_1_185' title='bbox 1033 2210 1365 2280; x_wconf 87' lang='lat' dir='ltr'>fraudari.</span> <span class='ocrx_word' id='word_1_186' title='bbox 1428 2210 1782 2310; x_wconf 87' lang='lat' dir='ltr'>Siquidem</span> <span class='ocrx_word' id='word_1_187' title='bbox 1836 2222 1985 2300; x_wconf 92' lang='lat' dir='ltr'>post</span> <span class='ocrx_word' id='word_1_188' title='bbox 2030 2210 2294 2296; x_wconf 89' lang='lat' dir='ltr'>aliquot</span> <span class='ocrx_word' id='word_1_189' title='bbox 2351 2208 2499 2279; x_wconf 88' lang='lat' dir='ltr'>dics</span> <span class='ocrx_word' id='word_1_190' title='bbox 2548 2209 2732 2278; x_wconf 89' lang='lat' dir='ltr'>idem</span> 
     </span>
     <span class='ocr_line' id='line_1_23' title="bbox 192 2298 2735 2398; baseline -0 -30"><span class='ocrx_word' id='word_1_191' title='bbox 192 2304 287 2368; x_wconf 86' lang='lat' dir='ltr'>Ga</span> <span class='ocrx_word' id='word_1_192' title='bbox 321 2300 553 2370; x_wconf 90' lang='lat' dir='ltr'>dricus</span> <span class='ocrx_word' id='word_1_193' title='bbox 585 2322 929 2390; x_wconf 90' lang='lat' dir='ltr'>apparens</span> <span class='ocrx_word' id='word_1_194' title='bbox 974 2301 1036 2368; x_wconf 91' lang='lat' dir='ltr'>ei</span> <span class='ocrx_word' id='word_1_195' title='bbox 1072 2299 1140 2367; x_wconf 91' lang='lat' dir='ltr'>in</span> <span class='ocrx_word' id='word_1_196' title='bbox 1174 2299 1323 2368; x_wconf 86' lang='lat' dir='ltr'>visu</span> <span class='ocrx_word' id='word_1_197' title='bbox 1355 2312 1598 2379; x_wconf 77' lang='lat' dir='ltr'>noctis,</span> <span class='ocrx_word' id='word_1_198' title='bbox 1635 2320 1797 2368; x_wconf 90' lang='lat' dir='ltr'>cum</span> <span class='ocrx_word' id='word_1_199' title='bbox 1832 2298 2066 2367; x_wconf 91' lang='lat' dir='ltr'>omnia</span> <span class='ocrx_word' id='word_1_200' title='bbox 2100 2319 2263 2389; x_wconf 87' lang='lat' dir='ltr'>erga</span> <span class='ocrx_word' id='word_1_201' title='bbox 2302 2319 2372 2367; x_wconf 87' lang='lat' dir='ltr'>se</span> <span class='ocrx_word' id='word_1_202' title='bbox 2408 2319 2735 2398; x_wconf 87' lang='lat' dir='ltr'>prospera</span> 
     </span>
     <span class='ocr_line' id='line_1_24' title="bbox 188 2386 2733 2488; baseline 0 -32"><span class='ocrx_word' id='word_1_203' title='bbox 188 2409 338 2458; x_wconf 89' lang='lat' dir='ltr'>esse</span> <span class='ocrx_word' id='word_1_204' title='bbox 385 2389 763 2459; x_wconf 89' lang='lat' dir='ltr'>sciscitanti</span> <span class='ocrx_word' id='word_1_205' title='bbox 799 2387 1260 2479; x_wconf 87' lang='lat' dir='ltr'>responderet,</span> <span class='ocrx_word' id='word_1_206' title='bbox 1313 2400 1378 2457; x_wconf 90' lang='lat' dir='ltr'>et</span> <span class='ocrx_word' id='word_1_207' title='bbox 1403 2388 1471 2456; x_wconf 92' lang='lat' dir='ltr'>in</span> <span class='ocrx_word' id='word_1_208' title='bbox 1525 2409 1779 2488; x_wconf 85' lang='lat' dir='ltr'>magna</span> <span class='ocrx_word' id='word_1_209' title='bbox 1813 2409 1884 2456; x_wconf 90' lang='lat' dir='ltr'>se</span> <span class='ocrx_word' id='word_1_210' title='bbox 1916 2387 2382 2478; x_wconf 82' lang='lat' dir='ltr'>gratularetur</span> <span class='ocrx_word' id='word_1_211' title='bbox 2409 2386 2733 2456; x_wconf 75' lang='lat' dir='ltr'>felicitate</span> 
     </span>
     <span class='ocr_line' id='line_1_25' title="bbox 191 2475 2733 2568; baseline 0 -23"><span class='ocrx_word' id='word_1_212' title='bbox 191 2476 510 2560; x_wconf 89' lang='lat' dir='ltr'>locatum,</span> <span class='ocrx_word' id='word_1_213' title='bbox 553 2477 834 2548; x_wconf 89' lang='lat' dir='ltr'>demum</span> <span class='ocrx_word' id='word_1_214' title='bbox 885 2478 1344 2568; x_wconf 80' lang='lat' dir='ltr'>interrogatus</span> <span class='ocrx_word' id='word_1_215' title='bbox 1375 2488 1499 2556; x_wconf 92' lang='lat' dir='ltr'>est,</span> <span class='ocrx_word' id='word_1_216' title='bbox 1551 2476 1719 2565; x_wconf 76' lang='lat' dir='ltr'>quid</span> <span class='ocrx_word' id='word_1_217' title='bbox 1783 2475 1917 2547; x_wconf 91' lang='lat' dir='ltr'>sibi</span> <span class='ocrx_word' id='word_1_218' title='bbox 1967 2475 2256 2546; x_wconf 84' lang='lat' dir='ltr'>voluerit</span> <span class='ocrx_word' id='word_1_219' title='bbox 2305 2487 2443 2545; x_wconf 90' lang='lat' dir='ltr'>tam</span> <span class='ocrx_word' id='word_1_220' title='bbox 2483 2476 2733 2545; x_wconf 89' lang='lat' dir='ltr'>acerba</span> 
     </span>
     <span class='ocr_line' id='line_1_26' title="bbox 187 2564 2731 2653; baseline -0 -17"><span class='ocrx_word' id='word_1_221' title='bbox 187 2566 303 2636; x_wconf 90' lang='lat' dir='ltr'>illa</span> <span class='ocrx_word' id='word_1_222' title='bbox 341 2567 412 2636; x_wconf 94' lang='lat' dir='ltr'>in</span> <span class='ocrx_word' id='word_1_223' title='bbox 464 2580 702 2649; x_wconf 90' lang='lat' dir='ltr'>morte,</span> <span class='ocrx_word' id='word_1_224' title='bbox 759 2580 1035 2653; x_wconf 87' lang='lat' dir='ltr'>tamque</span> <span class='ocrx_word' id='word_1_225' title='bbox 1083 2588 1154 2635; x_wconf 87' lang='lat' dir='ltr'>re</span> <span class='ocrx_word' id='word_1_226' title='bbox 1204 2566 1439 2636; x_wconf 91' lang='lat' dir='ltr'>entina</span> <span class='ocrx_word' id='word_1_227' title='bbox 1470 2565 1864 2636; x_wconf 77' lang='lat' dir='ltr'>commotio,</span> <span class='ocrx_word' id='word_1_228' title='bbox 1921 2564 2197 2635; x_wconf 86' lang='lat' dir='ltr'>Dicebat</span> <span class='ocrx_word' id='word_1_229' title='bbox 2241 2576 2497 2646; x_wconf 89' lang='lat' dir='ltr'>autem,</span> <span class='ocrx_word' id='word_1_230' title='bbox 2542 2565 2731 2652; x_wconf 89' lang='lat' dir='ltr'>quod</span> 
     </span>
     <span class='ocr_line' id='line_1_27' title="bbox 187 2652 2734 2747; baseline 0 -24"><span class='ocrx_word' id='word_1_231' title='bbox 187 2655 327 2725; x_wconf 91' lang='lat' dir='ltr'>duo</span> <span class='ocrx_word' id='word_1_232' title='bbox 374 2657 662 2747; x_wconf 88' lang='lat' dir='ltr'>spiritus</span> <span class='ocrx_word' id='word_1_233' title='bbox 723 2677 1018 2743; x_wconf 88' lang='lat' dir='ltr'>nequam</span> <span class='ocrx_word' id='word_1_234' title='bbox 1072 2676 1149 2724; x_wconf 90' lang='lat' dir='ltr'>ve</span> <span class='ocrx_word' id='word_1_235' title='bbox 1179 2667 1256 2725; x_wconf 89' lang='lat' dir='ltr'>ut</span> <span class='ocrx_word' id='word_1_236' title='bbox 1311 2655 1382 2723; x_wconf 92' lang='lat' dir='ltr'>in</span> <span class='ocrx_word' id='word_1_237' title='bbox 1446 2666 1729 2745; x_wconf 88' lang='lat' dir='ltr'>puteum</span> <span class='ocrx_word' id='word_1_238' title='bbox 1799 2654 2182 2724; x_wconf 87' lang='lat' dir='ltr'>horrendae</span> <span class='ocrx_word' id='word_1_239' title='bbox 2243 2652 2734 2743; x_wconf 84' lang='lat' dir='ltr'>profunditatis</span> 
     </span>
     <span class='ocr_line' id='line_1_28' title="bbox 186 2743 2732 2836; baseline -0 -23"><span class='ocrx_word' id='word_1_240' title='bbox 186 2765 344 2813; x_wconf 91' lang='lat' dir='ltr'>eum</span> <span class='ocrx_word' id='word_1_241' title='bbox 383 2744 832 2836; x_wconf 89' lang='lat' dir='ltr'>praecipitare</span> <span class='ocrx_word' id='word_1_242' title='bbox 881 2756 1276 2835; x_wconf 89' lang='lat' dir='ltr'>parassent:</span> <span class='ocrx_word' id='word_1_243' title='bbox 1342 2743 1527 2813; x_wconf 89' lang='lat' dir='ltr'>unde</span> <span class='ocrx_word' id='word_1_244' title='bbox 1590 2743 2048 2825; x_wconf 83' lang='lat' dir='ltr'>territus,·ita</span> <span class='ocrx_word' id='word_1_245' title='bbox 2107 2743 2553 2814; x_wconf 86' lang='lat' dir='ltr'>contremuit:</span> <span class='ocrx_word' id='word_1_246' title='bbox 2608 2743 2732 2812; x_wconf 90' lang='lat' dir='ltr'>sed</span> 
     </span>
     <span class='ocr_line' id='line_1_29' title="bbox 183 2831 2638 2924; baseline -0.001 -21"><span class='ocrx_word' id='word_1_247' title='bbox 183 2832 380 2903; x_wconf 89' lang='lat' dir='ltr'>beato</span> <span class='ocrx_word' id='word_1_248' title='bbox 415 2837 606 2903; x_wconf 87' lang='lat' dir='ltr'>Petro</span> <span class='ocrx_word' id='word_1_249' title='bbox 654 2834 1072 2904; x_wconf 87' lang='lat' dir='ltr'>accelerante</span> <span class='ocrx_word' id='word_1_250' title='bbox 1105 2844 1402 2924; x_wconf 88' lang='lat' dir='ltr'>ereptus,</span> <span class='ocrx_word' id='word_1_251' title='bbox 1441 2832 1613 2901; x_wconf 92' lang='lat' dir='ltr'>nihil</span> <span class='ocrx_word' id='word_1_252' title='bbox 1649 2832 1861 2903; x_wconf 88' lang='lat' dir='ltr'>sensit</span> <span class='ocrx_word' id='word_1_253' title='bbox 1908 2831 2148 2901; x_wconf 89' lang='lat' dir='ltr'>deince</span> <span class='ocrx_word' id='word_1_254' title='bbox 2202 2854 2236 2901; x_wconf 91' lang='lat' dir='ltr'>s</span> <span class='ocrx_word' id='word_1_255' title='bbox 2290 2831 2638 2901; x_wconf 87' lang='lat' dir='ltr'>laesionis.</span> 
     </span>
    </p>

    <p class='ocr_par' dir='ltr' id='par_1_6' title="bbox 181 2919 2736 4527">
     <span class='ocr_line' id='line_1_30' title="bbox 270 2919 2733 3013; baseline -0.004 -17"><span class='ocrx_word' id='word_1_256' title='bbox 270 2926 307 3010; x_wconf 65' lang='grc' dir='ltr'><strong>ξ</strong></span> <span class='ocrx_word' id='word_1_257' title='bbox 355 2926 496 2995; x_wconf 62' lang='lat'>21².</span> <span class='ocrx_word' id='word_1_258' title='bbox 550 2927 860 3013; x_wconf 87' lang='lat' dir='ltr'>Longum</span> <span class='ocrx_word' id='word_1_259' title='bbox 891 2933 994 2993; x_wconf 85' lang='lat' dir='ltr'>est</span> <span class='ocrx_word' id='word_1_260' title='bbox 1038 2935 1286 2992; x_wconf 91' lang='lat' dir='ltr'>cuncta</span> <span class='ocrx_word' id='word_1_261' title='bbox 1310 2943 1656 3003; x_wconf 89' lang='lat' dir='ltr'>enarrare,</span> <span class='ocrx_word' id='word_1_262' title='bbox 1691 2942 1869 3009; x_wconf 88' lang='lat' dir='ltr'>quae</span> <span class='ocrx_word' id='word_1_263' title='bbox 1917 2942 2127 3011; x_wconf 90' lang='lat' dir='ltr'>super</span> <span class='ocrx_word' id='word_1_264' title='bbox 2211 2921 2269 2990; x_wconf 89' lang='lat' dir='ltr'>is</span> <span class='ocrx_word' id='word_1_265' title='bbox 2315 2920 2436 3007; x_wconf 91' lang='lat' dir='ltr'>qui</span> <span class='ocrx_word' id='word_1_266' title='bbox 2481 2919 2567 2988; x_wconf 91' lang='lat' dir='ltr'>de</span> <span class='ocrx_word' id='word_1_267' title='bbox 2601 2919 2733 2989; x_wconf 91' lang='lat' dir='ltr'>hac</span> 
     </span>
     <span class='ocr_line' id='line_1_31' title="bbox 187 3008 2734 3092; baseline 0 -15"><span class='ocrx_word' id='word_1_268' title='bbox 187 3011 320 3080; x_wconf 86' lang='lat' dir='ltr'>vita</span> <span class='ocrx_word' id='word_1_269' title='bbox 351 3009 832 3091; x_wconf 88' lang='lat' dir='ltr'>discesserant,</span> <span class='ocrx_word' id='word_1_270' title='bbox 869 3023 934 3081; x_wconf 92' lang='lat' dir='ltr'>et</span> <span class='ocrx_word' id='word_1_271' title='bbox 970 3032 1210 3083; x_wconf 90' lang='lat' dir='ltr'>eorum</span> <span class='ocrx_word' id='word_1_272' title='bbox 1259 3010 1600 3092; x_wconf 89' lang='lat' dir='ltr'>felicitate,</span> <span class='ocrx_word' id='word_1_273' title='bbox 1645 3032 1770 3081; x_wconf 93' lang='lat' dir='ltr'>seu</span> <span class='ocrx_word' id='word_1_274' title='bbox 1801 3010 2008 3080; x_wconf 91' lang='lat' dir='ltr'>etiam</span> <span class='ocrx_word' id='word_1_275' title='bbox 2041 3008 2463 3088; x_wconf 86' lang='lat' dir='ltr'>necessitate,</span> <span class='ocrx_word' id='word_1_276' title='bbox 2497 3008 2734 3078; x_wconf 87' lang='lat' dir='ltr'>divina</span> 
     </span>
     <span class='ocr_line' id='line_1_32' title="bbox 183 3096 2727 3191; baseline -0.001 -22"><span class='ocrx_word' id='word_1_277' title='bbox 183 3099 246 3169; x_wconf 89' lang='lat' dir='ltr'>ei</span> <span class='ocrx_word' id='word_1_278' title='bbox 294 3100 514 3189; x_wconf 85' lang='lat' dir='ltr'>gratia</span> <span class='ocrx_word' id='word_1_279' title='bbox 547 3100 845 3170; x_wconf 88' lang='lat' dir='ltr'>revelare</span> <span class='ocrx_word' id='word_1_280' title='bbox 882 3100 971 3170; x_wconf 82' lang='lat' dir='ltr'>ab</span> <span class='ocrx_word' id='word_1_281' title='bbox 1020 3100 1193 3191; x_wconf 92' lang='lat' dir='ltr'>ipsis</span> <span class='ocrx_word' id='word_1_282' title='bbox 1233 3099 1448 3172; x_wconf 90' lang='lat' dir='ltr'>initiis</span> <span class='ocrx_word' id='word_1_283' title='bbox 1494 3099 1871 3171; x_wconf 84' lang='lat' dir='ltr'>consuevit.</span> <span class='ocrx_word' id='word_1_284' title='bbox 1927 3103 2151 3169; x_wconf 90' lang='lat' dir='ltr'>Unum</span> <span class='ocrx_word' id='word_1_285' title='bbox 2205 3111 2431 3167; x_wconf 87' lang='lat' dir='ltr'>tamen</span> <span class='ocrx_word' id='word_1_286' title='bbox 2472 3096 2727 3178; x_wconf 90' lang='lat' dir='ltr'>dicam,</span> 
     </span>
     <span class='ocr_line' id='line_1_33' title="bbox 181 3187 2736 3277; baseline -0.001 -19"><span class='ocrx_word' id='word_1_287' title='bbox 181 3188 367 3275; x_wconf 88' lang='lat' dir='ltr'>quod</span> <span class='ocrx_word' id='word_1_288' title='bbox 416 3190 506 3260; x_wconf 93' lang='lat' dir='ltr'>ob</span> <span class='ocrx_word' id='word_1_289' title='bbox 553 3188 838 3260; x_wconf 80' lang='lat' dir='ltr'>fratrum</span> <span class='ocrx_word' id='word_1_290' title='bbox 898 3189 1502 3259; x_wconf 88' lang='lat' dir='ltr'>commonitionem</span> <span class='ocrx_word' id='word_1_291' title='bbox 1554 3188 1920 3277; x_wconf 88' lang='lat' dir='ltr'>aliquoties</span> <span class='ocrx_word' id='word_1_292' title='bbox 1964 3188 2168 3257; x_wconf 90' lang='lat' dir='ltr'>etiam</span> <span class='ocrx_word' id='word_1_293' title='bbox 2227 3187 2376 3277; x_wconf 89' lang='lat' dir='ltr'>ipse</span> <span class='ocrx_word' id='word_1_294' title='bbox 2426 3207 2736 3255; x_wconf 88' lang='lat' dir='ltr'>comme-</span> 
     </span>
     <span class='ocr_line' id='line_1_34' title="bbox 189 3274 2733 3366; baseline -0.001 -19"><span class='ocrx_word' id='word_1_295' title='bbox 189 3297 457 3347; x_wconf 89' lang='lat' dir='ltr'>morare</span> <span class='ocrx_word' id='word_1_296' title='bbox 511 3278 795 3350; x_wconf 88' lang='lat' dir='ltr'>solebat.</span> <span class='ocrx_word' id='word_1_297' title='bbox 848 3284 1079 3349; x_wconf 88' lang='lat' dir='ltr'>Frater</span> <span class='ocrx_word' id='word_1_298' title='bbox 1137 3277 1421 3366; x_wconf 91' lang='lat' dir='ltr'>quidam</span> <span class='ocrx_word' id='word_1_299' title='bbox 1477 3279 1695 3347; x_wconf 82' lang='lat' dir='ltr'>bonae</span> <span class='ocrx_word' id='word_1_300' title='bbox 1743 3276 2181 3358; x_wconf 81' lang='lat' dir='ltr'>intentioniS,</span> <span class='ocrx_word' id='word_1_301' title='bbox 2245 3274 2364 3347; x_wconf 92' lang='lat' dir='ltr'>sed</span> <span class='ocrx_word' id='word_1_302' title='bbox 2425 3274 2733 3345; x_wconf 88' lang='lat' dir='ltr'>durioris</span> 
     </span>
     <span class='ocr_line' id='line_1_35' title="bbox 182 3364 2728 3456; baseline -0.001 -22"><span class='ocrx_word' id='word_1_303' title='bbox 182 3386 257 3434; x_wconf 79' lang='lat' dir='ltr'>er</span> <span class='ocrx_word' id='word_1_304' title='bbox 306 3388 346 3435; x_wconf 90' lang='lat' dir='ltr'>a</span> <span class='ocrx_word' id='word_1_305' title='bbox 391 3379 693 3438; x_wconf 89' lang='lat' dir='ltr'>caeteros</span> <span class='ocrx_word' id='word_1_306' title='bbox 725 3366 967 3437; x_wconf 90' lang='lat' dir='ltr'>fratres</span> <span class='ocrx_word' id='word_1_307' title='bbox 1012 3366 1570 3447; x_wconf 80' lang='lat' dir='ltr'>conversationiS,</span> <span class='ocrx_word' id='word_1_308' title='bbox 1622 3379 1689 3436; x_wconf 93' lang='lat' dir='ltr'>et</span> <span class='ocrx_word' id='word_1_309' title='bbox 1738 3367 1971 3435; x_wconf 91' lang='lat' dir='ltr'>minus</span> <span class='ocrx_word' id='word_1_310' title='bbox 2017 3364 2469 3456; x_wconf 78' lang='lat' dir='ltr'>compatienS,</span> <span class='ocrx_word' id='word_1_311' title='bbox 2516 3385 2728 3451; x_wconf 90' lang='lat' dir='ltr'>quam</span> 
     </span>
     <span class='ocr_line' id='line_1_36' title="bbox 182 3452 2734 3547; baseline 0 -25"><span class='ocrx_word' id='word_1_312' title='bbox 182 3453 267 3523; x_wconf 89' lang='lat' dir='ltr'>de</span> <span class='ocrx_word' id='word_1_313' title='bbox 317 3467 482 3537; x_wconf 90' lang='lat' dir='ltr'>eret,</span> <span class='ocrx_word' id='word_1_314' title='bbox 523 3456 593 3525; x_wconf 92' lang='lat' dir='ltr'>in</span> <span class='ocrx_word' id='word_1_315' title='bbox 644 3456 1057 3526; x_wconf 88' lang='lat' dir='ltr'>monasterio</span> <span class='ocrx_word' id='word_1_316' title='bbox 1088 3454 1456 3526; x_wconf 86' lang='lat' dir='ltr'>defunctus</span> <span class='ocrx_word' id='word_1_317' title='bbox 1491 3467 1617 3524; x_wconf 91' lang='lat' dir='ltr'>est.</span> <span class='ocrx_word' id='word_1_318' title='bbox 1654 3460 1808 3525; x_wconf 88' lang='lat' dir='ltr'>Post</span> <span class='ocrx_word' id='word_1_319' title='bbox 1844 3477 2100 3547; x_wconf 89' lang='lat' dir='ltr'>paucos</span> <span class='ocrx_word' id='word_1_320' title='bbox 2141 3466 2372 3524; x_wconf 88' lang='lat' dir='ltr'>autem</span> <span class='ocrx_word' id='word_1_321' title='bbox 2404 3452 2552 3522; x_wconf 89' lang='lat' dir='ltr'>dies</span> <span class='ocrx_word' id='word_1_322' title='bbox 2587 3452 2734 3522; x_wconf 85' lang='lat' dir='ltr'>viro</span> 
     </span>
     <span class='ocr_line' id='line_1_37' title="bbox 188 3541 2729 3644; baseline -0.001 -32"><span class='ocrx_word' id='word_1_323' title='bbox 188 3544 306 3613; x_wconf 90' lang='lat' dir='ltr'>Dei</span> <span class='ocrx_word' id='word_1_324' title='bbox 353 3544 676 3634; x_wconf 90' lang='lat' dir='ltr'>apparuit</span> <span class='ocrx_word' id='word_1_325' title='bbox 703 3545 898 3615; x_wconf 87' lang='lat' dir='ltr'>vultu</span> <span class='ocrx_word' id='word_1_326' title='bbox 945 3543 1227 3644; x_wconf 78' lang='lat' dir='ltr'>lugubri</span> <span class='ocrx_word' id='word_1_327' title='bbox 1265 3557 1331 3614; x_wconf 92' lang='lat' dir='ltr'>et</span> <span class='ocrx_word' id='word_1_328' title='bbox 1369 3544 1611 3613; x_wconf 87' lang='lat' dir='ltr'>habitu</span> <span class='ocrx_word' id='word_1_329' title='bbox 1661 3543 2083 3625; x_wconf 89' lang='lat' dir='ltr'>miserabili,</span> <span class='ocrx_word' id='word_1_330' title='bbox 2145 3542 2200 3611; x_wconf 89' lang='lat' dir='ltr'>si</span> <span class='ocrx_word' id='word_1_331' title='bbox 2259 3541 2551 3611; x_wconf 79' lang='lat' dir='ltr'>nilicans</span> <span class='ocrx_word' id='word_1_332' title='bbox 2590 3562 2729 3611; x_wconf 90' lang='lat' dir='ltr'>non</span> 
     </span>
     <span class='ocr_line' id='line_1_38' title="bbox 184 3631 2725 3723; baseline -0 -22"><span class='ocrx_word' id='word_1_333' title='bbox 184 3631 267 3701; x_wconf 90' lang='lat' dir='ltr'>ad</span> <span class='ocrx_word' id='word_1_334' title='bbox 335 3646 565 3703; x_wconf 87' lang='lat' dir='ltr'>votum</span> <span class='ocrx_word' id='word_1_335' title='bbox 627 3647 874 3704; x_wconf 89' lang='lat' dir='ltr'>cuncta</span> <span class='ocrx_word' id='word_1_336' title='bbox 921 3633 1054 3703; x_wconf 85' lang='lat' dir='ltr'>sib1</span> <span class='ocrx_word' id='word_1_337' title='bbox 1102 3633 1492 3703; x_wconf 90' lang='lat' dir='ltr'>succedere.</span> <span class='ocrx_word' id='word_1_338' title='bbox 1550 3637 2017 3723; x_wconf 83' lang='lat' dir='ltr'>Interrogatus</span> <span class='ocrx_word' id='word_1_339' title='bbox 2074 3631 2196 3719; x_wconf 91' lang='lat' dir='ltr'>qui</span> <span class='ocrx_word' id='word_1_340' title='bbox 2293 3631 2427 3700; x_wconf 91' lang='lat' dir='ltr'>sibi</span> <span class='ocrx_word' id='word_1_341' title='bbox 2496 3642 2725 3711; x_wconf 88' lang='lat' dir='ltr'>esset,</span> 
     </span>
     <span class='ocr_line' id='line_1_39' title="bbox 182 3719 2733 3810; baseline -0.002 -20"><span class='ocrx_word' id='word_1_342' title='bbox 182 3732 477 3807; x_wconf 89' lang='lat' dir='ltr'>quatuor</span> <span class='ocrx_word' id='word_1_343' title='bbox 524 3721 797 3793; x_wconf 88' lang='lat' dir='ltr'>lacertis</span> <span class='ocrx_word' id='word_1_344' title='bbox 841 3743 987 3793; x_wconf 86' lang='lat' dir='ltr'>sese</span> <span class='ocrx_word' id='word_1_345' title='bbox 1022 3721 1347 3792; x_wconf 87' lang='lat' dir='ltr'>traditum</span> <span class='ocrx_word' id='word_1_346' title='bbox 1377 3721 1858 3810; x_wconf 89' lang='lat' dir='ltr'>quaerebatur.</span> <span class='ocrx_word' id='word_1_347' title='bbox 1897 3720 1992 3790; x_wconf 75' lang='lat' dir='ltr'>Ad</span> <span class='ocrx_word' id='word_1_348' title='bbox 2023 3719 2207 3808; x_wconf 88' lang='lat' dir='ltr'>quod</span> <span class='ocrx_word' id='word_1_349' title='bbox 2251 3720 2533 3788; x_wconf 76' lang='lat' dir='ltr'>verbum</span> <span class='ocrx_word' id='word_1_350' title='bbox 2569 3739 2733 3787; x_wconf 90' lang='lat' dir='ltr'>con-</span> 
     </span>
     <span class='ocr_line' id='line_1_40' title="bbox 186 3805 2731 3902; baseline -0.002 -24"><span class='ocrx_word' id='word_1_351' title='bbox 186 3809 378 3881; x_wconf 91' lang='lat' dir='ltr'>tinuo</span> <span class='ocrx_word' id='word_1_352' title='bbox 424 3810 774 3902; x_wconf 90' lang='lat' dir='ltr'>impulsus</span> <span class='ocrx_word' id='word_1_353' title='bbox 818 3822 944 3892; x_wconf 90' lang='lat' dir='ltr'>est,</span> <span class='ocrx_word' id='word_1_354' title='bbox 972 3821 1039 3881; x_wconf 84' lang='lat' dir='ltr'>et</span> <span class='ocrx_word' id='word_1_355' title='bbox 1083 3811 1285 3899; x_wconf 88' lang='lat' dir='ltr'>quasi</span> <span class='ocrx_word' id='word_1_356' title='bbox 1325 3811 1855 3901; x_wconf 88' lang='lat' dir='ltr'>praecipitanter</span> <span class='ocrx_word' id='word_1_357' title='bbox 1898 3808 2233 3900; x_wconf 83' lang='lat' dir='ltr'>expulsus</span> <span class='ocrx_word' id='word_1_358' title='bbox 2285 3831 2327 3877; x_wconf 91' lang='lat' dir='ltr'>a</span> <span class='ocrx_word' id='word_1_359' title='bbox 2372 3807 2546 3876; x_wconf 88' lang='lat' dir='ltr'>facie</span> <span class='ocrx_word' id='word_1_360' title='bbox 2599 3805 2731 3874; x_wconf 83' lang='lat' dir='ltr'>viri</span> 
     </span>
     <span class='ocr_line' id='line_1_41' title="bbox 188 3897 2731 4001; baseline -0.001 -35"><span class='ocrx_word' id='word_1_361' title='bbox 188 3899 493 3983; x_wconf 62' lang='lat' dir='ltr'>Dei.‘Qui</span> <span class='ocrx_word' id='word_1_362' title='bbox 523 3900 801 4001; x_wconf 84' lang='lat' dir='ltr'>gravius</span> <span class='ocrx_word' id='word_1_363' title='bbox 849 3899 1333 3990; x_wconf 79' lang='lat' dir='ltr'>ingemiscenS,</span> <span class='ocrx_word' id='word_1_364' title='bbox 1373 3911 1524 3991; x_wconf 92' lang='lat' dir='ltr'>post</span> <span class='ocrx_word' id='word_1_365' title='bbox 1569 3912 1840 3989; x_wconf 88' lang='lat' dir='ltr'>tergum</span> <span class='ocrx_word' id='word_1_366' title='bbox 1872 3899 2026 3988; x_wconf 85' lang='lat' dir='ltr'>ejus</span> <span class='ocrx_word' id='word_1_367' title='bbox 2054 3897 2420 3967; x_wconf 89' lang='lat' dir='ltr'>clamavit:</span> <span class='ocrx_word' id='word_1_368' title='bbox 2461 3917 2498 3961; x_wconf 84' lang='lat'>«</span> <span class='ocrx_word' id='word_1_369' title='bbox 2532 3899 2731 3963; x_wconf 88' lang='lat' dir='ltr'>Prae-</span> 
     </span>
     <span class='ocr_line' id='line_1_42' title="bbox 190 3986 2729 4079; baseline -0.002 -24"><span class='ocrx_word' id='word_1_370' title='bbox 190 3986 367 4079; x_wconf 89' lang='lat' dir='ltr'>cipio</span> <span class='ocrx_word' id='word_1_371' title='bbox 390 3988 510 4058; x_wconf 91' lang='lat' dir='ltr'>tibi</span> <span class='ocrx_word' id='word_1_372' title='bbox 548 4011 616 4058; x_wconf 77' lang='lat' dir='ltr'>tn</span> <span class='ocrx_word' id='word_1_373' title='bbox 653 3987 929 4059; x_wconf 90' lang='lat' dir='ltr'>nomine</span> <span class='ocrx_word' id='word_1_374' title='bbox 959 3988 1252 4071; x_wconf 90' lang='lat' dir='ltr'>Domini,</span> <span class='ocrx_word' id='word_1_375' title='bbox 1291 4001 1367 4059; x_wconf 93' lang='lat' dir='ltr'>ut</span> <span class='ocrx_word' id='word_1_376' title='bbox 1394 3988 1694 4077; x_wconf 88' lang='lat' dir='ltr'>qualiter</span> <span class='ocrx_word' id='word_1_377' title='bbox 1725 3999 1949 4058; x_wconf 89' lang='lat' dir='ltr'>tecum</span> <span class='ocrx_word' id='word_1_378' title='bbox 1982 3998 2251 4077; x_wconf 84' lang='lat' dir='ltr'>agatur,</span> <span class='ocrx_word' id='word_1_379' title='bbox 2287 3996 2441 4075; x_wconf 91' lang='lat' dir='ltr'>post</span> <span class='ocrx_word' id='word_1_380' title='bbox 2469 4004 2729 4073; x_wconf 89' lang='lat' dir='ltr'>paucos</span> 
     </span>
     <span class='ocr_line' id='line_1_43' title="bbox 187 4074 2721 4161; baseline -0.002 -16"><span class='ocrx_word' id='word_1_381' title='bbox 187 4075 332 4148; x_wconf 91' lang='lat' dir='ltr'>dies</span> <span class='ocrx_word' id='word_1_382' title='bbox 381 4077 555 4147; x_wconf 87' lang='lat' dir='ltr'>mihi</span> <span class='ocrx_word' id='word_1_383' title='bbox 603 4079 851 4148; x_wconf 89' lang='lat' dir='ltr'>iterum</span> <span class='ocrx_word' id='word_1_384' title='bbox 883 4077 1339 4147; x_wconf 63' lang='lat' dir='ltr'>innotescas·</span> <span class='ocrx_word' id='word_1_385' title='bbox 1378 4082 1455 4147; x_wconf 87' lang='lat' dir='ltr'>Et</span> <span class='ocrx_word' id='word_1_386' title='bbox 1491 4099 1866 4147; x_wconf 85' lang='lat' dir='ltr'>conversus</span> <span class='ocrx_word' id='word_1_387' title='bbox 1901 4075 1988 4144; x_wconf 86' lang='lat' dir='ltr'>ad</span> <span class='ocrx_word' id='word_1_388' title='bbox 2038 4074 2418 4144; x_wconf 88' lang='lat' dir='ltr'>orationem</span> <span class='ocrx_word' id='word_1_389' title='bbox 2459 4092 2583 4161; x_wconf 87' lang='lat' dir='ltr'>pro</span> <span class='ocrx_word' id='word_1_390' title='bbox 2615 4092 2721 4151; x_wconf 86' lang='lat' dir='ltr'>eo,</span> 
     </span>
     <span class='ocr_line' id='line_1_44' title="bbox 184 4162 2726 4253; baseline -0.003 -17"><span class='ocrx_word' id='word_1_391' title='bbox 184 4178 249 4236; x_wconf 86' lang='lat' dir='ltr'>et</span> <span class='ocrx_word' id='word_1_392' title='bbox 284 4165 699 4237; x_wconf 88' lang='lat' dir='ltr'>oblationem</span> <span class='ocrx_word' id='word_1_393' title='bbox 764 4166 1024 4237; x_wconf 87' lang='lat' dir='ltr'>hostiae</span> <span class='ocrx_word' id='word_1_394' title='bbox 1072 4165 1432 4248; x_wconf 89' lang='lat' dir='ltr'>salutaris,</span> <span class='ocrx_word' id='word_1_395' title='bbox 1491 4165 1766 4253; x_wconf 88' lang='lat' dir='ltr'>aliquos</span> <span class='ocrx_word' id='word_1_396' title='bbox 1835 4164 2077 4234; x_wconf 89' lang='lat' dir='ltr'>fratres</span> <span class='ocrx_word' id='word_1_397' title='bbox 2132 4162 2336 4232; x_wconf 87' lang='lat' dir='ltr'>etiam</span> <span class='ocrx_word' id='word_1_398' title='bbox 2367 4216 2383 4241; x_wconf 92' lang='lat'>,</span> <span class='ocrx_word' id='word_1_399' title='bbox 2427 4180 2726 4248; x_wconf 90' lang='lat' dir='ltr'>quorum</span> 
     </span>
     <span class='ocr_line' id='line_1_45' title="bbox 184 4250 2727 4345; baseline -0.003 -21"><span class='ocrx_word' id='word_1_400' title='bbox 184 4254 591 4345; x_wconf 87' lang='lat' dir='ltr'>ampliorem</span> <span class='ocrx_word' id='word_1_401' title='bbox 627 4269 904 4326; x_wconf 89' lang='lat' dir='ltr'>noverat</span> <span class='ocrx_word' id='word_1_402' title='bbox 948 4256 1402 4336; x_wconf 88' lang='lat' dir='ltr'>sanctitatem,</span> <span class='ocrx_word' id='word_1_403' title='bbox 1450 4254 1676 4325; x_wconf 87' lang='lat' dir='ltr'>cidem</span> <span class='ocrx_word' id='word_1_404' title='bbox 1712 4253 2031 4325; x_wconf 90' lang='lat' dir='ltr'>similiter</span> <span class='ocrx_word' id='word_1_405' title='bbox 2081 4250 2445 4321; x_wconf 83' lang='lat' dir='ltr'>subvenire</span> <span class='ocrx_word' id='word_1_406' title='bbox 2492 4269 2727 4319; x_wconf 90' lang='lat' dir='ltr'>mone-</span> 
     </span>
     <span class='ocr_line' id='line_1_46' title="bbox 186 4341 2720 4442; baseline -0.002 -29"><span class='ocrx_word' id='word_1_407' title='bbox 186 4343 325 4413; x_wconf 86' lang='lat' dir='ltr'>bat.</span> <span class='ocrx_word' id='word_1_408' title='bbox 363 4348 492 4414; x_wconf 80' lang='lat' dir='ltr'>Nec</span> <span class='ocrx_word' id='word_1_409' title='bbox 538 4367 696 4415; x_wconf 84' lang='lat' dir='ltr'>vero</span> <span class='ocrx_word' id='word_1_410' title='bbox 727 4344 1009 4427; x_wconf 90' lang='lat' dir='ltr'>destitit,</span> <span class='ocrx_word' id='word_1_411' title='bbox 1062 4344 1280 4415; x_wconf 90' lang='lat' dir='ltr'>donec</span> <span class='ocrx_word' id='word_1_412' title='bbox 1330 4357 1481 4435; x_wconf 90' lang='lat' dir='ltr'>post</span> <span class='ocrx_word' id='word_1_413' title='bbox 1501 4343 1767 4429; x_wconf 90' lang='lat' dir='ltr'>aliquot</span> <span class='ocrx_word' id='word_1_414' title='bbox 1810 4342 1983 4423; x_wconf 88' lang='lat' dir='ltr'>dies,</span> <span class='ocrx_word' id='word_1_415' title='bbox 2039 4341 2221 4414; x_wconf 87' lang='lat' dir='ltr'>sicut</span> <span class='ocrx_word' id='word_1_416' title='bbox 2260 4350 2720 4442; x_wconf 85' lang='lat' dir='ltr'>praeceperat,</span> 
     </span>
     <span class='ocr_line' id='line_1_47' title="bbox 191 4428 2718 4527; baseline -0.003 -25"><span class='ocrx_word' id='word_1_417' title='bbox 191 4453 312 4523; x_wconf 84' lang='lat' dir='ltr'>per</span> <span class='ocrx_word' id='word_1_418' title='bbox 356 4432 563 4504; x_wconf 85' lang='lat' dir='ltr'>aliam</span> <span class='ocrx_word' id='word_1_419' title='bbox 594 4435 1074 4506; x_wconf 85' lang='lat' dir='ltr'>revelationem</span> <span class='ocrx_word' id='word_1_420' title='bbox 1102 4433 1380 4527; x_wconf 86' lang='lat' dir='ltr'>cognita</span> <span class='ocrx_word' id='word_1_421' title='bbox 1409 4433 1561 4524; x_wconf 88' lang='lat' dir='ltr'>ejus</span> <span class='ocrx_word' id='word_1_422' title='bbox 1587 4432 2013 4514; x_wconf 89' lang='lat' dir='ltr'>liberatione,</span> <span class='ocrx_word' id='word_1_423' title='bbox 2061 4442 2316 4502; x_wconf 73' lang='lat' dir='ltr'>meruit</span> <span class='ocrx_word' id='word_1_424' title='bbox 2350 4428 2718 4501; x_wconf 88' lang='lat' dir='ltr'>consolari.</span> 
     </span>
    </p>
   </div>
  </div>
 </body>
</html>
