3308 5004
151 373 338 442 Ana.
392 371 478 440 27
776 391 873 438 ns·
902 390 958 440 s.
1012 387 1285 439 stoacio·
1333 389 1506 441 mac.
1552 390 1629 439 ur
1675 385 1877 441 socns
1924 378 2038 441 um
2497 376 2616 440 65⁴

152 476 529 568 irrogatis,·
569 485 635 545 et
696 495 944 545 vanam
1004 476 1201 563 sequi
1265 475 1597 546 violenter
1654 476 1902 634 cogitis
1964 488 2257 557 sectam,
2324 498 2504 567 quos
2576 476 2713 550 sibi

156 577 396 637 sancta
440 563 618 636 fides
654 563 970 655 proprios
1017 563 1465 634 vendicavit?
1502 569 1583 635 Ut
1610 565 1733 654 qui
1820 565 2031 635 alieni
2063 588 2104 635 a
2154 569 2501 647 Deo-vero,
2559 587 2716 657 per·-

154 652 398 724 ditioni
418 659 710 725 testrae
749 651 1225 744 agglomerare
1254 652 1559 723 nitimini
1609 653 2152 745 praedestinatos
2197 654 2285 724 ad
2319 653 2582 724 vitam?
2617 661 2716 727 An

156 763 294 813 non
326 742 637 834 poteritis
671 762 796 812 vos
830 740 1083 811 inferni
1122 739 1428 814 claustra
1459 742 1676 826 adire,
1720 742 1856 814 nisi
1888 763 2016 813 nos
2044 743 2332 814 comites
2361 742 2723 815 habeatis?

165 830 509 920 Numquid
553 851 690 900 non
742 831 893 899 sine
931 829 1131 900 nobis
1170 842 1453 901 aeterna·
1493 853 1616 902 vos
1670 832 2138 902 cruciamenta
2172 831 2510 903 adurent-‘l
2556 838 2711 916 Vos,

164 933 281 992 vos
303 921 483 991 abite
517 918 709 992 illuc.
745 918 870 989 ubi
900 919 1111 990 simul
1141 939 1303 989 cum
1345 919 1527 991 duce
1562 932 1790 991 vestro
1823 920 2200 990 inferorum
2252 920 2523 992 deliciis
2562 943 2719 1013 per-

168 1008 518 1079 fruamini.
557 1007 735 1092 Quid
766 1006 965 1078 nobis
988 1021 1054 1079 et
1083 1020 1360 1091 tartaro,
1391 1030 1599 1098 quem
1631 1008 1945 1081 Christus
1971 1014 2150 1080 Deus
2178 1022 2408 1080 noster
2431 1008 2718 1082 illaesus

167 1098 564 1189 penetravit,
603 1096 994 1187 expoliavit,
1031 1108 1097 1167 et
1130 1097 1347 1167 vicit?
1375 1121 1412 1165 ι

196 1249 209 1266 .
244 1189 282 1275 ἓ
333 1190 503 1259 28.
556 1186 680 1255 Vix
720 1183 909 1256 hunc
940 1191 1329 1255 sermonem
1371 1183 1855 1277 compleverat,
1884 1198 1950 1256 et
1973 1187 2123 1277 jam
2154 1186 2392 1259 furens
2433 1186 2712 1258 dextera

161 1274 537 1346 satellitum
592 1274 662 1343 in
712 1273 1043 1363 injuriam
1108 1274 1429 1344 monachi
1480 1274 1878 1346 laborabat:
1929 1297 2134 1363 quem
2189 1275 2484 1347 diversis
2531 1276 2716 1347 lace-

156 1375 389 1435 ratum·
447 1362 756 1435 stimulis
816 1361 1226 1446 allidentes,
1279 1363 1594 1434 calcibus
1658 1364 1863 1434 etiam
1929 1364 2327 1466 pugnisque
2374 1366 2714 1436 acerrime

153 1451 588 1524 tutuderunt.
620 1453 744 1522 Cui
776 1473 937 1522 cum
970 1464 1205 1523 sancta
1245 1451 1511 1523 Natalia
1538 1451 1802 1523 fervore
1829 1454 2074 1535 ammi,
2118 1474 2259 1542 quo
2297 1475 2441 1524 sem
2601 1473 2715 1524 ar·

154 1541 385 1624 debat,
424 1546 642 1632 Surge
672 1553 886 1631 pater,
921 1560 1190 1623 eamus,
1229 1541 1641 1611 acclamaret
1672 1564 1689 1609 :
1726 1539 1848 1611 ille
1876 1543 2078 1630 quasi
2122 1541 2295 1612 nihil
2329 1564 2441 1612 ma
2475 1542 2495 1610 i
2535 1554 2715 1614 esset

154 1651 552 1722 perpessae,
602 1630 739 1700 ait:
792 1650 830 1695 «
860 1633 1042 1699 Haec
1088 1629 1349 1712 omnia,
1395 1649 1611 1713 soror,
1670 1629 2058 1702 commodis
2100 1641 2392 1722 prosunt
2440 1630 2715 1701 merito—

154 1741 341 1802 rum,
378 1731 773 1809 augentque
796 1717 1126 1810 amplius,
1152 1739 1363 1807 quam
1400 1718 1723 1789 minuant
1749 1740 2075 1789 coronam
2118 1741 2157 1788 a
2193 1719 2484 1789 Domino
2513 1718 2713 1791 nobis
2761 1765 2778 1782 ·

153 1819 600 1879 reservatam.
633 1829 670 1874 »
719 1811 798 1876 Et
836 1807 927 1876 ita
966 1828 1126 1876 eum
1183 1809 1603 1878 seminecem
1641 1829 1682 1877 a
1737 1819 1916 1878 terra
1966 1807 2303 1890 levanteS,
2358 1810 2499 1879 una
2548 1827 2712 1879 cum

157 1896 320 1967 aliis
361 1895 591 1986 judici
647 1894 919 1965 adstare
958 1894 1290 1966 fecerunt.
1343 1895 1615 1980 Quibus
1663 1895 1937 1980 oblatis,
1989 1917 2151 1968 cum
2200 1897 2429 1987 primo
2476 1895 2566 1966 ab
2611 1896 2714 1968 eis

154 1985 420 2056 blando
467 1983 677 2053 affatu
726 1984 1123 2073 requirenet,
1177 1985 1389 2075 cujus
1450 1984 1550 2055 rei
1598 1985 1893 2068 intuitu,
1945 2006 1988 2055 a
2034 2007 2324 2058 suorum
2372 1985 2713 2058 institutis

154 2072 587 2158 recederent,
641 2071 1031 2161 vellentque
1088 2073 1576 2164 temporariam
1625 2072 2061 2155 felicitatem,
2118 2073 2491 2165 multiplici
2539 2074 2712 2146 ‹leli›—

152 2161 421 2231 ciar-um
452 2161 619 2232 flore
653 2173 1076 2242 vernantem,
1114 2182 1289 2249 quos
1328 2163 1569 2251 utique
1605 2163 1810 2233 etiam
1863 2162 1938 2232 in
1983 2161 2244 2243 futuro,
2301 2185 2435 2234 non
2480 2163 2709 2234 solum

158 2249 524 2321 muliebris
570 2249 935 2320 oblectatio
982 2250 1440 2333 admirabilis,
1497 2251 1946 2321 verumetiam
1997 2250 2414 2343 dignitatum
2464 2264 2531 2323 et
2577 2252 2713 2323 fer-

153 2337 472 2409 culorum
521 2340 723 2430 copia
770 2337 1269 2410 demulcendos
1298 2352 1775 2429 expectarent:
1828 2340 2146 2430 protinus
2193 2341 2394 2428 quasi
2441 2361 2519 2412 ex
2567 2362 2713 2411 uno

150 2448 277 2497 ore
318 2428 775 2521 respondent:
828 2449 865 2494 «
919 2427 1166 2511 Nulla,
1209 2449 1251 2498 o
1300 2428 1560 2517 judex,
1621 2427 2023 2518 temporalis
2090 2428 2443 2500 affluentia
2495 2429 2713 2501 lucris

147 2530 595 2610 comparatur
634 2517 976 2587 aeternis:
1028 2539 1328 2605 quorum
1372 2518 1594 2609 gratia
1620 2518 1802 2587 hanc
1830 2517 2041 2587 vitam
2065 2518 2186 2587 des
2241 2518 2547 2603 icientes,
2589 2540 2711 2609 per

144 2605 359 2676 fidem
406 2613 574 2678 Jesu
623 2606 894 2686 Christi,
934 2628 1073 2694 qua
1110 2608 1340 2678 omnis
1386 2618 1705 2697 operator
1734 2605 1964 2677 honus
1999 2607 2174 2709 Justi
2229 2620 2465 2688 catur,
2520 2628 2712 2678 eam-

142 2694 333 2776 dem,
385 2717 564 2783 quae
610 2695 682 2766 in
721 2694 959 2766 futuro
984 2695 1242 2766 sanctis
1278 2695 1617 2786 promissa
1649 2707 1774 2777 est,
1828 2714 2135 2783 requiem
2171 2717 2296 2767 nos
2337 2696 2711 2785 adepturos

140 2783 573 2855 confidimus
603 2838 619 2867 ,
692 2804 903 2871 quam
955 2805 1079 2854 nec
1128 2783 1375 2855 oculus
1420 2782 1638 2865 vidit,
1694 2804 1820 2854 nec
1868 2784 2064 2854 auris
2105 2783 2394 2865 audivit,
2453 2807 2576 2855 nec
2635 2783 2709 2854 in

137 2892 267 2943 cor
316 2872 621 2942 hominis
680 2872 1014 2943 ascendit.
1068 2877 1359 2943 Omnem
1431 2894 1590 2943 vero
1634 2871 1900 2943 cultum
1930 2928 1945 2954 ,
1998 2872 2119 2961 qui
2165 2895 2208 2942 a
2256 2873 2505 2944 Christi
2558 2874 2711 2964 pie-

138 2972 287 3033 tate
333 2959 675 3042 dissentit,
708 2981 834 3031 nec
866 2961 1227 3053 profitetur
1262 2972 1543 3031 sanctae
1571 2962 1924 3032 Trinitatis
1953 2962 2349 3043 essentiam,
2382 2973 2452 3032 et
2480 2982 2705 3033 unum

140 3055 393 3130 Deum,
450 3069 662 3119 unam
705 3048 911 3120 fidem
946 3105 964 3132 ,
1025 3070 1247 3121 unum
1305 3049 1692 3139 baptisma,
1737 3050 2021 3121 omnino
2083 3051 2455 3142 reprobum
2509 3050 2705 3139 judi-

136 3159 417 3211 camus.
466 3160 503 3204 »
1202 3182 1205 3187 -

229 3231 275 3318 9
327 3233 472 3299 ²1.
527 3229 708 3296 Haec
766 3238 834 3296 et
899 3226 1118 3313 multa
1182 3225 1320 3297 alia
1384 3223 1640 3296 diffuso
1709 3246 1828 3297 ore
1873 3226 2132 3297 sanctis
2177 3237 2337 3297 ante
2391 3225 2704 3316 judicem

138 3315 643 3396 asserentibuS‚
680 3326 1074 3404 sectamque
1113 3316 1135 3384 i
1189 3315 1340 3385 sius
1378 3314 1642 3385 fortiter
1675 3314 2260 3407 expugnantibus,
2299 3315 2376 3384 in*
2403 3314 2706 3386 furorem

137 3406 533 3476 maximum
595 3404 981 3475 concitatus
1032 3405 1116 3492 ju
1169 3425 1298 3485 ex,
1353 3403 1597 3496 rapido
1666 3425 1879 3474 cursu
1931 3425 2049 3474 eos
2116 3404 2376 3474 carceri
2442 3403 2709 3475 manci-

238 3494 421 3564 ndos
451 3492 784 3573 insinuat,
824 3504 890 3562 et
920 3492 1341 3564 intolerabili
1373 3491 1810 3563 vinculorum
1854 3510 2060 3562 onere
2089 3493 2452 3584 aggravari
2484 3493 2702 3581 jubet.

141 3514 256 3653 ffii
321 3595 557 3653 autem
622 3594 700 3651 ut
746 3580 1067 3652 adierunt
1121 3581 1551 3674 ergastulum
1594 3581 1939 3662 carceriS,
1993 3595 2370 3673 coeperunt
2411 3581 2707 3651 orationi

142 3694 309 3742 cum
344 3670 604 3763 gaudio
642 3669 983 3750 insistere,
1037 3670 1278 3743 laudes
1325 3671 1805 3761 hymnosque,
1859 3669 2108 3740 virtute
2165 3691 2305 3758 qua
2339 3682 2700 3761 poterant,

143 3765 282 3832 Deo
311 3759 706 3830 exsolvere:
758 3778 897 3847 quo
927 3758 1219 3843 favente,
1270 3759 1643 3829 credebant
1678 3780 1751 3830 se
1782 3759 2040 3849 majora
2070 3759 2568 3849 persecutionis
2594 3779 2710 3827 ar-

145 3862 485 3940 gumenta
535 3860 1004 3939 superaturos.
1058 3849 1235 3919 Hinc
1282 3848 1368 3918 de
1416 3847 1653 3939 palma·
1696 3849 1923 3918 securi
1968 3859 2350 3929 manentes„
2402 3859 2469 3917 et
2516 3845 2710 3917 Chri-

143 3950 359 4020 stum,
391 3938 509 4007 cui
538 3936 834 4007 fideliter
872 3936 1270 4019 servierant,
1329 3957 1610 4007 cernere
1646 3957 1870 4027 ocyus
1914 3935 2320 4007 anhelantes
2349 3989 2365 4017 ‚
2417 3934 2704 4004 dilatam

145 4027 477 4113 usquein
519 4026 840 4115 quintum
891 4025 1074 4095 diem
1133 4037 1448 4107 mortem,
1499 4046 1725 4096 seram
1772 4026 2130 4117 putabant.
2170 4023 2362 4094 Unde
2398 4045 2488 4093 ne
2521 4022 2707 4092 vide-

148 4126 396 4183 rentur
415 4137 539 4207 spe
577 4136 703 4186 sua
742 4114 1085 4197 frustrari,
1129 4127 1481 4185 ostensum
1516 4128 1621 4185 est
1654 4115 1778 4185 uni
1810 4132 2080 4196 eorum,
2123 4134 2332 4202 quam
2370 4111 2706 4182 haberent

146 4213 402 4273 sortem
442 4205 511 4273 in
546 4204 756 4276 coelis
798 4225 870 4274 re
966 4205 1195 4274 sitam.
1251 4203 1405 4272 Visa
1450 4215 1552 4274 est
1593 4224 1894 4291 namque
1934 4203 2154 4272 mirae
2194 4200 2703 4293 magnitudinis

146 4289 363 4370 scala,
398 4294 599 4384 cujus
651 4225 963 4363 altitudgJ
989 4292 1355 4363 videbatur
1398 4292 1669 4362 coelum
1726 4292 2062 4383 attingere
2091 4346 2107 4374 ,
2151 4290 2557 4378 dictumque
2601 4302 2707 4361 est

142 4380 547 4470 obstupenti
594 4382 679 4451 ad
736 4382 956 4465 illam,
1008 4382 1175 4469 quia
1207 4382 1358 4472 ipsa
1405 4393 1583 4451 esset
1617 4380 1748 4462 via,
1784 4400 1923 4468 qua
1951 4380 2113 4471 jure
2164 4380 2416 4451 habent
2459 4400 2705 4450 omnes

143 4467 367 4541 simul
405 4469 681 4541 tendere
716 4470 803 4541 ad
836 4471 1209 4542 Christum.
1244 4468 1563 4541 Revelata
1592 4481 1756 4541 sunt
1785 4469 1994 4540 etiam
2031 4490 2272 4540 eorum
2315 4467 2700 4552 nonnullis,
