3308 5004
625 345 814 431 532.Ι
1183 361 1272 407 m:-
1303 355 1753 408 samntio
1797 359 1955 408 Anna
1990 353 2399 408 cesanum·
2650 301 2659 309 ’
2752 339 2938 408 Ano.
2986 342 3095 408 2⁰-

568 473 578 488 ·
627 456 668 528 S
717 449 865 517 tu.
919 445 1033 514 Vir
1073 443 2396 536 magnuset=·magnifice·honorandus
2430 449 2774 514 Dano‘rum
2806 443 3077 514 Archio-

540 535 869 626 piscopus
933 533 1238 603 Eskillus
1336 544 1548 602 atrem
1619 541 1934 604 sanctum
1991 535 2204 603 unico
2263 535 2717 618 venerabatur
2770 534 3021 614 affectu
3058 579 3101 616 ,-

538 623 1160 694 unica-devotione
1275 622 1485 692 ‘ebat‘-
1539 626 2082 693 Nec'contentus
2128 633 2232 693 est
2282 623 2355 691 in
2409 623 2577 700 filiis
2606 641 2766 706 eum
2817 621 3101 703 videre,⁴

540 733 703 782 oum
753 732 1004 782 novum
1054 711 1465 781 coenobium
1493 712 2517 802 .extruxisset,³et-impetrasset
2545 711 2632 780 ab
2680 732 2767 781 eo
2813 710 3103 780 deside--

542 813 768 871 ratum
819 821 1052 871 sacrae
1095 799 1659 892 congregationis
1702 821 2030 870 examen.·
2070 801 2453 872 Praevaluit
2504 799 2702 891 -apud
2748 813 2911 869 eum
2959 799 3107 869 <te-2

540 890 874 998 sidep'nm
921 889 1289 958 vehemens
1323 943 1338 970 ‚
1391 889 1723 958 ut.homo
1786 890 1857 958 in
1918 889 2172 959 insulis
2202 889 2374 960 ainis
2420 900 2581 960 tam·
2614 888 3085 959 ecclesiastica

538 978 747 1066 quani
805 977 1100 1047 seculari
1143 978 1547 1067 auctoritate
1600 978 1771 1048 adeo
1867 990 2085 1059 otenS,
2142 978 2470 1069 expositis
2523 978 2670 1047 suis
2724 976 3107 1059 omnibus,“

538 1067 742 1136 etiam
798 1068 1247 1158 semetipsum
1305 1066 1635 1157 periculis
1693 1085 1817 1136 mu
1849 1067 1936 1137 tis
1990 1067 2303 1138 ‘traderet
2353 1079 2418 1139 et
2465 1067 2708 1137 labori.
2780 1071 2946 1137 Nam
2993 1068 3091 1136 de

539 1157 860 1246 expensis
898 1156 1126 1224 dice-re
1175 1177 1312 1225 non
1341 1168 1450 1226 est
1479 1175 1820 1246 magnum
1855 1209 1869 1239 ,
1922 1158 2242 1244 quamvis
2279 1157 2598 1225 eumdem
2649 1154 3091 1227 audierimus

545 1257 1054 1334 protestantem,
1090 1244 1271 1331 quod
1320 1244 1719 1335 expenderit
1751 1245 1824 1313 in
1864 1245 2117 1315 itinere·
2142 1245 2296 1335 ipso
2334 1246 2598 1335 argenti
2631 1265 2901 1314 marcas
2931 1265 3094 1314 am-

543 1333 728 1423 plius
757 1355 984 1421 quam
1035 1346 1413 1406 sexcentas.
1469 1334 1665 1404 Venit
1704 1334 1917 1425 igitur
1963 1333 2407 1404 clarevallem
2450 1337 2743 1425 persona
2782 1332 3095 1402 humilis

541 1434 606 1490 et
653 1422 999 1502 sublimia,
1042 1443 1252 1509 quam
1303 1445 1342 1490 a
1381 1422 1650 1492 finibus
1684 1435 1903 1492 terrae
1950 1443 2084 1492 non
2132 1423 2499 1494 curiositas
2547 1422 2934 1492 audiendae
2975 1443 3094 1492 sa-

541 1511 863 1600 pientiae,
909 1510 1025 1581 sed
1061 1511 1223 1580 fidei
1251 1511 1439 1581 zelus
1469 1524 1535 1581 et
1565 1510 1925 1601 plenitudo
1954 1511 2334 1581 devotionis
2365 1513 2660 1583 attraxit.
2698 1511 2822 1580 Ubi
2859 1531 3097 1598 quan·

541 1613 688 1669 tum
722 1601 1007 1678 fleverit,
1060 1599 1343 1687 qualem·
1378 1621 1527 1669 sese
1579 1619 1717 1668 non
1769 1599 1974 1670 modo
2018 1622 2092 1668 er
2142 1622 2181 1668 a
2219 1622 2404 1680 eum,
2448 1621 2656 1688 quem
2692 1613 2829 1668 tam
2880 1600 3097 1669 unice

545 1688 900 1780 diligebat,
942 1689 1059 1756 sed
1101 1689 1305 1757 etiam
1360 1710 1523 1778 erga
1563 1689 1893 1759 minimos
1938 1709 2112 1776 quos
2144 1689 2281 1758 ibet
2326 1689 2618 1759 fratrum
2665 1687 3088 1771 exhibuerit,

542 1798 680 1846 non
712 1790 819 1848 est
842 1777 1043 1846 facile
1075 1778 1290 1846 dictu.
1345 1780 1632 1846 Demum
1666 1776 2016 1847 rediturus
2054 1777 2138 1847 ad
2183 1779 2485 1869 propria,
2519 1789 2599 1847 ut
2646 1777 3096 1847 benedictum

543 1888 585 1934 a
615 1867 732 1935 Dei
759 1864 1021 1935 famulo
1057 1887 1304 1956 panem
1343 1864 1598 1935 referre
1716 1877 1875 1947 sset,
1916 1878 1982 1936 et
2012 1867 2277 1938 diutius
2308 1887 2734 1947 conservare,
2777 1866 3100 1936 humano

543 1975 756 2024 sensu
805 1955 1216 2044 praecepit,.
1252 1965 1330 2024 ut
1390 1954 1460 2023 in
1533 1887 1810 2024 cliffino
1876 1966 2334 2043 recoquatur,
2388 1956 2569 2025 sicut
2628 1955 2899 2036 solent,
2964 1955 3101 2041 qui

542 2044 766 2112 maria
813 2056 1192 2124 transeunt,
1249 2064 1494 2133 panem
1545 2042 1796 2113 referre
1835 2044 1943 2114 bis
1972 2058 2270 2114 coctum.
2325 2045 2626 2116 Audiens
2656 2056 2887 2113 autem
2925 2065 3096 2113 san-

542 2141 721 2213 ctuS,
761 2152 896 2201 non
929 2144 1033 2201 est
1067 2152 1313 2221 passus
1355 2153 1588 2201 errare
1619 2131 1971 2202 hominem
2006 2146 2146 2202 tam
2178 2133 2497 2218 devotum
2531 2156 2545 2200 ε
2599 2133 2717 2202 sed
2755 2132 3101 2202 amicabi-

546 2220 700 2289 liter
730 2242 1053 2311 arguens‚
1098 2221 1169 2289 in
1217 2220 1350 2290 hac
1381 2232 1574 2312 parte
1621 2220 1830 2291 fidem
1884 2223 2036 2310 ejus
2077 2221 2418 2292 modicam
2455 2222 2797 2290 inveniri:
2852 2226 3043 2290 Itane
3071 2277 3091 2302 ,

543 2310 792 2396 inquit,
848 2331 984 2378 non
1036 2311 1281 2399 poterit
1327 2309 1714 2380 benedictio
1752 2311 1985 2400 ipsum
2048 2332 2300 2400 panem
2350 2312 2595 2398 magis,
2636 2331 2849 2397 quam
2900 2330 3099 2379 reco-

545 2399 704 2479 cti0‚
755 2399 1216 2468 conservare?
1263 2405 1341 2468 Et
1387 2419 1522 2467 non
1575 2399 1917 2486 acquievit
1964 2399 2382 2469 ‘benedicere
2424 2400 2677 2468 illum:
2733 2397 2849 2469 sed
2899 2419 3096 2468 com-

546 2509 829 2558 munem
880 2487 1012 2559 sibi
1046 2509 1294 2579 panem
1389 2487 1769 2591 raecipiens
1796 2486 2127 2570 exhiberi,
2182 2489 2531 2559 benedixit
2568 2501 2634 2557 et
2665 2488 2878 2557 dixit:
2923 2493 3096 2558 Ecce

546 2576 733 2647 hunc
781 2576 941 2648 tolle
969 2512 1434 2660 tecum,.niliil
1471 2578 1804 2668 deinceps
1850 2576 1937 2646 de
1978 2579 2424 2681 corruptione
2470 2578 2805 2648 solicituS.
2857 2577 3086 2655 Tulit,

544 2678 611 2735 et
647 2666 731 2735 ad
769 2686 933 2737 suos
965 2688 1089 2757 per
1121 2665 1340 2736 multa
1363 2666 1649 2753 quidem
1697 2684 2022 2756 prospere
2071 2667 2367 2749 redienS,
2418 2688 2642 2755 usque
2696 2665 2902 2737 hodie
2950 2665 3097 2757 glo-

551 2754 771 2824 riatur
816 2755 979 2824 fidei
1029 2777 1195 2825 suae
1258 2754 1598 2825 desectum
1670 2754 2187 2826 evidentissima
2245 2757 2341 2824 rei
2410 2757 2685 2825 veritate
2744 2755 3087 2825 convinci.

550 2848 679 2914 Nec
727 2843 913 2914 enim
974 2866 1219 2934 passus
1257 2856 1360 2914 est
1407 2844 1622 2934 patris
1663 2844 1884 2913 sancti
1943 2865 2081 2914 non
2143 2845 2419 2914 visitare
2466 2845 2865 2935 sepulcrum
2897 2899 2912 2924 ,
2968 2862 3091 2917 nec

548 2932 783 3003 minus
834 2954 1021 3003 nunc
1067 2953 1231 3024 erga
1273 2954 1435 3001 eum
1485 2931 1810 3013 afficitur,
1868 2953 1991 3002 nec
2041 2932 2274 3001 minus
2303 2987 2323 3014 ‚
2386 2954 2596 3021 quam
2656 2931 2829 3002 olim
2871 2934 2936 2999 in
2988 2931 3088 2998 vi-

547 3033 766 3102 vente,
818 3021 1128 3102 confidit,
1183 3020 1518 3091 nimirum
1566 3041 1774 3108 quem
1825 3022 2054 3092 verius
2101 3022 2327 3091 vivere
2370 3042 2508 3091 non
2559 3021 2866 3112 ambigit.
2914 3023 3087 3088 Con·-

548 3109 775 3180 t'essus
820 3122 924 3181 est
969 3111 1175 3179 etiam
1228 3109 1427 3179 nobis
1469 3109 1560 3179 de
1608 3132 1786 3199 pane
1831 3132 2038 3198 quem
2089 3111 2361 3192 retulit,
2406 3110 2591 3198 quod
2644 3127 3083 3195 nuncusque,

549 3218 710 3267 cum
743 3199 892 3284 jam
936 3199 1176 3268 tertius
1224 3220 1452 3269 annus
1492 3198 1886 3281 transierit,
1943 3200 2261 3272 illaesum
2308 3203 2375 3269 ei
2422 3200 2598 3270 beati
2651 3199 2779 3268 viri
2813 3196 2979 3267 fides
3024 3207 3094 3266 et

549 3287 939 3357 benedictio
988 3287 1381 3357 custodivit.

633 3378 671 3462 ἓ
725 3378 887 3446 22.
941 3380 1398 3445 Narraverunt
1443 3376 1649 3445 etiam
1693 3376 1903 3446 vnobis
1950 3376 2130 3447 idem
2198 3376 2611 3448 reverendus
2656 3376 2975 3456 Antiates,
3032 3384 3103 3444 et

598 3465 674 3533 ui
720 3486 879 3534 cum
914 3464 1178 3533 eodem,
1203 3464 1736 3554 Archiepiscopo
1769 3478 2096 3534 venerant
2126 3466 2251 3534 viri
2282 3465 2613 3556 religiosi,
2676 3464 3102 3534 miraculum

549 3484 841 3642 Signum
897 3552 1251 3634 memorie,
1306 3574 1530 3642 nuper
1575 3551 1832 3623 sactum
1912 3554 1981 3622 in
2049 3554 2414 3635 coenobie,
2477 3553 2662 3641 quod
2694 3608 2709 3635 ‚
2762 3565 2840 3623 ut
2885 3573 3105 3643 supra

550 3642 1022 3722 meminimuS,
1077 3643 1150 3711 in
1208 3655 1387 3711 terra
1435 3662 1562 3712 sua
1624 3642 1777 3732 ipse
1822 3641 2160 3712 fundavit.
2222 3648 2377 3712 Erat
2421 3644 2650 3724 enim,
2703 3642 2932 3730 inquit
2985 3646 3104 3711 Ar·

547 3731 1058 3822 chiepiscopus‚
1110 3732 1182 3799 in
1230 3729 1469 3802 eadem
1507 3730 1789 3822 regione
1838 3743 2070 3800 nostra
2117 3730 2514 3801 adolescens
2556 3731 2847 3811 nobilis,
2901 3751 3103 3800 mens

546 3825 825 3909 quoque
857 3821 1238 3890 secundum
1287 3840 1569 3890 carnem
1623 3820 2083 3911 propinquus,
2122 3820 2241 3890 sed
2272 3820 2360 3890 ob
2396 3821 2612 3890 multa
2659 3840 2788 3889 sua
2837 3820 3104 3910 flagitia

552 3910 786 3979 minus
834 3909 1113 3979 charus.
1167 3915 1529 4000 Correptus
1562 3922 1792 3979 autem
1824 3908 2278 4000 aegritudine,
2332 3910 2441 3977 vix
2500 3909 2890 3999 impetravit
2927 3908 3105 3979 ‚visi·'

551 4000 875 4072 tationem
924 4020 1172 4080 meam,
1224 4010 1291 4069 et
1337 4019 1460 4089 per
1505 4020 1794 4068 manum
1846 4019 2072 4068 meam
2111 3998 2197 4068 ad
2249 3997 2677 4090 praedictum
2740 4018 2887 4068 sese
2934 4018 3104 4068 con-

552 4087 710 4157 tulit
744 4089 1262 4169 monasterium,
1310 4085 1432 4157 ubi
1477 4099 1544 4156 et
1579 4109 1741 4157 cum
1789 4085 2086 4157 maxima
2123 4088 2354 4158 cordis
2398 4086 2808 4157 contritione
2844 4107 3106 4157 renun-

534 4176 748 4255 cians
787 4177 1041 4259 seculo,
1077 4199 1200 4268 per
1231 4176 1379 4246 dies
1412 4176 1676 4263 aliquot
1707 4175 1776 4245 in
1827 4176 2079 4246 humili
2118 4190 2181 4246 et
2220 4175 2628 4247 fidelissima
2672 4175 3108 4247 confessione

553 4266 972 4355 persistenS,
1027 4266 1249 4356 magis
1301 4288 1380 4335 ac
1430 4266 1653 4357 magis
1726 4265 1966 4335 eadem
2028 4266 2461 4357 aegritudine
2518 4265 2897 4337 laborabat.
2952 4270 3108 4348 Qua

557 4353 837 4424 demum
887 4354 1366 4435 invalescente,
1402 4354 1662 4424 exitum
1712 4354 1846 4425 sibi
1913 4354 2275 4424 imminere
2321 4376 2401 4425 co
2454 4375 2770 4443 noscens,
2821 4353 3108 4427 Abbatis

557 4452 625 4512 et
670 4441 963 4514 fratrum
1013 4443 1467 4535 praesentiam
1534 4444 1711 4514 miro
1776 4442 2320 4535 amplectebatur
2373 4466 2414 4513 a
2465 4457 2625 4516 ectu
2651 4499 2669 4529 ,
2740 4444 2918 4515 mira
2984 4464 3107 4514 eos
