<?xml version="1.0" encoding="UTF-8"?>
<!DOCTYPE html PUBLIC "-//W3C//DTD XHTML 1.0 Transitional//EN"
    "http://www.w3.org/TR/xhtml1/DTD/xhtml1-transitional.dtd">
<html xmlns="http://www.w3.org/1999/xhtml" xml:lang="en" lang="en">
 <head>
  <title>
</title>
<meta http-equiv="Content-Type" content="text/html;charset=utf-8" />
  <meta name='ocr-system' content='tesseract 3.04.00' />
  <meta name='ocr-capabilities' content='ocr_page ocr_carea ocr_par ocr_line ocrx_word'/>
</head>
<body>
  <div class='ocr_page' id='page_1' title='image "./historiaeseuvit01lippgoog_0268.png"; bbox 0 0 3308 5004; ppageno 0'>
   <div class='ocr_carea' id='block_1_1' title="bbox 677 362 3129 436">
    <p class='ocr_par' dir='ltr' id='par_1_1' title="bbox 677 362 3129 436">
     <span class='ocr_line' id='line_1_1' title="bbox 677 362 3129 436; baseline -0.004 0"><span class='ocrx_word' id='word_1_1' title='bbox 677 369 803 436; x_wconf 69' lang='lat'>254</span> <span class='ocrx_word' id='word_1_2' title='bbox 1165 385 1244 433; x_wconf 74' lang='lat' dir='ltr'>na</span> <span class='ocrx_word' id='word_1_3' title='bbox 1291 385 1347 433; x_wconf 91' lang='lat' dir='ltr'>s.</span> <span class='ocrx_word' id='word_1_4' title='bbox 1401 383 1692 432; x_wconf 65' lang='lat' dir='ltr'>summ</span> <span class='ocrx_word' id='word_1_5' title='bbox 1740 382 1910 431; x_wconf 65' lang='lat' dir='ltr'>war..</span> <span class='ocrx_word' id='word_1_6' title='bbox 1964 382 2155 430; x_wconf 58' lang='lat' dir='ltr'>uniar.</span> <span class='ocrx_word' id='word_1_7' title='bbox 2207 380 2335 429; x_wconf 77' lang='lat' dir='ltr'>eux</span> <span class='ocrx_word' id='word_1_8' title='bbox 2375 380 2576 429; x_wconf 85' lang='lat' dir='ltr'>socus</span> <span class='ocrx_word' id='word_1_9' title='bbox 2820 362 3004 428; x_wconf 82' lang='lat' dir='ltr'>AUG.</span> <span class='ocrx_word' id='word_1_10' title='bbox 3061 362 3129 426; x_wconf 68' lang='grc' dir='ltr'>»Η</span> 
     </span>
    </p>
   </div>
   <div class='ocr_carea' id='block_1_2' title="bbox 584 463 3154 2341">
    <p class='ocr_par' dir='ltr' id='par_1_2' title="bbox 586 463 3146 1001">
     <span class='ocr_line' id='line_1_2' title="bbox 586 463 3142 561; baseline -0.004 -19"><span class='ocrx_word' id='word_1_11' title='bbox 586 473 731 543; x_wconf 93' lang='lat' dir='ltr'>solo</span> <span class='ocrx_word' id='word_1_12' title='bbox 781 472 939 557; x_wconf 86' lang='lat' dir='ltr'>Cajo</span> <span class='ocrx_word' id='word_1_13' title='bbox 968 470 1305 561; x_wconf 84' lang='lat' dir='ltr'>Episcopo</span> <span class='ocrx_word' id='word_1_14' title='bbox 1334 483 1639 559; x_wconf 87' lang='lat' dir='ltr'>excepto.</span> <span class='ocrx_word' id='word_1_15' title='bbox 1694 468 1874 537; x_wconf 88' lang='lat' dir='ltr'>Misit</span> <span class='ocrx_word' id='word_1_16' title='bbox 1907 466 2022 536; x_wconf 89' lang='lat' dir='ltr'>ille</span> <span class='ocrx_word' id='word_1_17' title='bbox 2058 465 2333 547; x_wconf 75' lang='lat' dir='ltr'>militeS,</span> <span class='ocrx_word' id='word_1_18' title='bbox 2370 478 2434 535; x_wconf 87' lang='lat' dir='ltr'>ct</span> <span class='ocrx_word' id='word_1_19' title='bbox 2467 463 3142 554; x_wconf 85' lang='lat' dir='ltr'>comprehenderunt</span> 
     </span>
     <span class='ocr_line' id='line_1_3' title="bbox 587 552 3140 650; baseline -0.004 -18"><span class='ocrx_word' id='word_1_20' title='bbox 587 561 953 632; x_wconf 86' lang='lat' dir='ltr'>Gabinium</span> <span class='ocrx_word' id='word_1_21' title='bbox 1009 559 1486 650; x_wconf 84' lang='lat' dir='ltr'>presbyterum</span> <span class='ocrx_word' id='word_1_22' title='bbox 1521 570 1586 627; x_wconf 83' lang='lat' dir='ltr'>et</span> <span class='ocrx_word' id='word_1_23' title='bbox 1617 562 2005 627; x_wconf 83' lang='lat' dir='ltr'>Susannam</span> <span class='ocrx_word' id='word_1_24' title='bbox 2044 554 2260 624; x_wconf 85' lang='lat' dir='ltr'>filiam</span> <span class='ocrx_word' id='word_1_25' title='bbox 2294 554 2469 643; x_wconf 86' lang='lat' dir='ltr'>ejus.</span> <span class='ocrx_word' id='word_1_26' title='bbox 2506 552 2867 623; x_wconf 88' lang='lat' dir='ltr'>Claudium</span> <span class='ocrx_word' id='word_1_27' title='bbox 2904 566 3140 623; x_wconf 84' lang='lat' dir='ltr'>autem</span> 
     </span>
     <span class='ocr_line' id='line_1_4' title="bbox 586 642 3146 738; baseline -0.004 -17"><span class='ocrx_word' id='word_1_28' title='bbox 586 672 747 721; x_wconf 88' lang='lat' dir='ltr'>cum</span> <span class='ocrx_word' id='word_1_29' title='bbox 782 670 993 719; x_wconf 88' lang='lat' dir='ltr'>uxore</span> <span class='ocrx_word' id='word_1_30' title='bbox 1028 646 1496 738; x_wconf 88' lang='lat' dir='ltr'>Praepedigna</span> <span class='ocrx_word' id='word_1_31' title='bbox 1543 658 1609 716; x_wconf 90' lang='lat' dir='ltr'>et</span> <span class='ocrx_word' id='word_1_32' title='bbox 1638 646 1808 715; x_wconf 85' lang='lat' dir='ltr'>filiis</span> <span class='ocrx_word' id='word_1_33' title='bbox 1837 644 2215 715; x_wconf 86' lang='lat' dir='ltr'>Alexandro</span> <span class='ocrx_word' id='word_1_34' title='bbox 2261 657 2326 714; x_wconf 91' lang='lat' dir='ltr'>et</span> <span class='ocrx_word' id='word_1_35' title='bbox 2359 642 2624 722; x_wconf 89' lang='lat' dir='ltr'>Cuthia,</span> <span class='ocrx_word' id='word_1_36' title='bbox 2665 642 2967 728; x_wconf 80' lang='lat' dir='ltr'><strong>itemque</strong></span> <span class='ocrx_word' id='word_1_37' title='bbox 3006 646 3146 711; x_wconf 89' lang='lat' dir='ltr'>Ma—</span> 
     </span>
     <span class='ocr_line' id='line_1_5' title="bbox 586 729 3142 887; baseline -0.004 -78"><span class='ocrx_word' id='word_1_38' title='bbox 586 739 877 819; x_wconf 86' lang='lat' dir='ltr'>ximum,</span> <span class='ocrx_word' id='word_1_39' title='bbox 919 737 989 806; x_wconf 94' lang='lat' dir='ltr'>in</span> <span class='ocrx_word' id='word_1_40' title='bbox 1028 736 1310 807; x_wconf 84' lang='lat' dir='ltr'>exilium</span> <span class='ocrx_word' id='word_1_41' title='bbox 1336 735 1546 825; x_wconf 77' lang='lat' dir='ltr'>Jussit</span> <span class='ocrx_word' id='word_1_42' title='bbox 1579 733 1952 825; x_wconf 88' lang='lat' dir='ltr'>deportari,</span> <span class='ocrx_word' id='word_1_43' title='bbox 1989 746 2054 803; x_wconf 90' lang='lat' dir='ltr'>et</span> <span class='ocrx_word' id='word_1_44' title='bbox 2087 731 2389 803; x_wconf 89' lang='lat' dir='ltr'>flammis</span> <span class='ocrx_word' id='word_1_45' title='bbox 2417 743 2915 812; x_wconf 88' lang='lat' dir='ltr'>concrematos,</span> <span class='ocrx_word' id='word_1_46' title='bbox 2952 729 3142 887; x_wconf 54' lang='lat' dir='ltr'>apud</span> 
     </span>
     <span class='ocr_line' id='line_1_6' title="bbox 586 817 3146 915; baseline -0.004 -18"><span class='ocrx_word' id='word_1_47' title='bbox 586 827 840 898; x_wconf 77' lang='lat' dir='ltr'><strong>Ostiam</strong></span> <span class='ocrx_word' id='word_1_48' title='bbox 877 826 945 895; x_wconf 90' lang='lat' dir='ltr'>in</span> <span class='ocrx_word' id='word_1_49' title='bbox 996 847 1221 915; x_wconf 89' lang='lat' dir='ltr'>aquas·</span> <span class='ocrx_word' id='word_1_50' title='bbox 1242 825 1518 914; x_wconf 83' lang='lat' dir='ltr'>jactari.</span> <span class='ocrx_word' id='word_1_51' title='bbox 1573 829 1781 893; x_wconf 91' lang='lat' dir='ltr'>Porro</span> <span class='ocrx_word' id='word_1_52' title='bbox 1817 822 2187 893; x_wconf 90' lang='lat' dir='ltr'>Gabinium</span> <span class='ocrx_word' id='word_1_53' title='bbox 2246 821 2725 911; x_wconf 83' lang='lat' dir='ltr'>presbyterum</span> <span class='ocrx_word' id='word_1_54' title='bbox 2782 840 2941 889; x_wconf 88' lang='lat' dir='ltr'>cum</span> <span class='ocrx_word' id='word_1_55' title='bbox 3018 817 3146 888; x_wconf 80' lang='lat' dir='ltr'>1lia</span> 
     </span>
     <span class='ocr_line' id='line_1_7' title="bbox 589 910 2009 1001; baseline -0.004 -15"><span class='ocrx_word' id='word_1_56' title='bbox 589 921 903 986; x_wconf 79' lang='lat' dir='ltr'>Susanna</span> <span class='ocrx_word' id='word_1_57' title='bbox 953 914 1309 986; x_wconf 80' lang='lat' dir='ltr'>custodiae</span> <span class='ocrx_word' id='word_1_58' title='bbox 1342 912 1557 982; x_wconf 88' lang='lat' dir='ltr'>voluit</span> <span class='ocrx_word' id='word_1_59' title='bbox 1600 910 2009 1001; x_wconf 88' lang='lat' dir='ltr'>mancipari.</span> 
     </span>
    </p>

    <p class='ocr_par' dir='ltr' id='par_1_3' title="bbox 584 995 3154 2341">
     <span class='ocr_line' id='line_1_8' title="bbox 676 995 3147 1089; baseline -0.004 -13"><span class='ocrx_word' id='word_1_60' title='bbox 676 1012 714 1086; x_wconf 72' lang='grc' dir='ltr'>ἓ</span> <span class='ocrx_word' id='word_1_61' title='bbox 767 1007 913 1076; x_wconf 73' lang='grc'>16.</span> <span class='ocrx_word' id='word_1_62' title='bbox 968 1002 1297 1074; x_wconf 91' lang='lat' dir='ltr'>Postdies</span> <span class='ocrx_word' id='word_1_63' title='bbox 1332 1014 1560 1072; x_wconf 89' lang='lat' dir='ltr'>autem</span> <span class='ocrx_word' id='word_1_64' title='bbox 1610 1002 1920 1088; x_wconf 89' lang='lat' dir='ltr'>quinque</span> <span class='ocrx_word' id='word_1_65' title='bbox 1967 1011 2032 1070; x_wconf 90' lang='lat' dir='ltr'>et</span> <span class='ocrx_word' id='word_1_66' title='bbox 2077 998 2588 1089; x_wconf 88' lang='lat' dir='ltr'>quinquaginta</span> <span class='ocrx_word' id='word_1_67' title='bbox 2637 996 2847 1086; x_wconf 85' lang='lat' dir='ltr'>jussit</span> <span class='ocrx_word' id='word_1_68' title='bbox 2880 995 3147 1067; x_wconf 88' lang='lat' dir='ltr'>Diocle-</span> 
     </span>
     <span class='ocr_line' id='line_1_9' title="bbox 588 1085 3146 1179; baseline -0.003 -16"><span class='ocrx_word' id='word_1_69' title='bbox 588 1091 841 1174; x_wconf 89' lang='lat' dir='ltr'>tianus,</span> <span class='ocrx_word' id='word_1_70' title='bbox 896 1105 970 1163; x_wconf 92' lang='lat' dir='ltr'>ut</span> <span class='ocrx_word' id='word_1_71' title='bbox 1006 1097 1253 1162; x_wconf 89' lang='lat' dir='ltr'>Serena</span> <span class='ocrx_word' id='word_1_72' title='bbox 1289 1112 1462 1160; x_wconf 85' lang='lat' dir='ltr'>uxor</span> <span class='ocrx_word' id='word_1_73' title='bbox 1495 1089 1720 1179; x_wconf 86' lang='lat' dir='ltr'>ipsius</span> <span class='ocrx_word' id='word_1_74' title='bbox 1768 1089 1856 1159; x_wconf 91' lang='lat' dir='ltr'>ad</span> <span class='ocrx_word' id='word_1_75' title='bbox 1907 1111 1978 1160; x_wconf 92' lang='lat' dir='ltr'>se</span> <span class='ocrx_word' id='word_1_76' title='bbox 2026 1086 2398 1157; x_wconf 90' lang='lat' dir='ltr'>adduceret</span> <span class='ocrx_word' id='word_1_77' title='bbox 2432 1092 2850 1166; x_wconf 87' lang='lat' dir='ltr'>Susannam,</span> <span class='ocrx_word' id='word_1_78' title='bbox 2884 1098 2950 1153; x_wconf 90' lang='lat' dir='ltr'>et</span> <span class='ocrx_word' id='word_1_79' title='bbox 2987 1085 3146 1173; x_wconf 86' lang='lat' dir='ltr'>ejus</span> 
     </span>
     <span class='ocr_line' id='line_1_10' title="bbox 586 1174 3136 1273; baseline -0.003 -22"><span class='ocrx_word' id='word_1_80' title='bbox 586 1182 1014 1273; x_wconf 88' lang='lat' dir='ltr'>propositum</span> <span class='ocrx_word' id='word_1_81' title='bbox 1048 1193 1365 1250; x_wconf 89' lang='lat' dir='ltr'>mutaret.</span> <span class='ocrx_word' id='word_1_82' title='bbox 1399 1178 1650 1250; x_wconf 89' lang='lat' dir='ltr'>Videns</span> <span class='ocrx_word' id='word_1_83' title='bbox 1671 1179 1886 1268; x_wconf 78' lang='lat' dir='ltr'>igitur</span> <span class='ocrx_word' id='word_1_84' title='bbox 1916 1182 2229 1247; x_wconf 86' lang='lat' dir='ltr'>Susanna</span> <span class='ocrx_word' id='word_1_85' title='bbox 2261 1176 2512 1246; x_wconf 87' lang='lat' dir='ltr'>milites</span> <span class='ocrx_word' id='word_1_86' title='bbox 2542 1177 2636 1245; x_wconf 90' lang='lat' dir='ltr'>ad·</span> <span class='ocrx_word' id='word_1_87' title='bbox 2665 1197 2738 1244; x_wconf 90' lang='lat' dir='ltr'>se</span> <span class='ocrx_word' id='word_1_88' title='bbox 2761 1174 3136 1255; x_wconf 78' lang='lat' dir='ltr'>venientes,</span> 
     </span>
     <span class='ocr_line' id='line_1_11' title="bbox 587 1263 3139 1354; baseline -0.004 -13"><span class='ocrx_word' id='word_1_89' title='bbox 587 1271 803 1341; x_wconf 86' lang='lat' dir='ltr'>oravit</span> <span class='ocrx_word' id='word_1_90' title='bbox 834 1269 1229 1350; x_wconf 89' lang='lat' dir='ltr'>Dominum,</span> <span class='ocrx_word' id='word_1_91' title='bbox 1273 1282 1338 1338; x_wconf 88' lang='lat' dir='ltr'>et</span> <span class='ocrx_word' id='word_1_92' title='bbox 1381 1269 1511 1338; x_wconf 89' lang='lat' dir='ltr'>ait:</span> <span class='ocrx_word' id='word_1_93' title='bbox 1569 1268 1876 1348; x_wconf 86' lang='lat' dir='ltr'>Domine,</span> <span class='ocrx_word' id='word_1_94' title='bbox 1930 1288 2012 1336; x_wconf 93' lang='lat' dir='ltr'>ne</span> <span class='ocrx_word' id='word_1_95' title='bbox 2061 1265 2503 1354; x_wconf 90' lang='lat' dir='ltr'>derelinquas</span> <span class='ocrx_word' id='word_1_96' title='bbox 2551 1263 2876 1334; x_wconf 82' lang='lat' dir='ltr'>ancillam</span> <span class='ocrx_word' id='word_1_97' title='bbox 2916 1274 3139 1332; x_wconf 89' lang='lat' dir='ltr'>tuam.</span> 
     </span>
     <span class='ocr_line' id='line_1_12' title="bbox 586 1352 3142 1446; baseline -0.003 -18"><span class='ocrx_word' id='word_1_98' title='bbox 586 1359 965 1429; x_wconf 83' lang='lat' dir='ltr'>Adductam</span> <span class='ocrx_word' id='word_1_99' title='bbox 1015 1356 1175 1427; x_wconf 92' lang='lat' dir='ltr'>inde</span> <span class='ocrx_word' id='word_1_100' title='bbox 1213 1358 1297 1426; x_wconf 90' lang='lat' dir='ltr'>ad</span> <span class='ocrx_word' id='word_1_101' title='bbox 1342 1362 1664 1426; x_wconf 80' lang='lat' dir='ltr'>Serenam</span> <span class='ocrx_word' id='word_1_102' title='bbox 1723 1361 2133 1446; x_wconf 80' lang='lat' dir='ltr'>Angustam,</span> <span class='ocrx_word' id='word_1_103' title='bbox 2191 1355 2259 1423; x_wconf 91' lang='lat' dir='ltr'>in</span> <span class='ocrx_word' id='word_1_104' title='bbox 2304 1356 2456 1446; x_wconf 79' lang='lat' dir='ltr'>eJus</span> <span class='ocrx_word' id='word_1_105' title='bbox 2490 1354 2777 1423; x_wconf 88' lang='lat' dir='ltr'>introitu</span> <span class='ocrx_word' id='word_1_106' title='bbox 2811 1352 2960 1442; x_wconf 83' lang='lat' dir='ltr'>ipsa</span> <span class='ocrx_word' id='word_1_107' title='bbox 3011 1357 3142 1422; x_wconf 78' lang='lat' dir='ltr'>Au-</span> 
     </span>
     <span class='ocr_line' id='line_1_13' title="bbox 588 1441 3145 1538; baseline -0.003 -21"><span class='ocrx_word' id='word_1_108' title='bbox 588 1460 787 1538; x_wconf 88' lang='lat' dir='ltr'>gusta</span> <span class='ocrx_word' id='word_1_109' title='bbox 821 1446 1175 1516; x_wconf 84' lang='lat' dir='ltr'>adoravit:</span> <span class='ocrx_word' id='word_1_110' title='bbox 1231 1450 1543 1516; x_wconf 92' lang='lat' dir='ltr'>Susanna</span> <span class='ocrx_word' id='word_1_111' title='bbox 1594 1457 1819 1515; x_wconf 89' lang='lat' dir='ltr'>autem</span> <span class='ocrx_word' id='word_1_112' title='bbox 1861 1444 2225 1534; x_wconf 87' lang='lat' dir='ltr'>prostravit</span> <span class='ocrx_word' id='word_1_113' title='bbox 2274 1465 2345 1512; x_wconf 88' lang='lat' dir='ltr'>se</span> <span class='ocrx_word' id='word_1_114' title='bbox 2392 1443 2463 1512; x_wconf 92' lang='lat' dir='ltr'>in</span> <span class='ocrx_word' id='word_1_115' title='bbox 2501 1443 2996 1532; x_wconf 86' lang='lat' dir='ltr'>pavimentum,</span> <span class='ocrx_word' id='word_1_116' title='bbox 3037 1441 3145 1509; x_wconf 92' lang='lat' dir='ltr'>di-</span> 
     </span>
     <span class='ocr_line' id='line_1_14' title="bbox 589 1532 3154 1611; baseline -0.002 -6"><span class='ocrx_word' id='word_1_117' title='bbox 589 1537 684 1605; x_wconf 88' lang='lat' dir='ltr'>xit</span> <span class='ocrx_word' id='word_1_118' title='bbox 737 1557 821 1604; x_wconf 91' lang='lat' dir='ltr'>ue</span> <span class='ocrx_word' id='word_1_119' title='bbox 874 1540 1122 1605; x_wconf 88' lang='lat' dir='ltr'>Serena</span> <span class='ocrx_word' id='word_1_120' title='bbox 1174 1534 1261 1603; x_wconf 88' lang='lat' dir='ltr'>ad</span> <span class='ocrx_word' id='word_1_121' title='bbox 1301 1556 1500 1604; x_wconf 89' lang='lat' dir='ltr'>earn:</span> <span class='ocrx_word' id='word_1_122' title='bbox 1556 1533 1863 1604; x_wconf 87' lang='lat' dir='ltr'>Gaudeat</span> <span class='ocrx_word' id='word_1_123' title='bbox 1917 1533 1985 1601; x_wconf 92' lang='lat' dir='ltr'>in</span> <span class='ocrx_word' id='word_1_124' title='bbox 2038 1546 2100 1603; x_wconf 89' lang='lat' dir='ltr'>te</span> <span class='ocrx_word' id='word_1_125' title='bbox 2133 1532 2441 1602; x_wconf 90' lang='lat' dir='ltr'>Christus</span> <span class='ocrx_word' id='word_1_126' title='bbox 2493 1532 2827 1601; x_wconf 88' lang='lat' dir='ltr'>Dominus</span> <span class='ocrx_word' id='word_1_127' title='bbox 2877 1542 3154 1611; x_wconf 58' lang='lat' dir='ltr'>noster„</span> 
     </span>
     <span class='ocr_line' id='line_1_15' title="bbox 589 1618 3143 1713; baseline -0.002 -19"><span class='ocrx_word' id='word_1_128' title='bbox 589 1630 686 1694; x_wconf 91' lang='lat' dir='ltr'>Au</span> <span class='ocrx_word' id='word_1_129' title='bbox 743 1625 889 1693; x_wconf 92' lang='lat' dir='ltr'>iens</span> <span class='ocrx_word' id='word_1_130' title='bbox 926 1628 1238 1698; x_wconf 90' lang='lat' dir='ltr'>Susanna</span> <span class='ocrx_word' id='word_1_131' title='bbox 1278 1629 1653 1713; x_wconf 90' lang='lat' dir='ltr'>Augustam</span> <span class='ocrx_word' id='word_1_132' title='bbox 1707 1622 2052 1692; x_wconf 83' lang='lat' dir='ltr'>Christum</span> <span class='ocrx_word' id='word_1_133' title='bbox 2106 1620 2563 1700; x_wconf 89' lang='lat' dir='ltr'>invocantem,</span> <span class='ocrx_word' id='word_1_134' title='bbox 2602 1618 2814 1689; x_wconf 82' lang='lat' dir='ltr'>dixit:</span> <span class='ocrx_word' id='word_1_135' title='bbox 2872 1618 3143 1690; x_wconf 80' lang='lat' dir='ltr'>Gratias</span> 
     </span>
     <span class='ocr_line' id='line_1_16' title="bbox 589 1709 3144 1803; baseline -0.003 -19"><span class='ocrx_word' id='word_1_136' title='bbox 589 1735 718 1803; x_wconf 82' lang='lat' dir='ltr'>ago</span> <span class='ocrx_word' id='word_1_137' title='bbox 755 1717 882 1782; x_wconf 93' lang='lat' dir='ltr'>Deo</span> <span class='ocrx_word' id='word_1_138' title='bbox 915 1733 1087 1793; x_wconf 89' lang='lat' dir='ltr'>me0,</span> <span class='ocrx_word' id='word_1_139' title='bbox 1122 1712 1288 1799; x_wconf 91' lang='lat' dir='ltr'>quia</span> <span class='ocrx_word' id='word_1_140' title='bbox 1329 1712 1395 1781; x_wconf 94' lang='lat' dir='ltr'>in</span> <span class='ocrx_word' id='word_1_141' title='bbox 1434 1712 1623 1781; x_wconf 89' lang='lat' dir='ltr'>omni</span> <span class='ocrx_word' id='word_1_142' title='bbox 1670 1710 1816 1781; x_wconf 90' lang='lat' dir='ltr'>loco</span> <span class='ocrx_word' id='word_1_143' title='bbox 1852 1710 1967 1780; x_wconf 89' lang='lat' dir='ltr'>ille</span> <span class='ocrx_word' id='word_1_144' title='bbox 2013 1710 2435 1779; x_wconf 83' lang='lat' dir='ltr'>dominatur.</span> <span class='ocrx_word' id='word_1_145' title='bbox 2493 1709 2642 1777; x_wconf 85' lang='lat' dir='ltr'>Fuit</span> <span class='ocrx_word' id='word_1_146' title='bbox 2691 1728 2847 1778; x_wconf 85' lang='lat' dir='ltr'>vero</span> <span class='ocrx_word' id='word_1_147' title='bbox 2889 1711 3144 1777; x_wconf 91' lang='lat' dir='ltr'>Serena</span> 
     </span>
     <span class='ocr_line' id='line_1_17' title="bbox 590 1796 3148 1893; baseline -0.002 -21"><span class='ocrx_word' id='word_1_148' title='bbox 590 1807 894 1893; x_wconf 87' lang='lat' dir='ltr'>Augusta</span> <span class='ocrx_word' id='word_1_149' title='bbox 913 1822 1068 1870; x_wconf 82' lang='lat' dir='ltr'>curn</span> <span class='ocrx_word' id='word_1_150' title='bbox 1109 1806 1424 1871; x_wconf 90' lang='lat' dir='ltr'>Susanna</span> <span class='ocrx_word' id='word_1_151' title='bbox 1455 1799 1691 1869; x_wconf 89' lang='lat' dir='ltr'>multis</span> <span class='ocrx_word' id='word_1_152' title='bbox 1713 1800 1982 1880; x_wconf 82' lang='lat' dir='ltr'>diebuS,</span> <span class='ocrx_word' id='word_1_153' title='bbox 2018 1798 2275 1887; x_wconf 92' lang='lat' dir='ltr'>quibus</span> <span class='ocrx_word' id='word_1_154' title='bbox 2309 1802 2625 1868; x_wconf 89' lang='lat' dir='ltr'>Susanna</span> <span class='ocrx_word' id='word_1_155' title='bbox 2660 1819 2792 1866; x_wconf 94' lang='lat' dir='ltr'>non</span> <span class='ocrx_word' id='word_1_156' title='bbox 2829 1796 3148 1866; x_wconf 88' lang='lat' dir='ltr'>cessabat</span> 
     </span>
     <span class='ocr_line' id='line_1_18' title="bbox 584 1887 3144 1981; baseline -0.001 -22"><span class='ocrx_word' id='word_1_157' title='bbox 584 1891 846 1981; x_wconf 87' lang='lat' dir='ltr'>jugiter</span> <span class='ocrx_word' id='word_1_158' title='bbox 878 1945 893 1972; x_wconf 92' lang='lat'>‚</span> <span class='ocrx_word' id='word_1_159' title='bbox 946 1891 1150 1959; x_wconf 85' lang='lat' dir='ltr'>etiarn</span> <span class='ocrx_word' id='word_1_160' title='bbox 1204 1890 1568 1971; x_wconf 80' lang='lat' dir='ltr'>noctibuS,</span> <span class='ocrx_word' id='word_1_161' title='bbox 1624 1888 1906 1980; x_wconf 87' lang='lat' dir='ltr'>hymnis</span> <span class='ocrx_word' id='word_1_162' title='bbox 1945 1901 2011 1957; x_wconf 91' lang='lat' dir='ltr'>et</span> <span class='ocrx_word' id='word_1_163' title='bbox 2065 1887 2493 1957; x_wconf 90' lang='lat' dir='ltr'>orationibus</span> <span class='ocrx_word' id='word_1_164' title='bbox 2533 1907 2774 1976; x_wconf 88' lang='lat' dir='ltr'>vacare</span> <span class='ocrx_word' id='word_1_165' title='bbox 2808 1939 2823 1965; x_wconf 89' lang='lat'>,</span> <span class='ocrx_word' id='word_1_166' title='bbox 2876 1900 2943 1954; x_wconf 91' lang='lat' dir='ltr'>et</span> <span class='ocrx_word' id='word_1_167' title='bbox 3005 1889 3144 1956; x_wconf 92' lang='lat' dir='ltr'>Deo</span> 
     </span>
     <span class='ocr_line' id='line_1_19' title="bbox 594 1976 3146 2070; baseline -0.002 -22"><span class='ocrx_word' id='word_1_168' title='bbox 594 1979 850 2070; x_wconf 84' lang='lat' dir='ltr'>gratias</span> <span class='ocrx_word' id='word_1_169' title='bbox 898 2000 1122 2069; x_wconf 88' lang='lat' dir='ltr'>agere.</span> <span class='ocrx_word' id='word_1_170' title='bbox 1176 1983 1559 2069; x_wconf 89' lang='lat' dir='ltr'>Imperator</span> <span class='ocrx_word' id='word_1_171' title='bbox 1589 1992 1819 2048; x_wconf 87' lang='lat' dir='ltr'>autem</span> <span class='ocrx_word' id='word_1_172' title='bbox 1869 1976 2330 2047; x_wconf 90' lang='lat' dir='ltr'>Diocletianus</span> <span class='ocrx_word' id='word_1_173' title='bbox 2367 1998 2641 2065; x_wconf 82' lang='lat' dir='ltr'>semper</span> <span class='ocrx_word' id='word_1_174' title='bbox 2687 1995 2974 2065; x_wconf 89' lang='lat' dir='ltr'>sperans</span> <span class='ocrx_word' id='word_1_175' title='bbox 3025 1978 3146 2043; x_wconf 88' lang='lat' dir='ltr'>Su·</span> 
     </span>
     <span class='ocr_line' id='line_1_20' title="bbox 593 2061 3141 2157; baseline -0.002 -20"><span class='ocrx_word' id='word_1_176' title='bbox 593 2089 851 2147; x_wconf 89' lang='lat' dir='ltr'>sannae</span> <span class='ocrx_word' id='word_1_177' title='bbox 907 2088 1393 2157; x_wconf 84' lang='lat' dir='ltr'>persuasuram</span> <span class='ocrx_word' id='word_1_178' title='bbox 1446 2071 1768 2137; x_wconf 87' lang='lat' dir='ltr'>Serenam</span> <span class='ocrx_word' id='word_1_179' title='bbox 1803 2121 1818 2146; x_wconf 91' lang='lat'>‚</span> <span class='ocrx_word' id='word_1_180' title='bbox 1872 2078 1951 2135; x_wconf 92' lang='lat' dir='ltr'>ut</span> <span class='ocrx_word' id='word_1_181' title='bbox 2006 2066 2074 2134; x_wconf 91' lang='lat' dir='ltr'>in</span> <span class='ocrx_word' id='word_1_182' title='bbox 2119 2064 2246 2134; x_wconf 81' lang='lat' dir='ltr'>filii</span> <span class='ocrx_word' id='word_1_183' title='bbox 2296 2064 2689 2134; x_wconf 82' lang='lat' dir='ltr'>Maximiani</span> <span class='ocrx_word' id='word_1_184' title='bbox 2730 2061 3141 2151; x_wconf 83' lang='lat' dir='ltr'>conjugium</span> 
     </span>
     <span class='ocr_line' id='line_1_21' title="bbox 591 2151 3145 2243; baseline -0.002 -17"><span class='ocrx_word' id='word_1_185' title='bbox 591 2157 1028 2236; x_wconf 86' lang='lat' dir='ltr'>consentiret,</span> <span class='ocrx_word' id='word_1_186' title='bbox 1072 2156 1259 2225; x_wconf 89' lang='lat' dir='ltr'>misit</span> <span class='ocrx_word' id='word_1_187' title='bbox 1304 2155 1675 2243; x_wconf 88' lang='lat' dir='ltr'>quemdam</span> <span class='ocrx_word' id='word_1_188' title='bbox 1725 2154 2135 2225; x_wconf 87' lang='lat' dir='ltr'>familiarem</span> <span class='ocrx_word' id='word_1_189' title='bbox 2186 2176 2391 2223; x_wconf 92' lang='lat' dir='ltr'>suum</span> <span class='ocrx_word' id='word_1_190' title='bbox 2448 2152 2751 2223; x_wconf 89' lang='lat' dir='ltr'>Curtium</span> <span class='ocrx_word' id='word_1_191' title='bbox 2811 2151 2894 2220; x_wconf 91' lang='lat' dir='ltr'>ad</span> <span class='ocrx_word' id='word_1_192' title='bbox 2949 2156 3145 2221; x_wconf 86' lang='lat' dir='ltr'>Sere-</span> 
     </span>
     <span class='ocr_line' id='line_1_22' title="bbox 590 2242 3143 2341; baseline -0.002 -27"><span class='ocrx_word' id='word_1_193' title='bbox 590 2267 802 2326; x_wconf 83' lang='lat' dir='ltr'>nam,</span> <span class='ocrx_word' id='word_1_194' title='bbox 869 2245 1035 2314; x_wconf 87' lang='lat' dir='ltr'>haec</span> <span class='ocrx_word' id='word_1_195' title='bbox 1073 2246 1277 2316; x_wconf 86' lang='lat' dir='ltr'>verba</span> <span class='ocrx_word' id='word_1_196' title='bbox 1328 2244 1822 2335; x_wconf 72' lang='lat' dir='ltr'>perferente-in:</span> <span class='ocrx_word' id='word_1_197' title='bbox 1880 2244 2023 2313; x_wconf 87' lang='lat' dir='ltr'>Fiat</span> <span class='ocrx_word' id='word_1_198' title='bbox 2076 2256 2188 2313; x_wconf 91' lang='lat' dir='ltr'>tua</span> <span class='ocrx_word' id='word_1_199' title='bbox 2246 2242 2628 2323; x_wconf 70' lang='lat' dir='ltr'>industria,</span> <span class='ocrx_word' id='word_1_200' title='bbox 2690 2253 2765 2341; x_wconf 83' lang='lat' dir='ltr'>ut</span> <span class='ocrx_word' id='word_1_201' title='bbox 2800 2242 3143 2332; x_wconf 88' lang='lat' dir='ltr'>jungatur</span> 
     </span>
    </p>
   </div>
   <div class='ocr_carea' id='block_1_3' title="bbox 473 2329 3141 2425">
    <p class='ocr_par' dir='ltr' id='par_1_4' title="bbox 473 2329 3141 2425">
     <span class='ocr_line' id='line_1_23' title="bbox 473 2329 3141 2425; baseline -0.002 -20"><span class='ocrx_word' id='word_1_202' title='bbox 473 2391 485 2405; x_wconf 92' lang='lat'><strong>.</strong></span> <span class='ocrx_word' id='word_1_203' title='bbox 596 2333 823 2425; x_wconf 88' lang='lat' dir='ltr'>puella</span> <span class='ocrx_word' id='word_1_204' title='bbox 881 2334 1025 2404; x_wconf 87' lang='lat' dir='ltr'>filio</span> <span class='ocrx_word' id='word_1_205' title='bbox 1075 2355 1225 2403; x_wconf 90' lang='lat' dir='ltr'>meo</span> <span class='ocrx_word' id='word_1_206' title='bbox 1285 2334 1720 2403; x_wconf 80' lang='lat' dir='ltr'>Maximiano,</span> <span class='ocrx_word' id='word_1_207' title='bbox 1778 2336 2027 2402; x_wconf 88' lang='lat' dir='ltr'>Serena</span> <span class='ocrx_word' id='word_1_208' title='bbox 2076 2331 2305 2401; x_wconf 90' lang='lat' dir='ltr'>Curtio</span> <span class='ocrx_word' id='word_1_209' title='bbox 2362 2330 2576 2400; x_wconf 84' lang='lat' dir='ltr'>dixit:</span> <span class='ocrx_word' id='word_1_210' title='bbox 2631 2330 2768 2400; x_wconf 80' lang='lat' dir='ltr'>Nisi</span> <span class='ocrx_word' id='word_1_211' title='bbox 2819 2329 3141 2399; x_wconf 87' lang='lat' dir='ltr'>voluntas</span> 
     </span>
    </p>
   </div>
   <div class='ocr_carea' id='block_1_4' title="bbox 592 2419 3141 2514">
    <p class='ocr_par' dir='ltr' id='par_1_5' title="bbox 592 2419 3141 2514">
     <span class='ocr_line' id='line_1_24' title="bbox 592 2419 3141 2514; baseline -0.003 -21"><span class='ocrx_word' id='word_1_212' title='bbox 592 2423 821 2505; x_wconf 92' lang='lat' dir='ltr'>adsit,</span> <span class='ocrx_word' id='word_1_213' title='bbox 877 2445 1011 2492; x_wconf 89' lang='lat' dir='ltr'>non</span> <span class='ocrx_word' id='word_1_214' title='bbox 1079 2434 1297 2514; x_wconf 90' lang='lat' dir='ltr'>potest</span> <span class='ocrx_word' id='word_1_215' title='bbox 1343 2422 1511 2492; x_wconf 88' lang='lat' dir='ltr'>haec</span> <span class='ocrx_word' id='word_1_216' title='bbox 1558 2442 1851 2491; x_wconf 89' lang='lat' dir='ltr'>coronae</span> <span class='ocrx_word' id='word_1_217' title='bbox 1893 2421 2047 2490; x_wconf 83' lang='lat' dir='ltr'>fieri</span> <span class='ocrx_word' id='word_1_218' title='bbox 2113 2419 2535 2509; x_wconf 80' lang='lat' dir='ltr'>conjunctio.</span> <span class='ocrx_word' id='word_1_219' title='bbox 2590 2424 2727 2510; x_wconf 88' lang='lat' dir='ltr'>Ego</span> <span class='ocrx_word' id='word_1_220' title='bbox 2776 2439 2940 2487; x_wconf 90' lang='lat' dir='ltr'>sane</span> <span class='ocrx_word' id='word_1_221' title='bbox 3001 2439 3141 2486; x_wconf 91' lang='lat' dir='ltr'>non</span> 
     </span>
    </p>
   </div>
   <div class='ocr_carea' id='block_1_5' title="bbox 477 2506 3138 2609">
    <p class='ocr_par' dir='ltr' id='par_1_6' title="bbox 477 2506 3138 2609">
     <span class='ocr_line' id='line_1_25' title="bbox 477 2506 3138 2609; baseline -0.003 -26"><span class='ocrx_word' id='word_1_222' title='bbox 477 2584 481 2590; x_wconf 81' lang='grc'><strong>,</strong></span> <span class='ocrx_word' id='word_1_223' title='bbox 593 2512 1061 2583; x_wconf 85' lang='lat' dir='ltr'>animadverto</span> <span class='ocrx_word' id='word_1_224' title='bbox 1111 2511 1381 2602; x_wconf 90' lang='lat' dir='ltr'>puellae</span> <span class='ocrx_word' id='word_1_225' title='bbox 1428 2511 1741 2581; x_wconf 91' lang='lat' dir='ltr'>animum</span> <span class='ocrx_word' id='word_1_226' title='bbox 1794 2511 1861 2580; x_wconf 92' lang='lat' dir='ltr'>in</span> <span class='ocrx_word' id='word_1_227' title='bbox 1916 2510 2043 2581; x_wconf 84' lang='lat' dir='ltr'>filii</span> <span class='ocrx_word' id='word_1_228' title='bbox 2092 2511 2189 2579; x_wconf 91' lang='lat' dir='ltr'>tui</span> <span class='ocrx_word' id='word_1_229' title='bbox 2225 2510 2648 2579; x_wconf 88' lang='lat' dir='ltr'>consortium</span> <span class='ocrx_word' id='word_1_230' title='bbox 2683 2506 3138 2609; x_wconf 87' lang='lat' dir='ltr'>propendere.</span> 
     </span>
    </p>
   </div>
   <div class='ocr_carea' id='block_1_6' title="bbox 506 2595 3142 4554">
    <p class='ocr_par' dir='ltr' id='par_1_7' title="bbox 590 2595 3142 3223">
     <span class='ocr_line' id='line_1_26' title="bbox 593 2595 3140 2696; baseline -0.003 -25"><span class='ocrx_word' id='word_1_231' title='bbox 593 2602 870 2672; x_wconf 89' lang='lat' dir='ltr'>Interim</span> <span class='ocrx_word' id='word_1_232' title='bbox 911 2606 1222 2671; x_wconf 88' lang='lat' dir='ltr'>Susanna</span> <span class='ocrx_word' id='word_1_233' title='bbox 1258 2601 1382 2670; x_wconf 92' lang='lat' dir='ltr'>diu</span> <span class='ocrx_word' id='word_1_234' title='bbox 1422 2613 1766 2687; x_wconf 90' lang='lat' dir='ltr'>noctuque</span> <span class='ocrx_word' id='word_1_235' title='bbox 1801 2598 2340 2689; x_wconf 80' lang='lat' dir='ltr'>lacrymabiliter</span> <span class='ocrx_word' id='word_1_236' title='bbox 2374 2620 2508 2667; x_wconf 90' lang='lat' dir='ltr'>non</span> <span class='ocrx_word' id='word_1_237' title='bbox 2560 2596 2916 2667; x_wconf 77' lang='lat' dir='ltr'>destnebat</span> <span class='ocrx_word' id='word_1_238' title='bbox 2951 2595 3140 2696; x_wconf 88' lang='lat' dir='ltr'>psal-</span> 
     </span>
     <span class='ocr_line' id='line_1_27' title="bbox 594 2685 3140 2768; baseline -0.002 -8"><span class='ocrx_word' id='word_1_239' title='bbox 594 2713 744 2760; x_wconf 89' lang='lat' dir='ltr'>mos</span> <span class='ocrx_word' id='word_1_240' title='bbox 777 2712 1022 2761; x_wconf 87' lang='lat' dir='ltr'>canere</span> <span class='ocrx_word' id='word_1_241' title='bbox 1064 2691 1131 2759; x_wconf 92' lang='lat' dir='ltr'>in</span> <span class='ocrx_word' id='word_1_242' title='bbox 1173 2688 1447 2760; x_wconf 89' lang='lat' dir='ltr'>laudem</span> <span class='ocrx_word' id='word_1_243' title='bbox 1485 2688 1754 2757; x_wconf 90' lang='lat' dir='ltr'>Domini</span> <span class='ocrx_word' id='word_1_244' title='bbox 1790 2688 1922 2768; x_wconf 86' lang='lat' dir='ltr'>sui,</span> <span class='ocrx_word' id='word_1_245' title='bbox 1958 2688 2055 2757; x_wconf 91' lang='lat' dir='ltr'>uti</span> <span class='ocrx_word' id='word_1_246' title='bbox 2090 2687 2766 2757; x_wconf 87' lang='lat' dir='ltr'>consueveratetiam</span> <span class='ocrx_word' id='word_1_247' title='bbox 2800 2685 3140 2755; x_wconf 80' lang='lat' dir='ltr'>Gabinius</span> 
     </span>
     <span class='ocr_line' id='line_1_28' title="bbox 590 2774 3141 2869; baseline -0.002 -20"><span class='ocrx_word' id='word_1_248' title='bbox 590 2779 987 2869; x_wconf 82' lang='lat' dir='ltr'>presbyter,</span> <span class='ocrx_word' id='word_1_249' title='bbox 1045 2791 1235 2869; x_wconf 90' lang='lat' dir='ltr'>pater</span> <span class='ocrx_word' id='word_1_250' title='bbox 1283 2777 1498 2847; x_wconf 91' lang='lat' dir='ltr'>illius.</span> <span class='ocrx_word' id='word_1_251' title='bbox 1554 2777 1680 2846; x_wconf 90' lang='lat' dir='ltr'>Ubi</span> <span class='ocrx_word' id='word_1_252' title='bbox 1730 2776 1797 2845; x_wconf 89' lang='lat' dir='ltr'>id</span> <span class='ocrx_word' id='word_1_253' title='bbox 1849 2777 2331 2846; x_wconf 91' lang='lat' dir='ltr'>renunciatum</span> <span class='ocrx_word' id='word_1_254' title='bbox 2384 2789 2486 2845; x_wconf 90' lang='lat' dir='ltr'>est</span> <span class='ocrx_word' id='word_1_255' title='bbox 2535 2774 2954 2844; x_wconf 88' lang='lat' dir='ltr'>Diocletiano</span> <span class='ocrx_word' id='word_1_256' title='bbox 3001 2777 3141 2844; x_wconf 87' lang='lat' dir='ltr'>Au-</span> 
     </span>
     <span class='ocr_line' id='line_1_29' title="bbox 592 2862 3140 2958; baseline -0.002 -21"><span class='ocrx_word' id='word_1_257' title='bbox 592 2880 816 2958; x_wconf 89' lang='lat' dir='ltr'>gusto,</span> <span class='ocrx_word' id='word_1_258' title='bbox 864 2867 979 2936; x_wconf 85' lang='lat' dir='ltr'>ille</span> <span class='ocrx_word' id='word_1_259' title='bbox 1012 2866 1228 2936; x_wconf 90' lang='lat' dir='ltr'>multo</span> <span class='ocrx_word' id='word_1_260' title='bbox 1267 2865 1497 2935; x_wconf 87' lang='lat' dir='ltr'>furore</span> <span class='ocrx_word' id='word_1_261' title='bbox 1542 2866 1894 2945; x_wconf 81' lang='lat' dir='ltr'>incensus,</span> <span class='ocrx_word' id='word_1_262' title='bbox 1936 2866 2279 2955; x_wconf 89' lang='lat' dir='ltr'>praecepit</span> <span class='ocrx_word' id='word_1_263' title='bbox 2319 2864 2763 2944; x_wconf 87' lang='lat' dir='ltr'>Maximiano,</span> <span class='ocrx_word' id='word_1_264' title='bbox 2817 2875 2897 2933; x_wconf 92' lang='lat' dir='ltr'>ut</span> <span class='ocrx_word' id='word_1_265' title='bbox 2934 2862 3140 2932; x_wconf 89' lang='lat' dir='ltr'>redu·</span> 
     </span>
     <span class='ocr_line' id='line_1_30' title="bbox 590 2950 3134 3053; baseline -0.002 -28"><span class='ocrx_word' id='word_1_266' title='bbox 590 2969 860 3025; x_wconf 87' lang='lat' dir='ltr'>ceretur</span> <span class='ocrx_word' id='word_1_267' title='bbox 884 2960 1196 3024; x_wconf 90' lang='lat' dir='ltr'>Susanna</span> <span class='ocrx_word' id='word_1_268' title='bbox 1223 2956 1288 3024; x_wconf 94' lang='lat' dir='ltr'>in</span> <span class='ocrx_word' id='word_1_269' title='bbox 1320 2954 1603 3024; x_wconf 89' lang='lat' dir='ltr'>domurn</span> <span class='ocrx_word' id='word_1_270' title='bbox 1636 2954 1849 3044; x_wconf 88' lang='lat' dir='ltr'>patris</span> <span class='ocrx_word' id='word_1_271' title='bbox 1876 2953 2275 3024; x_wconf 89' lang='lat' dir='ltr'>suiGabinii</span> <span class='ocrx_word' id='word_1_272' title='bbox 2302 2953 2709 3053; x_wconf 66' lang='lat' dir='ltr'>presbyteri,</span> <span class='ocrx_word' id='word_1_273' title='bbox 2747 2953 2840 3021; x_wconf 89' lang='lat' dir='ltr'>ita</span> <span class='ocrx_word' id='word_1_274' title='bbox 2864 2950 3134 3021; x_wconf 85' lang='lat' dir='ltr'>dicens:</span> 
     </span>
     <span class='ocr_line' id='line_1_31' title="bbox 592 3040 3142 3135; baseline -0.001 -22"><span class='ocrx_word' id='word_1_275' title='bbox 592 3049 734 3113; x_wconf 86' lang='lat' dir='ltr'>Non</span> <span class='ocrx_word' id='word_1_276' title='bbox 789 3042 1135 3134; x_wconf 89' lang='lat' dir='ltr'>polluatur</span> <span class='ocrx_word' id='word_1_277' title='bbox 1191 3043 1521 3135; x_wconf 91' lang='lat' dir='ltr'>palatium</span> <span class='ocrx_word' id='word_1_278' title='bbox 1569 3056 1918 3112; x_wconf 91' lang='lat' dir='ltr'>nostrum:</span> <span class='ocrx_word' id='word_1_279' title='bbox 1973 3042 2089 3112; x_wconf 90' lang='lat' dir='ltr'>sed</span> <span class='ocrx_word' id='word_1_280' title='bbox 2134 3042 2202 3110; x_wconf 91' lang='lat' dir='ltr'>in</span> <span class='ocrx_word' id='word_1_281' title='bbox 2264 3055 2567 3131; x_wconf 78' lang='lat' dir='ltr'>paternis</span> <span class='ocrx_word' id='word_1_282' title='bbox 2605 3040 2899 3110; x_wconf 88' lang='lat' dir='ltr'>aedibus</span> <span class='ocrx_word' id='word_1_283' title='bbox 2945 3054 3142 3110; x_wconf 91' lang='lat' dir='ltr'>utere</span> 
     </span>
     <span class='ocr_line' id='line_1_32' title="bbox 592 3130 1915 3223; baseline -0.002 -23"><span class='ocrx_word' id='word_1_284' title='bbox 592 3131 714 3201; x_wconf 81' lang='lat' dir='ltr'>illa</span> <span class='ocrx_word' id='word_1_285' title='bbox 755 3154 878 3223; x_wconf 92' lang='lat' dir='ltr'>pro</span> <span class='ocrx_word' id='word_1_286' title='bbox 917 3144 1091 3213; x_wconf 88' lang='lat' dir='ltr'>voto,</span> <span class='ocrx_word' id='word_1_287' title='bbox 1144 3143 1212 3201; x_wconf 92' lang='lat' dir='ltr'>et</span> <span class='ocrx_word' id='word_1_288' title='bbox 1250 3133 1348 3202; x_wconf 92' lang='lat' dir='ltr'>sic</span> <span class='ocrx_word' id='word_1_289' title='bbox 1389 3130 1701 3218; x_wconf 76' lang='lat' dir='ltr'>relinque</span> <span class='ocrx_word' id='word_1_290' title='bbox 1738 3152 1915 3200; x_wconf 90' lang='lat' dir='ltr'>eam.</span> 
     </span>
    </p>

    <p class='ocr_par' dir='ltr' id='par_1_8' title="bbox 506 3217 3142 4554">
     <span class='ocr_line' id='line_1_33' title="bbox 679 3217 3139 3310; baseline -0.002 -17"><span class='ocrx_word' id='word_1_291' title='bbox 679 3222 716 3308; x_wconf 70' lang='grc' dir='ltr'>ξ</span> <span class='ocrx_word' id='word_1_292' title='bbox 760 3224 893 3293; x_wconf 69' lang='lat'>1⁵3.</span> <span class='ocrx_word' id='word_1_293' title='bbox 951 3220 1255 3291; x_wconf 84' lang='lat' dir='ltr'>Demissa</span> <span class='ocrx_word' id='word_1_294' title='bbox 1314 3233 1416 3290; x_wconf 88' lang='lat' dir='ltr'>est</span> <span class='ocrx_word' id='word_1_295' title='bbox 1461 3220 1675 3310; x_wconf 90' lang='lat' dir='ltr'>igitur</span> <span class='ocrx_word' id='word_1_296' title='bbox 1722 3224 2069 3299; x_wconf 86' lang='lat' dir='ltr'>Susanna,</span> <span class='ocrx_word' id='word_1_297' title='bbox 2121 3232 2186 3288; x_wconf 88' lang='lat' dir='ltr'>et</span> <span class='ocrx_word' id='word_1_298' title='bbox 2244 3219 2339 3288; x_wconf 88' lang='lat' dir='ltr'>ait</span> <span class='ocrx_word' id='word_1_299' title='bbox 2401 3223 2648 3289; x_wconf 88' lang='lat' dir='ltr'>Serena</span> <span class='ocrx_word' id='word_1_300' title='bbox 2697 3222 2994 3308; x_wconf 90' lang='lat' dir='ltr'>Augusta</span> <span class='ocrx_word' id='word_1_301' title='bbox 3044 3217 3139 3287; x_wconf 91' lang='lat' dir='ltr'>ad</span> 
     </span>
     <span class='ocr_line' id='line_1_34' title="bbox 590 3306 3138 3398; baseline -0 -20"><span class='ocrx_word' id='word_1_302' title='bbox 590 3330 789 3378; x_wconf 91' lang='lat' dir='ltr'>eam:</span> <span class='ocrx_word' id='word_1_303' title='bbox 844 3309 971 3391; x_wconf 89' lang='lat' dir='ltr'>Qui</span> <span class='ocrx_word' id='word_1_304' title='bbox 1023 3309 1373 3397; x_wconf 90' lang='lat' dir='ltr'>quondam</span> <span class='ocrx_word' id='word_1_305' title='bbox 1449 3309 1745 3398; x_wconf 85' lang='lat' dir='ltr'>priorem</span> <span class='ocrx_word' id='word_1_306' title='bbox 1814 3307 2002 3377; x_wconf 87' lang='lat' dir='ltr'>illam</span> <span class='ocrx_word' id='word_1_307' title='bbox 2073 3312 2459 3378; x_wconf 90' lang='lat' dir='ltr'>Susannam</span> <span class='ocrx_word' id='word_1_308' title='bbox 2540 3306 2872 3377; x_wconf 86' lang='lat' dir='ltr'>famulam</span> <span class='ocrx_word' id='word_1_309' title='bbox 2933 3327 3138 3377; x_wconf 89' lang='lat' dir='ltr'>suam</span> 
     </span>
     <span class='ocr_line' id='line_1_35' title="bbox 595 3394 3136 3487; baseline -0.001 -21"><span class='ocrx_word' id='word_1_310' title='bbox 595 3397 930 3478; x_wconf 90' lang='lat' dir='ltr'>liberavit,</span> <span class='ocrx_word' id='word_1_311' title='bbox 985 3397 1043 3467; x_wconf 90' lang='lat' dir='ltr'>is</span> <span class='ocrx_word' id='word_1_312' title='bbox 1106 3410 1166 3467; x_wconf 92' lang='lat' dir='ltr'>te</span> <span class='ocrx_word' id='word_1_313' title='bbox 1224 3419 1497 3485; x_wconf 92' lang='lat' dir='ltr'>quoque</span> <span class='ocrx_word' id='word_1_314' title='bbox 1547 3397 1809 3479; x_wconf 87' lang='lat' dir='ltr'>liberet,</span> <span class='ocrx_word' id='word_1_315' title='bbox 1862 3396 2087 3483; x_wconf 87' lang='lat' dir='ltr'>sitque</span> <span class='ocrx_word' id='word_1_316' title='bbox 2135 3397 2257 3467; x_wconf 91' lang='lat' dir='ltr'>tibi</span> <span class='ocrx_word' id='word_1_317' title='bbox 2303 3396 2706 3477; x_wconf 89' lang='lat' dir='ltr'>auxiliator,</span> <span class='ocrx_word' id='word_1_318' title='bbox 2759 3394 3136 3487; x_wconf 84' lang='lat' dir='ltr'>gloriosam</span> 
     </span>
     <span class='ocr_line' id='line_1_36' title="bbox 588 3483 3139 3577; baseline -0.001 -22"><span class='ocrx_word' id='word_1_319' title='bbox 588 3507 828 3577; x_wconf 88' lang='lat' dir='ltr'>pacem</span> <span class='ocrx_word' id='word_1_320' title='bbox 868 3486 994 3557; x_wconf 89' lang='lat' dir='ltr'>tibi</span> <span class='ocrx_word' id='word_1_321' title='bbox 1044 3486 1378 3556; x_wconf 90' lang='lat' dir='ltr'>tribuens.</span> <span class='ocrx_word' id='word_1_322' title='bbox 1444 3485 1699 3556; x_wconf 87' lang='lat' dir='ltr'>Deinde</span> <span class='ocrx_word' id='word_1_323' title='bbox 1747 3489 2061 3555; x_wconf 88' lang='lat' dir='ltr'>Susanna</span> <span class='ocrx_word' id='word_1_324' title='bbox 2108 3507 2266 3555; x_wconf 88' lang='lat' dir='ltr'>cum</span> <span class='ocrx_word' id='word_1_325' title='bbox 2317 3484 2589 3555; x_wconf 90' lang='lat' dir='ltr'>duabus</span> <span class='ocrx_word' id='word_1_326' title='bbox 2646 3483 2964 3556; x_wconf 86' lang='lat' dir='ltr'>foeminis</span> <span class='ocrx_word' id='word_1_327' title='bbox 3021 3484 3139 3553; x_wconf 89' lang='lat' dir='ltr'>in-</span> 
     </span>
     <span class='ocr_line' id='line_1_37' title="bbox 591 3571 3139 3666; baseline -0.001 -22"><span class='ocrx_word' id='word_1_328' title='bbox 591 3595 827 3666; x_wconf 88' lang='lat' dir='ltr'>gressa</span> <span class='ocrx_word' id='word_1_329' title='bbox 876 3575 946 3644; x_wconf 89' lang='lat' dir='ltr'>in</span> <span class='ocrx_word' id='word_1_330' title='bbox 995 3574 1280 3644; x_wconf 89' lang='lat' dir='ltr'>domum</span> <span class='ocrx_word' id='word_1_331' title='bbox 1333 3597 1529 3646; x_wconf 90' lang='lat' dir='ltr'>suam</span> <span class='ocrx_word' id='word_1_332' title='bbox 1562 3630 1577 3657; x_wconf 91' lang='lat'>,</span> <span class='ocrx_word' id='word_1_333' title='bbox 1623 3575 1908 3665; x_wconf 88' lang='lat' dir='ltr'>jactavit</span> <span class='ocrx_word' id='word_1_334' title='bbox 1963 3595 2035 3644; x_wconf 90' lang='lat' dir='ltr'>se</span> <span class='ocrx_word' id='word_1_335' title='bbox 2080 3574 2152 3643; x_wconf 92' lang='lat' dir='ltr'>in</span> <span class='ocrx_word' id='word_1_336' title='bbox 2216 3574 2726 3665; x_wconf 88' lang='lat' dir='ltr'>pavimentum,</span> <span class='ocrx_word' id='word_1_337' title='bbox 2781 3571 3139 3660; x_wconf 85' lang='lat' dir='ltr'>oravitque</span> 
     </span>
     <span class='ocr_line' id='line_1_38' title="bbox 596 3661 3139 3742; baseline -0.001 -9"><span class='ocrx_word' id='word_1_338' title='bbox 596 3663 959 3733; x_wconf 90' lang='lat' dir='ltr'>Dominum</span> <span class='ocrx_word' id='word_1_339' title='bbox 1009 3664 1268 3734; x_wconf 88' lang='lat' dir='ltr'>Jesum.</span> <span class='ocrx_word' id='word_1_340' title='bbox 1322 3662 1570 3733; x_wconf 91' lang='lat' dir='ltr'>Eadem</span> <span class='ocrx_word' id='word_1_341' title='bbox 1617 3675 1809 3734; x_wconf 90' lang='lat' dir='ltr'>nocte</span> <span class='ocrx_word' id='word_1_342' title='bbox 1859 3663 2042 3733; x_wconf 85' lang='lat' dir='ltr'>venit</span> <span class='ocrx_word' id='word_1_343' title='bbox 2074 3663 2529 3733; x_wconf 84' lang='lat' dir='ltr'>Maximianus</span> <span class='ocrx_word' id='word_1_344' title='bbox 2560 3661 2646 3731; x_wconf 92' lang='lat' dir='ltr'>ad</span> <span class='ocrx_word' id='word_1_345' title='bbox 2681 3683 2857 3742; x_wconf 89' lang='lat' dir='ltr'>eam,</span> <span class='ocrx_word' id='word_1_346' title='bbox 2909 3674 2975 3730; x_wconf 89' lang='lat' dir='ltr'>et</span> <span class='ocrx_word' id='word_1_347' title='bbox 3029 3661 3139 3730; x_wconf 90' lang='lat' dir='ltr'>in-</span> 
     </span>
     <span class='ocr_line' id='line_1_39' title="bbox 592 3749 3140 3842; baseline -0.002 -19"><span class='ocrx_word' id='word_1_348' title='bbox 592 3764 784 3823; x_wconf 91' lang='lat' dir='ltr'>trans</span> <span class='ocrx_word' id='word_1_349' title='bbox 833 3752 902 3821; x_wconf 89' lang='lat' dir='ltr'>in</span> <span class='ocrx_word' id='word_1_350' title='bbox 953 3751 1383 3834; x_wconf 90' lang='lat' dir='ltr'>cubiculum,</span> <span class='ocrx_word' id='word_1_351' title='bbox 1429 3753 1550 3822; x_wconf 91' lang='lat' dir='ltr'>ubi</span> <span class='ocrx_word' id='word_1_352' title='bbox 1587 3757 1905 3823; x_wconf 91' lang='lat' dir='ltr'>Susanna</span> <span class='ocrx_word' id='word_1_353' title='bbox 1938 3753 2199 3833; x_wconf 87' lang='lat' dir='ltr'>orabat,</span> <span class='ocrx_word' id='word_1_354' title='bbox 2256 3752 2422 3821; x_wconf 90' lang='lat' dir='ltr'>vidit</span> <span class='ocrx_word' id='word_1_355' title='bbox 2469 3749 2801 3842; x_wconf 86' lang='lat' dir='ltr'>Angelum</span> <span class='ocrx_word' id='word_1_356' title='bbox 2861 3750 3140 3819; x_wconf 90' lang='lat' dir='ltr'>Domini</span> 
     </span>
     <span class='ocr_line' id='line_1_40' title="bbox 594 3837 3140 3932; baseline -0.002 -19"><span class='ocrx_word' id='word_1_357' title='bbox 594 3863 808 3932; x_wconf 86' lang='lat' dir='ltr'>supra</span> <span class='ocrx_word' id='word_1_358' title='bbox 843 3841 1032 3910; x_wconf 90' lang='lat' dir='ltr'>illam</span> <span class='ocrx_word' id='word_1_359' title='bbox 1075 3862 1235 3911; x_wconf 88' lang='lat' dir='ltr'>cum</span> <span class='ocrx_word' id='word_1_360' title='bbox 1292 3841 1508 3911; x_wconf 91' lang='lat' dir='ltr'>multa</span> <span class='ocrx_word' id='word_1_361' title='bbox 1548 3840 1878 3911; x_wconf 88' lang='lat' dir='ltr'>claritate.</span> <span class='ocrx_word' id='word_1_362' title='bbox 1946 3845 2035 3910; x_wconf 92' lang='lat' dir='ltr'>Ea</span> <span class='ocrx_word' id='word_1_363' title='bbox 2085 3863 2155 3911; x_wconf 91' lang='lat' dir='ltr'>re</span> <span class='ocrx_word' id='word_1_364' title='bbox 2204 3840 2604 3932; x_wconf 88' lang='lat' dir='ltr'>perterritus</span> <span class='ocrx_word' id='word_1_365' title='bbox 2651 3839 2907 3909; x_wconf 90' lang='lat' dir='ltr'>cursim</span> <span class='ocrx_word' id='word_1_366' title='bbox 2959 3837 3033 3907; x_wconf 84' lang='lat' dir='ltr'>su</span> <span class='ocrx_word' id='word_1_367' title='bbox 3087 3839 3140 3909; x_wconf 92' lang='lat' dir='ltr'>it</span> 
     </span>
     <span class='ocr_line' id='line_1_41' title="bbox 591 3928 3141 4032; baseline -0.002 -30"><span class='ocrx_word' id='word_1_368' title='bbox 591 3931 677 4002; x_wconf 95' lang='lat' dir='ltr'>ad</span> <span class='ocrx_word' id='word_1_369' title='bbox 729 3930 1090 4032; x_wconf 90' lang='lat' dir='ltr'>palatium,</span> <span class='ocrx_word' id='word_1_370' title='bbox 1130 3952 1253 4000; x_wconf 87' lang='lat' dir='ltr'>nec</span> <span class='ocrx_word' id='word_1_371' title='bbox 1294 3930 1518 4021; x_wconf 91' lang='lat' dir='ltr'>attigit</span> <span class='ocrx_word' id='word_1_372' title='bbox 1563 3951 1762 4000; x_wconf 88' lang='lat' dir='ltr'>eam:</span> <span class='ocrx_word' id='word_1_373' title='bbox 1807 3929 2247 4019; x_wconf 88' lang='lat' dir='ltr'>narravitque</span> <span class='ocrx_word' id='word_1_374' title='bbox 2291 3930 2522 3999; x_wconf 89' lang='lat' dir='ltr'>omnia</span> <span class='ocrx_word' id='word_1_375' title='bbox 2582 3928 2760 4018; x_wconf 90' lang='lat' dir='ltr'>patri</span> <span class='ocrx_word' id='word_1_376' title='bbox 2807 3949 2934 3997; x_wconf 92' lang='lat' dir='ltr'>suo</span> <span class='ocrx_word' id='word_1_377' title='bbox 2983 3931 3032 3996; x_wconf 94' lang='lat' dir='ltr'>D</span> <span class='ocrx_word' id='word_1_378' title='bbox 3063 3949 3141 3997; x_wconf 91' lang='lat' dir='ltr'>o-</span> 
     </span>
     <span class='ocr_line' id='line_1_42' title="bbox 589 4015 3142 4110; baseline -0.001 -21"><span class='ocrx_word' id='word_1_379' title='bbox 589 4019 884 4090; x_wconf 81' lang='lat' dir='ltr'>clettano</span> <span class='ocrx_word' id='word_1_380' title='bbox 931 4023 1257 4110; x_wconf 82' lang='lat' dir='ltr'>Augusto,</span> <span class='ocrx_word' id='word_1_381' title='bbox 1308 4019 1431 4107; x_wconf 91' lang='lat' dir='ltr'>qui</span> <span class='ocrx_word' id='word_1_382' title='bbox 1476 4018 1614 4089; x_wconf 89' lang='lat' dir='ltr'>ait:</span> <span class='ocrx_word' id='word_1_383' title='bbox 1661 4024 1804 4090; x_wconf 88' lang='lat' dir='ltr'>Non</span> <span class='ocrx_word' id='word_1_384' title='bbox 1845 4030 1948 4089; x_wconf 91' lang='lat' dir='ltr'>est</span> <span class='ocrx_word' id='word_1_385' title='bbox 1995 4018 2123 4089; x_wconf 91' lang='lat' dir='ltr'>hoc</span> <span class='ocrx_word' id='word_1_386' title='bbox 2175 4019 2308 4089; x_wconf 89' lang='lat' dir='ltr'>nisi</span> <span class='ocrx_word' id='word_1_387' title='bbox 2358 4018 2664 4108; x_wconf 89' lang='lat' dir='ltr'>magicae</span> <span class='ocrx_word' id='word_1_388' title='bbox 2710 4017 2902 4087; x_wconf 90' lang='lat' dir='ltr'>artis.</span> <span class='ocrx_word' id='word_1_389' title='bbox 2958 4015 3142 4086; x_wconf 88' lang='lat' dir='ltr'>Misit</span> 
     </span>
     <span class='ocr_line' id='line_1_43' title="bbox 592 4106 3140 4198; baseline -0.001 -21"><span class='ocrx_word' id='word_1_390' title='bbox 592 4108 754 4178; x_wconf 91' lang='lat' dir='ltr'>inde</span> <span class='ocrx_word' id='word_1_391' title='bbox 801 4108 1137 4188; x_wconf 89' lang='lat' dir='ltr'>Curtium,</span> <span class='ocrx_word' id='word_1_392' title='bbox 1191 4107 1315 4196; x_wconf 86' lang='lat' dir='ltr'>qui</span> <span class='ocrx_word' id='word_1_393' title='bbox 1363 4108 1430 4177; x_wconf 94' lang='lat' dir='ltr'>in</span> <span class='ocrx_word' id='word_1_394' title='bbox 1483 4107 1688 4178; x_wconf 90' lang='lat' dir='ltr'>domo</span> <span class='ocrx_word' id='word_1_395' title='bbox 1735 4107 1887 4198; x_wconf 90' lang='lat' dir='ltr'>ejus</span> <span class='ocrx_word' id='word_1_396' title='bbox 1934 4107 2203 4177; x_wconf 91' lang='lat' dir='ltr'>audiret</span> <span class='ocrx_word' id='word_1_397' title='bbox 2227 4128 2404 4188; x_wconf 90' lang='lat' dir='ltr'>eam,</span> <span class='ocrx_word' id='word_1_398' title='bbox 2449 4121 2514 4177; x_wconf 90' lang='lat' dir='ltr'>et</span> <span class='ocrx_word' id='word_1_399' title='bbox 2556 4118 2632 4176; x_wconf 91' lang='lat' dir='ltr'>ut</span> <span class='ocrx_word' id='word_1_400' title='bbox 2678 4106 3140 4195; x_wconf 85' lang='lat' dir='ltr'>fierentgesta</span> 
     </span>
     <span class='ocr_line' id='line_1_44' title="bbox 506 4194 3132 4288; baseline -0.002 -22"><span class='ocrx_word' id='word_1_401' title='bbox 506 4234 513 4241; x_wconf 85' lang='lat'><em>·</em></span> <span class='ocrx_word' id='word_1_402' title='bbox 590 4196 1050 4287; x_wconf 85' lang='lat' dir='ltr'>amplissima.</span> <span class='ocrx_word' id='word_1_403' title='bbox 1105 4196 1395 4266; x_wconf 90' lang='lat' dir='ltr'>Veniens</span> <span class='ocrx_word' id='word_1_404' title='bbox 1428 4218 1507 4267; x_wconf 89' lang='lat' dir='ltr'>eo</span> <span class='ocrx_word' id='word_1_405' title='bbox 1555 4196 1852 4279; x_wconf 89' lang='lat' dir='ltr'>Curtius,</span> <span class='ocrx_word' id='word_1_406' title='bbox 1906 4197 2130 4288; x_wconf 86' lang='lat' dir='ltr'>magis</span> <span class='ocrx_word' id='word_1_407' title='bbox 2184 4218 2264 4265; x_wconf 91' lang='lat' dir='ltr'>ac</span> <span class='ocrx_word' id='word_1_408' title='bbox 2323 4196 2545 4287; x_wconf 87' lang='lat' dir='ltr'>magis</span> <span class='ocrx_word' id='word_1_409' title='bbox 2597 4215 2840 4286; x_wconf 88' lang='lat' dir='ltr'>pavere</span> <span class='ocrx_word' id='word_1_410' title='bbox 2886 4194 3132 4284; x_wconf 88' lang='lat' dir='ltr'>coepit.</span> 
     </span>
     <span class='ocr_line' id='line_1_45' title="bbox 592 4282 3139 4356; baseline -0.001 -3"><span class='ocrx_word' id='word_1_411' title='bbox 592 4284 1054 4355; x_wconf 89' lang='lat' dir='ltr'>Diocletianus</span> <span class='ocrx_word' id='word_1_412' title='bbox 1103 4307 1259 4355; x_wconf 90' lang='lat' dir='ltr'>vero</span> <span class='ocrx_word' id='word_1_413' title='bbox 1306 4307 1465 4355; x_wconf 90' lang='lat' dir='ltr'>cum</span> <span class='ocrx_word' id='word_1_414' title='bbox 1507 4307 1717 4354; x_wconf 87' lang='lat' dir='ltr'>uxore</span> <span class='ocrx_word' id='word_1_415' title='bbox 1750 4307 1877 4356; x_wconf 87' lang='lat' dir='ltr'>sua</span> <span class='ocrx_word' id='word_1_416' title='bbox 1919 4289 2172 4355; x_wconf 91' lang='lat' dir='ltr'>Serena</span> <span class='ocrx_word' id='word_1_417' title='bbox 2216 4283 2670 4355; x_wconf 90' lang='lat' dir='ltr'>contendebat</span> <span class='ocrx_word' id='word_1_418' title='bbox 2708 4282 2792 4353; x_wconf 91' lang='lat' dir='ltr'>de</span> <span class='ocrx_word' id='word_1_419' title='bbox 2838 4282 3139 4352; x_wconf 90' lang='lat' dir='ltr'>adventu</span> 
     </span>
     <span class='ocr_line' id='line_1_46' title="bbox 595 4373 3128 4463; baseline -0.001 -22"><span class='ocrx_word' id='word_1_420' title='bbox 595 4373 865 4454; x_wconf 83' lang='lat' dir='ltr'>Christi,</span> <span class='ocrx_word' id='word_1_421' title='bbox 920 4387 984 4443; x_wconf 91' lang='lat' dir='ltr'>et</span> <span class='ocrx_word' id='word_1_422' title='bbox 1030 4374 1116 4444; x_wconf 90' lang='lat' dir='ltr'>de</span> <span class='ocrx_word' id='word_1_423' title='bbox 1163 4373 1432 4444; x_wconf 88' lang='lat' dir='ltr'>cultura</span> <span class='ocrx_word' id='word_1_424' title='bbox 1476 4373 1845 4444; x_wconf 87' lang='lat' dir='ltr'>idolorum.</span> <span class='ocrx_word' id='word_1_425' title='bbox 1902 4373 2029 4443; x_wconf 94' lang='lat' dir='ltr'>Sed</span> <span class='ocrx_word' id='word_1_426' title='bbox 2070 4395 2229 4445; x_wconf 92' lang='lat' dir='ltr'>cum</span> <span class='ocrx_word' id='word_1_427' title='bbox 2281 4374 2369 4444; x_wconf 90' lang='lat' dir='ltr'>ab</span> <span class='ocrx_word' id='word_1_428' title='bbox 2415 4395 2491 4443; x_wconf 91' lang='lat' dir='ltr'>ea</span> <span class='ocrx_word' id='word_1_429' title='bbox 2526 4385 2892 4463; x_wconf 88' lang='lat' dir='ltr'>superatus</span> <span class='ocrx_word' id='word_1_430' title='bbox 2929 4383 3128 4450; x_wconf 87' lang='lat' dir='ltr'>esset,</span> 
     </span>
     <span class='ocr_line' id='line_1_47' title="bbox 596 4458 3129 4554; baseline -0.002 -23"><span class='ocrx_word' id='word_1_431' title='bbox 596 4465 949 4531; x_wconf 90' lang='lat' dir='ltr'>Susannae</span> <span class='ocrx_word' id='word_1_432' title='bbox 988 4463 1403 4534; x_wconf 89' lang='lat' dir='ltr'>mentionem</span> <span class='ocrx_word' id='word_1_433' title='bbox 1439 4462 1694 4544; x_wconf 90' lang='lat' dir='ltr'>intulit,</span> <span class='ocrx_word' id='word_1_434' title='bbox 1734 4463 1966 4550; x_wconf 89' lang='lat' dir='ltr'>aitque</span> <span class='ocrx_word' id='word_1_435' title='bbox 2003 4461 2090 4532; x_wconf 89' lang='lat' dir='ltr'>ad</span> <span class='ocrx_word' id='word_1_436' title='bbox 2139 4466 2540 4554; x_wconf 77' lang='lat' dir='ltr'>Augustam:</span> <span class='ocrx_word' id='word_1_437' title='bbox 2578 4460 2754 4545; x_wconf 87' lang='lat' dir='ltr'>Quid</span> <span class='ocrx_word' id='word_1_438' title='bbox 2786 4461 2877 4531; x_wconf 88' lang='lat' dir='ltr'>ita</span> <span class='ocrx_word' id='word_1_439' title='bbox 2905 4458 3129 4551; x_wconf 88' lang='lat' dir='ltr'>egisti,</span> 
     </span>
    </p>
   </div>
  </div>
 </body>
</html>
