3308 5004
163 348 348 415 AUG.
404 347 484 413 43
954 368 1032 414 nn
1080 367 1134 415 s.
1191 365 1565 415 manaimus
1620 366 1855 415 ascum
2485 352 2613 418 3¹5

164 450 473 529 Domina,
509 449 566 522 si
587 449 820 541 jubes,
853 450 993 521 tuis
1026 451 1251 522 verbis
1282 451 1558 541 abigam
1601 472 1793 520 avem
1820 451 2024 522 hanc.
2056 451 2182 522 Illa
2215 454 2597 544 respondit:
2634 456 2702 525 Si

163 539 361 610 noxia
425 551 570 625 est,
628 539 790 620 abi,
850 552 917 609 et
977 539 1148 628 ejice
1185 560 1338 609 eam
1395 540 1461 609 in
1529 540 1810 610 nornine
1850 541 2166 611 Domini:
2221 542 2496 612 interim
2546 565 2701 613 vero

164 627 398 700 Crucis
453 628 729 718 signum
785 628 853 697 in
903 650 1053 698 eam
1103 627 1342 697 edidit.
1397 630 1592 698 Venit
1639 627 1759 697 illa
1807 628 1893 698 ad
1943 651 2133 699 avem
2172 684 2188 710 ,
2245 644 2310 701 et
2348 632 2565 701 dixit:
2622 637 2697 702 In

162 717 442 787 nomine
482 716 756 786 Domini
799 717 910 788 Dei
961 718 1176 787 nostri
1208 722 1375 788 Jesu
1408 717 1654 788 Christi
1684 717 1886 805 jubet
1915 717 2197 787 domina
2228 720 2695 821 RadegundiS,

164 806 220 877 si
250 827 386 875 non
416 826 491 876 es
532 805 742 877 missa
765 803 823 876 'a
862 806 1174 889 Domino,
1219 818 1296 875 ut
1325 805 1493 875 hinc
1528 805 1830 887 recedaS,
1870 827 1993 876 nec
2031 828 2203 876 ausa
2235 808 2332 877 sis
2365 808 2475 878 hic
2504 810 2703 880 edere

165 894 519 964 clamores.
574 894 856 985 Aufugit
911 917 1067 965 mox
1123 894 1270 963 avis
1316 894 1500 963 haud
1539 894 1739 964 aliter
1789 915 1997 982 quam
2058 894 2115 963 si
2165 896 2387 984 ipsius
2428 920 2543 967 ore
2590 899 2699 968 Dei

166 983 364 1053 verba
416 982 538 1052 illa
572 984 835 1073 prolata
875 984 1187 1053 fuissent.
1225 987 1302 1052 Et
1334 983 1579 1053 merito
1616 982 1898 1071 quidem
1943 982 2046 1052 illi
2084 984 2497 1055 obediebant
2545 1008 2735 1061 aves,

167 1084 226 1142 et
261 1072 543 1153 bestiae,
585 1094 762 1159 quae
801 1095 1075 1163 semper
1110 1071 1366 1143 divinis
1409 1072 1791 1162 praeceptis
1823 1072 2384 1162 obtemperasset.

242 1163 278 1247 ἓ
323 1167 481 1235 19.
532 1165 723 1231 Anno
772 1184 911 1231 uno
943 1177 1100 1232 ante
1129 1161 1394 1231 obitum
1427 1183 1634 1231 suum
1671 1158 1837 1230 vidit
1869 1161 1939 1229 in
1990 1162 2251 1231 visione
2300 1161 2529 1232 locum
2563 1163 2697 1234 sibi

165 1262 671 1340 praeparatum.
726 1251 920 1321 Venit
952 1250 1038 1320 ad
1073 1272 1221 1320 eam
1256 1249 1535 1340 juvenis
1570 1249 1951 1339 praedives.
1997 1249 2316 1336 idemque
2349 1250 2702 1322 formosis-

163 1338 399 1409 simuS.
447 1339 579 1421 Qui
619 1361 777 1408 cum
837 1340 1123 1409 comiter
1168 1360 1317 1408 eam
1382 1339 1550 1409 attin
1606 1351 1747 1407 eret
1802 1352 1869 1407 et
1914 1337 2167 1408 blande
2216 1339 2697 1428 compellaret,

163 1426 272 1496 illa
306 1427 451 1497 zelo
505 1439 810 1516 permota
857 1428 1254 1519 pudicitiae,
1306 1427 1458 1518 ejus
1510 1429 1549 1498 b
1581 1427 1881 1497 anditias
1932 1429 2320 1517 respuebat.
2364 1433 2533 1498 Tum
2587 1428 2703 1499 ille

160 1515 250 1584 ait
292 1516 375 1585 ad
430 1538 622 1585 eam:
676 1516 851 1600 Quid
903 1517 1072 1587 adeo
1117 1516 1252 1586 mei
1310 1515 1561 1586 ardens
1614 1514 1957 1586 desiderio
2006 1539 2167 1587 cum
2223 1530 2315 1587 tot
2374 1517 2702 1606 lacrymis

162 1626 266 1674 me
297 1626 525 1695 rogas,
572 1626 681 1674 me
728 1605 1166 1696 gemebunda
1213 1605 1533 1692 requiriS‚
1572 1626 1683 1675 me
1711 1603 2009 1694 profusis
2046 1605 2366 1694 precibus
2412 1606 2694 1695 expetis,

163 1714 310 1763 mea
344 1696 557 1763 causa
607 1706 742 1763 tam
793 1694 1058 1764 duriter
1105 1707 1167 1763 te
1216 1693 1451 1773 habes,
1513 1706 1650 1764 tam
1705 1694 1921 1764 multo
1967 1695 2282 1765 cruciatu
2343 1707 2405 1765 te
2451 1694 2694 1773 afficis,

162 1802 311 1852 cum
346 1804 475 1872 ego
526 1782 645 1852 tibi
700 1804 1078 1870 numquam
1150 1804 1287 1852 non
1334 1782 1611 1852 adsim?
1657 1780 1843 1852 Nulli
1908 1782 2199 1852 dubium
2249 1797 2393 1865 est,
2447 1786 2533 1853 ab
2583 1782 2701 1854 illo

166 1870 498 1941 visitatam
548 1892 743 1952 esse,
797 1872 913 1941 cui
981 1893 1054 1942 se
1104 1884 1239 1941 toto
1309 1885 1579 1960 pectore
1637 1870 2026 1941 addixerat:
2081 1871 2593 1960 indicatamque
2638 1872 2702 1943 ei

164 1958 383 2030 adhuc
417 1960 488 2028 in
541 1980 828 2049 corpore
878 1961 1185 2030 manenti
1232 1959 1524 2049 gloriam
1589 1959 1778 2031 illam
1847 1982 1978 2047 qua
2042 1974 2219 2030 esset
2284 1961 2581 2031 fruitura
2628 1961 2696 2032 in

164 2048 385 2118 coelis.
460 2053 624 2119 Eam
677 2049 1011 2119 visionem
1062 2048 1337 2118 duabus
1385 2051 1557 2119 bene
1604 2047 1930 2119 fidelibus
1986 2060 2246 2119 secreto
2292 2071 2449 2120 cum
2508 2050 2696 2121 obte-

167 2137 447 2207 statione
510 2135 850 2218 revelavit,
969 2137 1720 2216 raviter-interdicens,
1808 2158 1892 2206 ne
1939 2137 2090 2226 ipsa
2156 2140 2520 2228 superstite
2567 2138 2693 2209 ulli

164 2227 526 2315 aperirent.
574 2231 747 2295 Sunt
794 2248 915 2295 mu
949 2239 1011 2296 ta
1071 2225 1231 2306 alia,
1291 2247 1414 2296 nec
1460 2249 1538 2295 ea
1585 2224 1934 2314 vulgaria.
1987 2247 2164 2313 quae
2228 2240 2451 2297 tamen
2510 2249 2702 2317 prae-

168 2316 441 2384 terimus
495 2314 903 2403 prolixitatis
953 2314 1271 2385 vitandae
1326 2317 1560 2384 causa.
1615 2319 1790 2384 Sane
1836 2316 2102 2401 quoties
2161 2315 2315 2401 ejus
2390 2316 2692 2396 amoris,

169 2403 661 2483 nutricationis,
706 2403 1083 2484 charitatis,
1127 2403 1682 2494 praedicationis,
1728 2403 1958 2473 omnis
2009 2416 2286 2473 sanctae
2337 2425 2700 2473 conversa·-

169 2489 359 2563 tionis
391 2491 863 2575 recordamur,
890 2491 1125 2564 dolore
1155 2509 1574 2580 torquemur,
1608 2505 2125 2579 moerentesque
2145 2490 2450 2562 diductis
2476 2492 2698 2563 oculis

171 2581 583 2666 requirimus
609 2593 869 2651 tantam
903 2583 1220 2672 pietatem
1256 2596 1321 2650 et
1355 2581 1878 2660 humanitatem,
1917 2593 1983 2650 et
2030 2603 2167 2651 non
2196 2581 2693 2671 conspicimus,

168 2670 215 2736 Ο
248 2669 494 2740 duram
532 2692 697 2740 sane
730 2669 1194 2741 conditionem
1229 2683 1558 2753 nostram,
1593 2670 1663 2739 in
1703 2690 1911 2757 quarn
1944 2668 2253 2750 infelices
2293 2669 2693 2739 incidimus.

170 2759 214 2825 Ο
261 2758 570 2847 piissima
620 2758 926 2841 domina,
980 2759 1278 2829 debebas
1324 2759 1632 2830 obtinere
1680 2780 1719 2828 a
1752 2757 1923 2829 coeli
1975 2758 2286 2839 Domin0‚
2340 2772 2417 2829 ut
2468 2771 2527 2828 te
2574 2780 2699 2827 an-

169 2847 540 2918 tecederent
578 2869 736 2919 oves
784 2859 964 2929 tuae,
1016 2870 1191 2936 quas
1238 2847 1658 2939 collegeras:
1697 2859 1762 2918 et
1810 2860 1882 2917 tu
1929 2848 2146 2917 instar
2193 2847 2355 2917 boni
2408 2847 2700 2934 pastoris

170 2954 429 3027 gregem
466 2938 921 3023 subsequens.
963 2958 1121 3007 eum
1160 2937 1444 3007 Domino
1475 2936 1856 3006 exhiberes

245 3025 280 3110 δ
328 3029 499 3098 20.
579 3025 706 3095 Sed
774 3026 1131 3097 veniamus
1182 3048 1370 3094 nunc
1439 3024 1525 3095 ad
1574 3026 1726 3115 ejus
1781 3023 2252 3095 felicissimam
2315 3046 2356 3093 a
2416 3045 2701 3113 corpore

173 3112 706 3202 emigrationem,
743 3136 951 3201 quam
987 3115 1139 3184 sine
1172 3114 1471 3205 profusis
1504 3113 1832 3202 lacrymis
1864 3112 2113 3182 referre
2135 3136 2269 3184 non
2297 3134 2695 3203 possumus.

177 3199 381 3286 Usque
426 3202 516 3272 ad
565 3201 745 3271 diem
799 3203 1022 3284 illum,
1075 3225 1214 3290 quo
1247 3203 1408 3274 hinc
1446 3201 1760 3282 excessit,
1808 3223 2166 3289 nunquam
2216 3202 2588 3289 quicquam
2616 3201 2701 3271 de

174 3306 389 3370 cursu,
433 3312 640 3377 quem
692 3303 1123 3381 susceperat,
1178 3292 1592 3363 imminuere
1654 3290 1914 3373 voluit,
1970 3293 2301 3361 memoria
2348 3290 2696 3370 retinenS‚

177 3394 293 3445 non
350 3381 470 3467 qui
524 3381 845 3470 coeperit,
916 3380 1033 3450 sed
1084 3382 1206 3467 qui
1258 3380 1786 3470 perseveraverit
1844 3401 2066 3467 usque
2113 3381 2185 3449 in
2235 3379 2484 3459 finem,
2538 3399 2698 3447 eum

178 3463 418 3536 salvum
468 3467 635 3538 fore.
676 3469 800 3539 Ubi
849 3469 992 3556 jam
1034 3469 1116 3539 ad
1172 3469 1346 3541 vitae
1392 3469 1599 3538 finem
1656 3470 1964 3558 pervenit
2011 3481 2328 3538 sanctum
2376 3469 2528 3556 ejus
2554 3488 2703 3536 cor-

178 3555 553 3637 pusculum,
608 3557 810 3647 longa
865 3579 985 3648 pro
1024 3559 1269 3628 Christi
1320 3580 1553 3628 amore
1608 3557 1873 3627 ducens
1926 3558 2273 3645 martyria,
2346 3569 2413 3625 et
2462 3555 2701 3625 multi-

181 3639 369 3725 plices
418 3667 822 3737 perpessum
873 3647 1270 3727 cruciatus,
1335 3668 1576 3717 omnes
1638 3646 2222 3727 sanctimoniales,
2265 3644 2336 3715 lu
2388 3658 2579 3713 entes
2638 3653 2703 3713 et

183 3725 418 3815 ssenteS,
483 3735 638 3819 esus
689 3734 936 3804 lectulo
1000 3736 1457 3806 assistebant:
1508 3734 1986 3826 ejulantesque
2050 3756 2245 3805 voces
2293 3756 2331 3802 a
2429 3731 2698 3802 coelum

186 3812 432 3902 dabant,
485 3847 523 3893 c
553 3836 888 3893 amantes:
935 3823 1242 3904 Domine,
1299 3846 1383 3894 ne
1429 3823 1789 3914 permittas
1830 3844 1952 3891 nos
2002 3835 2141 3892 tam
2192 3823 2383 3912 gravi
2442 3821 2699 3919 damno

187 3903 359 3976 affici.
413 3917 668 3981 Lumen
723 3924 1033 3982 nostrum
1088 3911 1267 3983 tollis
1314 3935 1355 3982 a
1405 3913 1649 3982 nobis:
1689 3934 1817 3981 cur
1867 3933 1988 3981 nos
2018 3911 2087 3979 in
2139 3910 2439 3979 tenebris
2486 3906 2697 3976 relin-

187 3995 469 4075 quis‘lEt
513 4002 677 4088 quia
711 4000 854 4082 illa,
910 4001 1242 4088 quicquid
1292 4000 1513 4072 facere
1560 4000 2048 4080 constituisset,
2104 3999 2171 4068 id
2228 3999 2341 4067 die
2389 3995 2698 4095 natalitio

188 4081 523 4159 Salvator-is
556 4090 776 4160 facere
824 4089 1108 4171 solebat,
1145 4091 1296 4180 ejus
1342 4111 1618 4178 quoque
1656 4090 1897 4159 beatus
1936 4086 2259 4157 decessus
2308 4087 2400 4156 ita
2446 4096 2694 4185 evenit.

186 4170 410 4248 Quarta
444 4177 611 4248 feria
661 4200 861 4248 mane
902 4178 1142 4248 Idibus
1182 4179 1468 4270 Augusti
1502 4178 1725 4249 clausi
1765 4188 1927 4248 sunt
1956 4175 2107 4265 ejus
2135 4174 2344 4257 oculi,
2386 4187 2452 4244 et
2486 4186 2699 4242 nostri

183 4258 526 4336 obscurati.
581 4272 711 4336 Vae
750 4268 990 4350 nobis,
1053 4266 1218 4356 quia
1271 4267 1758 4357 peccavimus:
1813 4263 2142 4334 afflictum
2192 4277 2295 4333 est
2341 4264 2412 4334 in
2463 4261 2699 4332 dolore

185 4362 289 4413 cor
331 4369 656 4425 nostrum.
694 4356 967 4427 Flemus
1005 4369 1070 4426 et
1120 4355 1543 4458 plangimuS,
1596 4354 1781 4442 quod
1824 4367 1887 4424 te
1929 4353 2219 4435 diutius,
2262 4354 2394 4424 vita
2433 4364 2692 4430 nostra,

188 4427 409 4510 habere
447 4466 578 4514 non
631 4446 1042 4515 meruimus.
1095 4451 1260 4516 Eam
1302 4465 1447 4534 Jam
1513 4443 1874 4534 paradisus
1927 4442 2191 4534 recipit,
2245 4455 2322 4512 ut
2367 4442 2700 4533 glorietur
