3308 5004
631 279 760 345 308
1363 288 1443 338 nr.
1493 292 1549 339 s.
1602 288 1981 338 numnam:
2031 284 2266 338 alienu
2769 273 2954 339 AUG.
3011 272 3089 337 ⁴3

539 379 919 452 cessatione
968 379 1039 447 in
1090 398 1347 467 preces,
1401 374 1698 466 vigiliaS,
1745 375 2106 445 lectionem
2162 373 2506 445 incubuit.
2560 378 2720 465 Ipsa
2768 375 2965 446 cibos
3005 375 3095 445 ad

543 491 856 539 mensam
906 467 1280 537 inferebat:
1317 465 1470 555 ipsa
1515 465 1664 534 suis
1698 464 2021 533 manibus
2054 463 2219 533 lavit
2249 476 2313 533 et
2345 463 2620 534 extersit
2649 463 3097 535 infirmorum

507 558 777 647 pedes.
829 562 974 627 Non
1027 554 1323 624 famulae
1385 553 1517 623 sibi
1571 574 1776 644 passa
1821 566 1924 624 est
1970 551 2285 622 adhiberi
2347 552 2697 632 solatium,
2751 552 2868 621 sed
2941 552 3102 643 ipsa

543 648 786 717 devota
856 643 1234 715 cursitabat
1279 642 1365 712 ad
1428 641 1842 734 praestanda
1891 641 2188 711 servitia.
2257 640 2469 711 Multa
2515 663 2588 711 se
2634 642 3099 713 abstinentiae

545 734 971 805 districtione
1017 732 1300 812 afflixit,
1353 730 1693 819 quamdiu
1744 730 1938 801 licuit
2006 752 2124 819 per
2186 730 2542 799 adversam
2597 729 3089 801 valetudinem.

546 830 764 894 Mente
787 823 974 893 enim
1015 827 1148 891 Deo
1186 822 1469 901 intenta,
1509 834 1856 889 terrenum
1898 818 2132 889 cibum
2169 840 2306 888 non
2356 819 2772 907 requirebat.
2812 824 3097 889 Lectum

548 912 1034 1004 permolestum
1087 911 1238 1001 ipsa
1285 910 1417 980 sibi
1465 909 1710 989 effecit,
1765 930 1972 995 quem
2019 908 2224 978 etiam
2266 921 2423 978 ante
2480 920 2880 999 susceptum
2935 906 3099 977 reli-

545 1002 818 1093 giosum
867 1000 1184 1070 habitum
1235 1020 1369 1067 non
1437 997 1814 1084 aliquando
1865 996 2054 1066 molli
2115 995 2380 1066 fulcivit
2451 996 2713 1086 pluma,
2768 1019 2905 1066 non
2963 997 3099 1066 lin-

547 1090 867 1162 teaminis
893 1089 1075 1158 nitor
1108 1086 1456 1157 instruxit.
1500 1086 1684 1156 Cinis
1713 1099 1779 1156 et
1816 1084 2125 1155 cilicium
2160 1085 2309 1155 loco
2348 1086 2636 1155 vestium
2670 1086 2821 1176 ejus
2863 1097 3100 1156 tenera

546 1180 858 1250 membra
905 1176 1305 1247 domabant.
1346 1180 1436 1245 De
1482 1175 1934 1246 abstinentiae
1962 1186 2028 1245 et
2053 1174 2400 1245 servitutis
2432 1174 2583 1263 ejus
2617 1174 2839 1265 rigore
2877 1174 3098 1245 multa

545 1268 753 1339 habet
801 1266 1074 1358 primus
1121 1264 1318 1334 liber.

633 1359 671 1444 ἓ
717 1361 796 1427 2.
873 1360 1223 1425 Intantum
1274 1363 1499 1423 autem
1578 1363 1857 1443 propter
1905 1356 2117 1420 Deum
2169 1374 2240 1423 se
2295 1373 2666 1443 pauperem
2718 1352 2902 1436 fecit,
2957 1376 3098 1440 quo

544 1445 831 1516 caeteris
864 1442 1217 1533 praeberet
1259 1441 1678 1531 exemplum,
1732 1453 1809 1511 ut
1856 1442 2189 1523 manicas,
2226 1441 2482 1527 quibus
2518 1442 2802 1511 brachia
2842 1442 3098 1512 indue-

546 1546 670 1614 ret,
719 1554 856 1603 non
906 1531 1207 1601 haberet.
1261 1535 1499 1617 Itaque
1526 1530 1611 1599 de
1641 1529 1863 1619 caliga
1903 1552 2031 1599 sua
2058 1529 2231 1600 duas
2262 1529 2395 1600 sibi
2428 1530 2721 1599 confecit
2755 1532 3096 1601 manicas.

549 1621 677 1692 Sed
728 1633 1198 1712 paupertatem
1239 1642 1434 1689 suam
1484 1619 1652 1689 adeo
1687 1618 1974 1698 celabat,
2011 1629 2088 1686 ut
2125 1641 2274 1688 eam
2308 1620 2513 1688 etiam
2562 1619 2920 1689 Abbatissa
2957 1641 3102 1689 non

550 1711 854 1782 sentiret.
910 1708 1076 1791 Quis
1124 1730 1281 1778 vero
1319 1708 1469 1809 ejus
1520 1708 1945 1798 patientiam,
1997 1708 2156 1795 quis
2207 1708 2597 1797 puritatem,
2651 1707 2811 1795 quis
2865 1709 3106 1778 chari-

549 1811 780 1880 tatem,
820 1799 1148 1868 fervorem
1200 1797 1507 1887 spiritus,
1551 1797 2059 1877 discretionem,
2109 1797 2625 1887 benignitatem,
2663 1795 2888 1866 zelum
2932 1819 3106 1866 san-

549 1902 764 1968 ctum,
806 1901 1200 1977 perpetuam
1260 1898 1455 1955 nocte
1502 1908 1580 1955 ac
1627 1886 1740 1955 die
1786 1886 2060 1955 divinae
2099 1885 2269 1976 legis
2321 1885 2832 1956 meditationem
2883 1886 3106 1976 digne

551 1977 797 2067 poterit
833 1974 1224 2064 explicare?
1270 1975 1571 2044 Cessanti
1607 1974 1710 2043 illi
1741 1997 1783 2044 a
1822 1974 2243 2063 psalmorum
2286 1973 2725 2045 meditatione
2760 1973 2860 2043 vel
2897 1997 3103 2065 prae·

548 2064 913 2145 dicatione‚
968 2064 1304 2133 monacha
1338 2063 1595 2144 aderat,
1633 2085 1811 2150 quae
1843 2085 2072 2133 coram
2124 2061 2242 2132 illa
2283 2062 2584 2133 lectitare
2620 2085 2754 2131 non
2806 2062 3102 2134 desiste-

550 2166 672 2224 ret.
729 2153 1028 2240 Denique
1075 2151 1468 2238 usqueadeo
1506 2153 1594 2222 ab
1627 2154 1778 2242 ejus
1821 2152 2023 2221 corde
2061 2165 2125 2220 et
2172 2173 2289 2220 ore
2349 2151 2502 2221 laus
2551 2152 2665 2220 Dei
2717 2174 2851 2221 non
2907 2174 3102 2221 rece-

551 2242 777 2323 debat,
830 2254 907 2311 ut
952 2263 1114 2310 cum
1182 2241 1599 2329 quandoque
1653 2241 1908 2311 videret
1959 2241 2353 2310 monasterii
2401 2240 2752 2310 ostiariam
2792 2253 3102 2329 praeter-

550 2344 824 2401 euntem
850 2329 1241 2420 (dicebatur
1287 2342 1512 2400 autem
1552 2330 1674 2399 illa
1711 2351 1984 2418 quoque
2025 2327 2521 2418 Radegundis),
2568 2328 2902 2416 velletque
2942 2351 3103 2400 earn

550 2420 832 2490 nomine
880 2419 1156 2510 proprio
1195 2418 1564 2509 appellare,
1606 2441 1728 2510 pro
1762 2418 2185 2509 Radegunde
2230 2417 2485 2488 diceret
2519 2417 2835 2506 Alleluja.
2887 2423 3104 2506 Atque

550 2509 615 2578 id
669 2531 832 2581 sane
863 2509 1102 2578 crebro
1149 2507 1326 2578 fecit.
1380 2514 1743 2595 Nunquam
1795 2520 2023 2578 autem
2057 2508 2144 2577 ab
2176 2508 2326 2596 ejus
2353 2530 2468 2578 ore
2505 2508 2856 2588 detractio,
2914 2530 3101 2576 nun-

550 2621 758 2686 quam
798 2597 1266 2678 mendacium,
1313 2619 1668 2684 nunquam
1721 2596 2163 2666 maledictum
2220 2610 2459 2666 contra
2514 2596 3106 2684 qualemcumque

551 2688 904 2758 hominem
944 2685 1321 2776 profectum
1357 2699 1492 2754 est:
1550 2700 1614 2755 et
1666 2707 1799 2754 non
1845 2684 2046 2754 modo
2096 2685 2244 2774 ipsa
2297 2686 2557 2755 nemini
2603 2685 2920 2764 detraxit,
2977 2684 3101 2754 sed

554 2798 778 2864 neque
817 2774 1287 2844 detrahentem
1327 2795 1545 2861 aequo
1596 2773 1772 2843 ferre
1818 2774 2050 2843 animo
2091 2774 2333 2863 potuit.
2378 2779 2506 2843 Pro
2573 2774 2719 2843 suis
2781 2795 3105 2863 persecu-

553 2867 821 2936 toribus
871 2884 1143 2953 semper
1218 2863 1455 2943 oravit,
1512 2874 1577 2932 et
1634 2861 1808 2932 alios
1854 2883 2050 2932 orare
2110 2861 2368 2931 docuit.
2429 2863 3037 2954 congregationem
3081 2917 3100 2943 ,

555 2975 764 3041 quam
818 2952 887 3021 in
940 2952 1056 3020 Dei
1105 2952 1385 3021 nomine
1418 2973 1672 3040 magno
1722 2951 1992 3041 pietatis
2026 2950 2275 3020 affectu
2305 2949 2603 3042 collegit,
2641 2963 2827 3021 tanto
2868 2972 3109 3021 amore

558 3053 920 3131 prosecuta
956 3053 1079 3119 est,
1139 3051 1217 3108 ut
1266 3062 1484 3127 neque
1538 3053 1854 3129 parentes
1904 3045 2142 3128 Reges,
2199 3061 2417 3125 neque
2467 3041 2791 3110 maritum
2846 3045 3106 3129 Regem

557 3150 629 3198 se
675 3128 1000 3199 habuisse
1029 3129 1393 3218 cogitaret:
1448 3128 1826 3215 crebroque
1864 3126 2031 3197 dum
2066 3126 2150 3196 ad
2186 3150 2309 3197 nos
2354 3150 2736 3199 sermonem
2791 3128 3099 3209 baberet,

557 3217 651 3286 ita
690 3215 999 3286 dicebat:
1045 3239 1082 3283 «
1113 3222 1239 3287 Vos
1286 3215 1386 3286 ele
1438 3216 1718 3285 ifilias:
1762 3238 1877 3286 vos
1927 3236 2077 3284 mea
2107 3215 2398 3286 lumina:
2454 3240 2568 3287 vos
2605 3239 2757 3287 mea
2786 3219 2946 3287 vita:
2982 3239 3103 3287 vos

559 3326 710 3374 mea
741 3305 1035 3392 requies,
1075 3316 1348 3392 totaque
1422 3305 1716 3376 elicitas:
1750 3327 1867 3397 vos
1917 3304 2184 3374 novella
2220 3304 2572 3396 plantatio,
2606 3307 2791 3396 Agite
2823 3328 3101 3376 mecum

556 3394 628 3462 in
678 3392 807 3463 hoc
857 3393 1110 3474 seculO,
1149 3393 1336 3464 unde
1370 3394 1800 3484 gaudeamus
1847 3394 1917 3461 in
1970 3392 2221 3464 futuro.
2276 3395 2481 3464 Plena
2529 3394 2705 3475 fide,
2760 3395 3106 3484 plenoque

557 3482 786 3551 cordis
832 3482 1080 3551 affectu
1114 3483 1494 3552 serviamus
1528 3484 1812 3553 Domino
1851 3483 1921 3551 in
1962 3482 2227 3558 timore,
2273 3487 2349 3551 In
2394 3483 2836 3571 simplicitate
2870 3482 3105 3552 cordis

556 3592 976 3657 quaeramus
1021 3590 1208 3651 eum,
1263 3584 1340 3640 ut
1375 3594 1532 3640 cum
1587 3571 1844 3642 fiducia
1889 3572 1953 3641 ei
1995 3572 2341 3661 possimus
2380 3571 2646 3641 dicere:
2701 3570 2933 3641 Redde
2975 3576 3107 3642 Do-

556 3659 745 3728 mine
790 3659 974 3746 quod
1027 3659 1425 3760 promisisti,
1480 3660 1645 3747 quia
1717 3660 2006 3730 fecimus
2075 3659 2258 3746 quod
2302 3660 2673 3746 jussisti.»
2726 3666 3100 3747 Nunquam

555 3747 881 3834 cuiquam
912 3746 1303 3818 faclendum
1340 3747 1601 3834 aliquid
1635 3749 1986 3839 imposuit,
2019 3749 2203 3835 quod
2234 3770 2368 3818 non
2400 3749 2586 3837 prior
2620 3749 2772 3839 ipsa
2808 3749 3102 3820 fecisset.

645 3838 682 3925 ᾧ
728 3839 807 3908 S.
867 3835 1357 3925 Undecumque
1395 3837 1743 3925 quispiam
1796 3837 1910 3906 Dei
1960 3859 2195 3907 servus
2249 3837 2644 3918 adveniret,
2716 3838 2982 3907 solicite
3030 3860 3112 3907 ex

555 3947 635 3996 eo
683 3928 1237 4015 percontabatur,
1289 3947 1427 4013 qua
1495 3927 1758 3995 ratione
1807 3925 1955 4017 ipse
2004 3927 2292 3995 Domino
2343 3927 2646 3996 serviret:
2701 3940 2770 3995 et
2833 3926 2893 3996 si
2937 3925 3109 4013 quid

557 4015 714 4085 novi
764 4015 851 4084 ab
891 4037 969 4085 eo
1017 4014 1392 4096 didicisset,
1430 4014 1609 4102 quod
1665 4015 1816 4104 ipsa
1852 4035 1983 4084 non
2036 4013 2306 4095 faceret,
2361 4036 2520 4084 cum
2587 4014 2808 4084 multa
2857 4015 3111 4085 alacri·

559 4113 695 4173 tate
743 4103 812 4172 id
864 4103 1013 4194 ipsa
1064 4103 1286 4194 primo
1320 4102 1712 4172 faciendum
1766 4103 2092 4192 suscepit,
2146 4115 2350 4189 atque
2394 4101 2645 4172 deinde
2679 4105 2886 4173 etiam
2932 4103 3108 4174 alias

561 4212 730 4260 suae
777 4192 1327 4282 congregationis
1377 4191 1753 4261 monachas
1803 4192 2005 4261 verbo
2051 4191 2326 4273 docuit,
2378 4191 2560 4279 quod
2611 4191 2926 4283 exemplo
2982 4214 3110 4263 suo

562 4277 954 4348 faciendum
1005 4281 1426 4350 ostendebat.
1481 4285 1721 4350 Coram
1761 4280 1880 4350 illa
1911 4280 2342 4352 cessantibus
2392 4303 2512 4371 per
2546 4280 2726 4351 vices
2782 4281 3099 4372 psalmis,

562 4387 923 4454 nunquam
957 4368 1532 4440 intermittebatur
1577 4369 1800 4451 lecti0‚
1858 4392 1994 4439 non
2047 4369 2181 4452 die,
2238 4390 2372 4438 non
2437 4382 2664 4452 nocte,
2749 4392 2885 4439 non
2936 4371 3109 4440 dum
