3308 5004
206 290 394 357 AUG.
446 292 531 358 25
1098 310 1178 357 nx
1225 310 1291 357 n.
1356 309 1588 368 Annulo
1636 311 1879 358 annun
2469 263 2472 270 Α
2548 295 2676 360 615

203 416 243 463 a
293 394 489 464 beato
538 392 886 463 sacerdote
933 414 1006 464 se
1052 396 1329 486 corrigi,
1383 393 1681 476 edoceri,
1749 394 2025 475 instrui,
2078 417 2157 464 ac
2209 394 2277 464 in
2332 393 2592 465 divinis
2647 418 2766 466 vo-

203 481 591 553 luminibus
637 480 724 550 ab
771 480 1009 553 eodem
1059 484 1381 554 exerceri.
1436 486 1745 570 Cumque
1778 482 1851 550 in
1883 482 2097 572 hujus
2139 484 2352 554 studii
2388 485 2767 576 flagrantia

200 592 361 642 cum
417 570 729 641 Antistite
763 585 1137 642 memorato
1176 573 1473 664 degeret,
1529 583 1884 642 tonsurato
1933 570 2077 658 jam
2129 573 2395 662 capite,
2449 573 2764 661 qua‘dam

204 659 317 730 die
352 659 810 749 psallentibus
840 659 1110 731 clericis
1144 661 1211 731 in
1254 660 1567 742 ecclesia,
1610 659 1969 730 descendit
2000 659 2327 730 columba
2359 684 2398 730 a
2433 684 2714 732 camera
2746 687 2762 731 :

204 770 384 837 quae
432 748 666 819 leviter
713 747 1005 819 volitans
1049 750 1233 821 circa
1280 772 1467 831 eum,
1522 748 1776 819 resedit
1823 771 2036 839 super
2073 762 2282 840 caput
2328 751 2481 840 ejus
2515 805 2530 830 ,
2586 749 2763 821 illud

216 837 554 918 indicans,
607 849 684 906 ut
730 838 1012 928 opinor,
1064 861 1224 910 eum
1277 839 1577 930 Spiritus
1627 838 1860 907 Sancti
1908 838 2133 929 gratia
2168 838 2319 929 jam
2389 839 2760 930 repletum.

214 932 430 1010 Quam
465 948 622 996 cum
666 925 781 995 ille
817 948 950 996 non
982 928 1129 999 sine
1156 927 1420 1020 pudore
1458 939 1829 996 conaretur
1857 926 2157 1017 abigere,
2191 926 2360 997 haec
2390 927 2762 1018 paululum

209 1012 739 1095 circumvolans,
795 1015 1043 1085 iterum
1079 1039 1289 1107 super
1330 1029 1539 1108 caput
1585 1016 1740 1105 ejus
1788 1026 1907 1085 aut
1956 1015 2311 1107 scapulam
2363 1016 2762 1086 residebat:

208 1126 387 1262 guae
438 1125 572 1172 non
624 1103 830 1175 modo
875 1104 999 1183 ibi,
1052 1106 1170 1176 sed
1211 1106 1417 1177 etiam
1468 1127 1627 1175 cum
1665 1104 1735 1174 in
1785 1102 2111 1174 cellulam
2162 1105 2484 1196 Episcopi
2532 1105 2761 1196 ingre-

192 1243 195 1246 -
258 1205 506 1273 eretur,
535 1192 796 1350 jugiter
826 1193 1285 1265 comitabatur
1306 1216 1491 1266 eum.
1528 1192 1718 1276 Quod
1807 1215 1882 1262 er
1921 1192 2069 1263 dies
2096 1192 2434 1285 plurimos
2468 1193 2751 1277 factum,

211 1303 347 1352 non
391 1282 538 1352 sine
578 1303 616 1351 a
672 1281 1035 1352 miratione
1066 1284 1449 1375 Episcopus
1490 1283 1721 1352 anima
1783 1282 2104 1353 vertebat.

297 1373 335 1459 ξ
386 1376 474 1441 91.
527 1370 784 1440 Exinde
831 1371 935 1441 vir
984 1372 1123 1450 Dei,
1177 1372 1460 1464 Spiritu,
1512 1383 1591 1442 ut
1638 1370 1965 1453 diximuS,
2008 1376 2253 1441 Sancto
2302 1371 2628 1461 repletuS,
2664 1371 2750 1441 ad

210 1458 529 1551 patriam,
580 1459 886 1550 genitore
934 1483 1013 1531 ac
1044 1483 1375 1552 germano
1420 1459 1788 1541 defunctiS,
1829 1460 2234 1550 regreditur,
2273 1459 2756 1532 consolaturus

212 1548 363 1618 Pela
420 1547 551 1617 iam
602 1548 1031 1640 genitricem.
1082 1572 1262 1639 quae
1312 1548 1587 1619 nullum
1620 1548 2220 1638 consanguineum
2277 1562 2543 1639 praeter
2574 1549 2752 1619 hanc

211 1637 376 1708 sobo
405 1659 509 1706 em
562 1638 934 1727 spectabat.
989 1640 1118 1710 Ubi
1165 1662 1327 1709 cum
1366 1637 1658 1729 jejuniis
1706 1650 1909 1725 atque
1957 1637 2387 1708 orationibus
2436 1652 2747 1719 vacaret,

211 1726 618 1816 deprecatur
653 1748 830 1808 eam,
882 1738 959 1795 ut
1007 1727 1235 1797 omnis
1283 1748 1449 1797 cura
1499 1727 1772 1809 domuS,
1829 1725 1897 1796 id
1937 1737 2059 1808 est,
2101 1727 2242 1795 sive
2290 1728 2619 1798 correctio
2652 1727 2751 1797 sa·
2821 1737 2838 1753 ·

134 1840 141 1846 ·
212 1814 468 1893 miliae,
522 1814 662 1883 sive
698 1815 1093 1884 exercitium
1146 1838 1499 1906 agrorum,
1559 1816 1698 1886 sive
1747 1815 1975 1885 cultus
2027 1814 2408 1896 vinearum,
2464 1815 2548 1884 ad
2599 1838 2749 1886 eam

209 1903 615 1993 adspiceret,
671 1925 753 1973 ne
792 1903 925 1975 sibi
963 1903 1243 1992 aliquod
1280 1903 1619 1975 accideret
1668 1900 1766 1972 im'
1819 1903 2270 1983 edimentum,
2312 1926 2450 1991 quo
2484 1905 2571 1974 ab
2604 1927 2753 1975 ora·

213 1994 395 2061 tione
442 2005 771 2062 cessaret:
824 2015 1045 2063 unum
1099 2006 1364 2065 tantum
1418 1992 1552 2063 sibi
1596 1994 1766 2082 privi
1802 1994 2031 2083 egium
2084 1992 2484 2074 vendicanS,
2537 2007 2614 2063 ut
2660 1994 2751 2063 ad

209 2080 534 2150 ecclesias
598 2081 1064 2152 aedificandas
1130 2084 1278 2173 ipse
1342 2094 1707 2172 praeesset.
1786 2080 1961 2166 Quid
2036 2081 2295 2171 plura?
2366 2082 2753 2152 construxit

214 2168 465 2260 templa
516 2171 624 2239 Dei
676 2171 745 2239 in
798 2171 1123 2242 honorem
1168 2185 1591 2252 sanctorum,
1645 2171 2101 2262 expetivitque
2148 2192 2387 2242 eorum
2433 2171 2747 2261 pignora,

211 2280 291 2327 ac
312 2279 386 2327 ex
416 2257 680 2328 familia
712 2260 988 2349 propria
1016 2273 1407 2331 tonsuratos
1446 2260 1740 2330 instituit
1771 2259 2169 2339 monachoS,
2202 2259 2751 2346 coenobiumque

211 2346 543 2429 fundavit,
600 2348 668 2417 in
719 2370 858 2435 quo
895 2370 1026 2418 non
1062 2348 1264 2419 modo
1315 2348 1645 2428 Cassiani,
1704 2348 2150 2417 verumetiam
2201 2346 2436 2416 Basilii
2483 2360 2550 2417 et
2589 2348 2749 2416 reli-

204 2458 500 2524 quorum
563 2437 899 2507 Abbatum
936 2493 952 2520 ,
1010 2437 1130 2525 qui
1183 2437 1753 2508 monasterialem.
1787 2437 1996 2505 vitam
2057 2435 2529 2517 instituerunt,
2575 2436 2752 2508 cele-

202 2526 493 2595 brantur
543 2526 865 2616 regulae,
923 2528 1119 2597 beata
1167 2527 1457 2597 muliere
1507 2527 1759 2596 victum
1811 2538 2017 2611 atque
2065 2525 2386 2593 vestitum
2454 2525 2753 2615 singulis

207 2615 664 2686 ministrante.
719 2620 849 2684 Nec
902 2616 1134 2693 minus
1184 2616 1351 2685 baec
1403 2629 1656 2695 tamen,
1715 2612 2044 2704 impedita
2096 2612 2223 2683 hoc
2259 2634 2487 2693 onere,
2530 2614 2597 2681 in
2641 2615 2753 2684 Dei

208 2702 532 2773 laudibus
565 2705 992 2794 persistebat,
1034 2705 1149 2774 sed
1184 2704 1463 2774 assidue
1499 2704 1568 2772 in
1599 2704 1701 2773 eis
1732 2702 2173 2772 versabatur:
2227 2714 2292 2770 et
2322 2702 2378 2772 si
2413 2702 2752 2789 quiddam

205 2792 433 2881 operis
481 2802 1173 2883 exerceret,‘semper
1225 2794 1603 2867 orationem
1669 2792 1958 2862 Domino
1992 2843 2008 2872 ,
2066 2801 2419 2878 tamquam
2469 2790 2750 2860 odorem

206 2880 469 2949 incensi
504 2882 970 2971 acceptabilis,
1016 2883 1363 2963 offerebat.
1419 2886 1686 2951 Interea
1735 2880 1819 2949 ad
1873 2891 2185 2951 sanctum
2239 2878 2561 2948 Aredium
2600 2902 2753 2949 coe-

209 2982 460 3068 perunt
492 2969 749 3039 infirmi
782 2972 1152 3049 confluere,
1191 2991 1389 3057 quos,
1428 2992 1677 3039 manus
1713 2968 2011 3059 singulis
2042 2989 2202 3037 cum
2242 2966 2486 3037 vexillo
2518 2969 2754 3038 Crucis

207 3079 599 3148 imponens,
654 3060 932 3130 sanitati
980 3059 1329 3130 reddebat.
1384 3064 1688 3141 Quorum
1727 3058 1781 3127 si
1821 3056 2221 3147 singulatim
2264 3056 2545 3126 nomina
2584 3058 2755 3128 scri-

204 3146 364 3217 bere
397 3145 623 3227 velim,
683 3169 803 3217 nec
856 3170 1222 3218 numerum
1259 3168 1661 3238 percurrere
1711 3145 1998 3226 valeam,
2056 3167 2179 3214 nec
2232 3144 2563 3214 vocabula
2610 3168 2762 3226 me·,

208 3257 497 3304 morare.
554 3240 779 3305 Unum
857 3250 1078 3306 tamen
1156 3237 1361 3316 novi,
1430 3235 1611 3323 quod
1665 3236 2087 3322 quicumque
2157 3232 2240 3302 ad
2309 3255 2470 3302 eum
2547 3256 2749 3325 aeger

206 3324 524 3424 advenit„
578 3347 816 3415 sospes
861 3325 1215 3396 abscessit.
1292 3330 1379 3395 De
1453 3324 1835 3413 majoribus
1908 3345 2061 3392 vero
2135 3321 2491 3391 miraculis
2542 3345 2752 3413 parva

208 3435 683 3504 proponimus.
2637 3430 2642 3433 ’

290 3505 326 3590 ἓ
377 3507 469 3574 3.
523 3500 829 3584 Quodam
886 3516 1188 3593 tempore
1235 3501 1402 3572 dum
1454 3516 1615 3571 cum
1668 3501 2000 3592 genitrice
2051 3498 2175 3567 iter
2224 3512 2499 3589 ageret,
2552 3515 2617 3572 et
2664 3501 2748 3571 ad

200 3591 419 3661 sancti
467 3590 730 3660 Juliani
775 3594 1096 3679 martyris
1125 3592 1484 3661 basilicam
1533 3613 1654 3681 pro
1709 3602 1951 3669 eraret,
1998 3601 2332 3657 venerunt
2368 3611 2481 3658 ves
2534 3612 2646 3659 ere
2680 3592 2747 3659 in

198 3680 570 3767 quemdam
621 3678 876 3749 locum.
916 3685 1069 3750 Erat
1109 3694 1336 3750 autem
1390 3680 1583 3749 locus
1633 3614 1747 3749 ille
1778 3678 2042 3757 aridus,
2082 3689 2148 3746 et
2177 3677 2440 3763 absque
2533 3680 2753 3748 uentis

198 3769 641 3839 currentibus
670 3767 1155 3840 infoecundus.
1191 3769 1502 3857 Dixitque
1537 3768 1619 3837 ad
1660 3791 1818 3853 eum
1855 3780 2069 3837 mater
2097 3766 2271 3855 ejus:
2311 3765 2457 3847 Fili,
2501 3789 2756 3853 aquam

200 3879 335 3927 non
364 3856 726 3937 habemuS,
770 3870 835 3927 et
862 3858 1160 3946 qualiter
1192 3859 1302 3927 hic
1339 3870 1533 3928 nocte
1564 3857 1902 3946 praesenti
1931 3855 2285 3943 quiescere
2330 3860 2754 3943 possumus?

202 3951 279 4016 At
327 3947 440 4016 ille
485 3958 867 4037 prostratus
916 3947 986 4016 in
1037 3948 1443 4026 orationem,
1499 3945 1893 4015 diutissime
1925 3965 2158 4035 preces
2192 3942 2366 4011 fudit
2405 3943 2490 4012 ad
2531 3946 2757 4014 Domi-

208 4057 424 4105 num:
478 4049 543 4105 et
590 4034 864 4125 erigens
914 4058 1008 4117 se,
1063 4035 1293 4105 defixit
1344 4037 1603 4125 virgam
1660 4035 1728 4104 in
1783 4047 1981 4114 terra,
2037 4035 2244 4121 quam
2299 4054 2518 4101 manu
2563 4055 2757 4123 gere-

208 4122 345 4203 bat,
391 4146 682 4211 eamque
738 4147 900 4194 cum
960 4125 1067 4195 bis
1106 4138 1225 4194 aut
1274 4124 1468 4194 tertio
1518 4124 1827 4205 vertisset
1874 4121 1955 4191 ad
2009 4145 2102 4203 se,
2162 4119 2382 4188 laetus
2443 4123 2751 4205 extraxit,

210 4232 500 4300 moxque
542 4211 731 4282 unda
773 4216 993 4301 aquae
1044 4226 1277 4283 secuta
1324 4224 1426 4282 est
1474 4222 1607 4281 tam
1663 4212 1888 4281 valida
1924 4266 1940 4294 ,
1995 4224 2070 4282 ut
2119 4230 2253 4278 non
2305 4206 2532 4279 solum
2585 4211 2758 4301 ipsis

206 4298 293 4400 de
341 4301 726 4392 praesenti,
784 4301 902 4373 sed
953 4303 1156 4373 etiam
1212 4301 1579 4393 pecoribus
1626 4302 1886 4372 affatim
1951 4300 2278 4388 deinceps
2334 4300 2580 4387 pocula
2632 4301 2758 4369 mi·

208 4402 549 4461 n1straret.
