3308 5004
167 298 359 366 AUG.
415 298 499 364 30
1017 317 1096 363 nr.
1146 317 1200 363 s.
1257 314 1417 365 nost
1465 316 1635 364 vme.
1691 318 1821 364 Lm.
2506 302 2636 367 759

168 402 573 473 exercitium
623 399 973 492 proximos
1019 398 1296 470 allicere
1343 400 1688 470 studebat.
1757 400 2223 473 confessarios
2269 402 2598 474 exorabat
2646 417 2725 475 ut

169 492 259 563 ad
311 513 463 561 eam
512 490 704 560 omni
751 501 896 559 arte
948 489 1369 579 poenitentes
1409 491 1841 571 inducerent,
1896 490 2224 581 ipsosque
2262 491 2483 562 divini
2532 494 2724 564 verbi

172 600 552 674 praecones
598 577 1155 666 frequentissime
1202 578 1606 649 hortabatur
1664 590 1741 649 ut
1795 578 1883 649 ad
1923 580 2073 669 ejus
2123 579 2462 664 studium,
2517 582 2725 653 veluti

171 670 262 742 ad
316 689 640 759 magnam
682 668 1012 738 adversus
1058 668 1296 737 omnia
1324 680 1602 758 peccata
1636 668 2282 759 pharmacopoeam,
2322 692 2487 742 suos
2518 671 2722 741 audi-

171 763 357 830 tores
404 756 941 837 inflammarent,
994 755 1078 824 ad
1132 757 1404 846 piarum
1452 757 1975 827 meditationum
2029 781 2233 829 usum
2299 759 2726 851 populariter

170 846 600 918 inveherent.
684 845 966 915 Beatiss.
1020 845 1323 935 Virginis
1393 847 1663 916 Rosarii
1712 846 2179 917 recitationem
2241 870 2400 917 cum
2453 850 2724 920 annexa

170 935 562 1007 decadatim
613 934 1102 1036 mysteriorum
1133 933 1709 1016 consideratione,
1752 946 1953 1025 prout
1985 948 2268 1006 sanctus
2320 937 2722 1008 Dominicus

172 1026 588 1103 instituerat,
642 1022 1090 1114 singulariter
1127 1022 1481 1114 diligebat,
1532 1045 1613 1093 eo
1646 1024 1830 1111 quod
1876 1025 1943 1093 in
1996 1028 2077 1095 ea
2106 1024 2496 1096 coalescant
2530 1046 2745 1096 men-³

173 1115 333 1185 talis
370 1125 435 1183 et
482 1112 737 1181 vocalis
785 1110 993 1182 simul
1041 1112 1373 1182 orationis
1411 1113 1722 1193 affectuS,
1778 1113 2162 1203 petitioneS,
2239 1114 2507 1196 laudeS,
2561 1138 2721 1217 gra-

173 1205 428 1274 tiarum
480 1203 821 1281 actiones;
873 1212 940 1270 et
1000 1200 1327 1291 plurimis
1374 1201 1541 1272 haec
1588 1207 1809 1272 Rosae
1877 1202 2325 1273 incitamenta
2376 1204 2720 1294 profuisse

170 1316 248 1363 re
296 1293 447 1382 ipsa
487 1301 915 1381 compertum
969 1288 1122 1360 fuit.

261 1384 297 1468 ξ
347 1383 481 1451 18.
538 1384 751 1468 Prope
813 1379 1080 1449 obitum
1147 1398 1269 1468 per
1314 1377 1920 1470 quadragesimam
1994 1402 2153 1451 cum
2227 1379 2497 1449 avicula
2546 1379 2721 1450 mire

170 1470 450 1550 canorA,
506 1490 681 1555 quae
730 1466 870 1536 sole
917 1466 1209 1537 occiduo
1257 1479 1413 1536 ante
1452 1490 1661 1538 suum
1710 1468 2119 1540 cubiculum
2168 1467 2555 1550 advolabat,
2607 1468 2710 1539 al-

169 1559 462 1630 ternavit
509 1563 688 1627 Rosa
733 1557 1001 1627 cantica
1048 1568 1115 1627 et
1146 1554 1387 1625 laudes
1421 1557 1535 1625 Dei
1568 1557 1878 1643 quotidie
1913 1579 2033 1648 per
2068 1559 2305 1627 horam
2349 1558 2714 1648 integram,

171 1662 360 1719 tanto
407 1646 673 1725 ordine,
726 1658 827 1723 ut,
880 1656 1171 1715 canente
1217 1644 1507 1715 avicula·
1535 1646 1727 1737 virgo
1760 1646 2012 1728 sileret,
2066 1658 2131 1715 et
2162 1646 2426 1747 virgine
2475 1646 2723 1717 modu-

171 1736 676 1807 lante-avicula
722 1734 1181 1804 attentissima
1222 1755 1348 1803 nec
1386 1735 1452 1824 pi
1509 1735 1659 1804 iret.
1713 1736 1890 1819 Quin
1940 1749 2005 1805 et
2037 1736 2225 1826 ipsas
2275 1734 2716 1805 insensibiles

175 1826 454 1917 plantas
503 1823 815 1913 exemplo
888 1844 1173 1914 prorsus
1248 1822 1454 1913 singu
1487 1824 1590 1893 ari
1648 1825 1734 1895 ad
1785 1824 2026 1895 laudes
2074 1838 2140 1895 et
2185 1823 2268 1894 ad
2340 1824 2729 1894 orationem-

173 1916 315 1993 Dei,
369 1934 448 2003 eo
522 1913 859 1983 versiculo
898 1912 1220 2012 prolato,
1297 1913 1675 1983 Benedicite
1754 1916 2072 1984 universa
2121 1915 2583 2005 yet-minantia
2643 1916 2713 1983 in

76 2024 88 2036 ·
175 2007 352 2073 terra*
416 2004 717 2082 Domino,
774 2001 1107 2083 invitavit,
1161 2013 1227 2071 et
1273 2001 1636 2072 visibiliter
1685 2003 1786 2073 sic
1834 2003 2215 2084 inclinavit,
2268 2015 2344 2070 ut
2391 2001 2720 2072 arborum

178 2092 614 2162 summitates
663 2103 911 2160 terram
964 2091 1400 2180 attingerent,
1470 2113 1548 2160 ac
1623 2091 1831 2162 veluti
1902 2091 2195 2163 solemni
2264 2091 2722 2161 venerationis

173 2182 316 2251 ritu
367 2186 746 2250 Creatorem
799 2201 1006 2249 suum
1057 2179 1445 2250 adorarent.
1503 2184 1731 2269 Usque
1776 2180 1947 2250 adeo
1993 2203 2227 2250 verum
2279 2192 2380 2249 est
2426 2179 2609 2266 quod
2661 2181 2722 2249 is

173 2270 295 2357 qui
337 2269 661 2369 adhaeret
699 2268 1011 2346 Domino,
1052 2289 1239 2355 unus
1287 2268 1573 2358 spiritus
1636 2283 1762 2351 est,
1814 2282 1879 2340 et
1924 2270 1986 2338 ei
2047 2291 2321 2361 quoque
2387 2267 2722 2338 obediunt

174 2380 433 2428 omnia.

267 2450 502 2535 §1st
559 2451 641 2517 Ut
705 2445 1112 2536 probaretur
1170 2468 1256 2515 an
1330 2446 1616 2547 spiritus
1681 2445 1831 2536 ejus
1878 2468 1956 2517 ex
2006 2450 2138 2516 Deo
2208 2459 2409 2530 esset,
2481 2445 2720 2516 subtili

174 2539 481 2607 virorum
534 2548 678 2607 tum
729 2534 1044 2604 doctrina
1093 2546 1236 2605 tum
1310 2547 1556 2624 pietate
1603 2547 1669 2604 et
1717 2536 2089 2624 spirituum
2144 2535 2557 2606 discretione
2605 2557 2719 2604 ex-

173 2626 571 2700 cellentium
649 2623 951 2694 examini
1019 2623 1281 2713 pluries
1329 2623 1638 2710 subjecta
1686 2623 1860 2705 suit,
1938 2646 2017 2693 ex
2065 2647 2204 2713 quo
2272 2625 2524 2695 claruit
2568 2623 2724 2712 ejus

175 2715 445 2786 lumina
491 2728 554 2785 et
602 2714 784 2783 dona
831 2713 1063 2783 divina
1115 2712 1349 2792 fuisse,
1402 2724 1468 2781 et
1513 2713 1600 2782 ab
1651 2713 1803 2802 ipso
1852 2714 2138 2784 rationis
2187 2713 2497 2785 diluculo
2547 2713 2722 2782 nihil

176 2806 240 2872 ei
289 2805 567 2875 dulcius
641 2802 1025 2872 occurrisse
1071 2823 1279 2890 quam
1346 2800 1430 2870 de
1477 2804 1611 2870 Deo
1684 2802 1984 2891 cogitare
2054 2814 2121 2871 et
2176 2805 2498 2894 supernis
2570 2803 2722 2892 ejus

175 2892 628 2982 beneplacitis
676 2892 981 2972 inhiare;
1035 2913 1074 2960 a
1108 2889 1521 2959 duodecimo
1561 2911 1745 2959 anno
1792 2890 2303 2981 expeditissime
2338 2894 2717 2962 introrsum

175 2981 330 3068 ejus
377 2982 683 3050 animam
733 3003 774 3049 a
842 2982 1128 3051 Domino
1175 3000 1334 3049 cum
1386 2978 1533 3048 suis
1600 2979 2087 3069 spiritualibus
2138 2982 2460 3071 potentiis
2507 2992 2717 3049 attra-

175 3082 357 3139 ctam
405 3070 679 3139 divinae
729 3067 1234 3158 pulchritudini
1287 3066 1693 3149 inhaesisse,
1729 3080 1805 3138 ut
1856 3069 2047 3138 nulla
2090 3091 2161 3139 re
2208 3075 2437 3140 creata
2483 3091 2522 3138 a
2556 3068 2720 3138 cha-

177 3160 374 3228 ritate
421 3159 668 3229 Christi
717 3179 1026 3243 unquam
1100 3157 1406 3247 separari
1455 3157 1789 3247 potuerit;
1841 3158 1928 3227 ab
1978 3157 2269 3229 infantia
2336 3182 2415 3228 ex
2466 3178 2721 3248 magno

177 3247 295 3316 Dei
366 3269 652 3316 munere
725 3245 962 3316 faciles
1023 3243 1107 3313 ad
1177 3245 1462 3315 virtutes
1534 3247 2028 3335 propensiones
2101 3248 2249 3317 sine
2316 3247 2717 3338 passionum

178 3336 484 3405 tumultu
553 3336 893 3414 sensisse;
945 3355 983 3400 a
1035 3333 1261 3422 prima
1311 3335 1424 3404 Dei
1498 3336 1740 3404 notitia
1787 3335 2115 3424 repletam
2192 3336 2407 3406 fuisse
2470 3337 2719 3406 timore
2788 3385 2797 3392 -

178 3425 296 3493 Dei
343 3436 407 3493 et
454 3424 735 3493 horrore
783 3422 1086 3512 peccati;
1141 3423 1337 3493 nulla
1385 3445 1456 3492 re
1503 3429 1729 3493 creata
1765 3425 2071 3516 potuisse
2113 3426 2445 3506 recreari;
2501 3436 2716 3495 totum

179 3535 384 3582 suum
435 3513 745 3582 levamen
796 3510 1009 3580 fuisse
1076 3512 1328 3582 sentire
1377 3517 1587 3581 Deum
1639 3513 1711 3581 in
1770 3513 2005 3583 anima
2054 3516 2181 3583 sua
2242 3525 2715 3605 praesentem;

179 3602 496 3673 acerbius
543 3600 730 3670 omni
762 3602 1038 3690 jactura
1085 3612 1150 3671 et
1197 3601 1513 3690 gehenna
1566 3602 1720 3692 ipsa
1767 3602 1984 3673 videri
2032 3602 2118 3685 ei,
2172 3604 2230 3673 si
2280 3603 2378 3672 vel
2433 3602 2518 3672 ad
2573 3622 2719 3671 mo-

182 3703 491 3762 mentum
542 3713 579 3759 e
612 3700 982 3779 conspectu
1033 3712 1192 3760 eum
1281 3690 1567 3760 erderet.
1651 3695 1840 3761 Tunc
1888 3714 1969 3761 ex
2016 3681 2405 3762 obedientia
2451 3693 2722 3781 aperuit

179 3781 361 3867 quod
411 3791 745 3849 certamen
771 3781 945 3868 forte
992 3780 1172 3849 dedit
1202 3782 1231 3848 i
1262 3782 1319 3849 li
1342 3780 1526 3850 Deus
1577 3791 1652 3848 ut
1684 3783 1977 3850 vinceret
2030 3792 2092 3850 et
2138 3782 2337 3851 sciret
2383 3782 2560 3872 quod
2596 3803 2721 3871 po-

183 3873 425 3938 tentior
452 3870 746 3939 omniwn
778 3879 874 3938 est
899 3871 1241 3962 sapientia
1269 3869 1463 3961 (Sap.
1486 3892 1549 3950 x,
1578 3869 1730 3959 ⁴2);
1766 3870 2148 3939 horrendas
2177 3871 2361 3939 enim
2390 3869 2715 3947 visiones,

179 3979 465 4048 pavores
529 3969 593 4026 et
668 3958 955 4047 spiritus
1007 3957 1509 4038 derelictiones,
1579 3979 1757 4044 quas
1833 3981 1954 4048 per
2026 3958 2425 4046 quindecim
2500 3979 2721 4027 annos

183 4049 459 4117 summa
506 4047 892 4116 constantia
933 4045 1234 4137 pertulit,
1300 4047 1665 4127 enarravit,
1719 4070 1896 4134 quae
1943 4047 2150 4118 veluti
2205 4046 2524 4137 poenales
2574 4046 2722 4116 ani-

179 4155 452 4204 marum
525 4134 599 4204 in
671 4158 804 4226 pur
852 4136 1069 4205 atorio
1116 4135 1506 4227 lugentium
1583 4135 1948 4206 dilationes
2008 4148 2074 4205 et
2141 4137 2423 4224 quidem
2496 4135 2720 4226 ipsius

178 4222 430 4292 inferni
467 4236 674 4315 typus
712 4225 776 4292 vi
829 4224 1145 4295 ebantur.

270 4313 525 4397 §zu
593 4319 757 4384 Cum
808 4312 1002 4383 nulla
1049 4313 1112 4383 ei
1183 4334 1339 4405 spes
1403 4314 1737 4384 evadendi
1814 4313 2211 4405 affulgebat,
2290 4327 2451 4385 tunc
2502 4315 2722 4404 patuit

178 4399 358 4469 inter
407 4402 529 4472 has
568 4402 1043 4474 derelictiones
1091 4413 1369 4494 repente
1409 4403 1477 4471 in
1514 4403 1666 4493 ipso
1704 4403 2032 4493 pristinae
2074 4403 2356 4473 unionis
2405 4402 2713 4484 meridie,
