3308 5004
164 370 353 438 AUG.
408 370 483 436 2⁴
1064 387 1145 437 mi
1191 387 1247 435 s.
1301 385 1568 435 rnivAro
1613 385 1815 437 nrisc.
2505 373 2632 439 563

160 484 508 565 expertes,
550 472 635 543 ad
673 473 892 544 multo
919 473 1254 545 atrociora
1332 471 1674 556 rosiliunt,
1708 482 1936 544 tantae
1970 474 2352 546 sanctitatis
2378 475 2604 548 virum
2631 476 2719 546 ad

161 561 671 633 immolandum
705 561 928 640 ‚idolis
997 561 1264 653 compel
1297 573 1528 632 entes:
1580 573 1660 632 ut
1719 562 1840 650 qui
1895 562 2152 634 civium
2202 586 2484 634 suorum
2542 566 2720 637 male

161 650 518 723 suadendo
551 651 770 722 hostis
807 673 957 722 esse
1004 649 1237 732 nollet,
1281 649 1383 721 vel
1412 650 1685 720 animae
1718 672 1885 720 suae
1933 651 2263 725 inimicus
2304 653 2712 726 efficeretur.

163 745 397 828 Itaque
429 738 700 810 funesta
747 740 1089 812 sacrificia
1135 752 1583 832 componunt,
1637 750 1850 828 utque
1895 762 1976 811 ea
2020 740 2281 824 offerat,
2319 741 2562 813 multis
2609 745 2717 814 in-

165 829 433 900 tentatis
475 829 686 900 minis
717 842 990 921 urgent,
1016 828 1348 921 ajuntque
1376 849 1536 898 eum
1586 840 1706 899 aut
1729 829 2036 930 ipsorum
2086 829 2450 902 immolare
2478 832 2708 916 idolis,

161 932 279 989 aut
310 918 669 989 tormentis
694 919 944 990 confici
975 928 1309 1012 oportere.
1337 922 1627 988 Sanctus
1659 921 2039 1010 Episcopus
2087 919 2236 989 sine
2275 922 2715 993 cunctatione

162 1008 566 1099 respondet:
600 1008 853 1079 «Miror
879 1030 995 1080 vos
1025 1006 1605 1096 qualemcumque
1630 1007 2004 1078 antistitem
2041 1006 2124 1077 ad
2163 1020 2296 1078 tam
2329 1012 2714 1081 execranda

160 1119 309 1169 com
367 1095 595 1167 ellere.
633 1097 702 1166 Si
731 1095 915 1167 enim
945 1096 1089 1167 ulla
1117 1095 1309 1166 vobis
1358 1096 1612 1166 inesset
1650 1095 1961 1167 humana
1995 1097 2444 1186 providentia,
2486 1112 2717 1191 posset

161 1208 301 1278 apu
398 1207 516 1256 vos
553 1185 816 1274 absque
839 1208 988 1256 mea
1022 1186 1395 1256 assertione
1424 1195 1763 1267 constare,
1808 1184 2028 1255 multo
2072 1207 2221 1256 esse
2273 1189 2545 1270 rectiuS,
2582 1187 2715 1260 loci

164 1276 300 1346 mei
338 1275 686 1345 bominem
736 1273 1112 1362 quemlibet
1142 1275 1347 1344 etiam
1391 1273 1859 1344 atrocissimae
1901 1274 2140 1345 mortis
2172 1277 2405 1347 subire
2437 1277 2713 1348 crucia-

161 1375 296 1445 tus,
351 1385 557 1452 quam
613 1363 881 1455 plebem
917 1363 1049 1435 sibi
1098 1363 1430 1433 creditam
1481 1361 1792 1454 prodere,
1845 1375 1911 1433 et
1958 1362 2125 1434 dum
2176 1365 2325 1457 ipse
2374 1366 2570 1458 perit,
2608 1366 2711 1436 illi

161 1451 569 1546 perditionis
607 1465 954 1524 auctorem
990 1451 1345 1522 existere.»

243 1544 284 1630 ξ
330 1545 418 1616 5.
472 1541 595 1613 His
641 1540 922 1622 auditis,
979 1540 1081 1611 illi
1136 1539 1454 1630 quamvis
1502 1537 1822 1622 barbari,
1869 1550 2095 1610 tamen
2162 1542 2701 1614 moderationem

159 1643 516 1719 utcunque
566 1630 923 1722 fingenteS‚
980 1630 1434 1721 respondent:
1473 1633 1649 1700 Num
1703 1640 1764 1699 te
1809 1628 1896 1698 ad
1948 1628 2187 1700 illicita
2219 1643 2284 1702 et
2338 1631 2502 1704 solis
2550 1632 2713 1703 bar-

159 1718 349 1789 baris
382 1720 634 1789 usitata
665 1718 1197 1811 compellimus?
1221 1723 1312 1789 An
1345 1739 1479 1788 non
1512 1729 1577 1788 et
1624 1721 2079 1811 Imperatores
2110 1721 2339 1805 vestri,
2373 1734 2439 1792 et
2470 1743 2712 1792 eorum

150 1807 428 1898 judices
478 1806 656 1877 idola
696 1808 956 1890 colunt,
999 1820 1064 1878 et
1094 1807 1514 1878 Christianos
1546 1827 1788 1877 omnes
1820 1807 2212 1878 sacrificare
2257 1810 2718 1902 compellunt?

167 1901 464 1967 Sanctus
517 1896 895 1988 Episcopus
941 1896 1146 1967 dixit:
1195 1920 1231 1964 «
1265 1896 1559 1966 Tametsi
1616 1894 2109 1998 gravissimum
2173 1898 2240 1968 id
2288 1911 2412 1981 est,
2483 1912 2711 1970 tamen

164 2007 468 2076 agnosco
502 2007 659 2055 vera
704 2007 854 2056 esse
898 2007 1076 2087 quae
1099 1984 1354 2056 dicitis.
1399 1989 1770 2075 Perspicua
1795 1984 1978 2054 enim
2023 1996 2188 2056 suiit
2236 1992 2709 2059 Romanorum

166 2075 560 2164 principum
600 2074 667 2143 in
700 2074 939 2166 gentili
971 2073 1442 2165 profanatione
1475 2094 1608 2143 non
1639 2086 1773 2144 tam
1809 2086 2107 2164 peccata,
2137 2096 2347 2163 quam
2382 2076 2703 2147 crimina.

164 2161 357 2244 Quod
412 2162 545 2233 nisi
593 2162 685 2233 ita
723 2175 921 2245 esset,
965 2163 1050 2234 ad
1100 2162 1629 2233 concutiendam
1680 2175 1746 2233 et
1786 2161 2160 2233 vexandam
2213 2187 2453 2236 eorum
2504 2171 2712 2236 Rem-

165 2249 512 2339 publicam
550 2273 682 2321 non
717 2265 944 2323 tantae
967 2253 1332 2324 existerent
1378 2251 1833 2322 barbararum
1871 2250 2229 2322 nationum
2268 2254 2469 2324 vires.
2501 2255 2709 2337 Quic-

164 2339 333 2426 quid
371 2341 553 2410 enim
603 2341 673 2410 in
728 2340 1103 2432 perniciem
1148 2353 1447 2412 nostram
1480 2361 1596 2411 vos
1643 2338 1903 2441 geritis,
1941 2361 2073 2409 non
2107 2361 2148 2410 a
2180 2341 2425 2412 virtute
2460 2357 2705 2423 vestra,

164 2427 281 2497 sed
335 2443 722 2499 nostrorum
766 2435 1266 2521 Imperatorum
1317 2429 1489 2499 falsa
1538 2427 1890 2521 religione,
1930 2427 1998 2497 id
2050 2428 2534 2520 proficiscitur.
2575 2431 2705 2500 Sed

162 2530 263 2589 est
314 2529 538 2589 tamen
592 2518 708 2588 Dei
764 2519 1002 2602 nostri,
1047 2541 1252 2607 quem
1317 2541 1432 2590 vos
1493 2519 1767 2609 penitus
1816 2517 2173 2608 ignoratis,
2234 2541 2313 2589 ea
2384 2521 2600 2591 virtus
2644 2533 2712 2591 et

206 2608 487 2690 otentia,
535 2619 611 2678 ut
652 2620 783 2678 tem
840 2607 980 2680 oris
1032 2620 1376 2679 momento
1422 2620 1487 2677 et
1522 2607 1892 2698 principes,
1922 2628 2097 2693 quos
2148 2608 2345 2678 nobis
2376 2609 2703 2698 objicitis,

159 2630 451 2767 liberare
493 2695 706 2787 possit
753 2631 840 2768 ab
887 2718 1115 2766 errore
1145 2751 1160 2777 ,
1212 2709 1276 2767 et
1326 2696 1509 2766 idola
1558 2707 1778 2766 vestra
1837 2708 2286 2785 prosternere,
2335 2709 2398 2767 et
2459 2698 2660 2767 nobis
2690 2753 2705 2778 ‚

154 2807 331 2874 quos
369 2785 831 2876 praesentium
869 2785 1319 2856 afflictionum
1372 2784 1771 2856 verberibus
1817 2784 2191 2875 castigatiS,
2254 2785 2451 2857 solita
2516 2786 2710 2857 beni-

155 2875 419 2966 gnitate
451 2874 801 2965 opitulari.
838 2878 886 2944 Ε
936 2895 976 2943 o
1008 2896 1162 2944 vero
1209 2896 1331 2964 spe
1361 2873 1698 2945 bonorum
1734 2885 2194 2957 aeternorum,
2229 2888 2709 2963 quaecumque

157 2962 331 3032 mihi
366 2975 704 3032 tormenta
739 2963 886 3033 intu
919 2963 1133 3046 eritis,
1177 2963 1378 3053 plane
1424 2974 1861 3032 contemno.»

242 3054 280 3141 ξ
332 3056 428 3123 θ.
485 3055 632 3121 Mox
658 3051 934 3122 barbari
974 3052 1388 3122 immaniora
1438 3051 1856 3141 proferentes
1885 3049 2231 3141 supplicia
2271 3076 2285 3120 :
2322 3055 2449 3123 Aut
2496 3054 2711 3123 sacri·

156 3140 310 3221 fica,
363 3139 710 3227 inquiunt,
764 3142 914 3212 sine
975 3162 1189 3224 mora,
1243 3153 1362 3210 aut
1411 3139 1618 3210 variis
1666 3152 2160 3210 tormentorum
2216 3142 2588 3232 generibus
2652 3154 2713 3212 te

156 3229 431 3299 noveris
478 3228 1060 3311 interficiendum,
1094 3240 1161 3299 et
1194 3229 1262 3300 in
1297 3228 1687 3320 exemplum
1730 3241 2177 3312 caeterorum,
2231 3251 2403 3301 nova
2450 3244 2515 3301 et
2561 3252 2711 3301 exe·

155 3317 411 3389 crabili
462 3330 677 3387 morte
748 3319 1156 3420 periturum.
1210 3323 1287 3388 At
1341 3331 1622 3390 sanctus
1688 3321 1736 3387 E
1790 3319 1931 3387 isco
1986 3341 2070 3388 us
2118 3340 2198 3388 ex
2258 3319 2373 3389 Dei
2427 3340 2714 3390 munere

156 3418 590 3509 praesentem
653 3428 969 3477 animum
1018 3406 1107 3477 ad
1155 3407 1389 3477 omnia
1461 3406 1718 3478 tolerati
1775 3429 1814 3477 a
1863 3430 1902 3477 a
1956 3429 2205 3479 erens:
2267 3432 2293 3472 ‹
2327 3408 2706 3483 Adhibete.

157 3498 408 3586 inquit,
454 3495 806 3566 cruciatus
852 3517 1116 3578 omnes,
1175 3506 1239 3565 et
1288 3497 1496 3566 finem
1558 3494 1733 3565 mihi
1785 3496 1961 3566 vitae
2016 3495 2374 3586 imponite.
2449 3502 2585 3588 Ego
2639 3498 2710 3567 in

160 3586 441 3655 nomine
475 3584 591 3654 Dei
639 3584 772 3655 mei
821 3584 1038 3667 aliud,
1071 3607 1281 3672 quam
1318 3608 1500 3665 sum,
1544 3605 1695 3654 esse
1726 3606 1861 3654 non
1914 3606 2225 3676 possum.
2266 3585 2507 3655 Melius
2538 3587 2713 3656 mihi

158 3686 278 3755 est,
323 3686 717 3775 praesentes
772 3672 947 3743 ferre
988 3695 1267 3766 poenas,
1319 3694 1529 3761 quam
1585 3673 1777 3744 vobis
1836 3685 1901 3744 et
1960 3673 2418 3746 daemonibus
2468 3676 2709 3745 vestris

160 3762 566 3833 stultissime
594 3762 975 3845 serviendo,
1013 3775 1326 3834 aeternos
1355 3762 1712 3853 gehennae
1739 3762 2034 3853 experiri
2066 3764 2490 3834 cruciatus»
2528 3767 2708 3832 Haec

162 3862 224 3918 et
271 3852 338 3920 id
387 3873 612 3944 genus
658 3850 795 3922 alia
829 3851 948 3921 illo
986 3851 1288 3933 dicente,
1345 3849 1628 3941 perinde
1689 3853 1833 3921 acsi
1884 3864 2027 3921 tum
2086 3892 2087 3895 =
2138 3852 2393 3922 rimum
2444 3852 2706 3941 incipe-

166 3952 333 4021 rent,
392 3940 716 4011 atrociter
769 3941 840 4010 in
889 3963 1048 4011 eum
1112 3942 1387 4011 barbari
1435 3940 1787 4021 saeviunt,
1840 3940 2086 4010 acriori
2144 3961 2362 4028 usque
2434 3939 2705 4030 flagris,

167 4026 671 4100 ardentioribus
719 4030 1043 4111 flaminis,
1082 4041 1147 4098 et
1201 4029 1394 4099 novis
1446 4050 1821 4120 poenarum
1884 4028 2284 4098 vulneribus
2333 4028 2501 4098 adeo
2549 4051 2710 4097 eum

165 4120 575 4200 excruciant,
629 4130 706 4189 ut
736 4119 1074 4190 exanimis
1118 4130 1493 4208 putaretur.
1543 4123 1633 4187 Eo
1682 4139 1845 4209 ergo
1881 4117 2137 4198 relicto,
2194 4141 2354 4187 cum
2407 4140 2477 4188 se
2535 4118 2709 4186 nihil

170 4205 493 4292 proficere
540 4220 919 4289 cernerent,
965 4207 1052 4278 ob
1103 4207 1171 4276 id
1225 4219 1486 4277 tantum
1539 4205 1622 4275 ad
1659 4206 2162 4276 Gredonensem
2217 4205 2471 4285 locum,
2525 4207 2713 4276 unde

170 4292 443 4381 profecti
481 4295 770 4380 fuerant,
811 4320 883 4367 se
934 4297 1337 4379 retulerunt,
1376 4308 1451 4365 ut
1500 4295 1586 4364 ab
1630 4294 1918 4366 inclusis
1960 4304 2194 4385 pacem
2252 4296 2701 4386 postularent.

256 4384 292 4468 ἓ
336 4385 411 4453 ἵ.
466 4390 565 4454 Ita
610 4409 772 4477 ergo
824 4398 1085 4457 mutata
1132 4408 1363 4455 rerum
1413 4385 1581 4463 vice,
1635 4384 1897 4456 obsessi
1935 4397 2327 4543 dpraestant,
2382 4385 2563 4471 quod
2602 4407 2713 4455 ro-

166 4491 327 4560 gare
361 4472 776 4546 debuerant:
818 4488 892 4546 ut
942 4476 1095 4547 illos
1146 4476 1371 4566 potius
1420 4473 1733 4544 crederes
1781 4474 1928 4544 obsi
1988 4475 2139 4545 ione
2191 4475 2534 4557 liberatoS,
2591 4476 2711 4563 qui
