3308 5004
684 327 812 394 434
1249 343 1327 389 ΒΕ
1375 343 1430 389 s.
1486 340 1857 389 numerato
1905 342 2147 389 Annam
2194 338 2474 388 canter.
2816 321 3004 388 AUG.
3063 322 3146 386 20

595 442 828 500 autem
876 450 956 499 eo
1003 428 1072 497 in
1125 426 1541 498 Gemmetico
1588 425 1918 496 coenobio
1949 481 1964 508 ,
2019 423 2403 496 Ansoaldus
2456 423 2727 515 praesul
2769 424 2919 514 ejus
2968 423 3152 492 invi-

598 518 797 589 sendi
843 520 1053 587 causa
1100 538 1178 586 eo
1226 515 1522 585 advenit.
1593 515 1877 601 Illisque
1943 515 2201 607 pariter
2247 513 2785 584 consedentibus
2847 513 3155 584 nuncius

599 607 848 676 allatus
871 618 995 687 est,
1026 604 1396 694 quemdam
1429 604 1850 675 monachum
1879 625 1918 672 a
1948 603 2254 694 maligno
2281 601 2531 692 spiritu
2552 601 2804 672 vexari.
2841 607 3155 689 Cumque

601 694 809 766 simul
859 694 1192 766 abiissent
1236 692 1321 762 ad
1372 714 1526 762 eam
1585 692 1871 762 domum
1902 746 1918 773 ,
1971 693 2041 761 in
2092 714 2230 780 qua
2293 713 2371 761 ae
2422 712 2497 761 er
2533 692 2853 781 jacebat,
2909 704 2977 760 et
3026 713 3157 782 pro

599 807 676 854 eo
717 784 1083 855 Dominum
1134 794 1486 863 orassent,
1543 801 1698 851 mox
1747 780 1923 872 fugit
1979 793 2173 852 satan
2210 835 2226 863 ‚
2278 792 2343 850 et
2440 802 2599 850 omo
2648 780 2852 851 rediit
2897 778 2987 849 ad
3039 803 3156 850 sa-

601 874 905 944 nitatem.

688 964 726 1049 §
776 966 934 1033 ²18.
988 959 1240 1031 Eodem
1292 972 1599 1049 tempore
1665 964 1982 1029 Uvaratto
2047 958 2284 1049 palatii
2327 958 2704 1050 »princepS,
2761 957 2831 1026 in
2889 956 3156 1029 Caltino

600 1051 936 1120 territorio
974 1048 1314 1139 oppidum
1361 1047 1641 1118 donavit
1690 1053 1755 1118 S.
1808 1046 2203 1129 Philibert0,
2255 1048 2442 1117 utin
2493 1070 2571 1117 eo
2609 1047 2954 1148 virginum
3004 1067 3154 1116 mo-

600 1139 977 1209 nasterium
1025 1150 1471 1207 construeret.
1527 1136 1775 1206 villare
1825 1135 1890 1204 id
1933 1136 2339 1227 appellant:
2395 1135 2515 1206 ubi
2578 1135 2922 1223 hodieque
2969 1135 3156 1224 viget

604 1251 800 1298 sacra
849 1227 1115 1315 religio.
1168 1227 1284 1295 Vir
1313 1227 1430 1295 Dei
1480 1225 1826 1315 profectus
1875 1225 2279 1306 Pictavium‚
2317 1246 2478 1294 cum
2523 1224 2740 1316 multo
2774 1223 3030 1313 gaudio
3063 1223 3156 1294 ab

603 1315 944 1386 Ansoaldo
984 1315 1321 1406 Episcopo
1353 1326 1678 1404 exceptus
1725 1325 1872 1384 est:
1927 1314 2232 1402 abiitque
2271 1314 2356 1383 ad
2398 1313 2855 1396 Quinciacum
2907 1334 3155 1382 mona-

606 1406 915 1486 sterium,
969 1404 1245 1506 egregio
1276 1415 1752 1474 constructum
1789 1402 1938 1473 loco
1970 1426 1985 1471 ε
2039 1404 2221 1491 quod
2259 1402 2749 1471 monasterium
2789 1402 3154 1472 monachis

603 1494 721 1563 ille
754 1493 1088 1584 implevit,
1143 1516 1305 1563 cum
1358 1492 1553 1583 prius
1603 1504 1859 1561 veteres
1908 1492 2070 1561 inde
2116 1492 2544 1562 eliminasset
2587 1512 2890 1560 errores:
2942 1503 3156 1577 atque

601 1582 747 1653 illic
797 1581 1107 1652 Christus
1204 1603 1279 1651 er
1340 1603 1567 1652 servos
1630 1602 1796 1650 suos
1844 1581 2122 1651 assidue
2188 1580 2537 1651 laudatur.
2589 1579 2817 1649 Voluit
2863 1592 3096 1649 autem
3135 1636 3152 1661 ,

603 1670 672 1740 id
725 1670 883 1741 aliis
932 1692 1148 1740 consu
1179 1670 1480 1752 entibus,
1533 1669 1980 1750 Aichadrum,
2036 1670 2255 1738 virum
2310 1690 2475 1739 sane
2524 1668 2851 1738 idoneum
2900 1680 2964 1737 et
3012 1667 3159 1737 ele-

602 1773 791 1830 ctum
845 1759 1268 1849 discipulum
1321 1781 1552 1840 suum,
1593 1758 1995 1829 Gemmetici
2029 1757 2428 1827 monasterii
2476 1757 3158 1827 administrationem

605 1870 732 1918 suo
793 1848 940 1918 loco
1009 1848 1380 1948 suscipere.
1448 1848 1584 1918 Etsi
1664 1859 1901 1937 autem,
1958 1846 2198 1917 fratres
2265 1846 2573 1916 dolerent
2637 1867 2710 1916 se
2789 1844 3159 1916 destitutos

602 1935 818 2028 patris
866 1935 1219 2006 Philibertt
1279 1935 1667 2024 praesentia
1728 1937 2117 2024 corporali,
2175 1948 2401 2005 tamen
2464 1935 2617 2023 ejus
2678 1957 2798 2024 per
2854 1934 3157 2026 gratiam

603 2026 984 2126 praesentis
1034 2024 1368 2094 voluntati
1415 2025 1966 2115 obtemperantes
2001 2079 2016 2106 ‚
2071 2023 2408 2094 Aichadro
2467 2023 2929 2094 obedientiam
2993 2045 3158 2113 pro-

606 2128 968 2183 miserunt.

694 2205 731 2290 ξ
782 2206 935 2276 ²4.
988 2201 1079 2270 Ad
1132 2223 1246 2272 eos
1293 2201 1672 2272 visitandos
1719 2200 1824 2270 vir
1883 2201 1998 2270 Dei
2053 2200 2471 2271 Philibertus
2519 2200 2799 2269 veniens
2830 2255 2845 2281 ‚
2907 2199 3155 2270 sedulo

609 2291 1044 2370 hortabatur,
1097 2303 1174 2360 ut
1222 2313 1493 2381 semper
1532 2291 1934 2382 religionem
1984 2312 2187 2382 opere
2236 2303 2604 2361 servarent.
2660 2289 2914 2357 Deinde
2961 2311 3155 2358 com-

608 2379 949 2449 mendans
997 2401 1113 2450 eos
1164 2380 1474 2460 Domin0,
1526 2403 1684 2449 cum
1736 2380 1835 2450 eis
1882 2392 2059 2449 esset
2104 2379 2278 2449 bene
2328 2389 2666 2468 precatuS‚
2724 2377 2793 2446 in
2847 2376 3154 2446 insulam

605 2469 807 2540 Herio
856 2481 956 2540 est
1006 2490 1362 2539 reversus:
1427 2469 1800 2552 Quinciaco
1862 2481 2090 2538 autem
2163 2468 2577 2538 monasterio
2634 2489 2856 2538 unum
2917 2488 2956 2536 e
3003 2467 3157 2538 suis

608 2558 968 2629 monachis
1016 2559 1437 2650 praeposuit.
1491 2564 1802 2628 Manente
1850 2571 2081 2627 autem
2116 2580 2194 2627 eo
2228 2558 2297 2627 in
2335 2557 2589 2637 insula,
2626 2556 2911 2645 quidam
2944 2555 3158 2625 frater

607 2648 947 2718 acerrimo
980 2646 1290 2717 dentium
1341 2646 1576 2717 dolore
1623 2646 2113 2717 cruciabatur:
2166 2648 2305 2727 cui,
2358 2668 2439 2716 ex
2486 2646 2623 2716 fide
2660 2668 2809 2715 eam
2865 2645 3150 2735 petenti,

605 2737 833 2807 oblata
863 2748 965 2807 est
1012 2758 1213 2823 aqua,
1252 2758 1390 2823 qua
1423 2735 1602 2805 beati
1637 2736 1767 2805 viri
1799 2734 2005 2825 pedes
2034 2735 2252 2804 abluti
2279 2747 2475 2804 erant
2504 2758 2519 2802 ε
2559 2757 2698 2823 qua
2731 2732 3158 2820 simulatque

605 2825 836 2896 locum
886 2824 1228 2894 dolentem
1283 2826 1529 2915 attigit,
1584 2836 1860 2915 repente
1906 2823 2104 2894 dirus
2160 2822 2274 2892 ille
2328 2822 2547 2905 dolor,
2607 2822 2853 2893 Christi
2902 2823 3158 2893 virtute

605 2915 1037 3005 profligatus,
1072 2913 1423 2984 abscessit.

698 3006 735 3090 ξ
788 3008 942 3075 ²5.
998 3007 1229 3071 Frater
1271 3001 1555 3089 quidam
1621 3000 1858 3071 eodem
1923 3000 2072 3070 loco
2131 2998 2316 3069 febre
2373 2999 2668 3071 afflictus
2702 3055 2717 3082 ‚
2779 2999 2865 3068 ad
2930 3002 3159 3070 sancti

658 3090 825 3161 atris
877 3112 1185 3159 mensam
1217 3091 1527 3161 accessit.
1565 3095 1872 3176 Cumque
1906 3090 2007 3158 vir
2040 3087 2153 3158 Dei
2196 3087 2560 3180 paululum
2595 3088 2727 3159 olei
2759 3110 2920 3158 cum
2951 3089 3160 3179 panis

640 3178 950 3269 ragmine
996 3180 1056 3248 ei
1109 3180 1539 3269 porrexisset,
1593 3179 1919 3265 adjuncto
1969 3199 2208 3268 praece
2264 3190 2328 3259 to
2360 3200 2444 3247 ne
2477 3177 2805 3267 deinceps
2837 3199 2917 3246 eo
2949 3178 3156 3247 modo

611 3267 984 3337 laboraret:
1041 3267 1162 3337 ubi
1211 3267 1327 3337 ille
1378 3268 1575 3357 panis
1631 3288 1672 3336 o
1704 3278 1923 3337 eatam
1988 3266 2204 3336 bucce
2236 3265 2372 3335 lam
2437 3267 2774 3348 comedit,
2826 3268 3155 3359 evestigio

612 3379 685 3427 se
732 3357 948 3425 sensit
994 3356 1326 3427 divinitus
1355 3367 1702 3425 curatum.
1754 3356 1942 3425 Alius
1969 3377 2244 3443 quoque
2276 3355 2508 3436 frater,
2556 3356 2720 3426 dum
2762 3355 2831 3424 in
2874 3355 3155 3427 culinae

612 3444 998 3514 ministerio
1030 3444 1271 3514 sedulo
1307 3455 1636 3526 versatur,
1673 3466 1840 3514 casu
1866 3445 2145 3526 corruit,
2177 3456 2243 3515 et
2275 3444 2560 3515 brachio
2598 3468 2634 3515 e
2667 3468 2792 3515 sua
2816 3445 3158 3535 junctura

612 3546 821 3615 mot0,
874 3556 1034 3603 cum
1086 3534 1317 3602 dolore
1368 3533 1631 3623 surgit:
1684 3545 1749 3603 et
1807 3534 1938 3602 'arn
2008 3555 2182 3624 pene
2242 3533 2616 3616 deficiens,
2671 3534 3155 3605 advenientem

611 3622 833 3691 virum
888 3622 1003 3692 Dei
1050 3634 1219 3704 orat,
1273 3635 1350 3692 ut
1395 3620 1662 3692 brachii
1710 3644 1745 3691 a
1827 3623 2039 3691 ictum
2082 3621 2308 3692 locum
2360 3627 2572 3692 Cruce
2603 3622 2987 3725 consignet.
3031 3623 3157 3694 Ille

662 3712 859 3781 ietate
902 3722 1149 3788 motus,
1205 3709 1337 3780 sub
1369 3710 1606 3781 casula
1634 3733 1771 3799 qua
1800 3723 1945 3780 erat
1983 3710 2295 3793 indutuS,
2328 3711 2608 3803 signum
2644 3717 2881 3781 Crucis
2911 3726 3158 3782 contra

607 3733 969 3871 brachium
1008 3800 1194 3890 aegri
1226 3799 1572 3889 exprimit,
1616 3814 1682 3870 et
1714 3799 1947 3869 dolore
1985 3800 2303 3882 abeunte,
2338 3800 2701 3870 brachium
2741 3801 3153 3871 restituitur.

697 3892 734 3979 ξ
786 3894 947 3961 26.
1000 3889 1394 3959 Ambulanti
1443 3889 1820 3977 aliquando
1870 3889 1937 3957 in
1991 3889 2405 3959 monasterio
2456 3890 2598 3958 viro
2631 3890 2770 3967 Dei,
2823 3888 3154 3960 cellarius

607 3977 1003 4049 monasterii
1043 3977 1390 4059 SidoniuS‚
1447 3977 1777 4048 indicavit
1821 3978 1885 4047 ei
1936 3999 2071 4047 non
2105 3991 2468 4069 suppetere
2501 3977 2672 4069 ipsis
2711 3978 2968 4060 oleum,
3013 4000 3155 4066 quo

607 4079 839 4157 posset
886 4066 1092 4138 foveri
1144 4067 1377 4137 lumen
1415 4121 1431 4147 ,
1493 4089 1573 4137 ex
1622 4089 1811 4136 more
1870 4066 1940 4135 in
1991 4066 2279 4137 ecclesia
2344 4066 2619 4137 ardens.
2683 4072 3154 4168 Interrogatus

607 4170 861 4237 autem,
891 4178 1085 4232 num
1137 4156 1237 4226 vel
1291 4178 1534 4247 parum
1583 4154 1848 4242 aliquid
1897 4156 2221 4248 supersit,
2277 4155 2631 4246 respondit
2665 4178 2800 4226 non
2839 4156 2978 4226 nist
3017 4155 3153 4227 olei

608 4243 862 4315 libram
910 4246 1275 4315 dimidiam
1313 4257 1590 4326 restare,
1641 4266 1850 4332 quam
1902 4245 1970 4313 in
2024 4245 2371 4346 hospitum
2404 4256 2469 4315 et
2506 4245 2729 4337 ipsius
2767 4267 2980 4316 usum
3013 4267 3154 4316 ser-

609 4345 851 4404 vasset.
903 4334 1104 4404 Jubet
1149 4340 1310 4425 erg‘o
1361 4334 1462 4403 vir
1498 4347 1806 4414 sanctus,
1840 4345 1916 4403 ut
1946 4332 2015 4402 id
2045 4333 2177 4403 olet
2215 4334 2436 4403 mittat
2475 4334 2545 4404 in
2582 4332 2967 4426 lampades,
3006 4333 3151 4404 fore

613 4422 1042 4513 promittens,
1096 4436 1174 4493 ut
1222 4445 1377 4493 mox
1423 4422 1720 4514 accipiat
1768 4433 2025 4493 tantam
2076 4422 2207 4493 olei
2238 4422 2536 4514 copiam,
2588 4445 2765 4513 quae
2797 4434 2936 4493 toto
2966 4444 3151 4493 anno
