3308 5004
172 294 360 363 AUG.
415 296 497 361 44
1143 312 1223 361 na
1270 311 1327 360 s.
1381 310 1742 363 unanasut
2495 292 2621 358 327

167 396 433 469 fructus
464 395 873 488 degustavit.
919 400 1227 483 Cumque
1262 395 1517 465 multas
1565 416 1936 465 aerumnas
1984 404 2354 485 pateretur,
2405 407 2471 463 et
2524 416 2712 465 soro-

168 486 363 558 ribus
390 497 751 576 praeesset,
773 506 1153 571 earumque
1175 506 1416 555 curam
1435 483 1739 561 haberet,
1770 483 1857 553 ob
1879 483 2095 553 animi
2122 482 2709 563 summissionem,

167 597 302 662 qua
335 574 730 654 excellebat,
770 573 947 645 nulli
977 595 1287 661 unquam
1325 572 1867 662 increpationem
1907 571 2252 654 adhibuit,
2290 593 2513 660 neque
2554 593 2719 641 con·

167 663 611 737 tumeliosum
661 662 926 750 aliquid
972 684 1054 732 ex
1107 661 1260 752 ejus
1296 684 1413 732 ore
1452 660 1964 742 honestissimO,
2004 682 2090 729 ne
2137 658 2471 730 adversus
2510 661 2720 731 mini·

164 773 358 821 mum
385 750 666 838 quidem
694 751 1022 840 aliquem,
1050 764 1169 822 aut
1195 772 1553 842 magnum,
1577 771 1875 831 servum,
1902 761 2022 819 aut
2046 748 2341 818 liberum
2365 748 2718 820 hominem

163 840 544 930 profectum
580 851 726 910 est:
781 841 1181 931 praesertim
1226 862 1388 909 cum
1421 840 1702 929 saepius
1755 837 2065 919 audiret,
2117 835 2462 907 diabolica
2500 849 2718 907 tenta-

171 929 350 999 tione
380 928 503 999 illa
533 929 766 998 omnia
804 950 876 999 se
913 927 1158 998 facere.
1212 931 1467 999 Omnes
1514 928 1730 1020 igitur
1776 938 2136 996 mansueto
2175 924 2409 995 animo
2441 936 2506 994 et
2536 938 2718 996 recto

166 1018 369 1088 corde
427 1016 832 1108 perferebat,
878 1017 964 1087 ad
1021 1016 1323 1088 futuram
1383 1015 1573 1086 illam
1629 1014 2014 1086 mercedem
2065 1035 2338 1106 semper
2396 1012 2717 1112 animum

167 1117 502 1177 attentum
545 1105 831 1176 habens,
872 1110 1036 1176 Cum
1083 1126 1237 1175 vero
1295 1116 1593 1193 quatuor
1630 1103 1800 1174 anni
1839 1102 2373 1195 praeteriissent,
2409 1122 2495 1170 ns
2542 1121 2720 1187 quae

168 1217 321 1265 cum
361 1194 488 1269 illa
514 1206 730 1276 erant,
768 1194 1134 1285 persuasit,
1176 1203 1256 1264 ut
1290 1216 1328 1263 e
1374 1192 1523 1264 loco
1561 1194 1633 1262 in
1667 1215 1807 1281 quo
1847 1192 2242 1273 manebant,
2278 1201 2709 1291 exurgerent,

168 1295 230 1353 et
259 1283 346 1353 ad
384 1283 726 1374 privatum
777 1295 842 1352 et
892 1283 1177 1353 omnino
1237 1294 1576 1352 remotum
1619 1294 1920 1351 montem
1978 1279 2393 1361 secederent,
2457 1299 2528 1347 m
2579 1299 2715 1364 quo

169 1384 447 1462 possent
480 1370 858 1442 solitariam
908 1371 1111 1440 vitam
1171 1375 1540 1461 degenteS,
1601 1375 1737 1440 Deo
1793 1370 1926 1462 ipsi
1959 1390 2239 1460 operam
2279 1368 2467 1450 dare,
2517 1379 2584 1437 et
2628 1368 2716 1439 ab

168 1461 356 1529 omni
395 1461 707 1530 humana
740 1460 1241 1531 consuetudine
1281 1459 1612 1549 separari.
2062 1470 2067 1479 ‘

250 1551 286 1636 ξ
331 1546 494 1620 lo.
549 1553 715 1619 Cum
765 1548 980 1639 igitur
1025 1570 1504 1635 quaecumque
1552 1547 1639 1617 ad
1690 1547 2007 1638 proprios
2045 1568 2216 1617 usus
2248 1545 2716 1637 possidebant,

170 1658 246 1706 ea
289 1637 532 1707 omnia
573 1638 998 1727 pauperibus
1044 1636 1606 1718 distribuissent,
1667 1636 1935 1706 ardenti
1998 1635 2231 1707 animo
2277 1635 2366 1705 ad
2416 1635 2485 1705 id
2534 1637 2720 1725 quod

170 1725 295 1796 sibi
318 1738 842 1816 proposuerant,
867 1747 939 1796 se
963 1725 1487 1816 praeparabant.
1509 1724 1841 1795 Adierunt
1859 1724 2070 1816 igitur
2094 1724 2321 1795 virum
2347 1727 2718 1811 quemdam

169 1813 415 1884 virtute
455 1814 868 1905 praeditum,
905 1827 970 1885 et
1005 1815 1120 1883 Dei
1159 1814 1743 1896 amantissimum,
1799 1813 2151 1883 Matthiam
2202 1814 2507 1897 nomine,
2571 1837 2722 1906 pre-

174 1901 454 1992 sbyterii
512 1903 773 1973 honore
831 1903 1229 1973 decoratum
1265 1957 1280 1985 ‚
1341 1916 1407 1973 et
1453 1924 1696 1972 eorum
1753 1902 1876 1989 qui
1923 1924 1996 1972 se
2043 1902 2112 1971 in
2164 1902 2302 1972 vita
2340 1905 2722 1975 monastica

170 1991 571 2062 exercebant
609 1991 771 2061 ovili
821 1992 1352 2082 praesidentem.
1406 1992 1531 2061 Ille
1563 2012 1726 2061 cum
1775 1992 1952 2061 vitae
1991 1991 2319 2061 honestae
2363 2003 2542 2063 esset
2574 2005 2721 2063 stu-

173 2077 428 2161 diosus,
469 2092 536 2149 et
572 2101 809 2150 earum
851 2081 1105 2152 mentis
1137 2080 1489 2151 ardentem
1531 2081 1855 2150 affectum
1892 2079 2195 2161 vidisset,
2237 2079 2474 2150 beatae
2519 2082 2720 2152 Atha-

172 2169 398 2239 nasiae
432 2167 641 2238 dixit:
696 2174 919 2239 Tuum
967 2169 1246 2256 quidem
1289 2180 1355 2239 et
1389 2190 1658 2250 earum,
1751 2190 1880 2238 uae
1928 2181 2155 2238 tecum
2213 2180 2399 2250 sunt,
2453 2169 2715 2240 bonum

171 2268 374 2327 estet
431 2256 632 2327 valde
694 2256 1046 2328 laudabile
1102 2257 1580 2348 propositum:
1635 2278 1708 2328 se
1804 2257 2134 2344 quoniam
2196 2277 2317 2326 vos
2382 2257 2577 2329 video
2623 2260 2718 2328 ita

173 2345 649 2416 exercitatione
694 2345 1003 2429 afflictas,
1042 2359 1121 2416 ut
1158 2346 1678 2416 infirmissimae
1711 2345 1885 2426 sitis,
1925 2366 2169 2416 moneo
2201 2366 2289 2414 ne
2317 2344 2716 2417 durissimis

173 2433 339 2505 vitae
369 2433 643 2526 legibus
692 2434 1003 2525 vosipsas
1035 2433 1342 2506 tradatis.
1398 2439 1635 2522 Itaque
1683 2434 1743 2504 si
1791 2454 2022 2505 meum
2073 2432 2446 2505 consilium
2499 2436 2718 2507 susci-

176 2521 353 2610 pitis,
393 2544 518 2593 vos
565 2523 637 2591 in
685 2523 1061 2610 quemdam
1113 2523 1339 2595 locum
1394 2524 1794 2614 perducam,
1834 2523 1904 2592 in
1954 2544 2092 2610 quo
2188 2523 2474 2604 oteritiS,
2515 2524 2611 2593 ita
2647 2535 2724 2594 ut

175 2610 356 2708 decet
421 2624 810 2693 versanteS,
880 2611 1054 2682 bene
1101 2612 1471 2703 vobisipsis
1516 2612 1898 2682 consulere.
1951 2611 2140 2682 Habe
2193 2610 2306 2683 itis
2352 2611 2556 2681 etiam
2612 2633 2719 2683 me

176 2700 556 2772 infirmitati
602 2711 865 2770 vestrae
902 2700 1356 2791 opitulantem
1387 2756 1403 2785 ,
1464 2702 1797 2789 vobisque
1841 2711 1979 2771 toto
2020 2699 2254 2770 animo
2291 2712 2356 2770 et
2388 2700 2720 2771 omnibus

175 2787 429 2859 viribus
500 2811 582 2859 ea
648 2789 909 2876 quibus
975 2790 1301 2881 indigetis
1360 2789 1896 2860 ministrantem.
1948 2794 2130 2860 Haec
2176 2811 2338 2859 cum
2388 2789 2719 2871 dixisset,

180 2890 443 2947 sanctae
494 2878 824 2959 mulieri,
876 2891 941 2948 et
987 2879 1074 2950 iis
1121 2901 1299 2966 quae
1344 2900 1503 2948 cum
1555 2878 1676 2948 illa
1730 2888 1949 2960 erant,
2005 2878 2373 2969 persuasit,
2425 2890 2504 2947 ut
2560 2899 2722 2947 eum

179 2966 692 3056 promptissimo
723 2967 954 3036 animo
1004 2981 1478 3054 sequerentur.
1534 2971 1699 3038 Cum
1752 2988 1907 3037 vero
1958 2988 2078 3057 pro
2132 2987 2169 3035 e
2217 2965 2448 3037 locum
2490 2987 2720 3036 acces-

183 3052 444 3151 sissent,
498 3077 657 3124 eum
701 3057 898 3125 beata
949 3055 1070 3125 illa
1117 3056 1369 3127 mulier
1418 3055 1903 3146 contemplata,
1961 3054 2069 3124 val
2124 3076 2161 3124 e
2199 3053 2446 3124 hilaris
2495 3077 2615 3125 coe
2670 3055 2721 3126 it

182 3136 433 3213 dicere:
491 3166 527 3210 «
558 3149 760 3214 Hunc
805 3166 931 3235 ego
979 3144 1206 3215 locum
1249 3144 1673 3235 jampridem
1711 3143 1959 3215 mentis
1994 3142 2260 3214 lumine
2287 3155 2610 3234 contemp
2642 3166 2717 3213 a-

183 3225 316 3328 bar,
350 3244 438 3316 et,
477 3244 556 3302 ut
584 3233 854 3323 opinor,
911 3233 1023 3304 hic
1053 3233 1124 3304 in
1167 3247 1517 3324 posterum
1566 3233 1900 3316 vivemuS,
1937 3232 2251 3319 vitaeque
2284 3232 2494 3303 finem
2529 3232 2712 3303 exci-

230 3339 471 3391 1emus.
510 3343 548 3388 »
983 3338 988 3342 ’

184 3335 226 3404 p
263 3408 298 3493 ἓ
333 3412 465 3480 11.
522 3414 679 3478 Erat
724 3409 795 3478 in
844 3408 993 3480 loco
1038 3410 1158 3480 illo
1205 3422 1522 3482 sanctum
1574 3410 2099 3501 protomartyris
2157 3409 2487 3500 Stephani
2548 3422 2716 3480 tem-

187 3491 390 3579 plum,
444 3509 591 3568 tum
643 3496 864 3589 gloria
913 3511 1059 3569 tum
1108 3512 1440 3570 vetustate
1484 3499 1981 3570 clarissimum.
2036 3503 2281 3569 Beatus
2334 3498 2549 3600 igitur
2595 3498 2711 3568 ille

191 3581 511 3678 Matthias,
565 3599 742 3656 nutu
770 3587 923 3676 ejus
969 3588 1311 3679 Episcopi,
1364 3589 1483 3675 qui
1533 3588 1801 3679 regioni
1851 3586 2308 3679 praesidebat,
2368 3587 2513 3657 lllic
2561 3609 2718 3655 mu-

192 3663 371 3770 heres
401 3674 560 3744 illas
590 3674 970 3755 collocavit,
1000 3696 1416 3763 omnemque
1455 3698 1696 3746 curam
1728 3677 1828 3746 eis
1861 3675 2204 3746 adhibuit.
2244 3680 2540 3765 Insuper
2578 3676 2717 3743 vir-

191 3762 338 3828 tutis
371 3763 839 3834 exercitationi
877 3763 1075 3834 valde
1107 3766 1450 3846 studebat,
1493 3765 1978 3846 continentiae,
2015 3764 2328 3852 inquam,
2366 3776 2431 3834 et
2464 3762 2718 3853 vigiliis

193 3847 436 3931 multis,
489 3873 651 3922 cum
699 3858 823 3942 per
869 3863 1080 3923 totam
1129 3865 1398 3924 noctem
1447 3865 1514 3923 et
1610 3853 1968 3923 salterium
2002 3853 2341 3935 recitaret,
2386 3863 2450 3921 et
2482 3872 2720 3942 preces

192 3939 726 4029 quamplurimas
764 3941 849 4011 ad
901 3946 1114 4012 Deum
1162 3940 1501 4024 funderet,
1589 3942 2030 4028 ormiensque
2070 3962 2206 4010 non
2259 3962 2474 4030 supra
2506 3940 2712 4022 latuS,

193 4020 298 4088 sed
335 4026 599 4110 sedens,
652 4051 1001 4112 somnum,
1044 4043 1381 4117 quantum
1434 4030 1601 4100 satis
1648 4043 1849 4112 esset,
1902 4039 2199 4120 caperet.
2253 4035 2465 4098 Tanta
2511 4028 2716 4098 etiam

195 4121 323 4177 erat
363 4114 551 4188 illius
596 4117 728 4187 viri
784 4120 1226 4210 compunctio
1261 4173 1277 4200 ,
1332 4133 1476 4191 tum
1527 4119 1600 4188 in
1664 4117 1956 4210 psalmis
2012 4115 2391 4198 canendiS,
2443 4128 2591 4186 tum
2644 4117 2715 4185 in

195 4193 517 4274 offerendo
563 4205 799 4278 divino
844 4221 909 4278 et
955 4209 1316 4279 incruento
1363 4206 1706 4278 sacrificio
1737 4262 1753 4289 ,
1822 4219 1899 4277 ut
1952 4207 2075 4294 qui
2133 4227 2293 4276 eum
2343 4205 2713 4286 videbant,

196 4285 463 4362 multam
512 4316 592 4364 ex
637 4316 718 4365 ea
766 4318 837 4366 re
884 4296 1249 4368 utilitatem
1286 4296 1739 4386 perciperent.
1784 4300 1976 4366 Veste
2006 4307 2238 4365 autcm
2274 4316 2518 4385 aspera
2549 4316 2714 4364 con-

205 4374 404 4448 tentus
448 4396 629 4465 erat;
680 4407 890 4473 quam
922 4408 1081 4482 cum
1116 4385 1397 4456 unicam
1446 4383 1672 4467 ferret,
1726 4406 2006 4455 carnem
2038 4384 2262 4476 ipsam
2297 4383 2717 4454 horribiliter

923 4625 944 4656 0
