3308 5004
706 343 801 409 ‘84
1349 357 1428 403 mi
1475 356 1529 403 s.
1582 352 1912 405 ALPHONSO
1955 355 2026 402 ι.
2081 355 2161 402 mi
2207 353 2460 403 ueoato
2876 332 3048 400 AUG.
3091 331 3130 397 2

717 448 754 532 ἓ
800 448 893 516 8.
948 448 1122 512 Dum
1172 462 1327 512 vero
1376 441 1856 512 sanctissimus
1903 462 2107 512 senex
2154 439 2423 510 ultimis
2465 438 2577 509 sui
2623 437 2751 525 zeli
2795 436 3131 507 ardoribus

630 534 728 605 sic
754 532 1194 611 satisfaceret,
1235 532 1477 621 ingens
1508 553 1590 600 ac
1632 551 1919 621 prorsus
1935 551 2116 601 nova
2143 529 2211 598 in
2248 550 2410 599 eum
2440 528 2642 599 irruit
2670 545 3129 598 aerumnarum

631 645 713 693 ac
761 621 1282 691 tribulationum
1337 619 1660 710 procella.
1719 619 1911 701 Quod
1964 617 2423 709 procellosum
2473 630 2749 708 ternpus
2798 614 2945 684 ideo
2989 632 3134 683 sane

627 712 901 781 evenire
948 709 1261 800 permisit
1308 714 1507 791 Deus,
1560 719 1637 778 ut
1688 708 1976 798 posteris
2024 706 2415 797 Alphonsus
2461 705 2740 776 daretur
2771 700 3131 806 exemplum

680 799 1022 880 atientiae,
1076 799 1254 869 sicut
1301 802 1594 867 Sanctus
1638 798 1793 868 Job.
1850 796 1976 867 Sed
2030 795 2495 866 tristissimam
2546 794 2940 872 historiam,
2988 810 3136 878 qua-

664 890 787 959 iter
831 888 1075 969 evenit,
1130 886 1394 978 paucis-
1422 887 1534 963 hic
1580 906 2123 955 commemorare
2148 887 2368 973 juvat.
2417 882 2861 975 congregatio
2900 885 2995 951 Ss.
3030 884 3139 977 Re-

634 978 787 1046 dem
848 977 1059 1051 toris.
1113 975 1214 1045 vel
1266 975 1353 1045 ab
1402 974 1872 1057 incunabulis,
1930 974 2180 1044 multas
2243 995 2517 1064 semper
2562 996 2640 1043 ac
2701 973 2910 1041 duras
2956 979 3139 1037 susti-

633 1087 764 1135 nen
822 1089 898 1135 as
943 1065 1188 1135 habuit
1236 1065 1808 1155 oppugnationes.
1848 1068 1988 1134 Non
2035 1062 2238 1154 pauci
2268 1074 2464 1131 erant
2504 1062 2776 1142 bostes;
2828 1057 3141 1160 ethorum

633 1167 819 1224 tanta
866 1153 1115 1223 astutia
1165 1166 1368 1240 atque
1413 1152 1786 1222 auctoritas
1816 1206 1832 1232 ,
1888 1166 1984 1232 ut,
2034 1152 2169 1221 nisi
2203 1151 2439 1220 divina
2477 1151 2906 1221 Providentia
2951 1156 3138 1215 inter-

631 1244 988 1323 cessisset,
1043 1242 1252 1312 totius
1303 1239 1540 1330 pusilli
1596 1241 1832 1332 gregis
1881 1240 2085 1311 ruina
2143 1240 2528 1310 certissima
2585 1261 2736 1309 esse
2800 1235 3140 1332 videretur3

631 1338 898 1403 Interea
943 1332 1126 1400 conti
1180 1331 1232 1399 it
1279 1342 1356 1398 ut
1404 1330 1710 1399 marchio
1758 1329 2129 1411 Tannucci,
2179 1329 2301 1417 qui
2356 1329 2570 1398 multo
2599 1342 2907 1416 tempore
2951 1329 3145 1412 Regni

632 1420 1124 1510 Neapolitania
1180 1418 1601 1488 ministrator
1631 1418 1875 1500 fuerat,
1908 1419 2164 1507 quique
2195 1417 2750 1487 infensissimum
2783 1415 2848 1484 in
2881 1418 3148 1502 Congre-
3263 1432 3264 1505 ξ

635 1511 979 1598 gationein
1030 1520 1096 1577 et
1142 1508 1210 1577 in
1249 1509 1466 1597 ipsam
1506 1507 1877 1578 Ecclesiam
1933 1510 2246 1577 animum
2298 1506 2598 1597 gerebat,
2657 1525 2915 1574 munus
2959 1518 3144 1570 suum

634 1598 1028 1689 deponeret,
1080 1609 1145 1667 et
1192 1618 1653 1666 successorem
1709 1597 1988 1667 haberet
2038 1596 2505 1665 marchionem
2559 1592 2750 1664 Della
2795 1590 3138 1662 Sambuca.
3263 1616 3264 1671 l

632 1691 777 1757 Hac
805 1685 1153 1755 fortunata
1184 1707 1414 1755 rerum
1455 1685 2280 1775 vicissitudine(multum
2307 1684 2495 1753 enim
2528 1682 2799 1752 favebat
2832 1679 3149 1770 Alphonso
3263 1706 3264 1717 ¹

633 1797 853 1846 novus
885 1772 1434 1863 administrator)
1457 1773 1958 1845 admirabiliter
1996 1787 2218 1844 erecta
2240 1786 2340 1843 est
2371 1794 2529 1862 spes
2562 1776 3148 1863 congregatorum,
3263 1792 3264 1829 ff

628 1864 888 1952 quibus
922 1863 1234 1933 laetiores
1264 1862 1639 1949 aliquando
1674 1863 1821 1933 dies
1869 1863 2035 1933 oriri
2073 1861 2504 1931 videbantur.
3263 1934 3264 1937 Ἴ

722 1957 757 2040 ξ
806 1960 891 2027 ιι.
946 1951 1420 2022 Potentissimo
1448 1951 1659 2042 igitur
1686 1952 1990 2022 instituti
2021 1952 2213 2022 hoste
2241 1973 2279 2020 e
2309 1950 2534 2020 medio
2569 1949 2871 2029 sublato,
2906 1959 3154 2043 tempus
3263 2008 3264 2027 ἶ

633 2041 909 2111 tandem
951 2041 1312 2110 advenisse
1362 2053 1550 2109 ratus
1600 2054 1703 2109 est
1750 2041 1819 2110 Al
1877 2041 2142 2111 bonsus
2172 2095 2188 2121 ,
2242 2060 2378 2127 quo
2427 2037 2949 2128 suppressionis
2999 2052 3157 2133 peri·
3263 2096 3264 2103 ,

631 2129 896 2210 culum,
940 2129 1123 2217 quod
1176 2128 1442 2199 tamdiu
1489 2128 1777 2200 dilectae
1852 2130 2127 2199 amiliae
2164 2129 2528 2197 imminere
2570 2128 2864 2208 viderat,
2911 2134 3160 2215 penitus
3263 2170 3264 2207 ἦ

635 2231 959 2300 avertere,
1014 2232 1216 2306 atque
1255 2218 1445 2307 operi
1484 2239 1610 2287 suo
1643 2218 1917 2287 firmam
1970 2230 2199 2309 posset
2246 2238 2651 2306 comparare
2704 2214 3156 2310 stabilitatem.
3263 2242 3264 2259 κ

636 2313 859 2391 Quare
908 2307 1064 2376 novi
1134 2307 1432 2376 ministri
1505 2307 1974 2377 benevolentia
2041 2306 2302 2386 fretus,
2366 2327 2692 2395 magnam
2745 2303 3162 2397 diligentiam
3263 2386 3264 2399 ἵ

631 2396 961 2466 adhibere
1007 2396 1276 2485 coepit,
1329 2410 1406 2465 ut
1451 2396 1963 2486 optatissimum
2018 2396 2227 2465 finem
2290 2407 2857 2480 consequeretur.
2911 2387 3164 2489 Collatis
3263 2428 3264 2447 η

634 2486 850 2577 igitur
896 2485 1208 2558 consiliis
1235 2509 1395 2555 cum
1442 2486 1832 2577 praecipuis
1872 2485 2176 2556 Instituti
2209 2482 2552 2565 alumnis,
2596 2486 2870 2552 Patrem
2920 2482 3167 2578 Mflwp‘?

630 2575 982 2666 Neapolim
1038 2575 1269 2656 misit,
1323 2576 1443 2662 qui
1493 2575 1577 2644 de
1626 2575 2188 2665 Congregationis
2236 2571 2738 2673 approbatione
2775 2592 2939 2641 cum
2993 2564 3163 2638 civili

632 2677 959 2754 potestate
1007 2676 1259 2754 ageret.
1295 2663 1462 2747 Quis
1502 2685 1661 2733 vero
1695 2663 2053 2733 erederet?
2100 2662 2468 2733 Perfidiose
2519 2661 2691 2730 tanti
2730 2658 2988 2751 negotii
3026 2677 3166 2758 prp-

633 2767 910 2822 curator
945 2752 1450 2843 praevaricatus
1480 2766 1604 2832 est,
1636 2775 1715 2822 ac
1749 2764 2264 2823 sacrosanctum
2307 2771 2512 2821 suum
2542 2772 2812 2820 munus
2854 2744 3164 2840 prodidit.

631 2842 991 2910 Enimvero
1022 2896 1037 2921 ‚
1090 2862 1227 2926 quo
1291 2840 1562 2910 facilius
1610 2853 1963 2930 tantopere
2023 2852 2324 2930 optatam
2378 2839 2557 2928 regis
2604 2837 3169 2930 approbationem

636 2929 993 3009 obtineret,
1049 2950 1129 2997 eo
1176 2930 1577 3000 teineritatis
1623 2929 1919 3010 devenit,
1956 2939 2055 3010 ut,
2113 2927 2389 3018 propria
2436 2929 2887 3008 auctoritate,
2936 2927 3006 2994 in
3055 2929 3170 2993 Re-

632 3016 834 3108 gulas
881 3040 921 3086 a
980 3022 1263 3086 Summo
1311 3018 1636 3087 Pontifice
1685 3017 2081 3088 solemniter
2127 3015 2570 3086 confirmatas
2605 3070 2621 3097 ,
2695 3015 2989 3086 maximi
3038 3033 3172 3082 mo-

634 3106 847 3175 menti
898 3106 1410 3175 immutationes
1467 3105 1859 3188 induceret,
1919 3106 2214 3193 illasque
2266 3104 2365 3174 sic
2405 3102 2833 3176 adulteratas
2884 3100 3171 3194 Regulas

634 3194 780 3351 regi
843 3193 1188 3263 exhiberet
1249 3194 1681 3265 sanciendas.
1753 3197 2081 3278 Quamvis
2133 3215 2286 3264 vero
2343 3192 2413 3260 in
2477 3193 2607 3263 hac
2673 3191 3174 3263 adulteratione

614 3305 709 3352 -ca
746 3282 1082 3353 lidissime
1130 3283 1614 3370 processisset,
1675 3305 1781 3354 res
1832 3298 2055 3354 tamen
2109 3304 2244 3352 non
2295 3280 2464 3351 adeo
2513 3282 2857 3353 occultari
2913 3279 3170 3374 potuit,

632 3384 710 3440 ut
759 3393 891 3440 non
944 3370 1205 3457 aliquid
1258 3394 1376 3440 sus
1433 3371 1678 3440 icionis
1740 3371 2061 3462 pluribus
2110 3371 2551 3462 congregatis
2612 3371 3044 3461 injiceretur.
3096 3369 3175 3436 Hi

634 3459 850 3549 igitur
895 3459 1080 3528 anxii
1130 3458 1211 3527 ad
1265 3459 1387 3550 Alp
1442 3481 1690 3530 onsum
1743 3483 1816 3529 se
1863 3472 2384 3540 converterunt,
2438 3473 2761 3550 rogantes
2812 3474 2893 3531 ut
2945 3478 3180 3551 procu-

633 3549 879 3619 ratoris
907 3548 1536 3620 machinationibus
1589 3549 2104 3620 oculatissimus
2149 3548 2574 3640 advigilaret.
2607 3547 2735 3618 Sed
2784 3571 2926 3618 non
2973 3542 3182 3639 potuit

633 3651 918 3707 sanctus
965 3658 1170 3705 senex
1232 3650 1492 3706 tantam
1559 3638 1919 3726 perfidiam
1971 3638 2363 3728 suspicari:
2416 3659 2495 3707 eo
2537 3637 2808 3727 magiS,
2864 3636 3051 3727 quod
3101 3634 3184 3702 ab

633 3726 787 3815 ipso
838 3731 906 3795 P.
960 3725 1247 3806 villani,
1300 3726 1422 3814 qui
1486 3726 1549 3795 ei
1597 3739 1741 3796 erat
1788 3750 1825 3796 a
1875 3725 2428 3797 confessionibus
2479 3737 2545 3795 et
2594 3749 2862 3796 munus
2912 3724 3188 3818 gerebat

632 3815 881 3885 Vicarii
976 3814 1316 3896 eneralis,
1372 3815 1702 3904 deceptus
1762 3814 2023 3888 fuisset.
2079 3815 2353 3885 Miserat
2409 3814 2592 3884 enim
2649 3819 2722 3884 P.
2781 3818 3057 3905 Majone
3101 3809 3186 3882 ad

634 3909 700 3974 S.
756 3910 899 3973 Fun
957 3917 1211 3973 atorem
1263 3903 1612 3993 exemplar
1662 3926 1874 3974 novae
1922 3904 2247 3995 Regulae,
2302 3925 2510 3990 quam
2562 3902 2711 3994 ipse
2752 3927 2924 3974 cum
2966 3899 3190 3994 Capel-

633 3993 792 4063 lano
839 3993 1029 4084 regio
1078 3991 1542 4073 factitaverat;
1595 3993 1710 4064 sed
1765 3993 1892 4063 boc
1944 4006 2080 4063 tam
2135 3991 2623 4063 minutissimis
2670 3993 3006 4083 apicibus
3037 4014 3191 4064 exa-

635 4095 911 4162 ratum,
970 4094 1045 4152 ut
1091 4104 1131 4150 a
1190 4095 1424 4151 sancto
1491 4104 1651 4153 sene
1711 4081 1847 4173 legi
1913 4103 2047 4151 non
2112 4092 2357 4172 posset.
2428 4080 2607 4151 Illud
2675 4104 2839 4151 vero
2908 4079 3196 4175 perlegit

632 4174 710 4239 P.
769 4138 1063 4252 villani,
1127 4171 1249 4257 qui
1301 4171 1457 4240 licet
1514 4169 1785 4241 fraudis
1847 4193 1982 4240 non
2034 4182 2214 4270 esset
2264 4169 2284 4237 i
2339 4191 2591 4270 narus,
2646 4192 2733 4239 ne
2787 4183 3032 4242 tamen
3088 4168 3196 4240 Al-

634 4258 982 4348 phonsum
1016 4261 1472 4341 contristaret,
1512 4282 1654 4329 rem
1704 4259 1767 4329 ei
1800 4258 2185 4346 improvide
2221 4279 2299 4328 ce
2330 4273 2489 4338 avit,
2527 4271 2904 4332 contentus
2935 4261 3191 4339 dicere,

632 4347 868 4417 omnia
900 4361 1079 4418 recte
1116 4371 1191 4418 se
1225 4349 1498 4419 babere.
1545 4355 1785 4437 Itaque
1816 4348 2220 4421 adscribens
2249 4345 2640 4435 Alphonsus
2680 4347 2971 4421 diabolo
3004 4348 3195 4420 illam

633 4436 1028 4507 animorum
1094 4437 1650 4522 commotionem,
1730 4461 1864 4510 non
1936 4458 2147 4530 parvo
2210 4435 2440 4507 studio
2500 4436 2884 4522 contendit,
2950 4450 3035 4511 ut
3107 4435 3196 4508 ab
