3308 5004
706 337 836 403 ⁴56
1617 353 1700 400 nn
1748 353 1806 402 s.
1860 351 2164 403 nomme
2883 331 3071 400 Aue.
3113 331 3152 400 4

612 439 764 510 sine
795 438 1309 510 intermissione
1353 436 1641 508 Domino
1674 438 1967 520 offerret,
2021 437 2198 509 nibil
2245 458 2387 508 non
2433 435 2523 508 ab
2575 434 2697 507 illo
2739 434 3152 528 impar-avit.

613 528 807 600 Sicut
849 528 1039 599 enim
1080 529 1228 618 ipse
1256 525 1488 598 fassus
1529 539 1657 607 est,
1713 548 2074 615 nunquam
2120 525 2503 628 quicquam
2536 546 2577 595 a
2610 524 2901 598 Domino
2941 524 3154 616 petiit,

609 617 797 706 quod
846 639 983 688 non
1058 638 1184 707 pro
1230 628 1381 686 voto
1444 615 1534 686 sit
1593 614 1912 706 adeptus.
1964 615 2265 687 Credidit
2330 613 2599 685 veritati
2676 613 3104 706 promittenti
3134 670 3150 696 ‚

611 705 795 795 quod
827 705 1160 796 quicquid
1199 715 1472 794 peteret,
1502 704 1885 806 acciperet:
1922 705 2162 792 sicque
2200 703 2317 775 Dei
2344 703 2768 794 benignitate
2797 702 3154 795 largiente,

611 816 1091 885 quaecumque
1142 793 1357 884 petiit,
1412 792 1738 864 obtinuit.

699 886 739 972 §
790 888 948 957 θ’.
992 888 1134 953 Non
1166 895 1395 953 autem
1435 894 1541 952 sat
1572 881 1818 953 habuit
1853 880 1957 951 vir
2010 881 2150 962 Dei,
2191 881 2543 972 perpetuis
2576 881 2833 973 vigiliis
2880 902 3159 952 carnem

615 992 1001 1043 macerasse
1053 993 1280 1053 suam,
1318 970 1435 1042 sed
1485 970 1692 1040 etiam
1738 971 2059 1058 quamvis
2116 970 2552 1041 innocentem
2601 984 2669 1042 et
2728 971 3111 1061 virgineam
3140 1025 3158 1053 ,

615 1060 856 1132 multis
904 1061 1304 1132 verberibus
1361 1071 1429 1127 et
1476 1059 2051 1150 castigationibus
2096 1059 2374 1129 attrivit.
2430 1059 2739 1149 Singulis
2801 1060 2987 1130 enim
3042 1078 3163 1130 no-

612 1150 843 1222 ctibus
911 1163 1010 1220 ter
1056 1149 1297 1220 catena
1351 1146 1570 1218 ferrea
1615 1170 1692 1218 se
1738 1147 2150 1239 flagellavit:
2208 1147 2432 1239 primo
2496 1170 2620 1238 pro
2680 1148 2957 1238 seipso,
3014 1160 3159 1218 tum

614 1251 894 1330 propter
922 1253 1313 1330 peccatores
1362 1237 1429 1304 in
1464 1237 1728 1307 mundo
1766 1237 2127 1329 degentes:
2161 1237 2359 1308 tertio
2407 1259 2531 1326 pro
2568 1236 2965 1319 animabus,
3005 1256 3165 1327 poe-

613 1349 741 1398 nas
790 1326 859 1396 in
910 1326 1312 1418 Purgatorio
1342 1325 1720 1396 luentibus.
1763 1326 1961 1397 Oculi
1987 1327 2138 1417 ejus
2166 1326 2367 1414 quasi
2407 1325 2626 1397 fontes
2650 1325 2935 1414 quidam
2966 1337 3166 1397 erant

614 1415 1107 1504 lacrymarum,
1162 1415 1506 1503 fiebatque
1538 1415 1890 1485 uberrime
1936 1428 2005 1485 et
2049 1415 2500 1506 saepissime:
2556 1414 2648 1485 ita
2690 1429 2767 1485 ut
2815 1414 3164 1518 lacrymae

612 1506 769 1593 ejus
804 1517 1034 1574 essent
1091 1504 1154 1573 ei
1205 1524 1414 1593 panes
1463 1503 1577 1574 die
1622 1527 1704 1575 ac
1761 1517 1979 1574 nocte.
2041 1505 2157 1574 Die
2202 1503 2484 1591 quidem
2537 1516 2680 1574 tum
2740 1524 3160 1594 praecipue,

612 1613 773 1663 cum
834 1593 1077 1662 Missae
1128 1592 1613 1680 quotidianum
1669 1592 1940 1664 offerret
1986 1592 2454 1663 sacrificium:
2516 1604 2711 1663 nocte
2759 1614 2939 1673 vere,
2998 1611 3166 1663 cum

617 1703 780 1771 prae
825 1681 1153 1752 omnibus
1192 1680 1581 1753 indefessus
1622 1682 1957 1772 vigilaret.
2011 1686 2188 1773 Erga
2237 1681 2573 1752 Dominici
2620 1681 2929 1771 corporis
2966 1703 3169 1752 vene-

614 1769 832 1841 rabile
877 1782 1386 1840 sacramentum
1432 1770 1686 1841 eximia
1734 1770 2092 1841 devotione
2150 1769 2484 1851 fervebat,
2536 1780 2604 1839 et
2646 1769 2963 1841 crucifixi
3021 1768 3170 1842 Sal-

614 1860 869 1930 vatoris
904 1858 1547 1930 excellentissimam
1580 1860 1649 1928 in
1697 1881 1823 1930 nos
1863 1879 2419 1930 commemorans
2464 1857 2867 1929 charitatem
2917 1870 2985 1929 et
3032 1858 3169 1929 im·

614 1970 929 2020 mensam
1007 1947 1492 2028 dulcedinem,
1546 1949 1748 2035 quasi
1796 1961 1980 2019 totus
2027 1948 2099 2017 in
2159 1946 2314 2036 ejus
2363 1968 2667 2018 amorem
2718 1968 2883 2048 prae
2948 1946 3168 2018 nimia

615 2036 973 2108 devotione
1036 2037 1405 2127 absorptus
1461 2035 1842 2107 videbatur.
1889 2042 2021 2108 Nec
2067 2057 2245 2118 raro,
2300 2036 2467 2106 dum
2519 2037 2588 2105 in
2657 2040 2860 2107 Missa
2914 2035 3169 2108 Christi

615 2146 871 2217 corpus
900 2124 1317 2206 elevabatur,
1355 2126 1604 2196 mentis
1631 2140 1734 2196 est
1762 2147 2010 2216 passus
2055 2146 2437 2207 excessum,
2477 2125 2854 2215 majestatis
2884 2123 3166 2194 divinae

617 2213 1004 2305 praesentia
1036 2213 1435 2284 delectatus.

702 2305 740 2391 ὃ
789 2307 950 2377 18.
1005 2303 1202 2372 Dives
1249 2301 1407 2382 fide,
1463 2301 1705 2371 mundi
1757 2300 1971 2393 hujus
2016 2323 2180 2394 opes
2237 2300 2522 2392 respuit,
2593 2300 2813 2374 seculi
2868 2322 3029 2392 pom

611 2390 965 2472 fastidivit,
1029 2389 1489 2461 humilitatem
1552 2391 1802 2461 Christi
1850 2401 1916 2462 et
1963 2390 2442 2480 Evangelicam
2498 2402 2970 2480 paupertatem
3029 2391 3171 2462 ‘lis

614 2479 819 2572 longe
879 2495 1328 2572 anteponens.
1383 2479 1653 2551 Electus
1712 2480 1901 2551 enim
1952 2480 2024 2551 in
2096 2485 2656 2552 Cozeranensem.
2692 2479 3164 2572 Episcopum,

612 2592 901 2662 prorsus
951 2570 1315 2652 recusavit,
1367 2569 1606 2641 dicens
1635 2591 1709 2641 se
1757 2569 1964 2640 malle
2007 2593 2045 2641 e
2096 2582 2275 2640 terra
2305 2569 2514 2651 exire,
2541 2591 2755 2657 quarn
2807 2567 2935 2639 ulli
2974 2568 3172 2659 ejus-

612 2658 801 2731 modi
848 2658 1166 2729 electioni
1237 2658 1644 2729 consentire.
1699 2659 2001 2728 Mundus
2069 2658 2169 2728 illi
2240 2658 2618 2729 crucifixus
2685 2670 2882 2740 erat,
2935 2670 3004 2729 et
3050 2656 3171 2729 ille

612 2747 922 2819 mundo:
972 2747 1256 2836 quando
1313 2761 1378 2818 et
1426 2748 1575 2837 ipse
1621 2746 1870 2817 mundi
1946 2749 2428 2818 contemnebat
2490 2746 2827 2838 gloriam,
2876 2759 2946 2817 et
2992 2768 3167 2818 con·-

612 2835 1056 2907 temnendam
1105 2835 1417 2916 docebat,
1453 2848 1520 2904 et
1566 2834 1831 2905 mundo
1870 2835 2033 2906 huic
2079 2835 2317 2918 dediti,
2373 2835 2575 2906 illum
2626 2835 3067 2926 spernebant,
3104 2848 3173 2906 et

608 2921 1203 3025 contemptibilem
1267 2924 1777 2994 existimabant.
1857 2927 2327 3015 Interrogatus
2397 2946 2525 2995 cur
2597 2924 2670 2993 in
2747 2928 3173 2995 carcassona

612 3011 912 3082 dioecesi
971 3012 1301 3082 libentius
1359 3024 1786 3090 moraretur,
1830 3032 2039 3097 quam
2091 3013 2161 3080 in
2212 3012 2588 3094 Tolosana,
2641 3033 2752 3083 res
2801 3012 3032 3084 ondit:
3087 3018 3170 3085 In

614 3099 949 3169 Tolosana
993 3099 1289 3170 dioecesi
1340 3099 1595 3169 multos
1645 3100 1964 3181 invenio,
2034 3101 2154 3188 qui
2207 3122 2315 3170 me
2363 3100 2624 3171 honore
2672 3125 2707 3172 a
2788 3103 3039 3172 ciunt:
3094 3102 3168 3171 in

612 3192 1034 3258 carcassona
1075 3209 1320 3258 omnes
1349 3208 1461 3256 me
1503 3200 1937 3278 oppugnant.
1992 3193 2089 3258 En
2140 3209 2377 3258 verum
2433 3190 2673 3260 mundi
2730 3202 3170 3281 contempto-

613 3298 785 3356 rem,
837 3276 1224 3363 Christique
1269 3296 1683 3367 germanum
1717 3275 2171 3367 discipulum,
2220 3278 2343 3363 qui
2385 3281 2723 3370 proposito
2750 3280 2879 3349 sibi
2908 3280 3171 3370 qaudio

611 3366 934 3435 mtinuit
982 3370 1278 3437 Crucem.
1338 3366 1719 3454 confusione
1757 3376 2133 3457 contempta
2176 3365 2425 3456 (Hebr.
2487 3390 2579 3437 111
2599 3366 2650 3455 ).
2722 3372 3015 3457 Magnus
3063 3366 3175 3438 illi

611 3473 887 3610 guoque
934 3452 1358 3544 paupertatis
1391 3474 1588 3523 amor
1634 3455 1878 3537 inerat,
1930 3467 1996 3525 et
2046 3454 2341 3525 libenter
2387 3454 2643 3526 vilibus
2687 3456 3015 3526 utebatur
3062 3457 3175 3527 in·

663 3543 986 3614 umentis.
1025 3542 1204 3613 Adeo
1250 3563 1524 3613 omnem
1575 3566 1882 3614 amorem
1916 3566 2124 3615 suum
2166 3544 2236 3613 in
2292 3548 2506 3614 Deum
2560 3544 3032 3626 transtulerat,
3093 3558 3178 3615 ut

614 3652 752 3701 non
802 3630 1028 3702 solum
1077 3654 1117 3701 a
1150 3633 1444 3722 magniS,
1501 3632 1618 3702 sed
1650 3634 1855 3703 etiam
1910 3633 2224 3703 minimis
2274 3632 2484 3703 rebus
2530 3633 2816 3703 affectus
2862 3654 3029 3704 suos
3052 3654 3180 3703 co·-

611 3718 899 3790 hiberet.
940 3725 1180 3808 Itaque
1228 3734 1467 3802 vestes,
1522 3721 1814 3802 calceos,
1869 3721 2107 3804 libroS,
2178 3721 2520 3801 cultellos,
2574 3744 2819 3802 zonas,
2886 3721 3174 3810 aliaque

612 3830 739 3901 pro
783 3809 1094 3900 corporis
1141 3831 1272 3880 usu
1323 3810 1750 3890 necessaria,
1804 3810 2026 3881 noluit
2083 3811 2337 3882 habere
2405 3810 2700 3901 pretiosa
2748 3824 2815 3882 et
2860 3810 3174 3887 curiosa.

610 3897 727 3968 sed
765 3897 1085 3978 humilia,
1125 3898 1686 3985 monasticaeque
1715 3897 2125 4000 professioni
2149 3915 2217 3970 et
2255 3899 2641 3990 paupertati
2673 3913 3171 3973 consentanea.

611 3987 930 4057 Monebat
974 3988 1180 4057 etiam
1230 3986 1495 4069 fratres,
1552 4008 1635 4056 ne
1681 3986 2026 4077 ejusmodi
2077 4009 2184 4058 res
2236 4000 2660 4078 appeterent,
2714 3989 2814 4059 vel
2857 3988 3045 4079 apud
3099 4011 3180 4059 se

609 4075 962 4157 haberent,
1003 4098 1183 4163 quae
1213 4076 1528 4167 religioni
1575 4088 1643 4145 et
1693 4075 2066 4147 modestiae
2116 4098 2252 4145 non
2294 4077 2943 4168 congruerent....*'

700 4166 943 4252 524.
1020 4170 1189 4236 Cum
1244 4164 1316 4233 in
1365 4164 1554 4235 omni
1625 4165 1986 4235 sanctitate
2056 4163 2398 4255 perfectus
2465 4165 2911 4238 beatissimus
2974 4177 3182 4256 pater

615 4253 1043 4336 Dominicus,
1094 4254 1366 4347 cunetis
1412 4252 1706 4345 fulgeret
1750 4253 2150 4336 virtutibuS,
2182 4253 2387 4323 etiam
2426 4255 2827 4346 prophetiae
2867 4255 3177 4346 gratiam

667 4412 694 4439 *
724 4412 875 4472 capnt
905 4424 1109 4464 nequem
1141 4416 1385 4465 inscripsit
1406 4415 1592 4458 auctor:
1621 4415 1687 4454 De
1718 4415 1974 4466 quibudam
2002 4416 2051 4456 tn
2077 4413 2384 4465 “penora-«e
2407 4417 2773 4467 pmuemhm5
2799 4427 2981 4466 verum,
3008 4418 3186 4461 eadem

615 4467 829 4507 continet
845 4476 966 4516 quae
984 4478 1132 4518 supra
1157 4478 1252 4510 non
1269 4470 1419 4510 semel
1437 4471 1553 4510 sunt
1570 4472 1846 4509 memorato.
2955 4488 2972 4497 ε
