3308 5004
631 290 759 356 246
1372 307 1427 355 s.
1482 303 1842 356 cumanus
1890 307 2246 356 maurinus
2800 289 2987 356 AUG.
3041 290 3083 354 7

542 393 922 464 devotionis
961 391 1235 462 foenore
1285 394 1423 460 una
1471 414 1627 461 cum
1681 391 1979 480 eleganti
2025 391 2473 462 ecclesiarum
2526 391 2743 462 nitore
2778 393 3091 464 restitue-

541 495 739 562 rent;
807 504 888 551 ex
945 481 1389 574 processibus·
1433 480 1674 550 itidem
1737 481 1883 571 jam
1952 481 2289 552 absolutis
2347 479 2530 550 idem
2600 481 3090 552 Praedecessor

540 570 925 663 plenariam
976 569 1457 640 certitudinem
1499 583 1918 657 assequutus
1956 625 1971 653 ,
2038 570 2312 640 beatum
2381 570 2630 651 virum,
2683 570 2896 660 hujus
2949 572 3088 641 voti

541 683 703 731 cum
753 660 902 732 suis
948 659 1253 729 alumnis
1285 671 1672 748 compotem
1709 659 2053 739 effectum,
2099 658 2403 730 illibatae
2451 659 2627 729 vitae
2658 673 2957 730 tenorem
2994 660 3087 730 ad

538 761 918 819 extremum
972 769 1195 836 usque
1242 746 1561 838 spiritum
1614 748 2041 837 perduxisse,
2096 759 2300 835 atque
2346 769 2427 817 ex
2472 747 2769 819 heroicis
2818 749 3090 819 virtuti-

538 838 697 920 huS,
737 837 996 925 quibus
1032 836 1456 917 cumulatus,
1511 848 1575 906 et
1624 837 2020 928 insignibus
2070 835 2463 917 miraculis,
2519 837 2774 924 quibus
2821 838 2891 907 in
2950 838 3088 908 vita

540 939 606 997 et
654 939 806 1017 post
855 937 1140 996 mortem
1191 924 1612 995 clarificatus
1661 924 1906 1008 suerat,
1959 925 2256 1017 gloriose
2302 948 2462 995 cum
2496 947 2577 995 eo
2627 926 2692 995 in
2728 927 2937 997 coelis
2978 950 3087 998 re-

430 1065 431 1068 ,
542 1037 778 1118 gnare,
808 1015 1010 1105 cujus
1038 1015 1365 1084 honorem
1397 1014 1466 1084 in
1497 1014 1696 1084 terris
1719 1016 1978 1086 zelatus
2006 1014 2253 1085 fuerat:
2287 1014 2573 1084 solemni
2601 1016 2738 1085 ritu
2762 1015 3083 1086 eumdem

539 1117 719 1175 mter
766 1108 1050 1175 Sanctos
1081 1102 1512 1174 Confessores
1558 1102 1928 1195 adscripsit
1958 1104 2016 1184 *,
2057 1104 2382 1190 illiusque
2430 1104 2665 1187 vitam,
2710 1104 2991 1176 virtutes
3019 1118 3089 1176 et

545 1194 927 1273 miracula,
983 1214 1245 1262 necnon
1297 1203 1603 1262 actorum
1667 1194 1913 1264 seriem
1975 1192 2060 1262 ad
2123 1193 2450 1283 majorem
2520 1193 2633 1263 Dei
2696 1191 2971 1263 'loriam
3022 1207 3089 1264 et

541 1282 1098 1352 christifidelium
1168 1280 1714 1350 aedificationem
1788 1281 2188 1352 summatim
2262 1302 2610 1352 recensere
2714 1296 3079 1352 ecreverat.

542 1371 735 1455 Quod
755 1394 913 1441 cum
948 1392 1072 1440 nec
1095 1370 1263 1460 ipse,
1292 1392 1417 1440 nec
1444 1371 1891 1440 Innocentius
1917 1375 2100 1460 Papa
2129 1375 2214 1440 XI
2247 1384 2312 1440 et
2332 1371 2709 1440 Alexander
2733 1376 2915 1462 Papa
2937 1375 3087 1441 VIII

539 1461 689 1548 ejus
738 1481 1193 1539 successores,
1251 1472 1463 1528 morte
1500 1459 1869 1549 praeventi,
1908 1459 2240 1529 hactenus
2292 1461 2759 1550 peregissent,
2815 1482 2899 1530 ne
2947 1473 3087 1529 tam

542 1549 660 1640 pia
706 1561 772 1617 et
817 1547 1228 1639 exemplaris
1287 1549 1614 1618 memoria
1682 1570 1989 1636 unquam
2042 1548 2482 1630 obliteretur‚
2536 1548 2651 1617 sed
2713 1549 3089 1639 apostolico

541 1637 859 1707 roborata
907 1636 1298 1707 testimonio
1361 1637 1627 1720 sincere
1688 1652 1752 1707 et
1820 1637 2116 1707 veridice
2163 1649 2607 1707 conservetur
2657 1638 2722 1707 in
2793 1660 3032 1707 aevum
3066 1693 3083 1720 ,

539 1739 939 1885 seqhxentem
994 1725 1455 1796 narrationem
1522 1727 2001 1817 praesentibus
2072 1726 2316 1799 litteris
2381 1726 2711 1797 duximus
2770 1727 3092 1797 commit-

543 1826 653 1886 ten
711 1837 851 1884 am.

627 1907 662 1992 ξ
716 1910 805 1975 2.
860 1908 1071 1974 Natus
1118 1916 1218 1972 est
1266 1903 1506 1973 beatus
1555 1905 1918 1995 Cajetanus
1965 1904 2309 1974 Vicentiae
2341 1958 2357 1985 ,
2409 1903 2599 1973 clara
2647 1908 2936 1973 Venetae
2983 1903 3093 1973 di-

537 1993 750 2063 tionis
798 1992 1091 2073 civitate‚
1146 1993 1327 2062 circa
1375 2015 1637 2063 annum
1689 2005 2045 2084 reparatae
2105 1993 2349 2063 salutis
2395 2013 2777 2073 mcccclxxx,
2841 2015 3093 2083 paren-

542 2082 731 2154 tibus
777 2082 1029 2151 comite
1070 2085 1371 2172 Gaspare
1418 2081 1756 2152 Thienaeo
1803 2095 1869 2153 et
1917 2082 2128 2152 Maria
2188 2087 2385 2152 Porto
2447 2084 2788 2154 ambobus
2844 2103 3094 2173 genere

539 2170 962 2263 praeclaris;
1012 2192 1219 2258 quem
1273 2192 1428 2241 mox
1477 2184 1554 2242 ut
1600 2172 1803 2241 enixa
1850 2185 1953 2242 est
2001 2184 2240 2252 mater,
2294 2169 2621 2262 Deiparae
2659 2171 2923 2262 Virgini
2972 2171 3095 2242 ob-

547 2259 706 2330 tulit
752 2258 1418 2346 commendavitque.
1465 2261 1674 2351 Cujus
1709 2275 1859 2331 vota
1892 2261 2188 2351 benigne
2228 2260 2579 2350 suscipere
2611 2261 2762 2350 ipsa
2804 2261 3095 2350 Deipara

543 2349 690 2420 visa
718 2361 842 2431 est,
872 2370 1032 2418 eum
1068 2369 1340 2438 semper
1373 2349 1445 2418 in
1480 2361 1828 2438 posterum
1861 2348 2279 2439 specialibus
2301 2347 2653 2419 favoribus
2684 2371 3088 2431 muneranS,

542 2437 829 2529 ipseque
876 2437 1227 2520 vicissim,
1280 2449 1357 2509 ut
1404 2449 1739 2520 matrem,
1802 2437 1992 2509 illam
2057 2438 2427 2511 tenerrimo
2472 2437 2776 2528 quodam
2845 2439 3094 2510 affectu

546 2550 754 2629 saepe
803 2527 1251 2618 compellans,
1304 2526 1391 2597 ad
1438 2528 1589 2617 ejus
1639 2529 2098 2620 patrocinium
2151 2529 2219 2599 in
2271 2528 2512 2599 arduis
2558 2527 2886 2598 omnibus
2923 2549 3092 2598 con-

544 2616 871 2707 fugiebat.
926 2616 1163 2688 Pietati
1209 2639 1247 2684 a
1298 2617 1542 2706 primis
1589 2617 1794 2689 annis
1841 2616 2184 2697 addictus,
2238 2617 2554 2697 orationi,
2606 2614 3084 2706 eleemosynis,

540 2705 836 2793 aliisque
868 2706 1004 2796 piis
1050 2705 1377 2796 operibus
1424 2706 1738 2776 animum
1792 2706 2225 2785 instruebat,
2270 2720 2678 2777 cunctorum
2730 2705 2965 2776 oculos
3013 2704 3087 2774 in

545 2816 618 2865 se
648 2795 927 2885 rapiens
961 2794 1216 2864 mirum
1252 2793 1325 2863 in
1361 2795 1672 2878 modum,
1703 2794 1872 2864 adeo
1904 2806 1982 2866 ut
2009 2814 2090 2864 ex
2133 2807 2296 2865 tunc
2325 2808 2608 2866 sanctus
2639 2795 2728 2865 ab
2760 2794 3092 2864 omnibus

542 2896 1092 2972 nuncuparetur.

633 2973 671 3058 ἓ
716 2975 811 3043 8.
864 2970 1028 3042 Aliis
1076 2969 1326 3043 studiis
1371 2973 1696 3053 emensis,
1751 2971 2089 3063 pontificii
2135 2984 2201 3042 et
2246 2972 2536 3042 caesarii
2573 2970 2757 3073 juris
2788 2971 3094 3063 pruden-

543 3059 676 3128 tiae
723 3080 1002 3149 operam
1050 3059 1285 3139 dedit,
1357 3059 1623 3147 fuitque
1671 3062 2037 3149 utriusque
2090 3060 2326 3132 laurea
2373 3062 2627 3131 Patavii
2685 3061 3086 3152 insignitus.

547 3148 819 3235 Quique
856 3147 1086 3217 adbuc
1135 3170 1307 3238 puer
1348 3148 1422 3218 'tn
1473 3148 1871 3220 extruendis
1919 3151 2059 3222 aris
2107 3150 2458 3239 sacrisque
2506 3150 2933 3241 imaginibus
2977 3172 3094 3220 ex-

538 3236 874 3307 ornandis
924 3248 1104 3308 totus
1150 3235 1408 3314 suerat,
1463 3238 1911 3328 postmodum
1966 3239 2392 3319 adolescens,
2449 3253 2526 3310 ut
2581 3238 3090 3330 oppidanorum

541 3324 907 3395 commodo
968 3346 1047 3394 ac
1114 3325 1346 3415 pietati
1415 3325 1594 3396 serio
1658 3329 2121 3419 prospiceret,
2192 3328 2429 3398 beatae
2491 3328 2742 3399 Mariae
2813 3328 3093 3418 Magda-

544 3413 743 3485 lenae
796 3412 1033 3483 aedem
1083 3417 1225 3484 una
1268 3436 1433 3484 cum
1480 3436 1813 3504 germano
1878 3415 2084 3487 fratre
2133 3416 2202 3486 in
2264 3417 2544 3509 proprio
2592 3417 3089 3487 Thienaeorum

547 3522 748 3593 pago,
796 3524 1002 3589 quem
1035 3507 1460 3593 Rampazum
1495 3503 1762 3587 dicunt,
1799 3528 1840 3575 a
1867 3504 2342 3577 fundamentis
2388 3507 2705 3586 extruxit,
2740 3525 3093 3592 censuque

548 3589 635 3665 ad
686 3612 883 3661 sacra
929 3590 1243 3662 facienda
1288 3591 1566 3663 dotavit.
1628 3593 1808 3664 Adeo
1856 3595 2250 3665 animarum
2301 3595 2573 3681 sitiebat
2618 3594 2910 3664 salutem
2943 3648 2958 3675 ,
3012 3606 3091 3663 ut

541 3701 695 3753 eam
745 3680 832 3755 ob
880 3700 1022 3750 rem
1072 3681 1278 3751 etiam
1326 3703 1691 3773 corporum
1746 3682 1924 3754 male
1973 3684 2374 3754 habentium
2425 3683 2698 3754 servitio
2747 3706 2820 3753 se
2861 3684 2931 3753 in
2966 3703 3092 3752 no-

536 3769 866 3841 socomiis
920 3771 1392 3861 manciparet,
1447 3794 1528 3843 ac
1579 3794 1700 3863 pet·
1750 3772 2140 3845 istiusmodi
2186 3772 2543 3844 charitatis
2581 3771 2809 3843 officia
2847 3793 3091 3862 aegros

538 3858 624 3929 ad
682 3857 1107 3948 patientiam,
1164 3859 1277 3930 Dei
1317 3882 1646 3944 amorem,
1688 3876 2124 3953 peccatorum
2161 3882 2448 3932 suorum
2485 3861 2971 3952 expiationem,
3011 3881 3093 3930 ac

542 3968 889 4038 supernae
923 3948 1182 4033 patriae
1215 3947 1634 4020 desiderium
1669 3951 2027 4033 excitabat,
2073 3950 2247 4021 nihil
2279 3952 2612 4023 intactum
2665 3950 3089 4037 relinquenS,

536 4058 678 4137 quo
720 4041 851 4107 Deo
890 4037 1162 4138 animas
1194 4036 1650 4114 lucrifaceret.
1686 4039 1914 4110 dictus
1956 4054 2307 4132 propterea
2356 4045 2634 4111 Venator
2671 4042 3087 4111 animarum.

540 4129 720 4197 Hinc
769 4147 1022 4197 novum
1075 4127 1418 4198 vicentiae
1466 4131 1943 4214 nosocomlum
1998 4130 2252 4210 erexit;
2307 4129 2469 4200 hinc
2525 4128 2870 4208 venetias,
2925 4149 3094 4196 con—

544 4213 814 4284 fessarii
866 4214 1155 4295 monitu,
1207 4238 1245 4285 e
1282 4218 1486 4307 cujus
1531 4239 1647 4287 ore
1697 4230 2012 4305 nutuque
2063 4217 2425 4307 pendebat,
2467 4218 2566 4287 ire
2596 4215 2968 4297 contendit,
3005 4214 3094 4286 ad

548 4303 809 4393 magni,
829 4316 907 4373 ut
934 4316 1197 4386 vocant,
1230 4306 1724 4376 incurabilium
1761 4305 2246 4377 valetudinarii
2277 4328 2517 4377 curam
2548 4305 3090 4397 suscipiendam.

600 4428 625 4451 ¹*
652 4427 848 4468 Beatum
874 4429 1199 4471 declaraverat
1215 4430 1431 4472 Urbanus
1451 4431 1560 4471 vm
1579 4440 1703 4472 anno
1721 4441 1959 4477 uncum
1985 4435 2201 4473 sanctum
2219 4441 2334 4473 vero
2355 4432 2569 4474 Clemens
2588 4432 2627 4474 Χ
2661 4442 2783 4473 anno
2803 4440 3024 4474 noemi.
