3308 5004
678 316 807 382 438
1263 333 1343 381 m:
1388 334 1446 381 s.
1500 333 1831 383 summano
1878 333 2021 381 aas.
2073 331 2457 382 cunum..
2806 317 2994 383 AUG.
3048 318 3136 382 20

588 416 610 486 i
667 438 741 486 sa
812 416 1137 488 manibus
1185 417 1486 508 propriis
1552 416 1840 489 Domino
1908 418 2255 487 offerebat.
2336 422 2619 509 Propter
2663 418 2845 519 quod
2922 418 3140 489 etiam

587 527 626 575 a
660 505 834 576 ienis
866 506 1205 596 uberibus¹
1246 504 1652 577 nutriendos
1688 507 2115 578 committere
2152 505 2445 577 illustris
2491 506 2791 577 foemina
2837 506 2984 578 refu
3046 507 3145 576 'e-

587 595 728 676 bat,
780 595 977 682 quasi
1025 616 1185 665 cum
1235 594 1408 666 lacte
1456 607 1789 679 materne,
1825 596 2118 666 materni
2155 595 2669 684 quodammodo
2700 596 2865 667 boni
2902 596 2972 665 in
3009 618 3145 665 un-

588 682 763 753 dens
810 683 910 754 eis
957 697 1301 754 naturam.
1355 689 1522 756 Cum
1573 698 1804 756 autem
1871 684 2289 766 crevissent,
2340 685 2679 772 quamdiu
2726 683 2857 756 sub
2918 707 3146 756 manu

586 771 740 842 e'us
777 783 994 854 erant,
1045 774 1276 844 eremo
1309 774 1567 864 magis,
1629 796 1841 862 quam
1889 773 2169 856 curiae,
2230 772 2621 856 nutriebat,
2677 796 2809 844 non
2864 774 3144 865 patiens

637 860 1106 932 elicatioribus
1150 883 1547 933 assuescere
1590 862 1808 944 cibis,
1854 862 1970 932 sed
2024 861 2486 953 grossioribus
2531 875 2597 933 et
2642 864 3146 934 communibus

587 949 1093 1032 assuefaciens,
1147 963 1212 1020 et
1259 950 1358 1021 sic
1404 973 1520 1023 eos
1583 972 2006 1041 praeparans
2049 964 2115 1022 et
2160 951 2552 1034 instituens,
2586 952 2874 1022 Domino
2913 952 3145 1043 inspi-

588 1051 807 1121 rante,
860 1039 1061 1127 quasi
1098 1040 1429 1128 continuo
1475 1039 1563 1109 ad
1611 1061 1922 1110 eremum
1972 1039 2561 1110 transmittendos.

678 1129 715 1215 ξ
768 1133 856 1199 2.
910 1132 1090 1198 Haec
1121 1150 1281 1198 cum
1324 1129 1393 1197 in
1429 1128 1672 1199 ordine
1703 1128 2253 1219 generandorum
2302 1128 2634 1210 filiorum,
2667 1128 2941 1198 tertium
2975 1133 3146 1199 Ber-

588 1215 888 1285 nardum
939 1217 1218 1287 haberet
1266 1217 1333 1287 in
1384 1229 1600 1301 utero,
1638 1218 1987 1288 somnium
2033 1218 2202 1287 vidit
2239 1219 2673 1309 praesagium
2709 1216 3139 1298 futurorum,

588 1303 912 1375 catellum
948 1306 1210 1376 scilicet
1245 1307 1622 1377 candidum
1674 1319 1916 1388 totum,
1970 1307 2038 1376 in
2091 1307 2293 1377 dorso
2327 1305 2560 1377 rusum
2609 1319 2677 1377 et
2720 1306 3089 1376 latrantem
3119 1361 3137 1389 ,

588 1415 664 1463 se
702 1394 771 1462 in
822 1407 1017 1465 utero
1042 1393 1319 1465 habere.
1359 1400 1578 1487 Super
1623 1418 1763 1484 quo
1789 1396 2019 1466 territa
2041 1396 2496 1478 vehementer,
2532 1418 2693 1465 curn
2728 1394 3144 1486 religiosum

587 1482 962 1569 quemdam
997 1484 1219 1555 virum
1270 1485 1775 1567 consuluisset,
1827 1485 2156 1555 continuo
2201 1483 2319 1554 ille
2365 1485 2688 1574 spiritum
2736 1484 3147 1585 prophetiae

587 1571 1011 1662 concipienS,
1047 1595 1186 1662 quo
1235 1573 1442 1644 David
1492 1574 1579 1644 de
1624 1574 1885 1645 sanctis
1933 1573 2526 1664 praedicatoribus
2577 1578 2862 1642 Domlno
2913 1572 3139 1648 dixit.

586 1661 852 1750 Linqua
898 1685 1141 1733 canum
1199 1673 1467 1732 tuorum
1514 1686 1605 1733 em
1658 1664 1950 1733 inimicis
2011 1664 2094 1733 ab
2142 1665 2283 1754 ipso
2312 1663 2529 1754 (Psal.
2567 1661 2703 1751 67),
2760 1661 3147 1752 trepidanti

588 1760 657 1818 et
692 1750 936 1820 anxiae
984 1751 1378 1842 respondit:
1430 1756 1523 1822 Ne
1570 1751 1854 1822 timeas:
1914 1752 2090 1822 bene
2141 1772 2248 1821 res
2313 1751 2564 1841 agitur.
2619 1750 2873 1841 Optimi
2921 1750 3148 1821 catuli

588 1850 810 1907 mater
853 1840 1012 1921 eris,
1065 1854 1130 1911 et
1175 1841 1297 1929 qui
1344 1840 1595 1912 domus
1645 1840 1760 1911 Dei
1821 1851 2053 1910 custos
2126 1840 2405 1910 iuturus
2437 1895 2452 1921 ,
2534 1861 2822 1929 magnos
2869 1861 2994 1929 pro
3056 1862 3151 1910 ea

587 1938 827 1996 contra
877 1927 1196 2001 inimicos
1247 1929 1412 2000 fidei
1464 1929 1778 2000 editurus
1837 1940 1939 1998 est
1998 1928 2309 1999 latratuS.
2376 1928 2516 1998 Erit
2581 1928 2766 1998 enim
2815 1928 3149 2020 egregius

588 2014 1042 2116 praedicator,
1076 2031 1142 2088 et
1186 2033 1536 2106 tamquam
1568 2019 1797 2090 bonus
1827 2018 2045 2098 canis,
2100 2017 2322 2106 gratia
2352 2017 2632 2107 linguae
2667 2017 3139 2099 medicinaliS,

588 2125 660 2172 m
712 2103 952 2176 multis
1001 2106 1255 2178 multos
1288 2110 1565 2179 morbos
1602 2119 1974 2177 curaturus
2011 2121 2114 2177 est
2160 2107 2579 2178 animarum.
2616 2111 2763 2189 Quo
2803 2127 3142 2195 responso

588 2191 844 2263 mulier
891 2194 1004 2284 pia
1050 2208 1115 2266 et
1160 2195 1388 2267 fidelis
1418 2196 1620 2354 guasi
1649 2219 1691 2266 a
1720 2201 1853 2266 Deo
1900 2208 2242 2287 suscepto,
2298 2195 2473 2266 laeta
2519 2194 2838 2276 efficitur,
2890 2210 2957 2264 et
2981 2196 3139 2284 jam

587 2291 756 2350 tunc
805 2281 877 2352 in
925 2305 1228 2355 amorem
1282 2307 1417 2355 non
1472 2308 1590 2356 um
1641 2285 1784 2355 nati
1834 2297 1967 2355 tota
2016 2285 2546 2364 transfunditur,
2600 2284 2913 2375 cogitans
2969 2305 3140 2354 eum

586 2371 803 2440 sacris
849 2371 1065 2444 literis
1107 2373 1566 2446 erudiendum
1616 2373 1906 2454 tradere,
1960 2374 2342 2445 secundum
2395 2372 2679 2442 modum
2731 2373 3017 2443 visionis
3073 2387 3147 2443 et

589 2457 771 2561 inter
822 2463 1198 2547 retationis,
1299 2475 1405 2534 ua'
1436 2463 1500 2534 ei
1547 2463 1632 2533 de
1680 2462 1798 2533 illo
1845 2475 1983 2533 tam
2035 2463 2363 2535 sublimia
2411 2461 2683 2533 deitatis
2745 2462 2927 2532 dona
2973 2483 3147 2565 pro-

585 2561 778 2619 mitte
830 2564 1058 2622 antur.
1093 2559 1240 2637 Quo
1299 2552 1666 2623 etfaciam
1699 2565 1823 2622 est.
1864 2558 2011 2623 Mox
2057 2554 2270 2634 enim,
2304 2565 2381 2622 ut
2409 2550 2590 2621 felici
2641 2565 2841 2642 partu
2889 2550 3140 2634 edidit,

587 2658 724 2708 non
780 2640 984 2711 modo
1031 2642 1280 2712 obtulit
1310 2646 1467 2722 Deo,
1521 2642 1701 2712 sieut
1728 2640 1814 2711 de
1860 2641 2017 2711 aliis
2048 2663 2249 2732 agere
2277 2653 2747 2713 consueverat:
2800 2639 2918 2709 sed
2959 2641 3148 2711 sicut

584 2724 841 2817 legitur
884 2728 970 2799 de
1016 2744 1255 2801 sancta
1291 2734 1483 2800 Anna
1524 2742 1741 2814 matre
1790 2729 2154 2811 SamueliS,
2236 2752 2366 2800 uae
2414 2729 2703 2820 petitum
2753 2751 2793 2797 a
2841 2730 3140 2799 Domino

585 2828 653 2884 et
699 2831 1059 2908 acceptum
1101 2818 1350 2900 filium,
1390 2819 1461 2888 in
1508 2817 1956 2890 tabernaculo
2001 2816 2153 2907 ejus
2247 2818 2564 2889 estinavit
2611 2839 2732 2909 per
2782 2830 2942 2888 etuo
2995 2840 3144 2889 ser-

586 2903 922 2976 viturum:
976 2907 1075 2977 sic
1122 2921 1187 2979 et
1220 2908 1371 2999 ipsa
1404 2928 1564 2977 eum
1599 2908 1671 2977 in
1721 2905 2023 2977 Ecclesia
2071 2906 2185 2975 Dei
2219 2906 2639 2998 acceptabile
2689 2928 2730 2977 o
2784 2906 2936 2976 tulit
2986 2928 3149 2977 mu-

585 3013 746 3063 nus.
802 2994 994 3064 Unde
1038 3008 1104 3066 et
1149 3018 1289 3084 quo
1320 2997 1527 3068 citius
1575 2996 1645 3066 id
1700 2995 1920 3086 potuit
1967 2994 2140 3076 fieri,
2195 2995 2265 3064 in
2312 2995 2603 3067 ecclesia
2651 2994 3081 3065 Castellionis
3120 3050 3136 3077 ‚

587 3102 769 3168 quae
818 3084 1283 3184 postmodum,
1339 3085 1560 3177 ipsius
1608 3083 1940 3155 Bernardi
1987 3105 2139 3175 ope,
2192 3105 2234 3153 a
2280 3082 2576 3154 seculari
2623 3082 3147 3155 conversatione

587 3168 661 3237 in
694 3170 1006 3242 ordinem
1057 3174 1481 3265 regularium
1530 3173 2026 3244 canonicorum
2076 3171 2446 3243 sublimata
2480 3173 2944 3264 cognoscitur,
2989 3195 3144 3243 ma-

588 3257 825 3359 gistris
872 3260 1227 3332 literarum
1274 3262 1553 3334 tradens
1618 3258 2131 3333 erudiendum:
2182 3263 2323 3353 egit
2377 3261 2710 3350 quicquid
2764 3262 3012 3353 potuit,
3066 3274 3147 3332 ut

588 3369 663 3416 111
702 3347 803 3418 eis
900 3350 1230 3421 reficeret.
1283 3357 1461 3421 Puer
1505 3364 1736 3423 autem
1785 3363 1851 3420 et
1896 3349 2118 3441 gratia
2165 3351 2438 3441 plenus,
2489 3365 2556 3420 et
2600 3350 2881 3453 ingenio
2931 3362 3143 3422 natu-

587 3434 721 3506 rali
772 3459 858 3526 po
890 3438 1060 3521 lenS,
1112 3439 1248 3511 cito
1296 3440 1363 3509 in
1415 3439 1587 3521 hoo,
1643 3439 1884 3509 matris
1939 3438 2356 3509 desiderium
2416 3439 2747 3530 implevit.
2816 3444 2983 3509 Nam
3069 3440 3141 3508 in

588 3524 948 3596 literarum
994 3528 1276 3616 quidem
1338 3527 1566 3599 studio
1622 3549 1839 3618 supra
1892 3539 2181 3598 aetatem
2229 3540 2294 3598 et
2344 3549 2505 3619 prae
2557 3528 2944 3599 coaetaneis
2994 3528 3145 3598 suis

588 3613 1032 3706 proficiebat:
1068 3617 1187 3687 sed
1223 3618 1293 3686 in
1328 3617 1536 3687 rebus
1574 3616 2007 3687 secularibus
2059 3616 2192 3686 ‘am
2230 3617 2824 3687 mortificationem
2865 3616 3145 3687 futurae

587 3703 1029 3796 perfectionis
1082 3705 1267 3776 velut
1328 3704 1734 3776 naturaliter
1794 3705 2045 3776 inchoa
2096 3717 2187 3774 at.
2239 3710 2397 3776 Erat
2444 3705 2706 3796 quippe
2764 3704 3144 3797 simplicis-

587 3793 814 3864 simus
860 3793 929 3862 in
980 3794 1435 3877 secularibus,
1474 3816 1719 3866 amans
1767 3794 2079 3865 habitare
2125 3816 2387 3877 secum,
2439 3807 2505 3864 et
2545 3793 2904 3884 publicum
2956 3793 3143 3885 sugi-

589 3895 768 3965 tans,
798 3882 971 3953 mire
1001 3883 1474 3965 charitativus,
1512 3884 1914 3974 parentibus
1961 3882 2291 3954 obediens
2322 3895 2389 3954 et
2418 3882 2764 3964 subditus,
2807 3904 2917 3953 om
2930 3883 3141 3953 nibus

588 3971 937 4063 benignus
968 3986 1034 4044 et
1082 3986 1351 4065 gratus:
1403 3985 1469 4043 et
1516 3970 1710 4042 dorni
1747 3970 2041 4062 simplex
2086 3984 2155 4042 et
2199 3971 2517 4060 quietus,
2568 3970 2738 4042 foris
2796 3994 3024 4052 rarus,
3079 3984 3146 4042 et

588 4058 794 4141 ultra,
846 4084 1057 4150 quam
1106 4062 1294 4133 credi
1344 4061 1583 4152 possit,
1615 4060 2073 4143 verecunduS,
2107 4073 2173 4132 et
2220 4082 2566 4150 nusquam
2602 4060 2900 4131 multum
2952 4059 3145 4149 loqui

589 4170 857 4232 amanS,
911 4156 1043 4223 Deo
1088 4152 1399 4232 devotuS,
1440 4163 1521 4221 ut
1616 4173 1815 4221 uram
1852 4149 1988 4221 sibi
2014 4149 2379 4242 pueritiam
2419 4171 2617 4220 suam
2667 4163 3137 4220 conservaret:

590 4236 945 4309 literarum
1012 4241 1217 4311 etiam
1267 4238 1497 4311 studio
1593 4238 1866 4321 editus,
1923 4261 2046 4329 per
2090 4260 2263 4327 quas
2337 4238 2407 4307 in
2487 4238 2859 4329 Scripturis
2928 4243 3144 4309 Deum

589 4323 880 4398 disceret
924 4340 990 4399 et
1020 4342 1483 4421 cognosceret.
1537 4334 1615 4399 In
1674 4346 1812 4417 quo
1858 4340 2197 4417 quantum
2259 4326 2328 4396 in
2378 4327 2568 4398 brevi
2619 4326 3025 4419 profecerit,
3081 4341 3147 4397 et
