3308 5004
592 327 723 393 224
1170 345 1249 391 nit
1298 344 1389 391 55.
1444 344 1559 391 ιω.
1615 342 2011 392 5ΒῡυΝοῐΑΝο
2060 343 2137 391 nr
2185 341 2386 392 socns
2774 327 2959 393 AUG.
3015 329 3056 394 9

497 429 862 516 utriusque
910 429 1127 498 animi
1179 427 1338 497 volu
1397 441 1546 498 tate.
1587 433 1826 516 Itaque
1862 429 2043 498 inter
2077 437 2149 498 se
2184 428 2664 586 ghilosophice
2695 429 3059 500 conferen-

503 531 624 599 teS,
667 517 751 587 ad
795 517 997 587 illum
1034 517 1303 609 Virgilii
1368 539 1574 620 ocum
1609 516 2094 599 devolvuntur,
2133 541 2181 587 u
2235 518 2255 586 i
2288 516 2404 587 ille
2443 518 2573 587 ait:

975 643 1233 719 Magnus
1274 643 1348 705 ab
1395 645 1635 721 integro
1678 643 1983 705 seclorum
2033 645 2304 705 nascitur
2347 643 2532 705 ordo:

972 722 1103 785 Jam
1150 725 1308 786 redit
1350 731 1412 785 et
1457 727 1658 800 virgo,
1705 724 1970 784 redeunt
2011 723 2295 784 Saturnia
2343 738 2575 800 regna:

974 802 1105 864 Jnm
1156 820 1304 865 nova
1352 805 1679 882 progenies
1722 803 1890 864 coeio
1930 803 2283 865 demittitur
2323 803 2463 865 alto.

980 882 1070 944 Tu
1119 885 1298 945 modo
1346 884 1612 944 nascenti
1662 899 1876 961 puero,
1919 898 2040 958 quo
2086 884 2277 946 terrea
2323 884 2598 960 primum

971 961 1243 1034 Desinet,
1288 979 1358 1024 ac
1404 971 1530 1024 toto
1572 968 1786 1039 surget
1827 977 1978 1040 gens
2020 979 2202 1026 aurea
2250 961 2506 1035 mundo,

979 1039 1145 1105 Casta
1192 1044 1328 1104 fave
1372 1042 1600 1105 Lucina
1645 1052 1764 1104 etc.
2181 1042 2432 1122 (Eyloqa
2475 1045 2582 1119 iv).

591 1139 626 1225 ξ
659 1143 747 1208 2.
785 1142 948 1208 Cum
986 1160 1150 1240 ergo
1184 1139 1363 1208 inter
1392 1160 1465 1207 se
1496 1137 1986 1225 disquirerent,
2026 1138 2112 1208 de
2139 1160 2278 1225 quo
2309 1138 2480 1208 haec
2511 1137 2797 1208 dixisset
2826 1140 3050 1219 Poeta,

504 1226 986 1296 secundianus
1033 1241 1166 1297 ait:
1222 1251 1257 1294 «
1310 1227 1702 1298 Redeamus
1749 1227 1835 1297 ad
1888 1227 2230 1318 simplicis
2285 1226 2639 1298 doctrinae
2700 1225 3056 1297 consulta-

504 1316 784 1385 tionem.
826 1339 862 1383 »
915 1315 1316 1387 sciscitante
1364 1316 1829 1398 MarcellianO,
1872 1338 2083 1404 quam
2121 1315 2238 1386 ille
2270 1316 2529 1386 diceret
2567 1315 2909 1406 simplicis
2936 1314 3063 1385 do-

502 1405 766 1473 ctrinae
813 1403 1430 1487 consultationem,
1487 1406 1978 1476 secundianus
2024 1428 2132 1476 res
2183 1405 2413 1475 ondit:
2468 1428 2504 1472 «
2556 1406 2926 1476 Videamus
2972 1405 3061 1475 de

506 1493 958 1574 Christianis,
1013 1495 1138 1581 qui
1185 1507 1370 1564 tanto
1420 1495 2087 1565 ardore›Christiani
2186 1495 2377 1564 aberi
2425 1494 2711 1576 volunt,
2770 1506 2836 1564 et
2897 1514 3063 1585 prae

505 1581 755 1651 Christi
830 1604 1104 1665 amore,
1181 1585 1358 1655 vitae
1431 1598 1720 1654 mortem
1796 1596 2246 1676 anteponunt.
2287 1607 2323 1650 »
2372 1582 2856 1653 Marcellianus
2919 1582 3050 1652 ait:

504 1693 543 1736 «
594 1670 928 1758 Equidem
979 1694 1057 1742 ex
1103 1691 1342 1744 eorum
1392 1674 1746 1764 responsis
1798 1695 1930 1743 non
1982 1673 2192 1742 semel
2242 1685 2316 1743 tu
2362 1672 2690 1754 didicisti,
2743 1693 2882 1760 qua
2931 1693 3062 1763 spe

504 1770 569 1829 et
615 1760 950 1830 charitate
998 1761 1454 1843 inflammati,
1511 1776 1791 1853 propter
1837 1763 2181 1832 Christum
2233 1762 2409 1831 mori
2456 1761 2742 1852 cupiant
2800 1761 3056 1851 potius»,

506 1870 717 1935 quarn
771 1850 908 1918 vita
956 1849 1086 1920 hac
1133 1851 1296 1920 frui.
1343 1879 1369 1916 ι
1426 1851 1911 1922 Secundianus
1956 1850 2168 1920 dixit:
2223 1873 2260 1917 «
2312 1851 2563 1921 Dicunt
2610 1850 2713 1920 illi
2748 1871 3061 1920 resurre-

503 1937 800 2007 ctionem
853 1937 1185 2022 futuram,
1239 1951 1304 2010 et
1342 1941 1695 2030 judicium
1748 1953 1900 2031 post
1949 1952 2262 2020 mortem,
2318 1940 2664 2026 vitamque
2698 1940 3059 2014 immorta-

504 2025 665 2104 lem,
718 2028 948 2099 omnis
996 2028 1255 2100 doloris
1303 2051 1382 2099 ex
1435 2042 1646 2098 ertem
1682 2084 1697 2110 ,
1750 2027 2082 2099 omnibus
2101 2028 2338 2109 ,rebus
2386 2030 2587 2100 bonis
2633 2028 3053 2099 affluentem.

509 2115 823 2185 Christus
872 2137 1053 2200 vero,
1106 2139 1310 2205 quem
1363 2117 1461 2186 ili
1515 2117 1776 2198 colunt,
1831 2117 1978 2187 odit
2023 2130 2088 2187 et
2132 2129 2489 2187 execratur
2533 2117 2718 2188 idola
2747 2130 2810 2187 et
2845 2118 3065 2187 sim'u-

505 2203 692 2273 lacra
740 2226 917 2291 quae
966 2228 1089 2275 nos
1138 2206 1535 2276 adoramus,
1576 2230 1610 2272 »
1664 2206 2146 2277 Marce‘llianus
2194 2207 2329 2277 ait:
2385 2230 2422 2274 «
2466 2205 2726 2293 Ecquid
2763 2228 2920 2275 vero
2953 2218 3057 2276 est

507 2292 872 2363 Christus?
903 2317 939 2361 »
991 2295 1474 2366 Secundianus
1505 2295 1717 2364 dixit:
1765 2321 1789 2359 ι
1830 2301 2122 2365 Unctum
2157 2315 2315 2364 eum
2351 2316 2725 2385 possumus
2755 2294 3053 2364 dicere.»

506 2383 994 2453 Marcellianus
1042 2385 1174 2454 ait:
1230 2407 1267 2452 «
1318 2385 1450 2467 Qui
1516 2384 1794 2454 tandein
1859 2387 2158 2454 unctus?
2207 2407 2243 2449 »
2295 2383 2776 2455 secundianus
2837 2382 3053 2452 dixit:

511 2495 547 2538 «
599 2475 647 2541 Α
697 2475 828 2543 Deo
877 2487 1157 2546 unctus.
1216 2497 1251 2541 »
1304 2472 1784 2544 Marcellianus
1831 2473 1964 2543 ait:
2021 2495 2056 2539 «
2101 2473 2169 2542 Si
2201 2485 2303 2542 est
2339 2494 2502 2563 ergo
2534 2494 2573 2542 a
2610 2476 2741 2542 Deo
2773 2485 3052 2554 unctus,

505 2582 636 2630 cur
698 2562 902 2631 etiam
971 2567 1181 2632 Deum
1251 2585 1407 2633 eum
1475 2584 1625 2632 esse
1689 2561 1974 2632 volunt?
2024 2585 2060 2627 »
2112 2562 2592 2632 secundianus
2653 2560 3053 2651 respondit:

507 2672 544 2715 «
600 2651 806 2720 Miror
853 2651 1175 2739 equidem
1227 2650 1667 2742 prudentiam
1720 2664 1934 2721 tuam.
1981 2656 2122 2720 Non
2162 2664 2224 2720 te
2264 2650 2644 2721 meministi
2685 2649 2930 2740 legisse
2970 2648 3056 2718 li—

504 2740 668 2810 bros
716 2739 1312 2822 Christianorum,
1368 2762 1526 2814 cum
1578 2739 1785 2809 ambo
1844 2737 2171 2809 daremus
2232 2739 2448 2809 literis
2505 2742 2834 2829 operam?
2893 2738 3060 2828 Ejus

506 2827 1047 2919 historiographi
1097 2829 1478 2899 Matthaeus
1526 2842 1590 2899 et
1638 2834 1859 2898 Lucas
1909 2828 2225 2901 scribunt
2276 2850 2434 2898 eum
2488 2849 2728 2898 caecos
2793 2827 3061 2898 illumi-

508 2937 733 2996 nasse,
792 2917 1100 3007 leprosos
1151 2917 1549 3000 mundasse,
1605 2928 1914 2988 mortuos
1961 2917 2316 2997 excitasse,
2369 2916 2744 2987 daemones
2833 2938 3062 3004 uoque

507 3005 698 3094 ipsos
745 3005 1095 3076 confessos
1141 3028 1300 3076 eum
1353 3006 1577 3076 filium
1631 3006 1747 3075 Dei
1795 3026 1968 3075 esse.
2023 3009 2165 3074 Hoc
2213 3006 2234 3073 i
2287 3006 2425 3074 itur
2470 3018 2594 3087 est,
2637 3027 2775 3092 quo
2865 3005 3060 3075 Chri-

508 3093 770 3164 stianos
821 3108 1167 3185 perurget,
1223 3107 1300 3164 ut
1353 3107 1636 3164 mortem
1690 3095 1826 3164 vita
1869 3094 2166 3164 habeant
2197 3117 2233 3164 c
2288 3094 2580 3164 ariorem
2617 3107 2681 3164 et
2712 3094 3061 3182 antiquio-

506 3204 676 3251 rem.
734 3188 812 3252 Et
848 3204 973 3273 ego
1002 3206 1280 3270 quoque
1314 3184 1382 3251 in
1417 3183 1599 3253 hanc
1637 3183 1842 3274 plane
1877 3183 2288 3253 sententiam
2322 3183 2647 3266 conced0‚
2683 3197 2804 3253 aut
2845 3188 3058 3253 Deum

466 3292 654 3341 esse
703 3271 1077 3353 Christum,
1130 3284 1251 3342 aut
1299 3272 1523 3342 filium
1577 3272 1718 3354 Dei,
1772 3272 1886 3341 cui
1937 3277 2115 3341 Deus
2161 3294 2198 3341 e
2245 3272 2435 3342 coelo
2486 3272 2814 3358 loquitur,
2851 3293 3054 3360 quem

504 3360 838 3442 occisum,
891 3360 1111 3430 Pontii
1162 3360 1360 3431 Pilati
1399 3362 1607 3449 jussu
1656 3360 2093 3442 crucifixum,
2140 3361 2380 3431 lancea
2411 3360 2834 3440 confossum,
2877 3383 3060 3430 mor-

508 3463 731 3530 tuum,
787 3449 1163 3538 sepultum,
1218 3449 1380 3518 indc
1429 3450 1628 3519 tertia
1674 3450 1786 3519 die
1819 3449 2227 3531 redivivum,
2277 3450 2494 3520 immo
2531 3464 2597 3519 et
2631 3449 3063 3519 manducan-

508 3552 642 3606 tem
695 3537 925 3607 videre
974 3539 1199 3618 multi,
1247 3551 1454 3625 atque
1489 3551 1642 3627 post
1674 3538 1938 3626 aliquot
1974 3537 2123 3608 dies
2162 3539 2234 3607 in
2276 3538 2502 3610 coelos
2541 3537 3055 3608 ascendentem.

507 3625 797 3710 Quando
848 3647 1003 3696 vero
1050 3625 1136 3696 de
1190 3628 1445 3697 nostris
1492 3625 1629 3698 diis
1662 3627 1977 3697 auditum
2014 3640 2138 3709 est,
2175 3649 2290 3698 eos
2318 3628 2679 3718 quippiam
2714 3626 3063 3718 ejusmodi

505 3715 799 3786 fecisse?
845 3737 1020 3802 quos
1070 3737 1196 3786 nos
1243 3717 1539 3787 colimus
1585 3714 1894 3803 quidem,
1951 3737 2076 3785 nec
2109 3718 2514 3807 ignoramus
2546 3716 3064 3786 tamenvixisse

505 3806 800 3895 turpiter
842 3816 909 3874 et
955 3805 1045 3874 ssa
1099 3805 1317 3876 itiose.
1374 3830 1410 3872 »
1462 3804 1945 3875 Marcellianus
1990 3805 2198 3875 dixit:
2252 3829 2288 3872 «
2340 3806 2547 3875 Plane
2596 3806 2884 3875 memini
2953 3827 3063 3875 me

506 3894 769 3964 isthaec
798 3896 1037 3964 omnia
1093 3895 1339 3986 egisse.
1377 3918 1415 3961 >›
1457 3894 1940 3965 secundianus
1979 3894 2106 3964 ait:
2153 3918 2188 3989 ς(
2225 3895 2339 3964 Vel
2375 3915 2565 3964 nunc
2617 3916 2782 3996 ergo
2844 3916 3066 3987 agno-

506 4005 810 4085 scamuS,
847 3985 1118 4085 ,iustum
1162 4005 1312 4054 6556
1346 3984 1895 4054 Christianorum
1938 4005 2270 4066 amorem,
2318 4006 2440 4075 pro
2482 3983 2730 4054 Christi
2777 3984 3064 4054 nomine

510 4094 687 4142 mori
736 4074 1198 4163 cupientium.
1239 4096 1275 4141 »

595 4162 632 4248 ξ
678 4165 772 4233 8.
826 4167 994 4233 Cum
1045 4161 1214 4232 haec
1264 4175 1330 4232 et
1375 4163 1487 4233 his
1534 4160 1930 4233 consimilia
1975 4161 2155 4231 inter
2201 4185 2275 4233 se
2305 4163 2717 4244 conferrent,
2753 4162 2942 4231 venit
2974 4160 3063 4229 ad

506 4270 622 4318 eos
667 4251 1025 4335 verianus,
1062 4253 1333 4323 amicus
1380 4273 1647 4333 eorum,
1689 4252 1913 4339 iisque
1947 4250 2287 4332 salutatis,
2348 4273 2429 4321 ex
2483 4251 2698 4322 literis
2754 4249 3067 4342 profanis

506 4338 977 4425 quaestionem
1028 4340 1170 4412 illis
1220 4341 1452 4411 movit.
1507 4341 1609 4410 Ait
1659 4362 1815 4411 vero
1872 4339 1957 4409 ad
2023 4362 2179 4410 eum
2249 4341 2769 4411 secundianus:
2826 4363 2863 4407 «
2915 4344 3067 4409 Heu

508 4447 618 4497 me
667 4427 996 4499 miserum
1047 4442 1112 4499 et
1152 4429 1522 4512 infelicem,
1575 4429 1695 4518 qui
1749 4451 2024 4519 semper
2069 4429 2255 4501 colui
2302 4429 2488 4499 idola
2528 4428 2703 4500 salsa
2737 4442 2805 4501 et
2840 4440 3059 4500 muta:
