3308 5004
608 284 733 350 1184
1310 301 1391 347 nn
1437 296 1939 349 ramsrmmwr.
1992 298 2240 348 cnmsn
2773 279 2958 347 AUG.
3009 283 3057 346 6

512 386 747 457 Crucis
786 384 1113 457 societas:
1149 382 1265 454 sed
1305 385 1636 454 memoria
1681 384 2025 475 passionis
2074 383 2285 454 robur
2315 404 2591 470 quoque
2632 382 3048 454 solvebatur.

508 474 698 555 Dixi,
748 474 924 556 Quid
969 475 1145 544 enim
1182 474 1454 564 prodest
1501 474 1760 544 homini
1771 527 1791 554 ,
1845 474 1910 543 si
1952 483 2164 543 totum
2209 472 2535 542 mund-um
2583 473 2940 543 lucretur?
2987 486 3062 542 et

509 586 589 634 eo
623 584 938 635 sermone
994 574 1293 632 vestrum
1345 562 1660 632 timorem
1711 584 1848 632 non
1897 560 2146 642 amovi,
2210 560 2329 632 sed
2391 561 2486 631 ita
2543 563 2797 631 mansit
2836 561 3057 631 animi

512 651 954 745 perturbatio.
993 650 1193 739 quasi
1231 652 1532 721 amoveri
1582 673 1717 722 non
1759 651 1991 741 possit.
2026 655 2296 721 Rursus
2326 649 2672 720 introduxi
2702 650 3052 732 Judicem,

560 740 632 812 ui
681 763 814 811 non
850 739 1320 840 corrumpitur
1360 740 1792 820 muneribuS,
1818 740 1940 827 qui
1971 739 2173 810 donis
2212 761 2347 809 non
2399 738 2743 809 condonat
2774 738 3050 820 delicta,

509 764 788 902 dicens:
824 827 1014 913 Quod
1048 851 1231 897 onim
1285 829 1580 920 pretium
1615 828 1808 898 dabit
1857 828 2060 898 bomo
2105 850 2226 916 pro
2265 826 2500 897 anima
2547 831 2724 899 sua?
2766 841 2833 897 et
2864 828 3056 918 apud

512 942 631 990 vos
662 918 790 989 fuit
821 918 1035 989 dubia
1082 916 1321 989 oratio.
1360 917 1530 999 Dixi,
1568 917 1801 988 Veniet
1830 917 2044 987 Filius
2098 917 2415 989 Hominis
2449 917 2518 986 in
2569 916 2786 1008 gloria
2835 917 3058 987 Patris

515 1008 669 1079 sui:
705 1020 772 1078 et
814 1006 1257 1078 existimastis
1306 1028 1415 1075 me
1462 1028 1742 1077 narrare
1789 1005 2082 1076 fabulas.
2119 1006 2457 1089 Quoniam
2505 1028 2670 1096 ergo
2700 1005 2829 1075 fuit
2882 1005 3061 1075 inef-

514 1098 688 1170 ficax
720 1097 959 1176 oratio,
1013 1117 1121 1165 res
1150 1094 1518 1166 docebunt.
1574 1099 1746 1166 Sunt
1801 1094 2019 1183 aliqui
2064 1118 2145 1164 ex
2197 1096 2279 1165 iis
2337 1095 2458 1183 qui
2507 1095 2619 1164 hic
2672 1106 2876 1174 stant,
2930 1094 3056 1182 qui

516 1197 802 1257 mortem
838 1206 970 1255 non
1000 1183 1401 1274 gustabunt,
1454 1183 1673 1255 donec
1709 1182 2004 1254 viderint
2041 1183 2288 1254 Filium
2323 1184 2636 1254 Hominis
2668 1184 3054 1254 venientem

516 1276 589 1345 in
638 1274 856 1367 gloria
920 1272 1137 1341 Patris
1183 1272 1317 1341 sui.
1373 1272 1611 1343 Futuri
1661 1273 1795 1342 mei
1850 1273 2184 1343 adventus
2237 1272 2545 1344 nondum
2601 1284 2702 1342 est
2752 1285 3052 1361 tempus-

516 1368 792 1454 Oportet
834 1361 1018 1431 enim
1057 1360 1257 1430 fixam
1298 1382 1448 1431 esse
1487 1366 1795 1443 Crucem,
1860 1363 2039 1432 vinci
2088 1361 2367 1436 inferos,
2421 1361 2711 1431 mortuis
2762 1361 3055 1451 proponi

516 1452 785 1523 decreta
834 1449 1188 1524 libertatis.
1232 1470 1394 1519 cum
1443 1471 1523 1520 ex
1579 1451 1871 1522 mortuis
1912 1472 2377 1531 resurrexero,
2426 1449 2496 1519 in
2537 1449 2763 1521 coelos
2812 1471 3057 1519 ascen-

515 1540 700 1622 dere,
737 1537 1062 1609 omnibus
1112 1539 1400 1698 proponi
1447 1551 1790 1609 certamen
1830 1540 2381 1643 praedicationis,
2430 1560 2548 1630 per
2599 1537 3056 1630 praedicatio-

515 1651 673 1699 nem
723 1627 1153 1697 dominatum
1196 1649 1235 1697 o
1289 1628 1502 1698 tinere
1530 1628 2003 1719 Evangeltum,
2054 1641 2121 1699 et
2165 1641 2330 1698 tunc
2356 1650 2687 1719 apparere
2732 1649 2890 1696 eum
2931 1627 3055 1715 qui

514 1718 587 1788 in
622 1716 987 1805 Evangelio
1025 1716 1511 1787 annunciatur.
1549 1716 1678 1787 Sed
1729 1718 1918 1789 vobis
1949 1718 2119 1788 meis
2157 1716 2522 1807 discipulis
2573 1715 2813 1787 studeo
2855 1717 3057 1806 prius

515 1806 773 1878 donare
808 1803 1180 1894 imaginem
1218 1806 1350 1875 mei
1382 1805 1740 1886 adventus,
1776 1818 1855 1876 ut
1883 1828 2043 1876 cum
2078 1818 2236 1877 ante
2270 1817 2541 1895 tempus
2581 1804 3051 1896 spectaculum

515 1894 734 1966 oculis
783 1894 1175 1975 hauseritis,
1226 1915 1305 1963 ea
1348 1917 1524 1982 quae
1579 1895 2098 1985 praecesserint,
2136 1895 2327 1965 vobis
2376 1893 2582 1964 fidem
2637 1893 2893 1964 faciant
2942 1893 3056 1964 su-

518 1997 857 2055 turorum.

604 2074 642 2160 §
687 2077 772 2144 4.
847 2076 1018 2141 Sunt
1063 2070 1282 2158 aliqui
1328 2093 1409 2140 ex
1466 2070 1578 2142 his
1606 2126 1622 2153 ,
1675 2071 1795 2160 qui
1841 2071 1956 2142 hic
2016 2082 2221 2142 stant.
2276 2071 2626 2154 Quinam?
2671 2076 2811 2142 Non
2861 2070 3054 2141 enim

518 2181 785 2231 omnes.
849 2164 990 2230 Non
1039 2159 1223 2229 enim
1275 2181 1463 2230 nunc
1505 2160 1783 2250 publico
1843 2160 2368 2251 spectaculum:
2424 2172 2697 2229 maneat
2747 2159 3052 2246 idquod

464 2255 467 2258 ’
516 2248 742 2319 visum
781 2247 988 2318 fuerit
1035 2248 1466 2338 mysterium,
1503 2251 1704 2318 etiam
1789 2263 2103 2337 ostquam
2140 2249 2364 2319 visum
2406 2247 2633 2317 fuerit.
2686 2252 2866 2317 Haec
2889 2269 3052 2318 cum

516 2337 823 2418 dixisset,
879 2336 1143 2425 inquit,
1195 2337 1491 2408 assumit
1529 2350 1663 2408 tres
1762 2337 2092 2429 iscipulos
2136 2359 2336 2418 suoS,
2389 2341 2690 2417 Petrum,
2742 2348 2809 2405 et
2851 2341 3057 2405 Jaco-

516 2426 710 2509 bum,
761 2439 827 2496 et
860 2426 1220 2496 Joannem.
1275 2431 1413 2496 Hos
1459 2425 1799 2497 adhibens
1846 2439 2280 2517 spectatores,
2317 2425 2490 2497 alios
2526 2424 2803 2514 reliquit
2849 2424 3055 2494 audi-

519 2530 718 2587 tores.
778 2521 857 2586 Et
913 2538 1073 2586 cum
1136 2516 1446 2588 duxisset
1492 2516 1562 2585 in
1614 2528 1912 2587 montem
1962 2516 2349 2586 excelsum:
2406 2520 2608 2585 Recte
2652 2513 3049 2584 excelsum:

513 2618 594 2675 ut
637 2605 839 2675 etiam
884 2627 1083 2675 mons
1120 2604 1401 2675 haberet
1447 2605 1822 2676 descensus
1860 2626 1940 2673 ex
1970 2605 2157 2676 coelo
2208 2603 2687 2674 imitationem.
2739 2608 2818 2674 In
2853 2624 3057 2672 mon-

516 2694 700 2764 tibus
731 2692 917 2763 coelo
968 2694 1210 2763 vicinis
1255 2695 1363 2785 (ut
1411 2694 1667 2764 Paulus
1717 2693 2194 2784 praedicabat)
2233 2693 2586 2784 rapiemur
2623 2693 2694 2762 in
2743 2692 3057 2763 nubibus

513 2783 586 2851 in
632 2803 1002 2852 occursum
1052 2782 1321 2852 Domini
1356 2782 1425 2850 in
1476 2785 1730 2852 aerem.
1785 2787 1977 2852 Nunc
2006 2803 2279 2870 quoque
2324 2782 2594 2869 quaerit
2641 2782 2898 2862 locum,
2927 2783 3056 2869 qui

514 2892 659 2941 una
727 2892 888 2941 cum
963 2869 1270 2941 nubibus
1337 2870 1707 2942 extollitur.
1739 2876 1973 2958 Atque
2046 2882 2460 2960 spectatores
2519 2870 2800 2957 quidem
2859 2884 3063 2941 erant

488 2959 778 3049 ,paratiz
831 2959 1014 3028 oculi
1054 2970 1283 3028 autem
1331 2972 1528 3029 erant
1600 2972 1875 3060 propter
1944 2980 2134 3049 spem
2185 2959 2428 3049 aperti,
2488 2972 2556 3029 et
2600 2959 2834 3029 anima
2890 2981 3057 3029 cum

518 3047 762 3116 timore
789 3046 1214 3136 parturiebat
1250 3048 1623 3135 spectaculi
1656 3046 2103 3119 desiderium.
2143 3052 2308 3117 Cum
2346 3048 2447 3117 sic
2476 3060 2703 3118 autem
2738 3047 3058 3117 futurum

514 3147 970 3224 expectarent,
1025 3146 1299 3225 repente
1351 3136 1882 3227 transfiguratur
1928 3136 2237 3206 Christus
2269 3157 2502 3207 coram
2547 3135 2936 3226 discipuliS,
2988 3150 3064 3206 et

516 3236 824 3292 mutatur
867 3223 1014 3311 ejus
1069 3222 1330 3293 forma:
1382 3236 1448 3293 et
1506 3246 1668 3293 cum
1718 3224 1895 3294 lucis
1959 3224 2301 3295 induisset
2350 3225 2651 3296 tunicam
2683 3279 2699 3307 ‚
2752 3223 3064 3316 fulguris

519 3333 684 3402 prae
733 3334 805 3381 se
839 3310 1157 3382 ferentem
1195 3313 1493 3402 speciem
1543 3313 1841 3383 ostendit
1872 3312 2302 3403 adspectum.

605 3403 642 3488 ἓ
685 3404 774 3472 5.
842 3404 892 3470 Ο
943 3400 1384 3470 miraculum!
1436 3405 1529 3470 Ex
1589 3401 1900 3473 humana
1942 3402 2164 3472 forma
2220 3403 2617 3473 ferebantur
2678 3401 2877 3483 radii,
2929 3401 3059 3489 qui

517 3488 1006 3560 emittebantur
1043 3488 1298 3558 divinis
1343 3492 1885 3580 operationibus.
1928 3491 2109 3561 Vidit
2143 3490 2278 3572 Sol,
2317 3512 2496 3578 quae
2536 3513 2671 3561 non
2711 3491 2903 3582 prius
2945 3489 3060 3558 di-

516 3577 729 3655 dicit,
780 3588 873 3647 ·ut
918 3577 1040 3665 qui
1086 3576 1330 3649 doctus
1378 3579 1465 3650 sit
1512 3579 1845 3651 abscondi
1893 3579 2176 3651 alterius
2224 3579 2512 3650 luminis
2568 3579 3055 3652 illustratione.

516 3664 886 3737 Constitisti
936 3666 1045 3736 Sol
1094 3666 1495 3754 aliquando,
1547 3667 1903 3738 victoriam
1951 3682 2319 3759 expectans
2367 3668 2801 3739 Hebraicam.
2839 3673 3059 3738 Reve-

512 3755 690 3826 ritus
735 3776 809 3827 es
839 3760 1076 3825 Jesum
1127 3754 1413 3838 ducem,
1465 3756 1585 3843 qui
1633 3758 2127 3848 imperaverat,
2192 3758 2261 3828 in
2324 3778 2651 3828 conservo
2706 3757 3064 3827 honorans

512 3844 780 3915 Domini
817 3842 1374 3934 appellationem.
1427 3850 1621 3916 Nunc
1661 3846 1892 3917 vidisti
1941 3846 2211 3927 lucem,
2263 3867 2473 3934 quam
2526 3867 2662 3916 non
2716 3845 2910 3936 prius
2960 3844 3063 3913 vi-

513 3933 734 4004 deras,
788 3936 930 4003 Hoc
977 3932 1452 4021 spectaculum
1482 3948 1839 4005 narrantes
1871 3935 2241 4025 scriptores
2276 3934 2827 4026 Evangeliorum,
2870 3932 3062 4004 alius

514 4021 648 4092 alio
699 4022 906 4091 trahit
937 4021 1335 4103 dictionem,
1391 4035 1467 4092 ut
1510 4023 1631 4110 qui
1682 4023 1908 4094 verbis
1938 4046 2072 4093 non
2125 4024 2340 4113 possit
2370 4024 2751 4114 exprimere
2790 4036 3065 4113 specta-
3139 4060 3168 4083 ι

514 4110 776 4181 culum.
830 4111 1018 4181 Alius
1076 4111 1263 4181 enim
1313 4111 1480 4181 dicit
1526 4112 1802 4198 utique,
1862 4113 2298 4204 Resplenduit
2359 4114 2571 4201 facies
2628 4114 2809 4203 ejus,
2881 4112 3064 4181 sicut

512 4200 651 4297 Sol.
702 4199 892 4270 Alius
958 4222 1137 4282 vero,
1204 4200 1777 4291 Resplenduerunt
1822 4203 1970 4291 ejus
2029 4203 2466 4281 vestimenta,
2515 4203 2689 4271 sicut
2746 4203 2898 4271 lum.
2960 4200 3063 4271 Iis

515 4306 725 4366 enim,
769 4287 1017 4375 inquit,
1070 4310 1251 4377 quae
1298 4288 1636 4370 videmus,
1697 4289 2195 4360 assimilamus.
2266 4291 2409 4358 Una
2454 4301 2684 4360 autem
2742 4290 3064 4358 vincatur

514 4387 740 4445 creata
786 4397 1059 4464 quoque
1108 4389 1379 4460 natura,
1432 4399 1569 4448 non
1639 4378 1998 4449 inveniens
2060 4376 2589 4450 similitudinem
2653 4377 2808 4468 ejus
2864 4376 3058 4465 quod
