3308 5004
732 309 861 380 746
1443 329 1525 379 nn
1573 333 1627 380 s.
1684 328 1939 381 maenio
1988 327 2388 380 conressonx
2880 311 3083 378 AUG.
3128 312 3196 377 30
3248 350 3257 363 ·

641 415 968 488 baculum
1020 438 1224 503 quem
1278 438 1493 486 manu
1543 417 1836 499 tenebat,
1892 438 2013 507 per
2066 429 2317 486 terram
2368 412 2703 496 trahebat,
2755 424 2822 483 et
2873 411 3075 501 quod
3118 428 3200 485 est
3258 462 3265 471 -

641 506 835 576 dictu
883 505 1223 588 mirabile,
1276 505 1362 575 ad
1399 520 1646 575 nutum
1698 506 1828 575 viri
1866 505 2004 587 Dei,
2061 517 2279 574 tractu
2330 501 2587 584 baculi,
2630 515 2806 572 terra
2835 501 3197 573 dehiscens

644 594 955 687 patebat:
1008 608 1073 665 et
1123 615 1370 665 nemus
1418 594 1584 665 binc
1613 608 1679 665 et
1718 593 1881 665 inde
1915 593 2233 664 funditus
2268 592 2656 662 corruebat.
2706 590 2853 682 (ΓΡ)
3264 598 3267 609 ·

733 685 770 772 ξ
817 686 909 754 8.
964 687 1226 754 Interea
1268 682 1516 752 mulier
1559 683 1899 771 quaedam
1962 682 2262 762 advenit,
2315 703 2493 769 quae
2549 680 2693 751 viso
2744 694 2982 750 terrae
3030 681 3197 751 dehi-

643 772 896 842 scentis
945 771 1329 848 miraculo,
1386 772 1764 863 stupefacta
1813 770 1895 842 ad
1959 771 2375 863 Episcopum
2427 768 2740 839 celeriter
2801 769 3193 840 festinavit:

643 861 1012 931 Eremitam
1066 860 1546 951 magnificum,
1598 883 1748 931 esse
1798 857 2572 951 magum‚maleflcum‚
2608 871 2673 927 et
2697 859 3197 929 incantatorem

641 971 982 1032 asscrenS,
1021 962 1087 1019 et
1135 971 1271 1020 non
1317 951 1427 1020 Dei
1476 950 1839 1020 cultorem.
1875 948 2131 1018 Deinde
2162 970 2320 1018 cum
2357 946 2699 1019 celeritate
2747 947 2835 1018 ad
2898 949 3194 1018 eremum

645 1061 939 1120 reversa,
980 1052 1216 1108 sancto
1263 1039 1408 1108 viro
1455 1039 1792 1120 convicia,
1839 1036 2433 1125 contumeliasque
2476 1048 2545 1105 et
2593 1035 3087 1127 blasphemias
3126 1038 3197 1105 ir·

643 1128 929 1219 rogavit,
983 1141 1048 1198 et
1111 1149 1271 1197 eum
1330 1128 1734 1198 auctoritate
1797 1126 2115 1217 Episcopi
2187 1127 2274 1196 ab
2337 1126 2608 1216 incepto
2679 1146 2900 1215 opere
2953 1146 3193 1197 cessare

646 1215 1034 1308 praecepit:
1088 1216 1320 1307 ipsum
1372 1216 1576 1285 etiarn
1628 1216 2045 1307 Episcopum
2110 1214 2433 1284 advenire
2494 1215 2886 1285 nunciavit.
2951 1220 3088 1286 Hac
3121 1214 3187 1282 de

644 1329 856 1376 causa
889 1305 976 1375 ab
1020 1305 1288 1396 incepto
1327 1327 1533 1394 opere
1587 1326 1892 1385 cessanS,
1948 1317 2229 1376 sanctus
2284 1302 2751 1383 contristatus,
2825 1326 3057 1395 super
3098 1324 3193 1393 pe·

545 1474 548 1479 ,
651 1409 822 1465 tram
877 1393 1148 1464 resedit.
1205 1392 1636 1463 Mirabilibus
1687 1393 2110 1487 mirabilipra
2165 1391 2591 1463 succedunt:
2693 1405 2839 1461 etra
2916 1413 3188 1480 namque

648 1482 1052 1564 durissima,
1103 1497 1275 1553 nutu
1310 1483 1451 1564 Dei,
1502 1495 1580 1552 ut
1619 1482 1906 1551 sessioni
1966 1482 2182 1552 sancti
2231 1493 2430 1550 esset·
2477 1480 2638 1550 habi
2672 1481 2813 1562 ior,
2880 1484 3020 1553 sub
3067 1483 3185 1572 ipso

646 1594 1029 1643 concavum
1064 1571 1285 1641 eidem
1324 1571 1662 1662 praestitit
1692 1570 1946 1643 locum.
1978 1575 2164 1653 Quae
2211 1584 2399 1659 petra
2432 1569 2496 1638 in
2539 1570 2969 1639 hodiernum
3004 1570 3179 1647 diem,

642 1659 881 1731 eodem
935 1660 1006 1729 in
1059 1661 1474 1729 monasterio
1514 1673 1846 1741 servatur,
1884 1672 1949 1730 et
1992 1660 2183 1729 locus
2212 1658 2541 1729 sessionis
2580 1659 2732 1748 ejus
2764 1658 3176 1729 demonstra·

649 1764 785 1831 tur,
840 1748 1047 1837 cujus
1095 1762 1280 1820 tactu
1328 1748 1590 1819 debiles
1639 1748 1919 1837 saepius
1953 1747 2410 1818 restituuntur
2441 1747 2747 1818 sanitati.
2796 1752 3175 1818 Provocatus

649 1838 867 1928 igitur
917 1838 1219 1929 pontifex
1268 1838 1493 1908 verbis
1541 1837 1879 1921 mulieriS,
1947 1836 2266 1907 advenit:
2328 1849 2393 1906 et
2440 1835 2681 1905 videns
2728 1849 3034 1924 utraque
3077 1836 3170 1903 mi-

652 1926 934 2007 racula,
991 1926 1319 1995 intellexit
1366 1927 1732 1996 Eremitam
1808 1927 2042 2017 magni
2112 1947 2260 1995 esse
2328 1925 2552 1994 meriti
2600 1925 2792 2016 apud
2865 1932 3166 2003 Deum‚et

653 2015 985 2105 deinceps
1028 2037 1187 2083 eum
1240 2014 1612 2084 ferventius
1660 2013 1920 2091 dilexit,
1971 2027 2036 2084 et
2069 2013 2404 2102 quamdiu
2439 2013 2624 2095 vixit,
2679 2014 2741 2083 ei
2788 2013 3162 2084 familiarius

652 2104 990 2173 adhaesit.
1032 2109 1306 2174 Fossata
1341 2126 1494 2174 vero
1537 2116 1722 2172 tactu
1762 2103 1992 2173 baculi
2024 2103 2150 2172 viri
2182 2103 2293 2171 Dei
2342 2100 2518 2172 facta
2549 2123 2774 2190 usque
2826 2104 2897 2172 in
2933 2102 3162 2172 hodier-

653 2214 820 2262 num
873 2192 1052 2261 diem
1091 2193 1178 2262 ab
1227 2191 1471 2263 incolis
1518 2191 2103 2262 demonstrantur.
2137 2193 2234 2261 Ab
2267 2190 2386 2260 illo
2427 2203 2732 2280 tempore
2764 2213 2903 2279 quo
2947 2189 3161 2280 mulier

652 2295 968 2351 sanctum
997 2282 1221 2350 virum
1254 2283 1368 2352 Dei
1391 2281 1744 2351 accusavit
1790 2280 1972 2371 apud
2008 2280 2450 2370 Episcopum,
2489 2301 2713 2367 usque
2748 2281 2820 2349 in
2860 2299 3154 2371 praesens

655 2369 980 2439 mulieres
1032 2369 1098 2439 in
1131 2371 1282 2457 ejus
1333 2370 1825 2440 monasterium
1865 2392 1998 2439 non
2035 2370 2485 2438 intraverunt.
2516 2368 2609 2438 Ad
2648 2370 2825 2439 iram
2861 2367 3151 2456 siquidem

647 2471 1059 2550 provocatus
1106 2481 1146 2529 a
1197 2459 1504 2541 muliere,
1558 2460 1776 2530 oravit
1806 2458 1989 2547 quod
2038 2459 2265 2528 omnis
2316 2456 2566 2528 mulier
2611 2479 2795 2545 quae
2836 2459 2967 2544 ejus
3005 2460 3139 2522 'mo-

651 2549 1027 2618 nasterium
1080 2548 1579 2639 ingrederetur,
1628 2549 1737 2618 sui
1785 2548 2091 2640 corporis
2142 2548 2610 2618 infirmitatem
2663 2548 2999 2617 incurreret
3040 2543 3085 2606 ⁸.

738 2639 774 2724 ξ
821 2642 907 2709 4.
962 2636 1400 2706 Postmodum
1455 2638 1690 2737 igitur,
1743 2638 2080 2725 quaedam
2136 2636 2385 2708 mulier
2431 2635 2622 2705 dives
2671 2649 2737 2706 et
2777 2631 2984 2702 nobilis
3026 2649 3129 2729 vo-

648 2724 796 2795 lens
842 2727 1135 2816 experiri
1168 2727 1336 2812 quid
1370 2725 1710 2796 accideret
1749 2726 2024 2796 mulieri
2074 2725 2566 2796 monasterium
2625 2723 3009 2815 praedictum
3036 2738 3137 2786 tn·

649 2814 878 2897 tranti,
939 2814 1022 2884 ad
1076 2814 1248 2883 illud
1298 2814 1623 2885 ancillam
1677 2836 1872 2884 suam
1947 2814 2271 2884 manibus
2336 2813 2633 2905 propriis
2684 2811 2968 2903 impulit.
3014 2813 3143 2906 Quo

647 2901 845 2984 fact0,
886 2903 1278 2974 videntibus
1302 2904 1629 2975 omnibus
1654 2904 1774 2991 qui
1823 2902 2131 2984 aderant,
2171 2904 2323 2993 ipsa
2355 2924 2572 2972 unum
2610 2902 2891 2973 oculum
2922 2899 3140 2969 amisit:

644 2992 897 3062 ancilla
948 3015 1102 3063 vero
1152 2992 1388 3062 illaesa
1440 2993 1839 3082 permansit.
1895 2992 2021 3061 Sed
2071 3004 2136 3061 et
2185 2990 2514 3061 moderno
2570 3005 2878 3080 tempore
2938 2987 3147 3086 mulier

645 3079 730 3150 de
789 3082 1133 3152 Latiniaco
1181 3083 1249 3150 in
1307 3081 1718 3151 monasterio
1766 3103 1987 3151 unum
2042 3080 2281 3168 pedem
2337 3080 2586 3171 posuit,
2638 3080 2759 3166 qui
2814 3078 3028 3149 statim
3068 3094 3153 3143 in-

652 3170 929 3251 tumuit,
973 3183 1339 3258 tumorque
1385 3169 1847 3250 ascendendO,
1916 3169 2198 3250 tibiam,
2255 3190 2439 3260 genu
2484 3180 2549 3237 et
2595 3189 2759 3237 crus
2812 3162 3156 3257 occupavit.

648 3261 822 3327 Sunt
868 3274 932 3328 et
965 3258 1099 3328 alia
1149 3259 1389 3340 multa,
1446 3281 1623 3346 quae
1674 3258 2000 3329 mulieres
2047 3258 2135 3327 ab
2183 3258 2507 3358 ingressu
2553 3258 2965 3327 monasterii
3009 3273 3169 3347 prae-

646 3345 813 3415 dicti
847 3360 1316 3438 compescunt.
1357 3353 1602 3417 Beatus
1637 3348 1868 3434 itaque
1906 3346 2214 3416 Fiacrius
2265 3368 2330 3415 ιη
2368 3346 2605 3416 eodem
2642 3344 2822 3427 locO,
2884 3347 2939 3417 si
3037 3345 3086 3412 is
3116 3349 3171 3409 et

648 3432 1021 3506 virtutibus
1044 3439 1441 3518 coruscans,
1473 3458 1755 3506 cursum
1791 3436 1966 3505 vitae
2000 3434 2286 3504 feliciter
2309 3436 2850 3505 consummavit.
2880 3440 2930 3506 Α
3004 3431 3179 3523 cujus

648 3523 999 3594 tumulum
1049 3524 1246 3612 quasi
1297 3525 1622 3596 continue
1670 3523 1969 3615 gloriosa
2019 3524 2198 3594 fiunt
2245 3523 2611 3594 miracula.

737 3614 774 3699 ἓ
820 3618 908 3685 ὅ.
963 3618 1146 3683 Inter
1174 3636 1350 3702 quae
1396 3614 1845 3702 acciditquod
1899 3613 2182 3702 quidam
2226 3614 2328 3682 vir
2360 3612 2445 3683 de
2465 3612 2827 3694 MontiacO,
2879 3612 3004 3701 qui
3031 3609 3187 3679 duos

651 3700 947 3772 habebat
997 3704 1316 3793 parvulos
1363 3703 1755 3773 diutissime
1803 3702 2215 3782 infirmat03‚
2270 3712 2335 3771 et
2376 3701 2648 3772 tandem
2679 3714 2760 3770 ut
2798 3701 2886 3770 ad
2930 3704 3188 3772 beatum

648 3790 987 3862 Fiacrium
1041 3791 1343 3873 duceret,
1390 3793 1708 3883 jumento
1758 3792 2135 3881 imposuit,
2191 3812 2409 3860 unum
2453 3804 2630 3871 ante,
2684 3789 2904 3859 alium
2971 3800 3186 3864 retro.

647 3878 918 3950 medius
977 3902 1132 3952 vero
1194 3883 1340 3971 ipse
1388 3880 1660 3951 resedit.
1696 3885 1775 3949 Et
1820 3901 1979 3950 cum
2035 3881 2161 3948 iter
2207 3901 2578 3970 aggressus
2630 3879 3062 3968 pervenisset
3118 3874 3191 3947 ad

648 3981 947 4057 pontem,
982 3970 1103 4057 qui
1129 3969 1382 4040 dicitur
1408 3975 1584 4040 Pons
1622 3968 1932 4061 rapiduS,
1959 3969 2355 4056 jumentum
2396 3989 2599 4037 suum
2639 3967 2885 4058 pedem
2930 3965 3200 4038 offendit

645 4067 710 4125 et
758 4058 825 4124 in
864 4059 1152 4128 fluvium
1206 4060 1485 4138 corruit,
1538 4080 1696 4128 cum
1753 4071 1943 4148 patre
1976 4071 2041 4127 et
2089 4056 2253 4126 filiis
2296 4056 2922 4147 proclamantibu8‚
2972 4063 3200 4128 Sancte

646 4144 865 4215 Fiacri
914 4169 1241 4217 succurre
1294 4147 1515 4217 nobis.
1568 4152 1833 4216 Etcum
1887 4146 1983 4217 rei
2031 4146 2287 4215 exitum
2327 4145 2861 4218 circumstantes
2895 4159 3195 4237 praesto-

652 4231 996 4305 larentur:
1073 4236 1301 4307 subito
1365 4250 1557 4327 pater
1614 4236 1894 4305 emersit
1963 4248 2028 4305 et
2085 4234 2237 4304 filii.
2291 4239 2479 4321 Aqua
2544 4234 2840 4326 insuper
2905 4236 3196 4307 duorum

647 4394 832 4488 03:3³1?
863 4407 1000 4448 aegre
1029 4397 1144 4438 fides
1172 4398 1459 4448 praebenda
1487 4407 1576 4438 nec
1605 4396 1732 4438 laudi
1763 4398 1806 4439 S.
1828 4395 2063 4439 Eremitae
2082 4406 2187 4438 ene
2204 4396 2428 4447 putamus
2448 4395 2728 4446 hujusmodi
2750 4407 2809 4439 ex
2830 4396 2901 4439 in
2916 4400 2976 4440 in
2994 4399 3197 4441 muner!
