3308 5004
194 362 383 429 AUG.
436 362 522 428 20
874 383 952 428 οε
1000 382 1055 428 5.
1111 381 1441 430 nssaNAano
1488 382 1632 428 Anu.
1687 380 2068 430 emanue.
2533 363 2663 430 447

194 477 490 535 nostrae.
530 464 624 534 Ad
658 465 844 552 quod
879 488 1051 556 puer
1085 488 1216 535 non
1252 466 1608 555 pueriliter
1650 479 1915 536 motus:
1957 489 1993 533 «
2029 465 2234 535 Vobis
2272 487 2460 558 ergo,
2499 468 2746 556 inquit,

190 554 490 635 coelum,
543 565 608 624 et
656 554 830 624 mihi
879 558 1106 625 terra?
1152 559 1295 625 Non
1345 577 1425 624 ex
1472 577 1692 644 aequo
1741 555 1990 625 divisio
2040 555 2208 626 haec
2257 553 2437 626 facta
2477 571 2581 628 est
2611 557 2668 622 ¹⁴⁸.
2713 580 2749 624 ι.»

190 648 342 726 Quo
389 642 597 724 dieto,
651 641 1070 715 abeuntibus
1103 643 1267 725 illis,
1307 655 1469 715 tunc
1499 644 1782 732 quidem
1824 643 2207 715 domicum
2241 657 2433 734 patre
2477 668 2753 716 reman-

193 732 317 803 sit:
358 731 476 803 sed
516 732 785 802 modico
816 745 970 834 post
1007 732 1278 804 evoluto
1309 745 1637 824 tempore,
1676 732 1920 804 fratres
1954 745 2259 814 secutuS,
2301 754 2424 803 nec
2458 756 2497 805 a
2530 747 2744 825 patre,

192 843 321 893 nec
368 844 407 891 a
458 821 871 911 propinquis
917 843 1040 892 seu
1086 821 1332 891 amicis
1380 823 1601 913 potuit
1646 822 1964 892 detineri.
2019 825 2387 910 Supererat
2423 823 2509 894 de
2542 824 2750 896 domo

198 909 317 1068 (iilia
369 915 504 981 Deo
553 910 778 980 dicata
836 922 1029 1001 pater
1061 910 1313 994 senior,
1358 934 1520 982 cum
1562 911 1730 992 filia,
1775 911 1861 981 de
1892 911 2152 1000 quibus
2183 910 2389 981 etiam
2431 934 2557 984 suo
2597 913 2748 986 loco

246 1020 534 1069 icemus.

283 1091 519 1246 {1ss
574 1093 666 1158 Eo
714 1099 1020 1189 tempore
1069 1087 1381 1159 novellus
1426 1099 1492 1159 et
1539 1087 1842 1179 pusillus
1880 1110 2044 1179 grex
2077 1088 2571 1171 cisterciensis,
2613 1091 2745 1162 sub

193 1175 292 1246 Ab
344 1187 452 1246 ate
489 1175 757 1267 xdegens
807 1198 950 1246 viro
1000 1177 1374 1247 venerabili
1423 1177 1771 1268 Stephano
1816 1177 1911 1258 *ἶ
1966 1199 2124 1247 cum
2165 1178 2315 1268 jam
2353 1180 2652 1269 graviter
2681 1180 2747 1249 ei

192 1286 347 1335 esse
396 1266 619 1335 taedio
667 1265 1001 1356 inciperet
1050 1266 1364 1354 paucitas
1411 1288 1563 1347 sua,
1609 1278 1676 1336 et
1713 1267 1942 1336 omnis
1977 1287 2134 1357 spes
2224 1269 2594 1338 osteritatis
2624 1269 2748 1338 de-

190 1354 475 1435 cideret,
529 1355 601 1423 in
649 1376 861 1441 quam
913 1367 1189 1424 sanctae
1237 1353 1428 1426 illius
1477 1356 1902 1457 paupertatis
1952 1355 2155 1426 haere
2209 1356 2338 1426 itas
2393 1357 2746 1428 transfun-

190 1442 496 1524 deretur,
549 1443 1037 1513 venerantibus
1085 1444 1414 1514 omnibus
1462 1444 1530 1512 in
1582 1466 1682 1514 eis
1730 1444 1904 1514 vitae
1952 1445 2410 1526 sanctitatem,
2467 1445 2582 1516 sed
2641 1469 2745 1516 re-

189 1532 623 1622 fugientibus
655 1532 1160 1602 austeritatem:
1203 1545 1478 1623 repente
1517 1532 1754 1603 divina
1787 1533 1915 1602 hac
1945 1533 2331 1603 visitatione
2363 1546 2503 1604 tam
2542 1535 2739 1617 laeta,

190 1634 334 1691 tam
371 1621 741 1711 insperata,
782 1632 917 1690 tam
955 1621 1183 1691 subita
1215 1620 1626 1692 laetificatus
1658 1634 1782 1705 est,
1823 1634 1899 1692 ut
1932 1621 1999 1690 in
2035 1621 2146 1691 die
2179 1621 2300 1692 illa
2330 1645 2743 1714 responsum

190 1709 321 1780 hoc
370 1732 408 1779 a
459 1710 721 1800 Spiritu
770 1715 1016 1781 Sancto
1045 1711 1395 1801 accepisse
1435 1711 1567 1781 sibi
1601 1710 1852 1781 domus
1883 1710 2004 1781 illa
2037 1710 2419 1781 videretur:
2465 1717 2745 1784 Laetare

186 1800 465 1877 sterilis,
542 1822 672 1868 uae
700 1822 830 1869 non
864 1802 1099 1891 paris:
1139 1822 1414 1891 erumpe
1447 1811 1509 1869 et
1547 1803 1796 1880 clama,
1834 1823 2010 1891 quae
2034 1823 2164 1870 non
2193 1803 2538 1891 parturis:
2578 1804 2747 1894 quia

187 1889 401 1957 multi
431 1890 488 1989 fi
522 1890 579 1957 ii
623 1889 923 1958 desertae
979 1891 1219 1977 maqis,
1281 1912 1488 1980 quam
1525 1891 1674 1958 e'us
1711 1912 1886 1980 quae
1924 1890 2114 1958 habet
2144 1893 2367 1959 virum
2405 1891 2527 1980 (Is.
2571 1891 2740 1981 Liv):

194 1976 280 2046 de
327 1976 585 2063 quibus
636 1977 1074 2067 postmodum
1128 1978 1359 2048 visura
1407 1998 1481 2048 es
1552 1978 1710 2047 ilios
1757 1977 2062 2048 filiorum
2116 2000 2337 2065 usque
2378 1979 2444 2048 in
2491 1979 2747 2052 multas

192 2065 698 2156 generationes.
742 2070 907 2136 Nam
952 2087 1137 2136 anno
1173 2067 1398 2156 priore
1434 2068 1559 2136 uni
1592 2089 1672 2137 ex
1701 2066 1960 2136 eisdem
2000 2066 2567 2138 Cisterciensibus
2604 2070 2745 2159 pri-

190 2155 327 2226 mis
361 2153 691 2224 fratribus
726 2155 794 2223 in
827 2167 1127 2225 extremo
1150 2157 1298 2245 jam
1335 2156 1581 2245 positO,
1622 2155 1949 2247 apparuit
1983 2155 2349 2227 innumera
2383 2156 2743 2227 hominum

192 2242 570 2313 multitudo
619 2266 831 2344 prope
878 2242 1265 2327 basilicam,
1319 2244 1401 2312 ad
1453 2244 1710 2314 sontem
1748 2244 1987 2315 lavans
2025 2245 2429 2316 vestimenta
2469 2268 2638 2316 sua:
2682 2259 2748 2316 et

194 2331 268 2398 in
317 2332 469 2421 ipsa
518 2332 778 2402 vistone
825 2331 1085 2402 dictum
1137 2346 1241 2403 est
1284 2333 1371 2414 ei,
1423 2336 1587 2420 quia
1637 2333 1793 2402 sons
1838 2338 2079 2403 Ennon
2114 2347 2495 2404 vocaretur.
2552 2335 2745 2417 Quod

195 2441 353 2488 cum
407 2420 779 2490 indicasset
825 2421 1089 2502 Abbati,
1128 2421 1458 2491 intellexit
1494 2422 1811 2513 protinus
1845 2422 1947 2490 vir
1982 2423 2398 2513 magnificus
2437 2423 2746 2493 divinam

192 2510 777 2579 consolationem:
831 2523 898 2581 et
945 2510 1241 2581 multum
1294 2511 1573 2598 quidem
1599 2512 1748 2601 jam
1787 2524 1951 2581 tunc
1985 2510 2071 2580 de
2104 2512 2584 2601 promissione,
2623 2513 2743 2583 sed

192 2597 581 2689 plurimum
634 2610 867 2689 postea
912 2598 997 2668 de
1045 2600 1464 2670 exhibitione
1504 2601 1821 2683 laetatuS,
1859 2600 1999 2690 egit
2031 2601 2288 2691 gratias
2325 2607 2457 2671 Deo
2494 2625 2614 2692 per
2642 2603 2748 2672 Je—

194 2710 353 2757 sum
406 2686 780 2757 Christum.
1540 2756 1543 2760 ,

280 2778 317 2863 ξ
365 2780 498 2849 1⁸8.
553 2780 745 2846 Anno
791 2776 879 2845 ab
926 2776 1404 2847 incarnatione
1452 2778 1725 2847 Domini
1773 2777 2145 2847 millesimo
2192 2779 2569 2849 centesimo
2611 2791 2743 2848 ter-

190 2864 583 2944 tiodecimo,
636 2887 677 2934 a
714 2865 1204 2936 constitutione
1234 2866 1486 2936 domus
1515 2866 1987 2936 cisterciensis
2019 2865 2556 2953 quintodecimo,
2603 2891 2747 2938 ser-

186 2976 319 3023 vus
369 2953 484 3023 Dei
534 2953 925 3024 Bernardus
973 2976 1193 3025 annos
1254 2967 1459 3024 natus
1517 2956 1793 3026 circiter
1847 2955 2276 3046 vigintitreS,
2344 2956 2745 3026 Cistercium

186 3042 549 3133 ingressus
596 3064 757 3113 cum
808 3044 1016 3114 sociis
1063 3043 1274 3114 ferme
1316 3045 1618 3135 triginta,
1661 3044 1792 3114 sub
1854 3045 2108 3115 Abbate
2166 3050 2274 3114 Ste
2328 3045 2510 3115 hano
2552 3046 2746 3116 suavi

192 3131 355 3221 'ugo
403 3130 651 3201 Christi
699 3131 956 3202 collum
1006 3133 1357 3204 submisit.
1410 3135 1506 3203 Ab
1553 3133 1672 3203 illa
1723 3146 1951 3204 autem
2003 3133 2115 3202 die
2164 3133 2247 3203 de
2303 3135 2354 3205 it
2405 3136 2745 3204 Dominus

237 3218 767 3302 enedictionem,
804 3234 870 3289 et
904 3221 1101 3291 vinea
1136 3220 1254 3290 illa
1288 3223 1558 3291 Domini
1595 3223 1892 3293 Sabaoth
1927 3222 2116 3292 dedit
2158 3222 2461 3293 fructum
2504 3246 2739 3305 suum,

186 3309 567 3379 extendens
604 3308 921 3399 palmites
961 3331 1125 3380 suos
1158 3333 1380 3398 usque
1412 3311 1497 3380 ad
1538 3334 1748 3393 mare,
1786 3324 1853 3381 et
1884 3311 2066 3382 ultra
2101 3333 2288 3381 marc
2325 3335 2449 3403 pro
2503 3314 2745 3403 agines

186 3398 363 3489 ejus.
418 3398 592 3480 Quia
640 3420 797 3467 vero
843 3419 924 3467 ex
971 3399 1341 3489 praedictis
1389 3400 1594 3471 sociis
1640 3401 1815 3491 ejus,
1870 3402 2136 3471 uxorati
2186 3401 2406 3489 aliqui
2471 3414 2737 3483 nerant,

184 3499 253 3556 et
300 3508 549 3556 uxores
594 3508 869 3574 quoque
915 3509 1075 3558 cum
1136 3488 1302 3557 viris
1357 3488 1540 3558 idem
1608 3503 1839 3559 votum
1902 3512 2138 3559 sacrae
2194 3490 2741 3562 conversationis

186 3575 526 3645 inierant:
564 3598 685 3666 per
717 3576 941 3666 ipsius
974 3576 1484 3647 solicitudinem
1527 3578 1964 3648 aedificatum
2002 3579 2104 3647 eis
2135 3580 2549 3649 coenobium
2593 3602 2744 3649 san-

186 3664 693 3734 ctimonialium
744 3663 1231 3748 foeminarum,
1283 3667 1466 3754 quod
1520 3667 1840 3738 Villetum
1891 3666 2169 3748 dicitur,
2217 3668 2287 3737 in
2323 3667 2742 3758 Lingonensi

184 3754 538 3844 (Lanqres)
589 3752 909 3833 dioecesi,
966 3755 1253 3824 Domino
1299 3769 1732 3847 cooperante,
1788 3755 2159 3846 magnifice
2208 3758 2375 3826 satis
2416 3757 2736 3835 excrevit,

187 3863 412 3929 usque
442 3841 645 3912 hodie
675 3842 1033 3933 religionis
1064 3844 1389 3934 opinione
1419 3845 1975 3924 celeberrimum,
2016 3856 2082 3913 et
2115 3846 2433 3935 personis
2471 3867 2551 3914 ac
2587 3867 2742 3935 pos-

190 3931 620 4005 sessionibus
666 3931 1072 4001 dilatatum:
1127 3933 1242 4002 sed
1293 3947 1358 4002 et
1409 3945 1865 4025 propagatum
1907 3934 2054 4023 jam
2108 3955 2231 4023 per
2280 3934 2429 4004 loca
2476 3934 2637 4014 alia,
2677 3947 2745 4003 et

188 4042 330 4091 non
381 4042 658 4091 cessans
690 4020 921 4090 adhuc
955 4021 1360 4110 ampliorem
1393 4021 1617 4092 facere
1651 4023 1980 4093 fructum.
2021 4025 2200 4091 Haec
2236 4022 2517 4110 quidem
2556 4021 2744 4092 fuere

186 4109 323 4179 viri
360 4110 475 4181 Dei
504 4109 975 4180 conversionis
1010 4122 1247 4180 sancta
1283 4111 1650 4203 principia.

280 4200 502 4287 §la
574 4199 1117 4272 conversationis
1186 4212 1415 4270 autem
1488 4201 1638 4291 ejus
1704 4198 2058 4289 insignia,
2124 4197 2471 4286 quomodo
2534 4199 2742 4269 vitam

245 4343 274 4369 ¹·
303 4342 424 4382 Nota
451 4343 691 4393 egregium
718 4344 856 4393 pueri
881 4353 1177 4394 responsum,
1205 4354 1299 4394 quo
1328 4340 1505 4395 spretis
1534 4341 1712 4385 saeculi
1742 4339 1925 4385 divitiis
1951 4341 2212 4394 majoribus
2240 4345 2357 4384 natu
2376 4343 2604 4385 tratribus
2622 4340 2745 4384 Beli·

192 4395 383 4447 gionem
401 4396 774 4445 capessentibus,
791 4400 953 4438 sancte
974 4396 1166 4438 invidet.
1598 4426 1601 4429 2
2344 4447 2353 4457 ·
2403 4447 2411 4457 1

192 4448 512 4551 hggtffiuliaotf
525 4450 993 4555 gaggi-Stephano
1023 4449 1204 4502 egimus
1232 4451 1283 4492 in
1307 4451 1591 4492 marmot..
1618 4451 1838 4495 utinam.
1865 4459 1968 4493 xvxi
1996 4453 2118 4502 Apr„
2146 4461 2195 4501 p.
2221 4451 2321 4497 8803
2341 4450 2443 4493 illio
2464 4451 2605 4501 plur·
2623 4460 2744 4502 quae
