3308 5004
169 355 361 423 AUG.
413 356 499 422 27
874 372 954 422 nx
999 373 1059 421 s.
1109 369 1419 421 casamo
1466 370 1667 420 xrisc.
1719 368 1990 420 anxur.
2508 359 2637 426 665

171 459 628 550 captivorum,
661 457 779 529 cui
808 479 975 528 sane
1005 469 1147 529 tam
1178 454 1602 552 praeclaram
1637 467 1704 527 et
1732 455 2074 528 illustrem
2109 459 2382 530 navavit
2409 482 2716 552 operam,

169 561 250 620 ut
296 546 564 618 nullius
602 546 670 617 id
718 547 933 640 possit
977 546 1285 618 oratione
1330 544 1685 638 explicari.
1739 549 1908 616 Cum
1956 546 2146 618 enim
2197 548 2502 636 quodam
2554 562 2728 623 tem-

172 657 339 729 pore
384 636 650 706 deesset
687 637 946 707 sanctis
994 635 1322 707 manibus
1367 656 1618 706 aurum
1668 646 1734 704 et
1778 647 2170 726 argentum,
2225 659 2301 707 ro
2351 650 2726 729 areturque

172 726 421 817 stipem
456 747 496 795 a
531 743 857 817 paupere,
908 724 1087 809 Quid
1123 723 1244 795 tibi
1287 724 1411 807 vis,
1452 723 1701 812 inquit,
1740 724 1986 794 faciam
2031 659 2351 796 miselle&
2392 728 2722 816 Equidem

175 814 359 904 quod
408 814 651 896 habeo,
705 815 835 884 hoc
884 815 1010 885 tibi
1055 813 1170 899 do:
1213 814 1452 901 sicque
1490 813 1847 904 ingressus
1891 813 1962 883 in
1996 814 2404 886 cubiculum
2460 839 2670 888 suum
2704 871 2719 900 ,

173 903 481 976 casulam
516 958 531 986 ,
583 925 723 992 qua
778 904 846 972 in
904 902 1466 994 processionibus
1512 902 1882 983 utebatur,
1938 914 2003 972 et
2042 903 2273 974 albam
2324 906 2725 976 Paschalem

175 991 340 1063 inde
389 992 671 1083 profert,
712 992 967 1080 datque
1021 994 1260 1083 egeno,
1306 992 1642 1082 jubetque
1690 1003 1769 1061 ut
1814 991 2064 1061 vendat
2108 993 2234 1062 uni
2273 1014 2355 1063 ex
2403 993 2617 1076 Clero,
2660 1007 2727 1065 et

176 1103 415 1153 earum
458 1081 678 1170 pretio
712 1081 1003 1151 redimat
1032 1081 1397 1171 captivum·
1427 1101 1661 1152 suum.
1701 1085 1832 1150 Nec
1855 1079 1968 1149 -illi
2001 1080 2129 1150 soli
2161 1080 2390 1152 redem
2450 1084 2498 1152 ti
2531 1095 2720 1165 sunt,

173 1171 297 1259 qui
328 1169 567 1241 abillo
607 1169 674 1240 id
724 1171 1198 1260 expetierunt:
1237 1167 1354 1239 sed
1398 1169 1689 1260 ipsemet
1721 1171 2212 1240 carcassonam
2248 1192 2373 1261 pro
2426 1172 2720 1254 ciscens‚

171 1260 484 1350 captivos
533 1258 894 1329 liberavit:
948 1281 1073 1329 nec
1110 1279 1263 1328 raro
1311 1279 1452 1348 per.
1486 1257 1635 1327 loca
1682 1257 1954 1327 diversa
2002 1259 2340 1340 AbbateS,
2395 1259 2727 1331 diaconos

170 1360 240 1419 et
287 1347 582 1418 Clericos
618 1347 828 1429 misit,
864 1348 985 1435 qui
1018 1348 1305 1418 miseros
1336 1368 1375 1416 e
1405 1346 1797 1436 captivitate
1834 1347 2288 1418 extraherent.
2343 1355 2462 1419 Tot
2495 1362 2726 1420 autem

177 1439 250 1508 in
303 1435 421 1505 illo
470 1458 611 1506 uno
658 1435 934 1506 divinae
963 1437 1221 1527 gratiae
1256 1436 1538 1506 virtutes
1575 1435 1945 1519 emicuere,
1998 1449 2165 1524 quot
2213 1437 2323 1508 vix
2362 1438 2727 1528 permultis

173 1525 295 1595 Dei
337 1526 553 1596 servis
580 1526 1146 1616 conspiciantur:
1196 1536 1262 1595 et
1308 1536 1536 1594 tamen
1586 1524 1760 1594 adeo
1808 1523 1925 1595 ille
1967 1546 2178 1595 unam
2206 1526 2535 1614 ‚aliquam
2586 1528 2726 1597 vir·

175 1627 387 1686 tutem
437 1613 743 1684 excolere
782 1636 1055 1706 semper
1102 1613 1392 1694 studuit,
1447 1614 1587 1683 acsi
1632 1612 1750 1682 illa
1799 1613 1945 1684 sola
1994 1614 2349 1703 praeditus
2395 1629 2608 1686 esset:
2662 1627 2727 1686 et

171 1715 312 1775 tam
365 1702 490 1773 diu
541 1703 962 1793 praecedens
1010 1703 1227 1773 virtus
1277 1702 1345 1771 in
1395 1722 1474 1772 eo
1522 1702 2026 1773 formosissima
2071 1715 2137 1773 et
2183 1704 2580 1795 gratissima
2627 1704 2727 1773 vi-

173 1791 493 1874 debatur,
545 1791 764 1862 donec
818 1814 856 1861 a
906 1792 1355 1880 sequentibus
1406 1791 1812 1861 vinceretur.
1866 1792 2034 1874 Quis
2078 1792 2230 1882 eJus
2279 1793 2719 1882 patientiam,

173 1881 335 1969 quis
387 1879 779 1971 puritatem,
831 1882 988 1968 quis
1037 1880 1466 1960 charitatem,
1504 1879 1836 1950 fervorem
1873 1881 2184 1970 spiritus,
2238 1881 2726 1951 discretionem

176 1971 319 2039 sive
370 1968 932 2050 moderationem,
990 1970 1147 2041 beni
1205 1970 1508 2051 nitatem,
1564 1967 1788 2038 zelum
1840 1982 2183 2051 sanctum,
2226 1970 2466 2061 jugem
2502 1970 2615 2039 die
2645 1992 2727 2040 ac

175 2069 375 2127 nocte
406 2057 476 2126 in
520 2057 580 2126 le
716 2059 983 2130 Domini
1024 2080 1133 2128 me
1191 2058 1539 2128 itationem
1586 2057 1991 2127 enarrabit?
2037 2059 2189 2128 Fuit
2242 2058 2356 2128 ille
2405 2058 2727 2151 egregius

182 2158 485 2216 assertor
528 2147 574 2216 fi
628 2147 743 2228 ei,
815 2146 1036 2217 forma
1083 2147 1515 2217 sacerdotum
1547 2199 1569 2226 ,
1637 2145 2083 2218 ecclesiarum
2135 2145 2348 2219 decus
2385 2203 2400 2226 ,
2465 2149 2726 2239 gratiae

181 2234 635 2325 praedicator,
678 2235 1075 2326 jurgiorum
1127 2236 1549 2326 profligator,
1600 2235 1957 2306 charitatis
1988 2236 2467 2318 seminarium,
2519 2236 2726 2306 disci-

180 2323 414 2414 plinae
455 2345 721 2404 norma,
778 2346 1048 2393 morum
1098 2325 1469 2414 castigator
1497 2337 1562 2393 et
1585 2346 1852 2405 censor,
1891 2323 2160 2393 consilii
2201 2323 2718 2406 libramentum,

178 2411 498 2484 defensor
559 2411 987 2505 pupillorum
1022 2467 1037 2493 ,
1089 2413 1517 2505 captivorum
1587 2411 1990 2502 redemptio,
2059 2416 2423 2499 Nunquam
2476 2413 2564 2482 ab
2610 2434 2727 2483 ore

172 2500 369 2572 illius
406 2502 848 2584 obtrectati0‚
903 2523 1259 2590 nunquam
1312 2500 1753 2571 mendacium
1785 2557 1800 2582 ‚
1855 2523 2213 2589 nunquam
2277 2500 2726 2573 maledictum

170 2590 245 2660 in
282 2612 796 2679 quemcumque
844 2590 1193 2661 hominem
1247 2592 1623 2681 processit:
1681 2612 1804 2658 nec
1856 2590 2060 2660 modo
2109 2591 2369 2660 nemini
2410 2593 2558 2681 ipse
2605 2591 2726 2660 de·

174 2679 402 2761 traxit,
441 2679 557 2751 sed
600 2700 726 2750 nec
765 2679 1254 2749 detractionem
1295 2679 1629 2781 patienter
1663 2677 1841 2748 tulit.
1877 2678 1943 2748 si
1977 2679 2134 2766 quis
2161 2701 2239 2749 ex
2277 2679 2431 2768 ejus
2462 2679 2727 2749 familia

173 2769 409 2839 subito
430 2767 759 2856 jurasset,
792 2781 911 2837 aut
936 2768 1163 2839 forsan
1196 2789 1522 2856 cuiquam
1562 2766 2074 2838 maledixisset:
2113 2789 2235 2857 pro
2275 2767 2536 2838 ratione
2575 2791 2728 2855 per-

168 2877 408 2937 sonae,
455 2877 589 2925 non
645 2856 955 2947 permisit
1004 2857 1304 2927 inultum
1362 2856 1574 2925 abire.
1642 2857 1712 2926 Si
1760 2856 1907 2945 ipse
1956 2856 2264 2927 fortassis
2297 2857 2367 2926 in
2417 2857 2719 2944 aliquem

169 2956 567 3015 commotus
605 2955 805 3025 esset,
860 2944 1028 3015 haec
1073 2945 1229 3033 ejus
1265 2966 1388 3034 pro
1427 2943 1790 3014 maledicto
1821 2957 1965 3015 erat
1998 2945 2426 3016 benedictio:
2473 2969 2508 3012 «
2537 2945 2728 3016 Obli-

172 3045 343 3104 teret
393 3037 569 3102 Deus
617 3047 974 3124 peccatum
1037 3047 1279 3104 tuum:
1332 3032 1600 3103 aboleat
1650 3034 1851 3104 Deus'
1896 3046 2186 3123 peccata·
2223 3046 2388 3104 tua:
2438 3035 2727 3126 castiget

168 3121 511 3222 Dominus
544 3122 839 3223 ,culpam
885 3136 1069 3192 tuam
1105 3146 1119 3190 :
1176 3143 1260 3191 ne
1309 3122 1378 3190 in
1424 3135 1774 3212 posterum
1817 3121 1989 3193 ultio
2024 3135 2085 3192 te
2119 3135 2413 3205 maneat,
2456 3124 2567 3195 hic
2603 3130 2723 3194 Do·

171 3231 415 3279 minus
453 3224 753 3301 corrigat
798 3233 1099 3280 errorem
1138 3223 1363 3280 tuum.
1401 3232 1437 3276 ι»

262 3301 299 3387 ἓ
352 3304 508 3371 24.
561 3300 725 3389 Ejus
776 3299 1123 3370 bominem
1163 3299 1554 3370 interiorem
1590 3298 1919 3388 prodebat
1967 3300 2280 3370 exterior.
2323 3306 2490 3371 Nam
2532 3301 2727 3372 vultu

169 3409 454 3477 semper
487 3401 633 3458 erat
685 3387 957 3476 placido
1002 3400 1068 3457 et
1108 3388 1453 3479 AngelicO,
1493 3388 1584 3456 ita
1616 3399 1695 3458 ut
1726 3389 2208 3459 convenienter
2246 3389 2520 3459 divinae
2554 3390 2726 3461 scri-

176 3489 425 3567 pturae
459 3531 474 3557 ,
526 3476 733 3546 corde
780 3476 1074 3546 laetante
1106 3531 1122 3558 ,
1177 3477 1409 3549 vultus
1467 3476 1760 3546 floreret.
1817 3482 1899 3548 Ut
1944 3489 2171 3548 autem
2246 3500 2598 3566 nunquam
2652 3480 2724 3548 in

170 3567 323 3636 risu
362 3565 519 3667 plus
566 3586 786 3652 aequo
824 3564 1201 3648 remissior,
1243 3567 1331 3635 ita
1365 3587 1724 3652 nunquam
1764 3589 2069 3637 moerore
2105 3567 2320 3637 nimio
2351 3589 2726 3659 oppressus

171 3653 324 3733 fuit,
370 3655 506 3724 nisi
541 3654 711 3725 sorte
749 3652 973 3723 aliena
1012 3668 1283 3744 peccata
1326 3654 1608 3745 lugeret.
1667 3660 2028 3744 Nunquam
2073 3655 2376 3743 aliquem
2413 3657 2570 3727 odio
2599 3657 2724 3726 ha·
2839 3714 2844 3717 .

167 3741 345 3823 buit,
402 3765 528 3813 nec
580 3765 701 3844 pro
738 3744 983 3813 amicis
1030 3743 1408 3824 dumtaxat,
1466 3743 1584 3813 sed
1636 3744 1841 3813 etiam
1898 3767 2020 3835 pro
2062 3744 2367 3815 inimicis
2423 3757 2556 3814 toto
2608 3767 2724 3833 pe·

176 3832 383 3901 ctoris
417 3830 646 3902 studio
681 3833 1109 3922 precabatur.
1144 3838 1277 3903 Nec
1308 3831 1542 3903 docuit
1569 3832 1818 3914 verbis,
1897 3833 2030 3902 uod
2074 3832 2271 3904 sactis
2299 3845 2365 3903 et
2392 3833 2724 3923 exemplis

176 3940 307 3989 non
345 3932 745 4021 praestaret.
798 3920 1068 3990 Nullam
1104 3921 1238 3990 diei
1275 3921 1514 3991 horam
1551 3922 1814 4009 absque
1901 3923 2243 3992 ivinorum
2287 3921 2723 4009 eloquiorum

181 4009 621 4080 meditatione
654 4010 845 4079 abire
882 4030 1130 4100 passus
1176 4021 1300 4090 est,
1359 4010 1569 4078 immo
1619 4031 1705 4079 ne
1751 4009 2103 4083 dormiens
2150 4010 2482 4099 quidem·
2511 4015 2725 4101 Saepe

178 4098 361 4166 enim
412 4110 477 4168 et
524 4098 876 4168 dormiens
928 4098 1244 4168 meditari
1295 4098 1484 4168 visus
1523 4110 1648 4168 est.
1689 4104 1995 4188 Cumque
2041 4122 2081 4168 a
2116 4099 2541 4190 psalmorum
2581 4122 2723 4168 me-

177 4184 503 4256 ditatione
550 4200 670 4258 aut
717 4185 1227 4277 praedicatione
1272 4198 1542 4257 cessare
1594 4200 1974 4278 putaretur,
2020 4187 2231 4258 lector
2260 4201 2378 4259 aut
2413 4189 2721 4258 notarius

181 4293 407 4344 coram
459 4276 579 4346 illo
609 4277 852 4368 legere
917 4297 1054 4347 non
1114 4275 1471 4357 cessabat,
1525 4276 1619 4345 ita
1670 4289 1748 4346 ut
1789 4288 2023 4367 ‘posset
2082 4276 2257 4346 illud
2305 4300 2384 4346 ex
2449 4278 2722 4348 Psalmo

180 4361 531 4435 verissime
585 4365 859 4435 dicere:
912 4366 1257 4439 Meditatio
1306 4366 1522 4433 cordis
1570 4368 1705 4434 mei
1756 4368 1826 4434 in
1892 4378 2241 4457 conspectu
2306 4378 2418 4437 tuo
2464 4390 2724 4458 semper

177 4449 315 4537 (Ps.
371 4452 505 4542 ⁴8).
559 4458 722 4523 Cum
775 4454 1153 4543 aliquando
1201 4454 1385 4524 circa
1432 4452 1630 4544 Alpes
1679 4455 1807 4524 iter
1852 4467 2104 4546 ageret,
2160 4456 2263 4526 vir
2309 4456 2723 4527 venerabilis
