3308 5004
718 352 849 416 322
1484 365 1564 413 m:
1611 364 1666 412 s,
1720 364 2140 412 wennmvmno
2187 366 2402 414 rausa.
2851 345 3036 412 AUG.
3088 346 3171 412 Η.

626 452 1058 524 veneratione
1083 463 1308 521 tantae
1334 449 1775 551 pretiositatis
1804 449 2169 519 thesaurus
2194 450 2721 520 commendatur
2747 448 3169 538 sepulturae.

627 544 731 613 Ibi
779 542 964 613 enim
1014 562 1137 631 per
1185 550 1350 610 tanti
1401 538 1615 628 patris
1649 538 2176 608 intercessiones
2209 539 2466 610 multae
2519 538 3017 607 miraculorum
3055 536 3179 606 de-

625 632 979 702 clarantur
1023 650 1064 698 a
1112 628 1398 699 Domino
1436 627 1747 709 virtutes,
1800 648 1974 714 quas
2015 627 2202 717 prior
2242 641 2428 697 aetas
2469 627 2701 697 adhuc
2749 626 2887 696 fide
2936 646 3175 695 recens

626 718 956 793 oblivioni
992 716 1294 797 tradidit,
1347 715 1465 785 sed
1518 736 1676 785 mox
1733 715 1872 785 fide
1933 717 2289 798 maturior,
2350 716 2459 785 vix
2509 737 2732 806 pauca
2799 715 2885 784 de
2935 714 3179 784 multis

630 806 999 967 menssoriae
1044 804 1529 876 commendare
1588 805 1895 886 curavit,
1947 826 2127 892 quae
2175 806 2243 874 in
2294 804 2744 893 sequentibus
2812 803 3012 874 lectio
3071 825 3181 872 re-

630 899 764 969 cita
816 898 889 967 it.

719 989 755 1074 ξ
792 989 875 1058 8.
928 983 1081 1053 Fuit
1107 981 1394 1069 quidam
1436 981 1541 1050 vir
1567 982 1639 1051 in
1676 980 1991 1139 {artibus
2029 985 2073 1050 Α
2125 980 2430 1051 uitaniae
2459 980 2832 1051 Ancelinus
2864 979 3171 1063 nomine,

630 1076 752 1162 qui
799 1093 1085 1165 prorsus
1129 1071 1443 1142 omnium
1499 1092 1678 1140 mem
1736 1092 1967 1140 rorum
2016 1092 2056 1140 o
2136 1070 2243 1140 cio
2285 1070 2677 1153 destitutuS,
2725 1068 2869 1139 solo
2908 1091 2984 1138 as
3042 1070 3179 1137 ira-

633 1165 819 1233 mine
843 1163 1009 1232 vixit
1039 1159 1357 1230 anbelus.
1395 1158 1518 1228 Ille
1555 1172 1785 1229 autem
1817 1181 1978 1228 cum
2012 1158 2314 1246 quodam
2358 1180 2634 1249 vespere
2663 1158 2985 1228 miserabi
3022 1159 3172 1240 iter,

629 1264 706 1323 ut
742 1261 1158 1330 contractuS,
1214 1259 1429 1319 stratu
1463 1269 1590 1317 suo
1627 1247 2103 1328 collocaretur,
2138 1248 2201 1317 ei
2236 1269 2359 1336 per
2394 1261 2802 1318 nocturnam
2838 1247 3176 1318 visionem

635 1340 1045 1410 nominatim
1079 1337 1380 1407 dicitur:
1430 1334 1753 1407 Anceline
1803 1336 1905 1407 vis
1937 1358 2151 1406 sanus
2196 1336 2431 1405 offici?
2476 1337 2546 1405 Si
2585 1336 2819 1405 sanari
2865 1335 3171 1417 curabiS,

632 1428 989 1501 ostendam
1034 1426 1157 1496 tibi
1194 1446 1330 1513 quo
1370 1426 1593 1497 iturus
1623 1425 1775 1495 erit.
1814 1430 1928 1496 Est
1966 1423 2161 1496 locus
2190 1425 2260 1493 in
2316 1425 2696 1515 longinqua
2745 1424 3027 1515 regione
3054 1425 3178 1511 qui

632 1517 1024 1608 appellatur
1054 1515 1217 1596 Elst,
1255 1513 1377 1584 ubi
1423 1515 1775 1584 confessor
1807 1513 2058 1584 Christi
2104 1514 2576 1584 Werenfridus
2624 1514 2992 1600 requiescit
3022 1535 3179 1583 cor-

632 1628 837 1697 pore:
894 1606 952 1675 si
998 1604 1119 1674 illo
1171 1603 1581 1688 perveneris,
1634 1603 1923 1693 ejusque
1961 1602 2369 1692 suppliciter
2408 1603 2864 1673 interventum
2899 1603 3180 1672 invoca-

627 1695 830 1776 veriS,
864 1715 986 1784 per
1031 1692 1256 1782 ipsius
1306 1693 1630 1762 meritum
1680 1692 1982 1781 optimae
2022 1692 2299 1761 sanitati
2346 1692 2750 1761 restitueris.
2805 1696 2962 1760 Post
3009 1690 3180 1761 haec

629 1782 1147 1873 expergefactus
1190 1803 1232 1850 a
1269 1802 1511 1851 somno
1551 1780 1628 1849 fit
1662 1779 1992 1851 attonitus
2024 1781 2093 1848 in
2135 1780 2392 1861 animo,
2452 1800 2704 1850 nomen
2751 1779 2885 1848 loci
2934 1801 3177 1849 secum

631 1871 936 1951 retinuit,
975 1870 1089 1941 sed
1126 1869 1308 1938 viam
1349 1892 1471 1960 per
1517 1891 1729 1956 quam
1783 1869 2010 1938 iturus
2056 1881 2256 1951 esset,
2303 1869 2587 1939 minime
2628 1868 2856 1958 sapuit
2894 1891 2909 1935 :
2966 1867 3179 1937 fidem

627 1958 949 2030 adhibuit
980 1958 1253 2039 visioni,
1306 1959 1471 2045 quia
1503 1958 1723 2027 laetus
1769 1956 2063 2026 efficitur
2092 1979 2172 2027 ex
2208 1958 2664 2048 promissione
2697 1955 3008 2026 remedii.
3046 1962 3180 2027 Nee

633 2069 896 2117 moram
941 2046 1273 2148 pergendi
1319 2047 1443 2116 diu
1482 2046 1776 2127 distulit,
1827 2046 1992 2133 quia
2026 2068 2096 2115 se
2130 2046 2201 2116 in
2243 2046 2527 2203 longum
2570 2045 2887 2117 morandi
2937 2046 3179 2136 poeni-

631 2137 805 2206 tuit:
860 2158 969 2206 su1
1017 2135 1283 2205 itineris
1329 2134 1727 2205 vehiculum
1786 2135 2262 2225 praeparavit,
2317 2140 2360 2204 C
2418 2136 2719 2223 ristoque
2756 2133 2981 2215 duce,
3037 2155 3176 2221 quo

632 2226 766 2296 sibi
796 2225 1106 2294 eundum
1155 2236 1321 2306 erat,
1362 2225 1567 2294 citius
1608 2223 1964 2314 pervenire
2000 2245 2134 2293 non
2168 2222 2479 2293 tardavit.
2518 2229 2823 2310 Cumque
2856 2221 2979 2291 illo
3022 2245 3179 2313 per-

632 2314 815 2383 venit
863 2313 1135 2395 debilis,
1170 2313 1589 2415 promissam
1640 2312 1777 2382 sibi
1824 2313 2186 2382 sanitatem
2237 2312 2594 2381 confestim
2635 2311 3020 2402 promeruit
3068 2313 3177 2382 hi-

633 2402 820 2472 laris,
874 2408 1029 2473 Post
1067 2403 1190 2472 ub1
1230 2401 1528 2471 naturali
1574 2402 2044 2471 membrorum
2094 2401 2421 2490 sospitate
2467 2400 2949 2470 corroboratur
2978 2455 2993 2481 ,
3050 2422 3177 2470 sua

633 2505 876 2582 sponte
899 2491 1054 2594 jugi
1102 2490 1376 2562 servitio
1407 2490 1587 2561 beati
1619 2489 2021 2561 Werenf1·idi
2058 2490 2540 2580 mancipatur;
2594 2512 2755 2559 nam
2797 2512 2867 2561 se
2905 2489 3178 2560 devovit

631 2581 801 2654 illuc
832 2603 1026 2652 omni
1073 2593 1378 2669 tempore
1408 2581 1539 2650 sub
1570 2579 1722 2668 ejus
1751 2579 2091 2649 famulatu
2128 2601 2579 2668 perseverare.
2618 2584 2732 2650 Ast
2768 2600 2901 2647 non
2954 2579 3175 2649 multo

633 2685 787 2762 post
826 2682 1170 2740 transacto
1209 2669 1478 2738 dierum
1529 2668 1814 2749 circul0,
1861 2667 2227 2737 destinavit
2272 2668 2358 2738 ad
2410 2668 2700 2758 patriam
2742 2666 2966 2736 redire
3014 2690 3178 2737 cum

631 2760 909 2850 gaudio.
966 2763 1132 2828 Cum
1185 2771 1411 2827 autem
1462 2779 1678 2826 sanus
1727 2779 1854 2826 sua
1903 2757 2228 2837 subierat,
2282 2778 2436 2826 mox
2485 2757 2576 2826 ita
2626 2757 2702 2825 fit
2747 2768 3171 2837 contractuS,
3236 2831 3239 2836 ,

630 2861 708 2919 ut
756 2860 955 2917 antea
1003 2847 1270 2917 fuerat:
1325 2846 1402 2915 fit
1449 2858 1676 2915 mente
1711 2844 2094 2935 perculsus,
2151 2844 2258 2914 sui
2307 2846 2629 2914 conscius
2667 2845 3045 2935 propositi,
3103 2867 3177 2915 se

635 2937 931 3027 poenitet
978 2933 1338 3016 redeundi,
1394 2935 1605 3025 pudet
1656 2933 1837 3003 sacti.
1878 2938 2182 3003 Moerens
2220 2956 2300 3002 ac
2334 2934 2585 3004 debilis
2617 2935 2867 3004 iterum
2912 2955 3179 3003 remea-

632 3026 750 3105 vit,
786 3023 971 3095 unde
1003 3023 1316 3115 gaudens
1352 3046 1432 3093 ac
1463 3022 1835 3093 incolumis
1866 3023 2164 3092 recessit.
2206 3022 2445 3091 Divina
2475 3024 2725 3093 etenim
2764 3023 2982 3113 pietas
3011 3044 3177 3093 eum

636 3114 913 3183 sanitati
975 3111 1279 3185 secundo
1327 3112 1668 3192 restituit,
1723 3132 1934 3197 quam
1985 3133 2107 3201 per
2154 3112 2324 3180 tanti
2372 3113 2501 3181 viri
2564 3112 2885 3181 meritum
2950 3112 3178 3181 inces-

637 3215 868 3273 santer
896 3213 972 3272 ut
1001 3213 1362 3271 sanaretur
1394 3201 1714 3270 exoravit.
1751 3204 1882 3269 Nec
1921 3220 2096 3290 opus
2126 3211 2226 3270 est
2261 3201 2620 3270 morandi:
2654 3213 2772 3269 -ter
2803 3200 3176 3269 remeando

638 3290 725 3360 ad
761 3290 1050 3381 patriam
1089 3288 1337 3359 debilis
1368 3287 1685 3369 efficitur,
1725 3299 1961 3375 terque
1999 3289 2351 3378 poenitens
2390 3289 2759 3359 remeando
2795 3310 2915 3378 per
2953 3289 3173 3358 sancti

638 3379 766 3448 viri
813 3378 1244 3448 clementiam
1297 3378 1572 3449 sanitati
1620 3377 2024 3447 restituitur.
2093 3378 2393 3447 Tandem
2449 3380 2693 3457 vietus,
2746 3377 2894 3447 vult
2991 3376 3174 3446 otius

637 3467 916 3536 exulare
943 3488 1151 3554 quam
1180 3488 1338 3536 cum
1365 3466 1511 3536 suis
1532 3466 1721 3534 domi
1745 3465 1994 3536 debilis
2021 3466 2351 3537 habitare.
2387 3467 2632 3554 Sicque
2662 3488 2790 3535 sua
2812 3487 2934 3555 per
2966 3486 3174 3535 ruens

638 3557 986 3647 sospitate,
1029 3555 1405 3646 permansit
1444 3555 1697 3625 ibidem
1740 3576 1961 3641 usque
1990 3559 2075 3624 ad
2120 3556 2326 3626 finem
2368 3556 2542 3625 vitae
2581 3577 2768 3626 suae.

726 3647 762 3732 ξ
810 3650 906 3716 9.
957 3650 1086 3715 Nec
1124 3644 1250 3713 boc
1276 3643 1619 3713 silendum
1647 3655 1773 3724 est,
1811 3643 1994 3730 quod
2026 3644 2367 3731 quaedam
2395 3644 2647 3714 mulier
2676 3644 2745 3712 in
2781 3642 2929 3713 vico
2951 3648 3177 3713 Leona

639 3745 1039 3824 nuncupato
1092 3731 1388 3801 debilem
1452 3733 1680 3802 nervis
1734 3733 2018 3802 omnino
2071 3734 2440 3803 contractis
2495 3731 2825 3803 infantem
2875 3732 3166 3812 habuit,

636 3845 840 3911 quem
892 3823 948 3894 si
998 3834 1359 3892 sanaretur
1404 3822 1624 3890 sancti
1672 3820 2077 3891 Werenfridi
2126 3843 2199 3890 se
2238 3822 2513 3892 servitio
2560 3821 2724 3891 dare
2772 3819 3168 3910 spopondit.

635 3917 766 3983 Nee
801 3934 1015 3993 mora,
1056 3910 1350 3983 surrexit
1383 3932 1691 4000 propere,
1735 3910 2016 3980 tetendit
2054 3909 2141 3980 ad
2175 3910 2532 3980 ecelesiam
2585 3932 2889 4001 pergere,
2935 3930 3173 3979 secum

635 4014 1063 4071 contractum
1098 3999 1409 4070 deferens
1444 3999 1620 4069 inter
1656 3999 1940 4069 brachia
1989 3999 2239 4081 filium,
2266 4012 2342 4069 ut
2363 4020 2519 4069 eum
2548 3999 2820 4068 offerret
2851 3999 3165 4077 Domino,

637 4090 813 4161 sicut
847 4090 1255 4180 promiserat
1285 4087 1739 4158 offerendum.
1794 4093 1961 4158 Cum
2011 4102 2238 4158 autem
2290 4088 2556 4158 concito
2603 4109 2818 4159 cursu
2901 4108 3172 4177 ropera·

632 4192 857 4258 verat,
923 4180 994 4248 in
1046 4177 1272 4248 medio
1318 4177 1548 4334 cam?
1595 4176 1927 4268 parvulus
1976 4178 2062 4247 ab
2111 4177 2436 4267 amplexu
2494 4177 2733 4246 matris
2781 4198 2818 4245 a
2917 4189 3168 4245 terram

635 4266 1023 4350 deciderat,
1075 4278 1140 4336 et
1194 4265 1454 4337 consoli
1507 4265 1637 4337 atis
1700 4287 2066 4336 nervorum
2114 4266 2571 4356 compagibus
2605 4320 2620 4346 ‚
2676 4265 2833 4334 ilico
2884 4275 3173 4335 sanatur

636 4354 989 4435 divinitus,
1037 4368 1242 4443 atque
1276 4368 1428 4444 post
1473 4355 1733 4425 casum‘
1763 4355 2100 4445 excipitur
2147 4376 2382 4435 sanus,
2436 4355 2557 4441 qui
2603 4353 2687 4423 ad
2741 4366 2990 4425 terram
3035 4352 3173 4421 ruit

640 4456 838 4514 antea
863 4443 1133 4514 debilis.
1165 4448 1373 4514 Mater
1401 4466 1556 4513 vero
1590 4443 1901 4534 gaudens
1925 4444 2175 4534 excipit
2208 4443 2599 4534 parvulum,
2636 4454 2700 4513 et
2738 4464 2943 4529 quem
2979 4441 3170 4532 prius
