3308 5004
219 340 413 407 AUG.
472 340 553 406 ⁴3
1037 359 1117 407 nn
1163 359 1219 407 s,
1273 356 1647 407 munatium:
1693 331 1927 407 aranu
1982 412 1995 427 ,
2536 340 2653 407 att

214 441 320 512 ita
363 443 555 524 arsit,
603 454 683 513 ut
729 443 1001 514 eunctis
1045 444 1536 528 cernentibus,
1589 442 1826 513 fumus
1873 443 1962 513 ab
2007 465 2087 513 ea
2142 443 2213 512 in
2255 443 2555 514 sublime
2604 463 2763 533 pro-

213 531 665 603 ficisceretur.
718 537 887 601 Tum
958 532 1077 602 illa
1133 554 1364 602 coram
1413 533 1602 603 omni
1652 531 1912 622 populo
1961 532 2391 621 proclamat,
2456 553 2639 602 ream
2690 553 2761 601 se

211 621 607 702 confitetur,
660 641 731 691 se
766 634 1121 711 propterea
1159 620 1399 691 ardere
1446 620 1636 700 dicit,
1691 620 1875 708 quod
1928 621 1996 689 in
2037 621 2272 691 beatae
2312 619 2758 712 Radegundis

212 710 382 779 sede
405 710 791 780 resedisset.
821 710 1068 780 Tribus
1095 710 1340 782 diebus
1364 723 1431 780 et
1458 709 1774 780 noctibus
1808 709 2084 779 totidem
2118 709 2527 779 continuum
2558 731 2759 799 passa

211 798 620 868 incendium
651 852 672 878 ,
731 797 1113 869 vociferans
1158 799 1550 869 clamabat:
1610 798 1898 868 Domina
1947 797 2392 889 Radegundis
2442 798 2754 887 peccavi,

216 908 579 977 perperam
617 887 727 978 egi
762 910 776 952 :
813 888 1115 988 ignosce,
1159 887 1483 979 refrigera
1526 887 1835 956 membra
1867 886 2019 957 diro
2057 885 2370 956 cruciatu
2400 886 2751 956 ardentia:

217 997 400 1063 quae
446 998 519 1047 es
568 976 757 1067 larga
788 976 1284 1057 msericordia,
1321 988 1387 1046 et
1418 977 1618 1047 bonis
1649 975 1975 1065 operibus
2012 974 2300 1046 illustris
2335 987 2401 1044 et
2432 974 2753 1076 gloriosa,

214 1086 395 1152 quae
435 1064 782 1134 misereris
827 1066 1165 1143 omnium,
1231 1065 1364 1135 mei
1422 1064 1764 1136 miserere.
1819 1069 2100 1134 Tantam
2151 1075 2379 1133 autem
2411 1085 2561 1153 ejus
2597 1085 2757 1154 poe-

225 1174 392 1223 nam
419 1175 708 1224 cernens
732 1154 960 1223 omnis
987 1154 1310 1244 populus,
1346 1175 1471 1244 pro
1496 1175 1575 1223 ea
1603 1165 1922 1244 precatur
1954 1158 2025 1222 B.
2049 1152 2234 1222 Rade
2285 1152 2566 1234 undem,
2600 1164 2760 1221 tam·

217 1263 432 1329 quam
484 1243 540 1312 si
593 1263 914 1333 praesens
975 1242 1242 1313 adesset
1298 1242 1755 1333 (ubicumque
1812 1242 1994 1311 enim
2046 1262 2126 1310 ex
2173 1241 2220 1310 fi
2272 1263 2308 1310 e
2356 1241 2752 1321 invocatur,

215 1330 480 1420 adest):
533 1336 718 1400 Bona
748 1331 1053 1413 domina,
1111 1353 1309 1433 parce
1341 1331 1427 1413 ei,
1482 1353 1566 1400 ne
1616 1344 1802 1400 tanto
1841 1330 2152 1400 cruciatu
2186 1329 2420 1399 infelix
2452 1328 2749 1398 deficiat.

215 1423 461 1506 Itaque
505 1419 589 1489 ad
646 1441 877 1510 preces
940 1442 1252 1490 ommum
1315 1420 1433 1489 illa
1487 1420 1884 1491 beatissima
1934 1419 2228 1508 benigne
2288 1416 2746 1497 condonavit,

217 1507 238 1576 i
301 1530 453 1577 nem
495 1506 832 1578 furentem
864 1509 1311 1600 compescuit,
1351 1530 1585 1597 sospes
1635 1509 1886 1578 misera
1934 1506 2019 1577 ad
2069 1507 2356 1578 domum
2405 1528 2600 1576 suam
2657 1527 2757 1575 re·

216 1531 375 1665 (fist.
414 1596 577 1685 Ejus
615 1619 772 1668 vero
810 1618 1028 1687 poena
1061 1619 1302 1669 omnes
1349 1596 1504 1668 fecit
1535 1611 1774 1668 cautos
1811 1619 1890 1666 ac
1922 1596 2221 1668 devotos.

309 1687 347 1772 ξ
395 1689 539 1757 18.
594 1689 930 1767 Quantam
982 1686 1124 1767 illa,
1170 1698 1612 1777 posteaquam
1665 1687 1733 1755 in
1790 1686 2283 1755 monasterium
2332 1705 2404 1753 se
2436 1682 2749 1764 contulit,

216 1786 621 1843 sanctarum
658 1774 1104 1862 reliquiarum
1143 1774 1656 1846 multitudinem
1697 1774 2017 1865 precibus
2048 1772 2472 1843 fidelissimis
2519 1793 2758 1864 aggre-

221 1862 508 1951 gaverit,
563 1876 848 1933 testatur
902 1864 1184 1933 Oriens:
1240 1864 1483 1951 Aquilo
1517 1919 1532 1946 ,
1584 1868 1827 1934 Auster
1871 1877 1938 1933 et
1984 1863 2318 1933 Occidens
2364 1861 2751 1931 confitetur.

220 1950 542 2038 Undique
587 1952 771 2020 enim
812 1973 1123 2041 gemmas
1157 1955 1512 2041 pretiosas,
1557 1952 1746 2023 coelo
1794 1951 2202 2032 reconditas,
2246 1963 2311 2020 et
2341 1972 2516 2037 quas
2602 1971 2754 2019 ara-

217 2038 420 2109 disus
458 2039 685 2121 habet,
729 2052 794 2109 et
844 2040 1249 2111 muneribus
1295 2055 1360 2112 et
1408 2041 1754 2132 precibus,
1806 2052 1884 2110 ut
1934 2041 2454 2130 adipisceretur,
2505 2060 2541 2108 e
2597 2039 2749 2108 ecit.

218 2130 270 2196 A
325 2128 416 2197 ud
460 2128 613 2200 illas
668 2150 825 2199 vero
872 2130 1021 2199 sine
1068 2130 1576 2200 intermissione
1631 2130 1948 2200 meditari
2001 2130 2325 2221 psalmos,
2359 2139 2424 2197 et
2463 2128 2757 2217 hymnos

218 2149 358 2286 sigi
418 2215 818 2307 depromere
885 2218 1265 2288 videbatur.
1327 2218 1668 2289 Perlatum
1726 2230 1828 2289 est
1889 2218 1974 2288 ad
2023 2239 2223 2299 eam,
2293 2216 2673 2287 Mammetis
2719 2215 2754 2251 ⁴*

221 2306 548 2393 martyris
595 2328 825 2376 sacros
888 2320 1078 2377 artus
1136 2307 1577 2398 Jerosolymis
1623 2308 1996 2395 quiescere.
2051 2306 2177 2376 Illa
2234 2305 2450 2375 instar
2505 2304 2550 2373 h
2594 2305 2756 2375 dro-

217 2393 418 2551 Ficae
449 2394 618 2464 mire
657 2395 919 2475 sitiens,
972 2394 1167 2466 avide
1201 2396 1368 2466 haec
1415 2396 1797 2466 hauriebat.
1837 2396 2025 2466 Sicut
2052 2395 2236 2465 enim
2276 2394 2397 2481 qui
2445 2393 2536 2483 hy
2593 2395 2754 2484 rope

247 2482 580 2564 aberant,
632 2494 890 2571 quanto
938 2483 1096 2575 plus
1145 2484 1427 2556 bibunt.
1483 2497 1666 2555 tanto
1734 2484 1977 2574 majori
2027 2483 2271 2554 ardent
2335 2482 2492 2553 siti:
2548 2482 2640 2552 ita
2687 2495 2752 2553 et

220 2571 376 2661 ipsa
426 2593 575 2642 rore
623 2573 738 2642 Dei
786 2573 1085 2664 perfusa,
1139 2574 1362 2665 magis
1409 2574 1720 2644 incaluit.
1760 2579 1997 2661 Itaque
2026 2573 2252 2643 virum
2298 2571 2748 2640 venerabilem

219 2659 555 2730 Reculum
594 2663 1095 2752 presbyterum,
1133 2663 1254 2750 qui
1285 2676 1426 2732 tum
1470 2663 1802 2734 secularis
1834 2663 2064 2732 adbuc
2112 2673 2278 2742 erat,
2322 2672 2387 2729 et
2416 2659 2752 2747 hodieque

217 2762 556 2838 superest,
584 2749 666 2819 ad
701 2750 1155 2851 patriarcham
1183 2750 1835 2842 Jerosolymitanum
1872 2749 2273 2830 transmisit,
2308 2761 2543 2840 petens
2576 2749 2751 2818 beati

217 2838 604 2908 Mammetis
652 2854 943 2940 pignora
981 2839 1115 2910 sibi
1159 2839 1425 2910 donari.
1479 2840 1645 2930 Ejus
1695 2860 1928 2930 preces
1977 2839 2079 2908 vir
2127 2838 2243 2908 Dei
2290 2837 2583 2928 benigne
2629 2837 2751 2906 ad-

215 2925 523 3007 mittens„
575 2940 918 2998 orat1ones
965 2929 1220 3018 populo
1267 2928 1535 3010 indixit,
1589 2929 1880 3019 cupiens
1914 2949 2114 2998 nosse
2149 2927 2262 2997 Dei
2302 2925 2743 2996 voluntatem.

215 3015 441 3083 Tertio
467 3015 577 3084 die
603 3016 808 3085 Missa
839 3016 1200 3099 celebrata,
1239 3017 1324 3086 ad
1358 3018 1534 3089 beati
1577 3030 1752 3086 mart
1805 3017 1897 3087 ris
1930 3016 2330 3106 sepulcrum
2369 3037 2529 3085 cum
2559 3015 2749 3085 omni

215 3103 480 3259 populo
512 3105 819 3185 accessit,
871 3105 1142 3193 altaque
1191 3127 1351 3177 voce
1387 3118 1451 3176 et
1486 3106 1688 3197 plena
1753 3106 1864 3175 1de
1900 3106 2114 3175 dixit:
2169 3106 2463 3176 Obsecro
2495 3114 2557 3173 te
2586 3125 2747 3174 con·

244 3214 437 3262 essor
466 3204 530 3262 et
578 3207 839 3284 martyr
884 3194 1155 3277 Christi,
1193 3195 1249 3265 si
1284 3217 1441 3264 vera
1472 3207 1573 3265 est
1600 3194 1852 3265 ancilla
1890 3195 2006 3264 Dei
2047 3195 2240 3265 beata
2274 3192 2741 3283 RadegundiS,

214 3279 600 3352 innotescat
678 3283 955 3352 entibus
987 3285 1286 3374 potentia
1317 3295 1456 3365 tua,
1512 3284 2003 3374 permittasque
2047 3282 2132 3352 de
2167 3281 2576 3374 pignoribus
2609 3281 2746 3351 tuis

216 3382 516 3439 mentem
571 3369 618 3438 fi
670 3370 841 3440 elem
878 3373 1188 3461 accipere
1231 3373 1415 3460 quod
1460 3373 1721 3463 poscit:
1773 3372 2091 3442 Oratione
2136 3371 2515 3462 completa,
2585 3391 2743 3440 cum

215 3457 521 3549 populus
566 3461 793 3529 omnis
841 3460 1327 3550 respondisset,
1367 3466 1600 3542 Amen,
1636 3462 1820 3531 venit
1846 3460 1932 3530 ad
1966 3473 2278 3531 sanctum
2316 3483 2387 3530 se
2439 3457 2740 3539 ulcrum,

215 3568 492 3636 semper
529 3547 763 3618 beatae
790 3547 994 3618 fldem
1028 3551 1519 3639 pronuncianS,
1558 3561 1927 3620 contrectat
1960 3571 2155 3621 sacra
2203 3570 2381 3618 mem
2439 3570 2534 3628 ra,
2573 3547 2746 3617 scire

210 3636 529 3726 cupiens,
581 3658 920 3722 quaenam
972 3637 1119 3729 ipse
1168 3651 1431 3727 martyr
1486 3639 1922 3709 beatissimus
1968 3638 2291 3707 dominae
2340 3636 2524 3707 Rade
2577 3635 2743 3705 undi

213 3722 460 3794 donari
508 3724 688 3794 velit.
743 3726 986 3815 Tangit
1035 3747 1283 3798 manus
1315 3727 1587 3797 dextrae
1636 3727 1948 3817 singulos
1986 3727 2262 3818 digitos.
2319 3726 2444 3796 Ubi
2492 3748 2528 3794 a
2616 3723 2745 3793 mi·-

217 3812 485 3882 nimum
540 3826 816 3884 ventum
851 3826 974 3895 est,
1030 3813 1167 3883 leni
1214 3827 1472 3885 attactu
1517 3838 1554 3886 e
1603 3838 1814 3885 manu
1864 3828 2136 3886 amotus
2181 3827 2326 3895 est,
2380 3825 2459 3884 ut
2516 3813 2748 3882 beatae

214 3902 515 3990 Reginae
565 3902 907 3973 desiderio
942 3902 1324 3974 satisfieret.
1362 3910 1531 3974 Eum
1581 3927 1743 3996 ergo
1790 3904 2083 3995 digitum
2135 3903 2239 3972 vir
2290 3897 2740 3992 Apostolicus‚

208 4009 294 4057 eo
339 4011 475 4077 quo
518 4012 641 4080 par
677 4005 822 4062 erat
861 3991 1142 4073 honore,
1198 3994 1432 4063 beatae
1465 3993 1874 4084 Radegundi
1914 3993 2122 4062 misit.
2176 3991 2270 4062 Ab
2305 3988 2746 4080 lerosolymis

215 4098 375 4148 vero
425 4079 730 4149 Pictavos
756 4102 978 4167 usque
1028 4081 1096 4150 in
1145 4082 1295 4171 ejus
1343 4082 1672 4152 honorem
1708 4102 1978 4171 semper
2016 4080 2289 4150 divinae
2323 4078 2562 4151 laudes
2596 4099 2747 4168 pro·

209 4167 609 4237 mebantur.
663 4169 829 4251 Quis
863 4190 1019 4239 vero
1068 4191 1191 4259 pro
1227 4170 1559 4260 dignitate
1588 4169 1899 4261 explicet,
1937 4191 2145 4256 quam
2187 4168 2453 4239 ardenti
2483 4167 2739 4250 anim0,

200 4277 420 4343 quam
471 4255 608 4325 fida
657 4256 1034 4340 devotione,
1088 4270 1353 4328 tantum
1406 4259 1524 4329 illa
1574 4281 1830 4330 munus
1878 4270 2288 4348 expectanS,
2341 4277 2488 4326 sese
2534 4258 2746 4328 absti-

207 4343 487 4414 nentiae
548 4346 1021 4437 manciparit?
1067 4353 1430 4436 Postquam
1485 4359 1713 4416 autem
1763 4346 1891 4416 hoc
1939 4345 2227 4416 coeleste
2273 4346 2531 4416 donum
2583 4367 2740 4415 cum

257 4468 296 4498 ⁶
322 4466 429 4512 sivo
454 4470 722 4519 mamantis,
738 4482 834 4514 xvn
861 4473 962 4524 hm.
