<?xml version="1.0" encoding="UTF-8"?>
<!DOCTYPE html PUBLIC "-//W3C//DTD XHTML 1.0 Transitional//EN"
    "http://www.w3.org/TR/xhtml1/DTD/xhtml1-transitional.dtd">
<html xmlns="http://www.w3.org/1999/xhtml" xml:lang="en" lang="en">
 <head>
  <title>
</title>
<meta http-equiv="Content-Type" content="text/html;charset=utf-8" />
  <meta name='ocr-system' content='tesseract 3.04.00' />
  <meta name='ocr-capabilities' content='ocr_page ocr_carea ocr_par ocr_line ocrx_word'/>
</head>
<body>
  <div class='ocr_page' id='page_1' title='image "./historiaeseuvit01lippgoog_0505.png"; bbox 0 0 3308 5004; ppageno 0'>
   <div class='ocr_carea' id='block_1_1' title="bbox 215 319 2680 393">
    <p class='ocr_par' dir='ltr' id='par_1_1' title="bbox 215 269 2680 393">
     <span class='ocr_line' id='line_1_1' title="bbox 215 319 2680 393; baseline 0.002 -6"><span class='ocrx_word' id='word_1_1' title='bbox 215 319 406 388; x_wconf 66' lang='grc' dir='ltr'>ΑΗΕ.</span> <span class='ocrx_word' id='word_1_2' title='bbox 456 319 544 386; x_wconf 73' lang='grc' dir='ltr'>ΞΘ</span> <span class='ocrx_word' id='word_1_3' title='bbox 895 338 977 386; x_wconf 72' lang='lat' dir='ltr'>nn</span> <span class='ocrx_word' id='word_1_4' title='bbox 1018 337 1078 386; x_wconf 83' lang='lat' dir='ltr'>s.</span> <span class='ocrx_word' id='word_1_5' title='bbox 1133 337 1465 388; x_wconf 63' lang='lat' dir='ltr'>numano</span> <span class='ocrx_word' id='word_1_6' title='bbox 1510 339 1657 388; x_wconf 62' lang='lat' dir='ltr'>aaa.</span> <span class='ocrx_word' id='word_1_7' title='bbox 1708 338 2094 389; x_wconf 54' lang='lat' dir='ltr'>stannum..</span> <span class='ocrx_word' id='word_1_8' title='bbox 2559 325 2680 393; x_wconf 64' lang='grc'>481</span> 
     </span>
    </p>
   </div>
   <div class='ocr_carea' id='block_1_2' title="bbox 212 422 2800 4527">
    <p class='ocr_par' dir='ltr' id='par_1_2' title="bbox 212 422 2792 1471">
     <span class='ocr_line' id='line_1_2' title="bbox 212 422 2786 518; baseline 0.004 -26"><span class='ocrx_word' id='word_1_9' title='bbox 212 422 570 494; x_wconf 80' lang='lat' dir='ltr'>videretur</span> <span class='ocrx_word' id='word_1_10' title='bbox 596 477 615 505; x_wconf 91' lang='lat'>,</span> <span class='ocrx_word' id='word_1_11' title='bbox 667 423 727 493; x_wconf 87' lang='lat' dir='ltr'>si</span> <span class='ocrx_word' id='word_1_12' title='bbox 774 444 818 494; x_wconf 86' lang='lat' dir='ltr'>a</span> <span class='ocrx_word' id='word_1_13' title='bbox 871 422 1299 518; x_wconf 77' lang='lat' dir='ltr'>fide-populi</span> <span class='ocrx_word' id='word_1_14' title='bbox 1342 422 1522 495; x_wconf 87' lang='lat' dir='ltr'>fides</span> <span class='ocrx_word' id='word_1_15' title='bbox 1570 425 1855 516; x_wconf 82' lang='lat' dir='ltr'>propria</span> <span class='ocrx_word' id='word_1_16' title='bbox 1922 425 2343 499; x_wconf 84' lang='lat' dir='ltr'>dissentiret.</span> <span class='ocrx_word' id='word_1_17' title='bbox 2413 428 2786 502; x_wconf 71' lang='lat' dir='ltr'>Aestuabat</span> 
     </span>
     <span class='ocr_line' id='line_1_3' title="bbox 213 512 2785 619; baseline 0.003 -37"><span class='ocrx_word' id='word_1_18' title='bbox 213 512 436 604; x_wconf 81' lang='lat' dir='ltr'>igitur</span> <span class='ocrx_word' id='word_1_19' title='bbox 478 529 743 593; x_wconf 86' lang='lat' dir='ltr'>secum,</span> <span class='ocrx_word' id='word_1_20' title='bbox 794 525 867 584; x_wconf 86' lang='lat' dir='ltr'>et</span> <span class='ocrx_word' id='word_1_21' title='bbox 913 512 1073 584; x_wconf 84' lang='lat' dir='ltr'>licet</span> <span class='ocrx_word' id='word_1_22' title='bbox 1136 513 1531 616; x_wconf 37' lang='lat' dir='ltr'>signation-</span> <span class='ocrx_word' id='word_1_23' title='bbox 1575 513 1904 586; x_wconf 87' lang='lat' dir='ltr'>fidelibus</span> <span class='ocrx_word' id='word_1_24' title='bbox 1949 514 2104 594; x_wconf 75' lang='lat' dir='ltr'>fler-i</span> <span class='ocrx_word' id='word_1_25' title='bbox 2158 529 2474 619; x_wconf 62' lang='lat' dir='ltr'>oportere</span> <span class='ocrx_word' id='word_1_26' title='bbox 2517 540 2785 590; x_wconf 83' lang='lat' dir='ltr'>assere·</span> 
     </span>
     <span class='ocr_line' id='line_1_4' title="bbox 213 605 2786 694; baseline 0.003 -22"><span class='ocrx_word' id='word_1_27' title='bbox 213 614 363 683; x_wconf 90' lang='lat' dir='ltr'>ret,</span> <span class='ocrx_word' id='word_1_28' title='bbox 427 623 645 673; x_wconf 84' lang='lat' dir='ltr'>ansus</span> <span class='ocrx_word' id='word_1_29' title='bbox 688 613 922 672; x_wconf 84' lang='lat' dir='ltr'>tamen</span> <span class='ocrx_word' id='word_1_30' title='bbox 952 656 970 685; x_wconf 91' lang='lat'>,</span> <span class='ocrx_word' id='word_1_31' title='bbox 1034 623 1202 678; x_wconf 88' lang='lat' dir='ltr'>suos</span> <span class='ocrx_word' id='word_1_32' title='bbox 1248 606 1536 694; x_wconf 80' lang='lat' dir='ltr'>Spmtui</span> <span class='ocrx_word' id='word_1_33' title='bbox 1594 608 1844 674; x_wconf 84' lang='lat' dir='ltr'>Sancto</span> <span class='ocrx_word' id='word_1_34' title='bbox 1895 605 2300 677; x_wconf 71' lang='lat' dir='ltr'>committit:</span> <span class='ocrx_word' id='word_1_35' title='bbox 2365 617 2433 677; x_wconf 89' lang='lat' dir='ltr'>et</span> <span class='ocrx_word' id='word_1_36' title='bbox 2488 608 2786 688; x_wconf 82' lang='lat' dir='ltr'>orationi</span> 
     </span>
     <span class='ocr_line' id='line_1_5' title="bbox 218 690 2786 786; baseline 0.005 -27"><span class='ocrx_word' id='word_1_37' title='bbox 218 691 661 772; x_wconf 83' lang='lat' dir='ltr'>incumbens,</span> <span class='ocrx_word' id='word_1_38' title='bbox 688 690 979 763; x_wconf 89' lang='lat' dir='ltr'>coelitus</span> <span class='ocrx_word' id='word_1_39' title='bbox 1016 690 1253 780; x_wconf 88' lang='lat' dir='ltr'>elapsa</span> <span class='ocrx_word' id='word_1_40' title='bbox 1302 691 1576 774; x_wconf 89' lang='lat' dir='ltr'>virtute,</span> <span class='ocrx_word' id='word_1_41' title='bbox 1603 705 1918 763; x_wconf 89' lang='lat' dir='ltr'>satanam</span> <span class='ocrx_word' id='word_1_42' title='bbox 1961 693 2033 764; x_wconf 88' lang='lat' dir='ltr'>in</span> <span class='ocrx_word' id='word_1_43' title='bbox 2070 694 2325 786; x_wconf 77' lang='lat' dir='ltr'>spiritu</span> <span class='ocrx_word' id='word_1_44' title='bbox 2356 694 2786 772; x_wconf 75' lang='lat' dir='ltr'>fortitudinis</span> 
     </span>
     <span class='ocr_line' id='line_1_6' title="bbox 218 779 2786 872; baseline 0.003 -23"><span class='ocrx_word' id='word_1_45' title='bbox 218 779 533 871; x_wconf 78' lang='lat' dir='ltr'>increpat</span> <span class='ocrx_word' id='word_1_46' title='bbox 576 793 644 850; x_wconf 87' lang='lat' dir='ltr'>et</span> <span class='ocrx_word' id='word_1_47' title='bbox 687 779 906 869; x_wconf 74' lang='lat' dir='ltr'>fugat,</span> <span class='ocrx_word' id='word_1_48' title='bbox 961 779 1324 852; x_wconf 81' lang='lat' dir='ltr'>mulierem</span> <span class='ocrx_word' id='word_1_49' title='bbox 1376 779 1603 852; x_wconf 80' lang='lat' dir='ltr'>reddit</span> <span class='ocrx_word' id='word_1_50' title='bbox 1653 781 2072 853; x_wconf 86' lang='lat' dir='ltr'>incolumem</span> <span class='ocrx_word' id='word_1_51' title='bbox 2139 796 2205 855; x_wconf 91' lang='lat' dir='ltr'>et</span> <span class='ocrx_word' id='word_1_52' title='bbox 2250 783 2583 872; x_wconf 75' lang='lat' dir='ltr'><strong>quietam.</strong></span> <span class='ocrx_word' id='word_1_53' title='bbox 2620 791 2786 860; x_wconf 85' lang='lat' dir='ltr'>Lae-</span> 
     </span>
     <span class='ocr_line' id='line_1_7' title="bbox 220 868 2788 963; baseline 0.004 -26"><span class='ocrx_word' id='word_1_54' title='bbox 220 868 547 939; x_wconf 86' lang='lat' dir='ltr'>tabantur</span> <span class='ocrx_word' id='word_1_55' title='bbox 591 869 715 958; x_wconf 86' lang='lat' dir='ltr'>qui</span> <span class='ocrx_word' id='word_1_56' title='bbox 761 868 1072 951; x_wconf 88' lang='lat' dir='ltr'>aderant,</span> <span class='ocrx_word' id='word_1_57' title='bbox 1127 881 1194 940; x_wconf 89' lang='lat' dir='ltr'>et</span> <span class='ocrx_word' id='word_1_58' title='bbox 1240 868 1845 950; x_wconf 49' lang='lat' dir='ltr'>levantes‘manus</span> <span class='ocrx_word' id='word_1_59' title='bbox 1890 871 1978 941; x_wconf 92' lang='lat' dir='ltr'>ad</span> <span class='ocrx_word' id='word_1_60' title='bbox 2028 871 2282 955; x_wconf 86' lang='lat' dir='ltr'>sidera,</span> <span class='ocrx_word' id='word_1_61' title='bbox 2338 877 2506 958; x_wconf 68' lang='lat' dir='ltr'>Deo,</span> <span class='ocrx_word' id='word_1_62' title='bbox 2527 875 2656 963; x_wconf 81' lang='lat' dir='ltr'>qui</span> <span class='ocrx_word' id='word_1_63' title='bbox 2701 875 2788 946; x_wconf 85' lang='lat' dir='ltr'>de</span> 
     </span>
     <span class='ocr_line' id='line_1_8' title="bbox 220 957 2788 1056; baseline 0.003 -28"><span class='ocrx_word' id='word_1_64' title='bbox 220 957 487 1028; x_wconf 84' lang='lat' dir='ltr'>excelso</span> <span class='ocrx_word' id='word_1_65' title='bbox 532 977 649 1030; x_wconf 88' lang='lat' dir='ltr'>eos</span> <span class='ocrx_word' id='word_1_66' title='bbox 682 958 1005 1041; x_wconf 77' lang='lat' dir='ltr'>visitavit,</span> <span class='ocrx_word' id='word_1_67' title='bbox 1057 958 1317 1050; x_wconf 81' lang='lat' dir='ltr'>gratias</span> <span class='ocrx_word' id='word_1_68' title='bbox 1360 971 1603 1050; x_wconf 84' lang='lat' dir='ltr'>agunt.</span> <span class='ocrx_word' id='word_1_69' title='bbox 1654 960 1985 1031; x_wconf 79' lang='lat' dir='ltr'><strong>Auditum</strong></span> <span class='ocrx_word' id='word_1_70' title='bbox 2032 972 2138 1032; x_wconf 83' lang='lat' dir='ltr'>est</span> <span class='ocrx_word' id='word_1_71' title='bbox 2172 961 2490 1046; x_wconf 87' lang='lat' dir='ltr'>verbum,</span> <span class='ocrx_word' id='word_1_72' title='bbox 2525 976 2591 1033; x_wconf 89' lang='lat' dir='ltr'>et</span> <span class='ocrx_word' id='word_1_73' title='bbox 2631 986 2788 1056; x_wconf 85' lang='lat' dir='ltr'>per·-</span> 
     </span>
     <span class='ocr_line' id='line_1_9' title="bbox 220 1046 2792 1152; baseline 0.002 -36"><span class='ocrx_word' id='word_1_74' title='bbox 220 1046 491 1116; x_wconf 86' lang='lat' dir='ltr'>crebuit</span> <span class='ocrx_word' id='word_1_75' title='bbox 536 1046 746 1128; x_wconf 88' lang='lat' dir='ltr'>fama,</span> <span class='ocrx_word' id='word_1_76' title='bbox 780 1059 847 1118; x_wconf 85' lang='lat' dir='ltr'>et</span> <span class='ocrx_word' id='word_1_77' title='bbox 886 1053 1165 1138; x_wconf 86' lang='lat' dir='ltr'>repente</span> <span class='ocrx_word' id='word_1_78' title='bbox 1197 1060 1406 1119; x_wconf 89' lang='lat' dir='ltr'>totam</span> <span class='ocrx_word' id='word_1_79' title='bbox 1459 1048 1756 1138; x_wconf 89' lang='lat' dir='ltr'>perculit</span> <span class='ocrx_word' id='word_1_80' title='bbox 1786 1050 2057 1133; x_wconf 85' lang='lat' dir='ltr'>urbem,</span> <span class='ocrx_word' id='word_1_81' title='bbox 2094 1069 2217 1152; x_wconf 86' lang='lat' dir='ltr'>per</span> <span class='ocrx_word' id='word_1_82' title='bbox 2262 1050 2616 1136; x_wconf 79' lang='lat' dir='ltr'>ecclesiaS,</span> <span class='ocrx_word' id='word_1_83' title='bbox 2670 1074 2792 1143; x_wconf 76' lang='lat' dir='ltr'>per</span> 
     </span>
     <span class='ocr_line' id='line_1_10' title="bbox 222 1137 2790 1228; baseline 0.002 -22"><span class='ocrx_word' id='word_1_84' title='bbox 222 1137 589 1226; x_wconf 84' lang='lat' dir='ltr'>praetoria,</span> <span class='ocrx_word' id='word_1_85' title='bbox 646 1157 769 1227; x_wconf 88' lang='lat' dir='ltr'>per</span> <span class='ocrx_word' id='word_1_86' title='bbox 806 1137 1112 1228; x_wconf 87' lang='lat' dir='ltr'>compita</span> <span class='ocrx_word' id='word_1_87' title='bbox 1142 1137 1409 1208; x_wconf 82' lang='lat' dir='ltr'>omnia.</span> <span class='ocrx_word' id='word_1_88' title='bbox 1462 1137 1894 1210; x_wconf 84' lang='lat' dir='ltr'>Conveniunt</span> <span class='ocrx_word' id='word_1_89' title='bbox 1941 1138 2289 1228; x_wconf 77' lang='lat' dir='ltr'>undique,</span> <span class='ocrx_word' id='word_1_90' title='bbox 2341 1139 2429 1210; x_wconf 88' lang='lat' dir='ltr'>de</span> <span class='ocrx_word' id='word_1_91' title='bbox 2475 1141 2623 1211; x_wconf 90' lang='lat' dir='ltr'>viro</span> <span class='ocrx_word' id='word_1_92' title='bbox 2675 1141 2790 1213; x_wconf 88' lang='lat' dir='ltr'>Dei</span> 
     </span>
     <span class='ocr_line' id='line_1_11' title="bbox 222 1224 2783 1320; baseline 0.003 -25"><span class='ocrx_word' id='word_1_93' title='bbox 222 1246 452 1296; x_wconf 87' lang='lat' dir='ltr'>sermo</span> <span class='ocrx_word' id='word_1_94' title='bbox 501 1224 795 1297; x_wconf 89' lang='lat' dir='ltr'>habetur</span> <span class='ocrx_word' id='word_1_95' title='bbox 826 1226 1112 1314; x_wconf 87' lang='lat' dir='ltr'>ubique:</span> <span class='ocrx_word' id='word_1_96' title='bbox 1168 1225 1425 1297; x_wconf 90' lang='lat' dir='ltr'>dicitur</span> <span class='ocrx_word' id='word_1_97' title='bbox 1475 1227 1776 1317; x_wconf 87' lang='lat' dir='ltr'>publice,</span> <span class='ocrx_word' id='word_1_98' title='bbox 1828 1227 2004 1297; x_wconf 89' lang='lat' dir='ltr'>nihil</span> <span class='ocrx_word' id='word_1_99' title='bbox 2039 1228 2102 1298; x_wconf 90' lang='lat' dir='ltr'>ei</span> <span class='ocrx_word' id='word_1_100' title='bbox 2142 1229 2578 1320; x_wconf 80' lang='lat' dir='ltr'>impossibile</span> <span class='ocrx_word' id='word_1_101' title='bbox 2609 1249 2783 1314; x_wconf 85' lang='lat' dir='ltr'>esse,</span> 
     </span>
     <span class='ocr_line' id='line_1_12' title="bbox 219 1313 2787 1471; baseline 0.002 -88"><span class='ocrx_word' id='word_1_102' title='bbox 219 1313 406 1471; x_wconf 53' lang='lat' dir='ltr'>guod</span> <span class='ocrx_word' id='word_1_103' title='bbox 456 1337 497 1385; x_wconf 84' lang='lat' dir='ltr'>a</span> <span class='ocrx_word' id='word_1_104' title='bbox 530 1314 841 1385; x_wconf 84' lang='lat' dir='ltr'>Domino</span> <span class='ocrx_word' id='word_1_105' title='bbox 872 1315 1191 1407; x_wconf 74' lang='lat' dir='ltr'>postulet,</span> <span class='ocrx_word' id='word_1_106' title='bbox 1242 1328 1308 1386; x_wconf 89' lang='lat' dir='ltr'>et</span> <span class='ocrx_word' id='word_1_107' title='bbox 1339 1314 1425 1385; x_wconf 90' lang='lat' dir='ltr'>ad</span> <span class='ocrx_word' id='word_1_108' title='bbox 1459 1337 1699 1406; x_wconf 79' lang='lat' dir='ltr'>preces</span> <span class='ocrx_word' id='word_1_109' title='bbox 1745 1316 1899 1407; x_wconf 84' lang='lat' dir='ltr'>ejus</span> <span class='ocrx_word' id='word_1_110' title='bbox 1943 1328 2218 1407; x_wconf 85' lang='lat' dir='ltr'>apertas</span> <span class='ocrx_word' id='word_1_111' title='bbox 2258 1319 2373 1389; x_wconf 89' lang='lat' dir='ltr'>Dei</span> <span class='ocrx_word' id='word_1_112' title='bbox 2410 1340 2620 1389; x_wconf 85' lang='lat' dir='ltr'>aures</span> <span class='ocrx_word' id='word_1_113' title='bbox 2644 1341 2787 1390; x_wconf 44' lang='grc' dir='ltr'>οπο,</span> 
     </span>
    </p>

    <p class='ocr_par' dir='ltr' id='par_1_3' title="bbox 220 1402 2791 1921">
     <span class='ocr_line' id='line_1_13' title="bbox 275 1402 2790 1500; baseline 0.003 -28"><span class='ocrx_word' id='word_1_114' title='bbox 275 1416 453 1484; x_wconf 85' lang='lat' dir='ltr'>unt,-</span> <span class='ocrx_word' id='word_1_115' title='bbox 482 1416 549 1475; x_wconf 91' lang='lat' dir='ltr'>et</span> <span class='ocrx_word' id='word_1_116' title='bbox 579 1402 850 1485; x_wconf 85' lang='lat' dir='ltr'>dicunt,</span> <span class='ocrx_word' id='word_1_117' title='bbox 886 1417 953 1476; x_wconf 91' lang='lat' dir='ltr'>et</span> <span class='ocrx_word' id='word_1_118' title='bbox 984 1404 1413 1496; x_wconf 87' lang='lat' dir='ltr'>praedicant,</span> <span class='ocrx_word' id='word_1_119' title='bbox 1451 1416 1517 1475; x_wconf 89' lang='lat' dir='ltr'>et</span> <span class='ocrx_word' id='word_1_120' title='bbox 1549 1404 1924 1476; x_wconf 85' lang='lat' dir='ltr'>affirmant.</span> <span class='ocrx_word' id='word_1_121' title='bbox 1967 1411 2101 1477; x_wconf 85' lang='lat' dir='ltr'>Nec</span> <span class='ocrx_word' id='word_1_122' title='bbox 2121 1418 2424 1498; x_wconf 45' lang='lat' dir='ltr'>¹possunt</span> <span class='ocrx_word' id='word_1_123' title='bbox 2454 1407 2790 1500; x_wconf 87' lang='lat' dir='ltr'>adspectu</span> 
     </span>
     <span class='ocr_line' id='line_1_14' title="bbox 220 1491 2786 1594; baseline 0.003 -33"><span class='ocrx_word' id='word_1_124' title='bbox 220 1491 375 1594; x_wconf 65' lang='lat' dir='ltr'>ejus</span> <span class='ocrx_word' id='word_1_125' title='bbox 408 1491 510 1562; x_wconf 91' lang='lat' dir='ltr'>vel</span> <span class='ocrx_word' id='word_1_126' title='bbox 563 1492 811 1564; x_wconf 91' lang='lat' dir='ltr'>auditu</span> <span class='ocrx_word' id='word_1_127' title='bbox 859 1493 1003 1564; x_wconf 91' lang='lat' dir='ltr'>ullo</span> <span class='ocrx_word' id='word_1_128' title='bbox 1053 1493 1258 1565; x_wconf 91' lang='lat' dir='ltr'>modo</span> <span class='ocrx_word' id='word_1_129' title='bbox 1322 1493 1606 1565; x_wconf 83' lang='lat' dir='ltr'>satiari:</span> <span class='ocrx_word' id='word_1_130' title='bbox 1673 1494 1953 1566; x_wconf 86' lang='lat' dir='ltr'>irruunt</span> <span class='ocrx_word' id='word_1_131' title='bbox 2009 1494 2133 1566; x_wconf 87' lang='lat' dir='ltr'>alii</span> <span class='ocrx_word' id='word_1_132' title='bbox 2187 1496 2258 1566; x_wconf 90' lang='lat' dir='ltr'>in</span> <span class='ocrx_word' id='word_1_133' title='bbox 2325 1497 2786 1587; x_wconf 86' lang='lat' dir='ltr'>praesentiam</span> 
     </span>
     <span class='ocr_line' id='line_1_15' title="bbox 222 1580 2790 1676; baseline 0.003 -27"><span class='ocrx_word' id='word_1_134' title='bbox 222 1601 427 1670; x_wconf 83' lang='lat' dir='ltr'>eJus:</span> <span class='ocrx_word' id='word_1_135' title='bbox 480 1580 627 1665; x_wconf 89' lang='lat' dir='ltr'>alii,</span> <span class='ocrx_word' id='word_1_136' title='bbox 663 1582 884 1653; x_wconf 89' lang='lat' dir='ltr'>donec</span> <span class='ocrx_word' id='word_1_137' title='bbox 929 1597 1146 1665; x_wconf 80' lang='lat' dir='ltr'>exeat,</span> <span class='ocrx_word' id='word_1_138' title='bbox 1202 1604 1366 1673; x_wconf 88' lang='lat' dir='ltr'>prae</span> <span class='ocrx_word' id='word_1_139' title='bbox 1408 1582 1678 1654; x_wconf 83' lang='lat' dir='ltr'>foribus</span> <span class='ocrx_word' id='word_1_140' title='bbox 1717 1583 2248 1676; x_wconf 85' lang='lat' dir='ltr'>praestolantur.</span> <span class='ocrx_word' id='word_1_141' title='bbox 2303 1590 2655 1658; x_wconf 81' lang='lat' dir='ltr'>Cessatum</span> <span class='ocrx_word' id='word_1_142' title='bbox 2687 1598 2790 1657; x_wconf 89' lang='lat' dir='ltr'>est</span> 
     </span>
     <span class='ocr_line' id='line_1_16' title="bbox 221 1670 2791 1775; baseline 0.003 -36"><span class='ocrx_word' id='word_1_143' title='bbox 221 1671 311 1741; x_wconf 91' lang='lat' dir='ltr'>ab</span> <span class='ocrx_word' id='word_1_144' title='bbox 358 1670 607 1742; x_wconf 86' lang='lat' dir='ltr'>officiis</span> <span class='ocrx_word' id='word_1_145' title='bbox 669 1683 735 1741; x_wconf 90' lang='lat' dir='ltr'>et</span> <span class='ocrx_word' id='word_1_146' title='bbox 778 1671 1073 1743; x_wconf 82' lang='lat' dir='ltr'>artibus:</span> <span class='ocrx_word' id='word_1_147' title='bbox 1126 1685 1266 1743; x_wconf 88' lang='lat' dir='ltr'>tota</span> <span class='ocrx_word' id='word_1_148' title='bbox 1322 1671 1566 1743; x_wconf 90' lang='lat' dir='ltr'>civitas</span> <span class='ocrx_word' id='word_1_149' title='bbox 1619 1673 1688 1743; x_wconf 93' lang='lat' dir='ltr'>in</span> <span class='ocrx_word' id='word_1_150' title='bbox 1752 1673 1884 1744; x_wconf 89' lang='lat' dir='ltr'>hoc</span> <span class='ocrx_word' id='word_1_151' title='bbox 1923 1673 2396 1775; x_wconf 77' lang='lat' dir='ltr'>spectaculum</span> <span class='ocrx_word' id='word_1_152' title='bbox 2448 1696 2791 1768; x_wconf 82' lang='lat' dir='ltr'>suspensa</span> 
     </span>
     <span class='ocr_line' id='line_1_17' title="bbox 221 1760 2790 1856; baseline 0.002 -27"><span class='ocrx_word' id='word_1_153' title='bbox 221 1771 347 1829; x_wconf 93' lang='lat' dir='ltr'>est.</span> <span class='ocrx_word' id='word_1_154' title='bbox 402 1764 878 1843; x_wconf 81' lang='lat' dir='ltr'>Concurrunt,</span> <span class='ocrx_word' id='word_1_155' title='bbox 932 1760 1287 1853; x_wconf 88' lang='lat' dir='ltr'>postulant</span> <span class='ocrx_word' id='word_1_156' title='bbox 1331 1760 1700 1832; x_wconf 82' lang='lat' dir='ltr'>benedici:</span> <span class='ocrx_word' id='word_1_157' title='bbox 1753 1773 1820 1833; x_wconf 93' lang='lat' dir='ltr'>et</span> <span class='ocrx_word' id='word_1_158' title='bbox 1867 1762 2174 1854; x_wconf 78' lang='lat' dir='ltr'>tetigisse</span> <span class='ocrx_word' id='word_1_159' title='bbox 2225 1785 2385 1834; x_wconf 88' lang='lat' dir='ltr'>eum</span> <span class='ocrx_word' id='word_1_160' title='bbox 2420 1818 2436 1846; x_wconf 94' lang='lat'>,</span> <span class='ocrx_word' id='word_1_161' title='bbox 2487 1764 2790 1856; x_wconf 78' lang='lat' dir='ltr'>singulis</span> 
     </span>
     <span class='ocr_line' id='line_1_18' title="bbox 224 1847 2286 1921; baseline 0.002 -3"><span class='ocrx_word' id='word_1_162' title='bbox 224 1847 529 1920; x_wconf 89' lang='lat' dir='ltr'>salutare</span> <span class='ocrx_word' id='word_1_163' title='bbox 563 1848 858 1921; x_wconf 87' lang='lat' dir='ltr'>videtur.</span> <span class='ocrx_word' id='word_1_164' title='bbox 2279 1887 2286 1902; x_wconf 82' lang='lat'><strong>·</strong></span> 
     </span>
    </p>

    <p class='ocr_par' dir='ltr' id='par_1_4' title="bbox 222 1937 2800 4527">
     <span class='ocr_line' id='line_1_19' title="bbox 313 1937 2790 2025; baseline 0 -14"><span class='ocrx_word' id='word_1_165' title='bbox 313 1939 351 2025; x_wconf 67' lang='grc' dir='ltr'><strong>ἓ</strong></span> <span class='ocrx_word' id='word_1_166' title='bbox 401 1943 561 2011; x_wconf 76' lang='grc'>10.</span> <span class='ocrx_word' id='word_1_167' title='bbox 614 1939 840 2009; x_wconf 88' lang='lat' dir='ltr'>Tertia</span> <span class='ocrx_word' id='word_1_168' title='bbox 893 1937 1006 2009; x_wconf 91' lang='lat' dir='ltr'>die</span> <span class='ocrx_word' id='word_1_169' title='bbox 1052 1938 1141 2008; x_wconf 88' lang='lat' dir='ltr'>ad</span> <span class='ocrx_word' id='word_1_170' title='bbox 1190 1937 1556 2009; x_wconf 85' lang='lat' dir='ltr'>ecclesiam</span> <span class='ocrx_word' id='word_1_171' title='bbox 1623 1940 1847 2010; x_wconf 88' lang='lat' dir='ltr'>sancti</span> <span class='ocrx_word' id='word_1_172' title='bbox 1894 1939 2263 2021; x_wconf 79' lang='lat' dir='ltr'>Ambrosii,</span> <span class='ocrx_word' id='word_1_173' title='bbox 2312 1940 2551 2011; x_wconf 89' lang='lat' dir='ltr'>divina</span> <span class='ocrx_word' id='word_1_174' title='bbox 2614 1942 2790 2012; x_wconf 51' lang='lat' dir='ltr'>cele*</span> 
     </span>
     <span class='ocr_line' id='line_1_20' title="bbox 222 2025 2791 2120; baseline 0.002 -25"><span class='ocrx_word' id='word_1_175' title='bbox 222 2025 555 2098; x_wconf 85' lang='lat' dir='ltr'>braturus</span> <span class='ocrx_word' id='word_1_176' title='bbox 604 2027 929 2118; x_wconf 85' lang='lat' dir='ltr'>mysteria</span> <span class='ocrx_word' id='word_1_177' title='bbox 963 2049 1203 2099; x_wconf 89' lang='lat' dir='ltr'>servus</span> <span class='ocrx_word' id='word_1_178' title='bbox 1237 2028 1355 2098; x_wconf 87' lang='lat' dir='ltr'>Dei</span> <span class='ocrx_word' id='word_1_179' title='bbox 1406 2028 1737 2120; x_wconf 84' lang='lat' dir='ltr'>procedit.</span> <span class='ocrx_word' id='word_1_180' title='bbox 1803 2028 1929 2098; x_wconf 89' lang='lat' dir='ltr'>Ubi</span> <span class='ocrx_word' id='word_1_181' title='bbox 1972 2041 2374 2120; x_wconf 77' lang='lat' dir='ltr'>expectante</span> <span class='ocrx_word' id='word_1_182' title='bbox 2423 2030 2791 2101; x_wconf 81' lang='lat' dir='ltr'>innumera</span> 
     </span>
     <span class='ocr_line' id='line_1_21' title="bbox 225 2115 2792 2208; baseline 0.002 -24"><span class='ocrx_word' id='word_1_183' title='bbox 225 2115 474 2206; x_wconf 93' lang='lat' dir='ltr'>populi</span> <span class='ocrx_word' id='word_1_184' title='bbox 522 2116 988 2194; x_wconf 87' lang='lat' dir='ltr'>multitudine,</span> <span class='ocrx_word' id='word_1_185' title='bbox 1044 2117 1224 2187; x_wconf 89' lang='lat' dir='ltr'>inter</span> <span class='ocrx_word' id='word_1_186' title='bbox 1270 2116 1583 2208; x_wconf 88' lang='lat' dir='ltr'>ipsarum</span> <span class='ocrx_word' id='word_1_187' title='bbox 1620 2117 1988 2189; x_wconf 76' lang='lat' dir='ltr'>Missurum</span> <span class='ocrx_word' id='word_1_188' title='bbox 2040 2117 2402 2201; x_wconf 87' lang='lat' dir='ltr'>solemnia,</span> <span class='ocrx_word' id='word_1_189' title='bbox 2438 2118 2608 2190; x_wconf 91' lang='lat' dir='ltr'>dum</span> <span class='ocrx_word' id='word_1_190' title='bbox 2657 2119 2792 2191; x_wconf 90' lang='lat' dir='ltr'>cle·</span> 
     </span>
     <span class='ocr_line' id='line_1_22' title="bbox 229 2203 2786 2297; baseline 0.003 -24"><span class='ocrx_word' id='word_1_191' title='bbox 229 2203 397 2274; x_wconf 86' lang='lat' dir='ltr'>ricis</span> <span class='ocrx_word' id='word_1_192' title='bbox 429 2206 870 2277; x_wconf 85' lang='lat' dir='ltr'>cernentibus</span> <span class='ocrx_word' id='word_1_193' title='bbox 911 2207 1060 2296; x_wconf 90' lang='lat' dir='ltr'>ipse</span> <span class='ocrx_word' id='word_1_194' title='bbox 1093 2227 1294 2278; x_wconf 88' lang='lat' dir='ltr'>secus</span> <span class='ocrx_word' id='word_1_195' title='bbox 1332 2206 1547 2277; x_wconf 87' lang='lat' dir='ltr'>altare</span> <span class='ocrx_word' id='word_1_196' title='bbox 1599 2206 1887 2288; x_wconf 85' lang='lat' dir='ltr'>sederet,</span> <span class='ocrx_word' id='word_1_197' title='bbox 1951 2205 2311 2296; x_wconf 76' lang='lat' dir='ltr'>parvulam</span> <span class='ocrx_word' id='word_1_198' title='bbox 2363 2207 2426 2276; x_wconf 92' lang='lat' dir='ltr'>ei</span> <span class='ocrx_word' id='word_1_199' title='bbox 2484 2208 2786 2297; x_wconf 89' lang='lat' dir='ltr'>puellam</span> 
     </span>
     <span class='ocr_line' id='line_1_23' title="bbox 228 2293 2793 2386; baseline 0.002 -23"><span class='ocrx_word' id='word_1_200' title='bbox 228 2293 609 2377; x_wconf 85' lang='lat' dir='ltr'>offerentes,</span> <span class='ocrx_word' id='word_1_201' title='bbox 663 2317 875 2384; x_wconf 87' lang='lat' dir='ltr'>quam</span> <span class='ocrx_word' id='word_1_202' title='bbox 931 2294 1315 2366; x_wconf 78' lang='lat' dir='ltr'>vehementi</span> <span class='ocrx_word' id='word_1_203' title='bbox 1379 2295 1643 2386; x_wconf 88' lang='lat' dir='ltr'>impetu</span> <span class='ocrx_word' id='word_1_204' title='bbox 1708 2296 1991 2366; x_wconf 82' lang='lat' dir='ltr'>vexabat</span> <span class='ocrx_word' id='word_1_205' title='bbox 2046 2294 2413 2377; x_wconf 89' lang='lat' dir='ltr'>diabolus,</span> <span class='ocrx_word' id='word_1_206' title='bbox 2464 2310 2669 2367; x_wconf 89' lang='lat' dir='ltr'>orant</span> <span class='ocrx_word' id='word_1_207' title='bbox 2715 2310 2793 2369; x_wconf 92' lang='lat' dir='ltr'>ut</span> 
     </span>
     <span class='ocr_line' id='line_1_24' title="bbox 229 2381 2793 2466; baseline 0.002 -15"><span class='ocrx_word' id='word_1_208' title='bbox 229 2381 536 2453; x_wconf 78' lang='lat' dir='ltr'>misellae</span> <span class='ocrx_word' id='word_1_209' title='bbox 584 2384 971 2466; x_wconf 88' lang='lat' dir='ltr'>subveniat,</span> <span class='ocrx_word' id='word_1_210' title='bbox 1014 2396 1081 2454; x_wconf 91' lang='lat' dir='ltr'>et</span> <span class='ocrx_word' id='word_1_211' title='bbox 1125 2382 1485 2455; x_wconf 89' lang='lat' dir='ltr'>diabolum</span> <span class='ocrx_word' id='word_1_212' title='bbox 1528 2384 1599 2452; x_wconf 93' lang='lat' dir='ltr'>in</span> <span class='ocrx_word' id='word_1_213' title='bbox 1649 2406 1729 2454; x_wconf 90' lang='lat' dir='ltr'>ea</span> <span class='ocrx_word' id='word_1_214' title='bbox 1778 2383 2321 2454; x_wconf 80' lang='lat' dir='ltr'>debacchantem</span> <span class='ocrx_word' id='word_1_215' title='bbox 2368 2384 2603 2456; x_wconf 82' lang='lat' dir='ltr'>elidat.</span> <span class='ocrx_word' id='word_1_216' title='bbox 2654 2390 2793 2457; x_wconf 80' lang='lat' dir='ltr'>Au-</span> 
     </span>
     <span class='ocr_line' id='line_1_25' title="bbox 227 2469 2790 2576; baseline 0.002 -36"><span class='ocrx_word' id='word_1_217' title='bbox 227 2469 369 2542; x_wconf 90' lang='lat' dir='ltr'>dita</span> <span class='ocrx_word' id='word_1_218' title='bbox 404 2473 915 2565; x_wconf 85' lang='lat' dir='ltr'>supplicatione</span> <span class='ocrx_word' id='word_1_219' title='bbox 963 2472 1414 2557; x_wconf 88' lang='lat' dir='ltr'>adstantium,</span> <span class='ocrx_word' id='word_1_220' title='bbox 1469 2471 1767 2545; x_wconf 86' lang='lat' dir='ltr'>intuitus</span> <span class='ocrx_word' id='word_1_221' title='bbox 1811 2495 2184 2576; x_wconf 89' lang='lat' dir='ltr'>personam</span> <span class='ocrx_word' id='word_1_222' title='bbox 2229 2472 2557 2545; x_wconf 83' lang='lat' dir='ltr'>dentibus</span> <span class='ocrx_word' id='word_1_223' title='bbox 2605 2473 2790 2544; x_wconf 58' lang='lat' dir='ltr'>frea-v</span> 
     </span>
     <span class='ocr_line' id='line_1_26' title="bbox 230 2560 2792 2646; baseline 0.002 -17"><span class='ocrx_word' id='word_1_224' title='bbox 230 2560 507 2632; x_wconf 87' lang='lat' dir='ltr'>dentem</span> <span class='ocrx_word' id='word_1_225' title='bbox 555 2576 623 2634; x_wconf 90' lang='lat' dir='ltr'>et</span> <span class='ocrx_word' id='word_1_226' title='bbox 650 2562 1084 2646; x_wconf 89' lang='lat' dir='ltr'>stridentem,</span> <span class='ocrx_word' id='word_1_227' title='bbox 1132 2575 1210 2633; x_wconf 88' lang='lat' dir='ltr'>ut</span> <span class='ocrx_word' id='word_1_228' title='bbox 1266 2564 1472 2633; x_wconf 88' lang='lat' dir='ltr'>etiam</span> <span class='ocrx_word' id='word_1_229' title='bbox 1532 2563 1967 2634; x_wconf 78' lang='lat' dir='ltr'>intuentibus</span> <span class='ocrx_word' id='word_1_230' title='bbox 2005 2575 2184 2633; x_wconf 86' lang='lat' dir='ltr'>esset</span> <span class='ocrx_word' id='word_1_231' title='bbox 2232 2561 2549 2634; x_wconf 87' lang='lat' dir='ltr'>horrori:</span> <span class='ocrx_word' id='word_1_232' title='bbox 2600 2586 2792 2634; x_wconf 88' lang='lat' dir='ltr'>com-</span> 
     </span>
     <span class='ocr_line' id='line_1_27' title="bbox 227 2651 2786 2741; baseline 0.001 -22"><span class='ocrx_word' id='word_1_233' title='bbox 227 2672 480 2741; x_wconf 83' lang='lat' dir='ltr'>passus</span> <span class='ocrx_word' id='word_1_234' title='bbox 538 2665 643 2722; x_wconf 88' lang='lat' dir='ltr'>est</span> <span class='ocrx_word' id='word_1_235' title='bbox 689 2652 943 2731; x_wconf 88' lang='lat' dir='ltr'>aetati,</span> <span class='ocrx_word' id='word_1_236' title='bbox 1009 2666 1075 2721; x_wconf 86' lang='lat' dir='ltr'>et</span> <span class='ocrx_word' id='word_1_237' title='bbox 1152 2651 1625 2722; x_wconf 84' lang='lat' dir='ltr'>vehementiae</span> <span class='ocrx_word' id='word_1_238' title='bbox 1699 2652 2064 2722; x_wconf 82' lang='lat' dir='ltr'>anxietatis</span> <span class='ocrx_word' id='word_1_239' title='bbox 2129 2651 2326 2722; x_wconf 88' lang='lat' dir='ltr'>illius</span> <span class='ocrx_word' id='word_1_240' title='bbox 2404 2652 2786 2723; x_wconf 90' lang='lat' dir='ltr'>condoluit.</span> 
     </span>
     <span class='ocr_line' id='line_1_28' title="bbox 228 2740 2785 2831; baseline 0.001 -22"><span class='ocrx_word' id='word_1_241' title='bbox 228 2743 554 2809; x_wconf 77' lang='lat' dir='ltr'>Batenam</span> <span class='ocrx_word' id='word_1_242' title='bbox 588 2740 804 2831; x_wconf 80' lang='lat' dir='ltr'>igitur</span> <span class='ocrx_word' id='word_1_243' title='bbox 847 2740 1111 2823; x_wconf 78' lang='lat' dir='ltr'>caliciS,</span> <span class='ocrx_word' id='word_1_244' title='bbox 1166 2741 1234 2811; x_wconf 90' lang='lat' dir='ltr'>in</span> <span class='ocrx_word' id='word_1_245' title='bbox 1285 2762 1424 2830; x_wconf 93' lang='lat' dir='ltr'>quo</span> <span class='ocrx_word' id='word_1_246' title='bbox 1471 2740 1709 2811; x_wconf 89' lang='lat' dir='ltr'>divina</span> <span class='ocrx_word' id='word_1_247' title='bbox 1750 2740 2227 2813; x_wconf 86' lang='lat' dir='ltr'>celebraturus</span> <span class='ocrx_word' id='word_1_248' title='bbox 2258 2752 2405 2811; x_wconf 88' lang='lat' dir='ltr'>erat</span> <span class='ocrx_word' id='word_1_249' title='bbox 2436 2743 2785 2831; x_wconf 80' lang='lat' dir='ltr'>mysteria,</span> 
     </span>
     <span class='ocr_line' id='line_1_29' title="bbox 229 2829 2793 2921; baseline 0.002 -23"><span class='ocrx_word' id='word_1_250' title='bbox 229 2829 580 2917; x_wconf 85' lang='lat' dir='ltr'>postulat:</span> <span class='ocrx_word' id='word_1_251' title='bbox 647 2831 718 2899; x_wconf 90' lang='lat' dir='ltr'>in</span> <span class='ocrx_word' id='word_1_252' title='bbox 777 2851 916 2919; x_wconf 92' lang='lat' dir='ltr'>qua</span> <span class='ocrx_word' id='word_1_253' title='bbox 964 2829 1033 2899; x_wconf 93' lang='lat' dir='ltr'>di</span> <span class='ocrx_word' id='word_1_254' title='bbox 1088 2830 1201 2901; x_wconf 87' lang='lat' dir='ltr'>itis</span> <span class='ocrx_word' id='word_1_255' title='bbox 1248 2830 1617 2921; x_wconf 88' lang='lat' dir='ltr'>superfuso</span> <span class='ocrx_word' id='word_1_256' title='bbox 1683 2829 1924 2911; x_wconf 72' lang='lat' dir='ltr'>latice,</span> <span class='ocrx_word' id='word_1_257' title='bbox 1978 2830 2158 2900; x_wconf 87' lang='lat' dir='ltr'>intra</span> <span class='ocrx_word' id='word_1_258' title='bbox 2210 2851 2282 2900; x_wconf 90' lang='lat' dir='ltr'>se</span> <span class='ocrx_word' id='word_1_259' title='bbox 2343 2852 2547 2900; x_wconf 85' lang='lat' dir='ltr'>orans</span> <span class='ocrx_word' id='word_1_260' title='bbox 2592 2842 2660 2901; x_wconf 89' lang='lat' dir='ltr'>et</span> <span class='ocrx_word' id='word_1_261' title='bbox 2708 2831 2793 2903; x_wconf 90' lang='lat' dir='ltr'>de</span> 
     </span>
     <span class='ocr_line' id='line_1_30' title="bbox 230 2917 2788 3021; baseline 0.002 -36"><span class='ocrx_word' id='word_1_262' title='bbox 230 2917 505 2988; x_wconf 89' lang='lat' dir='ltr'>Domini</span> <span class='ocrx_word' id='word_1_263' title='bbox 546 2917 795 2989; x_wconf 89' lang='lat' dir='ltr'>virtute</span> <span class='ocrx_word' id='word_1_264' title='bbox 841 2918 1024 2990; x_wconf 87' lang='lat' dir='ltr'>confi</span> <span class='ocrx_word' id='word_1_265' title='bbox 1077 2941 1225 3002; x_wconf 90' lang='lat' dir='ltr'>ens,</span> <span class='ocrx_word' id='word_1_266' title='bbox 1284 2919 1388 2989; x_wconf 88' lang='lat' dir='ltr'>ori</span> <span class='ocrx_word' id='word_1_267' title='bbox 1430 2918 1711 3021; x_wconf 88' lang='lat' dir='ltr'>puellae</span> <span class='ocrx_word' id='word_1_268' title='bbox 1757 2918 2107 2989; x_wconf 84' lang='lat' dir='ltr'>salubrem</span> <span class='ocrx_word' id='word_1_269' title='bbox 2165 2931 2407 3009; x_wconf 88' lang='lat' dir='ltr'>potum</span> <span class='ocrx_word' id='word_1_270' title='bbox 2460 2919 2788 3011; x_wconf 90' lang='lat' dir='ltr'>applicat,</span> 
     </span>
     <span class='ocr_line' id='line_1_31' title="bbox 228 3007 2794 3098; baseline 0.001 -23"><span class='ocrx_word' id='word_1_271' title='bbox 228 3018 295 3076; x_wconf 88' lang='lat' dir='ltr'>et</span> <span class='ocrx_word' id='word_1_272' title='bbox 339 3007 617 3098; x_wconf 90' lang='lat' dir='ltr'>corpori</span> <span class='ocrx_word' id='word_1_273' title='bbox 661 3008 814 3098; x_wconf 87' lang='lat' dir='ltr'>ejus</span> <span class='ocrx_word' id='word_1_274' title='bbox 874 3007 1130 3078; x_wconf 89' lang='lat' dir='ltr'>stillam</span> <span class='ocrx_word' id='word_1_275' title='bbox 1195 3008 1678 3078; x_wconf 77' lang='lat' dir='ltr'>medicinalem</span> <span class='ocrx_word' id='word_1_276' title='bbox 1729 3008 2059 3078; x_wconf 90' lang='lat' dir='ltr'>infundit.</span> <span class='ocrx_word' id='word_1_277' title='bbox 2112 3012 2246 3080; x_wconf 89' lang='lat' dir='ltr'>Nec</span> <span class='ocrx_word' id='word_1_278' title='bbox 2289 3028 2525 3087; x_wconf 85' lang='lat' dir='ltr'>mora:</span> <span class='ocrx_word' id='word_1_279' title='bbox 2591 3010 2794 3096; x_wconf 89' lang='lat' dir='ltr'>quasi</span> 
     </span>
     <span class='ocr_line' id='line_1_32' title="bbox 227 3095 2794 3187; baseline 0.001 -22"><span class='ocrx_word' id='word_1_280' title='bbox 227 3108 551 3167; x_wconf 91' lang='lat' dir='ltr'>ureretur</span> <span class='ocrx_word' id='word_1_281' title='bbox 587 3107 885 3180; x_wconf 85' lang='lat' dir='ltr'>satanas,</span> <span class='ocrx_word' id='word_1_282' title='bbox 940 3095 1312 3169; x_wconf 83' lang='lat' dir='ltr'>infusionis</span> <span class='ocrx_word' id='word_1_283' title='bbox 1345 3096 1537 3167; x_wconf 89' lang='lat' dir='ltr'>illius</span> <span class='ocrx_word' id='word_1_284' title='bbox 1585 3097 1907 3168; x_wconf 89' lang='lat' dir='ltr'>virtutem</span> <span class='ocrx_word' id='word_1_285' title='bbox 1948 3097 2124 3167; x_wconf 88' lang='lat' dir='ltr'>ferre</span> <span class='ocrx_word' id='word_1_286' title='bbox 2172 3118 2307 3167; x_wconf 92' lang='lat' dir='ltr'>non</span> <span class='ocrx_word' id='word_1_287' title='bbox 2363 3097 2619 3187; x_wconf 88' lang='lat' dir='ltr'>potuit:</span> <span class='ocrx_word' id='word_1_288' title='bbox 2673 3097 2794 3168; x_wconf 81' lang='lat' dir='ltr'>sed</span> 
     </span>
     <span class='ocr_line' id='line_1_33' title="bbox 227 3185 2796 3279; baseline 0.002 -26"><span class='ocrx_word' id='word_1_289' title='bbox 227 3197 520 3276; x_wconf 84' lang='lat' dir='ltr'>urgente</span> <span class='ocrx_word' id='word_1_290' title='bbox 559 3185 981 3258; x_wconf 87' lang='lat' dir='ltr'>intrinsecus</span> <span class='ocrx_word' id='word_1_291' title='bbox 1025 3186 1261 3256; x_wconf 89' lang='lat' dir='ltr'>Crucis</span> <span class='ocrx_word' id='word_1_292' title='bbox 1297 3185 1629 3269; x_wconf 89' lang='lat' dir='ltr'>antidot0,</span> <span class='ocrx_word' id='word_1_293' title='bbox 1667 3186 2073 3257; x_wconf 82' lang='lat' dir='ltr'>festinanter</span> <span class='ocrx_word' id='word_1_294' title='bbox 2103 3185 2494 3279; x_wconf 79' lang='lat' dir='ltr'>egrediens,</span> <span class='ocrx_word' id='word_1_295' title='bbox 2530 3188 2796 3257; x_wconf 80' lang='lat' dir='ltr'>vomitu</span> 
     </span>
     <span class='ocr_line' id='line_1_34' title="bbox 230 3273 2795 3378; baseline 0.002 -36"><span class='ocrx_word' id='word_1_296' title='bbox 230 3273 715 3347; x_wconf 88' lang='lat' dir='ltr'>sordidissimo</span> <span class='ocrx_word' id='word_1_297' title='bbox 764 3275 1266 3346; x_wconf 88' lang='lat' dir='ltr'>tremebundus</span> <span class='ocrx_word' id='word_1_298' title='bbox 1324 3275 1577 3365; x_wconf 90' lang='lat' dir='ltr'>erupit.</span> <span class='ocrx_word' id='word_1_299' title='bbox 1633 3276 1744 3346; x_wconf 90' lang='lat' dir='ltr'>Sic</span> <span class='ocrx_word' id='word_1_300' title='bbox 1792 3278 2087 3378; x_wconf 69' lang='lat' dir='ltr'>persona</span> <span class='ocrx_word' id='word_1_301' title='bbox 2143 3287 2462 3366; x_wconf 86' lang='lat' dir='ltr'>purgata,</span> <span class='ocrx_word' id='word_1_302' title='bbox 2517 3275 2795 3351; x_wconf 82' lang='lat' dir='ltr'>diabolo</span> 
     </span>
     <span class='ocr_line' id='line_1_35' title="bbox 231 3362 2795 3466; baseline 0.001 -34"><span class='ocrx_word' id='word_1_303' title='bbox 231 3362 525 3454; x_wconf 82' lang='lat' dir='ltr'>profugo</span> <span class='ocrx_word' id='word_1_304' title='bbox 572 3376 638 3435; x_wconf 89' lang='lat' dir='ltr'>et</span> <span class='ocrx_word' id='word_1_305' title='bbox 675 3364 987 3445; x_wconf 86' lang='lat' dir='ltr'>confuso,</span> <span class='ocrx_word' id='word_1_306' title='bbox 1040 3363 1285 3435; x_wconf 89' lang='lat' dir='ltr'>laudes</span> <span class='ocrx_word' id='word_1_307' title='bbox 1335 3365 1603 3435; x_wconf 89' lang='lat' dir='ltr'>debitas</span> <span class='ocrx_word' id='word_1_308' title='bbox 1658 3377 1846 3436; x_wconf 78' lang='lat' dir='ltr'>canit</span> <span class='ocrx_word' id='word_1_309' title='bbox 1891 3364 2207 3447; x_wconf 88' lang='lat' dir='ltr'>ecclesia,</span> <span class='ocrx_word' id='word_1_310' title='bbox 2259 3376 2327 3435; x_wconf 88' lang='lat' dir='ltr'>et</span> <span class='ocrx_word' id='word_1_311' title='bbox 2380 3378 2535 3466; x_wconf 89' lang='lat' dir='ltr'>post</span> <span class='ocrx_word' id='word_1_312' title='bbox 2567 3365 2795 3435; x_wconf 88' lang='lat' dir='ltr'>acela·</span> 
     </span>
     <span class='ocr_line' id='line_1_36' title="bbox 231 3452 2795 3556; baseline 0.002 -35"><span class='ocrx_word' id='word_1_313' title='bbox 231 3452 571 3523; x_wconf 91' lang='lat' dir='ltr'>mationes</span> <span class='ocrx_word' id='word_1_314' title='bbox 606 3453 1061 3525; x_wconf 88' lang='lat' dir='ltr'>laetabundas</span> <span class='ocrx_word' id='word_1_315' title='bbox 1107 3453 1336 3525; x_wconf 89' lang='lat' dir='ltr'>alacer</span> <span class='ocrx_word' id='word_1_316' title='bbox 1363 3454 1678 3556; x_wconf 81' lang='lat' dir='ltr'>populus</span> <span class='ocrx_word' id='word_1_317' title='bbox 1726 3454 2010 3535; x_wconf 90' lang='lat' dir='ltr'>ibidem,</span> <span class='ocrx_word' id='word_1_318' title='bbox 2065 3454 2285 3523; x_wconf 90' lang='lat' dir='ltr'>donec</span> <span class='ocrx_word' id='word_1_319' title='bbox 2325 3452 2559 3523; x_wconf 70' lang='lat' dir='ltr'>divina</span> <span class='ocrx_word' id='word_1_320' title='bbox 2605 3474 2795 3525; x_wconf 60' lang='lat' dir='ltr'>com*</span> 
     </span>
     <span class='ocr_line' id='line_1_37' title="bbox 231 3541 2796 3633; baseline 0 -22"><span class='ocrx_word' id='word_1_321' title='bbox 231 3541 559 3631; x_wconf 88' lang='lat' dir='ltr'>pleantur</span> <span class='ocrx_word' id='word_1_322' title='bbox 607 3542 973 3633; x_wconf 86' lang='lat' dir='ltr'>mysteria,</span> <span class='ocrx_word' id='word_1_323' title='bbox 1037 3541 1419 3614; x_wconf 75' lang='lat' dir='ltr'>immobilis</span> <span class='ocrx_word' id='word_1_324' title='bbox 1488 3544 1904 3633; x_wconf 79' lang='lat' dir='ltr'>perseverat.</span> <span class='ocrx_word' id='word_1_325' title='bbox 1972 3543 2114 3614; x_wconf 91' lang='lat' dir='ltr'>Sub</span> <span class='ocrx_word' id='word_1_326' title='bbox 2160 3542 2500 3632; x_wconf 86' lang='lat' dir='ltr'>adspectu</span> <span class='ocrx_word' id='word_1_327' title='bbox 2562 3542 2796 3631; x_wconf 88' lang='lat' dir='ltr'>itaque</span> 
     </span>
     <span class='ocr_line' id='line_1_38' title="bbox 230 3630 2794 3722; baseline 0 -21"><span class='ocrx_word' id='word_1_328' title='bbox 230 3631 552 3701; x_wconf 90' lang='lat' dir='ltr'>omnium</span> <span class='ocrx_word' id='word_1_329' title='bbox 585 3630 960 3702; x_wconf 88' lang='lat' dir='ltr'>incolumis</span> <span class='ocrx_word' id='word_1_330' title='bbox 986 3630 1217 3722; x_wconf 89' lang='lat' dir='ltr'>puella</span> <span class='ocrx_word' id='word_1_331' title='bbox 1240 3652 1282 3702; x_wconf 91' lang='lat' dir='ltr'>a</span> <span class='ocrx_word' id='word_1_332' title='bbox 1318 3631 1467 3702; x_wconf 90' lang='lat' dir='ltr'>suis</span> <span class='ocrx_word' id='word_1_333' title='bbox 1499 3630 1786 3702; x_wconf 90' lang='lat' dir='ltr'>domum</span> <span class='ocrx_word' id='word_1_334' title='bbox 1826 3632 2209 3713; x_wconf 82' lang='lat' dir='ltr'>reducitur,</span> <span class='ocrx_word' id='word_1_335' title='bbox 2243 3643 2309 3702; x_wconf 90' lang='lat' dir='ltr'>et</span> <span class='ocrx_word' id='word_1_336' title='bbox 2357 3632 2466 3701; x_wconf 86' lang='lat' dir='ltr'>vix</span> <span class='ocrx_word' id='word_1_337' title='bbox 2517 3631 2794 3701; x_wconf 90' lang='lat' dir='ltr'>tandem</span> 
     </span>
     <span class='ocr_line' id='line_1_39' title="bbox 232 3719 2796 3823; baseline 0 -34"><span class='ocrx_word' id='word_1_338' title='bbox 232 3742 273 3789; x_wconf 91' lang='lat' dir='ltr'>a</span> <span class='ocrx_word' id='word_1_339' title='bbox 324 3719 585 3810; x_wconf 88' lang='lat' dir='ltr'>populo</span> <span class='ocrx_word' id='word_1_340' title='bbox 633 3719 994 3802; x_wconf 88' lang='lat' dir='ltr'>dimissus,</span> <span class='ocrx_word' id='word_1_341' title='bbox 1047 3720 1133 3790; x_wconf 92' lang='lat' dir='ltr'>ad</span> <span class='ocrx_word' id='word_1_342' title='bbox 1185 3720 1563 3823; x_wconf 88' lang='lat' dir='ltr'>hospitium</span> <span class='ocrx_word' id='word_1_343' title='bbox 1614 3721 1720 3790; x_wconf 86' lang='lat' dir='ltr'>vir</span> <span class='ocrx_word' id='word_1_344' title='bbox 1769 3721 1884 3791; x_wconf 89' lang='lat' dir='ltr'>Dei</span> <span class='ocrx_word' id='word_1_345' title='bbox 1925 3721 2307 3791; x_wconf 89' lang='lat' dir='ltr'>revertitur.</span> <span class='ocrx_word' id='word_1_346' title='bbox 2370 3719 2611 3792; x_wconf 84' lang='lat' dir='ltr'>Nescio</span> <span class='ocrx_word' id='word_1_347' title='bbox 2655 3739 2796 3808; x_wconf 87' lang='lat' dir='ltr'>quo</span> 
     </span>
     <span class='ocr_line' id='line_1_40' title="bbox 232 3807 2797 3901; baseline -0.001 -23"><span class='ocrx_word' id='word_1_348' title='bbox 232 3809 353 3878; x_wconf 87' lang='lat' dir='ltr'>Dei</span> <span class='ocrx_word' id='word_1_349' title='bbox 390 3807 687 3901; x_wconf 89' lang='lat' dir='ltr'>judicio,</span> <span class='ocrx_word' id='word_1_350' title='bbox 740 3831 821 3878; x_wconf 89' lang='lat' dir='ltr'>ea</span> <span class='ocrx_word' id='word_1_351' title='bbox 869 3821 1270 3900; x_wconf 89' lang='lat' dir='ltr'>tempestate</span> <span class='ocrx_word' id='word_1_352' title='bbox 1316 3832 1386 3880; x_wconf 79' lang='lat' dir='ltr'>ln</span> <span class='ocrx_word' id='word_1_353' title='bbox 1441 3809 1849 3893; x_wconf 85' lang='lat' dir='ltr'>Mediolano,</span> <span class='ocrx_word' id='word_1_354' title='bbox 1910 3810 2098 3880; x_wconf 81' lang='lat' dir='ltr'>‘uxta</span> <span class='ocrx_word' id='word_1_355' title='bbox 2144 3808 2319 3879; x_wconf 90' lang='lat' dir='ltr'>illud</span> <span class='ocrx_word' id='word_1_356' title='bbox 2371 3809 2591 3881; x_wconf 90' lang='lat' dir='ltr'>Isaiae</span> <span class='ocrx_word' id='word_1_357' title='bbox 2650 3828 2797 3877; x_wconf 87' lang='lat' dir='ltr'>ver·-</span> 
     </span>
     <span class='ocr_line' id='line_1_41' title="bbox 233 3896 2796 3999; baseline 0 -33"><span class='ocrx_word' id='word_1_358' title='bbox 233 3896 402 3967; x_wconf 91' lang='lat' dir='ltr'>bum</span> <span class='ocrx_word' id='word_1_359' title='bbox 450 3898 555 3988; x_wconf 88' lang='lat' dir='ltr'>(C.</span> <span class='ocrx_word' id='word_1_360' title='bbox 593 3898 837 3988; x_wconf 69' lang='grc' dir='ltr'>κων),</span> <span class='ocrx_word' id='word_1_361' title='bbox 888 3898 1097 3999; x_wconf 87' lang='lat' dir='ltr'>pilosi</span> <span class='ocrx_word' id='word_1_362' title='bbox 1144 3898 1579 3993; x_wconf 77' lang='lat' dir='ltr'>clamabant,</span> <span class='ocrx_word' id='word_1_363' title='bbox 1634 3899 1805 3969; x_wconf 87' lang='lat' dir='ltr'>alter</span> <span class='ocrx_word' id='word_1_364' title='bbox 1849 3920 1889 3968; x_wconf 90' lang='lat' dir='ltr'>a</span> <span class='ocrx_word' id='word_1_365' title='bbox 1987 3898 2308 3979; x_wconf 84' lang='lat' dir='ltr'>alterum,</span> <span class='ocrx_word' id='word_1_366' title='bbox 2361 3910 2434 3968; x_wconf 87' lang='lat' dir='ltr'>et</span> <span class='ocrx_word' id='word_1_367' title='bbox 2475 3918 2796 3967; x_wconf 83' lang='lat' dir='ltr'>occurre-</span> 
     </span>
     <span class='ocr_line' id='line_1_42' title="bbox 237 3984 2798 4076; baseline 0.001 -22"><span class='ocrx_word' id='word_1_368' title='bbox 237 3984 407 4055; x_wconf 85' lang='lat' dir='ltr'>bant</span> <span class='ocrx_word' id='word_1_369' title='bbox 455 4000 944 4059; x_wconf 78' lang='lat' dir='ltr'>onocentauris</span> <span class='ocrx_word' id='word_1_370' title='bbox 982 3987 1391 4071; x_wconf 87' lang='lat' dir='ltr'>daemonia,</span> <span class='ocrx_word' id='word_1_371' title='bbox 1442 4000 1510 4058; x_wconf 88' lang='lat' dir='ltr'>et</span> <span class='ocrx_word' id='word_1_372' title='bbox 1554 3987 1916 4072; x_wconf 39' lang='lat' dir='ltr'>effrenatis⁸</span> <span class='ocrx_word' id='word_1_373' title='bbox 1952 3986 2392 4058; x_wconf 87' lang='lat' dir='ltr'>discursibus</span> <span class='ocrx_word' id='word_1_374' title='bbox 2457 3984 2798 4076; x_wconf 84' lang='lat' dir='ltr'>plurimos</span> 
     </span>
     <span class='ocr_line' id='line_1_43' title="bbox 239 4073 2800 4165; baseline 0.002 -23"><span class='ocrx_word' id='word_1_375' title='bbox 239 4073 862 4159; x_wconf 87' lang='lat' dir='ltr'>infestabant‚-nec</span> <span class='ocrx_word' id='word_1_376' title='bbox 899 4089 1068 4159; x_wconf 90' lang='lat' dir='ltr'>erat,</span> <span class='ocrx_word' id='word_1_377' title='bbox 1120 4077 1247 4165; x_wconf 87' lang='lat' dir='ltr'>qui</span> <span class='ocrx_word' id='word_1_378' title='bbox 1292 4076 1704 4149; x_wconf 82' lang='lat' dir='ltr'>insolentiae</span> <span class='ocrx_word' id='word_1_379' title='bbox 1750 4097 1989 4147; x_wconf 88' lang='lat' dir='ltr'>eorum</span> <span class='ocrx_word' id='word_1_380' title='bbox 2041 4076 2410 4157; x_wconf 77' lang='lat' dir='ltr'>resisteret,</span> <span class='ocrx_word' id='word_1_381' title='bbox 2463 4096 2625 4145; x_wconf 88' lang='lat' dir='ltr'>cum</span> <span class='ocrx_word' id='word_1_382' title='bbox 2673 4074 2800 4147; x_wconf 89' lang='lat' dir='ltr'>diu</span> 
     </span>
     <span class='ocr_line' id='line_1_44' title="bbox 239 4162 2799 4256; baseline 0.001 -24"><span class='ocrx_word' id='word_1_383' title='bbox 239 4162 374 4232; x_wconf 92' lang='lat' dir='ltr'>sub</span> <span class='ocrx_word' id='word_1_384' title='bbox 417 4164 720 4236; x_wconf 79' lang='lat' dir='ltr'>Anselmi</span> <span class='ocrx_word' id='word_1_385' title='bbox 769 4164 1166 4247; x_wconf 87' lang='lat' dir='ltr'>schismate,</span> <span class='ocrx_word' id='word_1_386' title='bbox 1256 4166 1333 4236; x_wconf 92' lang='lat' dir='ltr'>ui</span> <span class='ocrx_word' id='word_1_387' title='bbox 1370 4166 1550 4236; x_wconf 88' lang='lat' dir='ltr'>Petri</span> <span class='ocrx_word' id='word_1_388' title='bbox 1595 4165 1823 4237; x_wconf 82' lang='lat' dir='ltr'>fautor</span> <span class='ocrx_word' id='word_1_389' title='bbox 1859 4165 2192 4247; x_wconf 80' lang='lat' dir='ltr'>extiterat,</span> <span class='ocrx_word' id='word_1_390' title='bbox 2246 4162 2640 4235; x_wconf 83' lang='lat' dir='ltr'>sacerdotes</span> <span class='ocrx_word' id='word_1_391' title='bbox 2683 4186 2799 4256; x_wconf 74' lang='lat' dir='ltr'>ge-</span> 
     </span>
     <span class='ocr_line' id='line_1_45' title="bbox 241 4187 2800 4346; baseline 0.002 -27"><span class='ocrx_word' id='word_1_392' title='bbox 241 4263 547 4337; x_wconf 86' lang='lat' dir='ltr'>mentes,</span> <span class='ocrx_word' id='word_1_393' title='bbox 615 4254 920 4346; x_wconf 85' lang='lat' dir='ltr'>virgines</span> <span class='ocrx_word' id='word_1_394' title='bbox 975 4187 1375 4344; x_wconf 63' lang='lat' dir='ltr'>squalidae,</span> <span class='ocrx_word' id='word_1_395' title='bbox 1447 4254 2029 4327; x_wconf 87' lang='lat' dir='ltr'>sanctificationes</span> <span class='ocrx_word' id='word_1_396' title='bbox 2079 4253 2531 4335; x_wconf 87' lang='lat' dir='ltr'>maledictae,</span> <span class='ocrx_word' id='word_1_397' title='bbox 2585 4253 2800 4325; x_wconf 82' lang='lat' dir='ltr'>altare</span> 
     </span>
     <span class='ocr_line' id='line_1_46' title="bbox 241 4338 2798 4437; baseline 0.002 -27"><span class='ocrx_word' id='word_1_398' title='bbox 241 4338 614 4431; x_wconf 78' lang='lat' dir='ltr'>pollutum,</span> <span class='ocrx_word' id='word_1_399' title='bbox 669 4343 842 4414; x_wconf 90' lang='lat' dir='ltr'>iram</span> <span class='ocrx_word' id='word_1_400' title='bbox 892 4345 1011 4415; x_wconf 89' lang='lat' dir='ltr'>Dei</span> <span class='ocrx_word' id='word_1_401' title='bbox 1045 4345 1115 4415; x_wconf 90' lang='lat' dir='ltr'>in</span> <span class='ocrx_word' id='word_1_402' title='bbox 1152 4344 1492 4437; x_wconf 89' lang='lat' dir='ltr'>populum</span> <span class='ocrx_word' id='word_1_403' title='bbox 1543 4355 2052 4435; x_wconf 86' lang='lat' dir='ltr'>provocassent.</span> <span class='ocrx_word' id='word_1_404' title='bbox 2089 4348 2167 4414; x_wconf 79' lang='lat' dir='ltr'>At</span> <span class='ocrx_word' id='word_1_405' title='bbox 2206 4344 2468 4414; x_wconf 89' lang='lat' dir='ltr'>veroin</span> <span class='ocrx_word' id='word_1_406' title='bbox 2518 4342 2647 4413; x_wconf 87' lang='lat' dir='ltr'>viri</span> <span class='ocrx_word' id='word_1_407' title='bbox 2680 4345 2798 4415; x_wconf 89' lang='lat' dir='ltr'>Dei</span> 
     </span>
     <span class='ocr_line' id='line_1_47' title="bbox 238 4428 2800 4527; baseline 0.002 -28"><span class='ocrx_word' id='word_1_408' title='bbox 238 4428 567 4515; x_wconf 90' lang='lat' dir='ltr'>adventu,</span> <span class='ocrx_word' id='word_1_409' title='bbox 589 4432 928 4505; x_wconf 90' lang='lat' dir='ltr'>abdicatis</span> <span class='ocrx_word' id='word_1_410' title='bbox 960 4434 1123 4505; x_wconf 89' lang='lat' dir='ltr'>inde</span> <span class='ocrx_word' id='word_1_411' title='bbox 1160 4431 1463 4507; x_wconf 78' lang='lat' dir='ltr'>Anselmi</span> <span class='ocrx_word' id='word_1_412' title='bbox 1493 4432 1907 4526; x_wconf 79' lang='lat' dir='ltr'>praestigiiS,</span> <span class='ocrx_word' id='word_1_413' title='bbox 1938 4445 2006 4506; x_wconf 86' lang='lat' dir='ltr'>et</span> <span class='ocrx_word' id='word_1_414' title='bbox 2031 4433 2118 4505; x_wconf 89' lang='lat' dir='ltr'>ad</span> <span class='ocrx_word' id='word_1_415' title='bbox 2137 4433 2348 4505; x_wconf 78' lang='lat' dir='ltr'>-Sedis</span> <span class='ocrx_word' id='word_1_416' title='bbox 2370 4432 2800 4527; x_wconf 80' lang='lat' dir='ltr'>Apostolicae</span> 
     </span>
    </p>
   </div>
   <div class='ocr_carea' id='block_1_3' title="bbox 406 4551 2631 4617">
    <p class='ocr_par' dir='ltr' id='par_1_5' title="bbox 406 4551 2631 4617">
     <span class='ocr_line' id='line_1_48' title="bbox 406 4551 2631 4617; baseline 0.001 -6"><span class='ocrx_word' id='word_1_417' title='bbox 406 4554 647 4614; x_wconf 77' lang='lat' dir='ltr'>surius</span> <span class='ocrx_word' id='word_1_418' title='bbox 675 4583 699 4599; x_wconf 91' lang='lat'>-</span> <span class='ocrx_word' id='word_1_419' title='bbox 738 4552 902 4616; x_wconf 75' lang='lat' dir='ltr'>Vitae</span> <span class='ocrx_word' id='word_1_420' title='bbox 941 4551 1048 4617; x_wconf 90' lang='lat' dir='ltr'>SS.</span> <span class='ocrx_word' id='word_1_421' title='bbox 1081 4586 1105 4600; x_wconf 92' lang='lat'>-</span> <span class='ocrx_word' id='word_1_422' title='bbox 1126 4553 1256 4616; x_wconf 85' lang='lat' dir='ltr'>Vol.</span> <span class='ocrx_word' id='word_1_423' title='bbox 1278 4552 1435 4617; x_wconf 85' lang='lat' dir='ltr'>v111.</span> <span class='ocrx_word' id='word_1_424' title='bbox 2557 4554 2631 4613; x_wconf 85' lang='lat'>31</span> 
     </span>
    </p>
   </div>
  </div>
 </body>
</html>
