3308 5004
728 336 813 401 80
1362 353 1442 399 nii
1488 353 1544 400 s.
1596 352 1922 401 Arrnonso
1969 352 2035 399 ii.
2084 354 2163 400 nr
2209 352 2461 401 ticonio
2886 333 3049 400 AUG.
3087 333 3119 398 2

642 435 1058 527 Alphonsus‚
1095 447 1175 505 ut
1219 435 1440 505 civilis
1474 437 1825 526 potestatis
1889 436 2433 508 benevolentiam
2490 459 2653 508 suae
2698 435 3127 526 congregatio-

643 525 717 594 ni
771 524 1191 600 conciliaret.
1243 525 1312 594 id
1366 539 1546 595 certe
1591 538 2005 596 consecutus
2051 540 2175 600 est.
2214 539 2290 595 ut
2338 526 2536 595 illum
2586 526 3121 605 exitialemictum,

642 636 782 701 quo
847 613 1053 704 paulo
1105 625 1253 703 post
1314 614 1608 686 Societas
1667 620 1832 684 Jesu
1896 614 2212 703 perculsa
2265 615 2622 694 occubuit,
2691 637 2729 684 a
2792 613 2929 683 suis
2970 634 3133 681 aver-

645 715 834 772 teret.
909 708 1157 782 Porro»,
1223 724 1360 789 quo
1407 705 1663 773 certius
1731 705 1816 773 ab
1882 704 2165 774 interitu
2220 725 2426 773 suum
2490 704 2878 774 Institutum
2942 700 3134 769 vindi-

643 805 865 872 caret,
940 792 1442 861 exactissimam
1498 794 1570 861 in
1623 792 1867 882 primis
1925 793 2237 862 oninium
2303 792 2722 884 Regularum
2793 789 3135 860 custodiam

644 879 957 971 urgebat;
1001 879 1226 950 dicere
1273 880 1539 964 solitus,
1594 882 1828 950 minus
1875 881 2008 951 sibi
2060 881 2324 951 timoris
2370 904 2518 952 esse
2565 903 2645 952 ex
2677 880 2986 951 omnibus
3028 879 3132 977 ho-

644 969 912 1039 minum
956 969 1513 1056 daemonumque
1563 970 2196 1059 persecutionibuS,
2249 993 2456 1057 quam
2506 992 2586 1040 ex
2630 970 2841 1040 unius
2885 967 2976 1036 vel
3027 987 3137 1033 mi-

645 1058 874 1128 nimae
923 1057 1200 1216 regulae
1250 1057 1585 1148 neglectu.
1632 1062 1883 1142 Quare,
1935 1060 2126 1129 omni
2175 1074 2331 1128 nata
2379 1060 2757 1129 occasione.
2798 1055 3134 1127 circulares

644 1145 904 1218 litteras
950 1169 990 1216 a
1087 1152 1543 1237 Congregatos
1590 1147 1954 1229 scribebat,
2008 1148 2442 1218 vehementer
2488 1170 2603 1219 eos
2648 1148 3039 1224 cohortans,
3081 1153 3143 1212 ut

644 1235 983 1327 regularis
1030 1236 1501 1305 observantiae
1561 1258 1833 1326 semper
1877 1250 2103 1306 essent
2152 1237 2713 1319 retinentissimi,
2779 1248 2980 1322 utque
3014 1254 3143 1302 ora·

644 1324 835 1405 tioni,
892 1324 1264 1394 humilitati
1311 1338 1377 1393 et
1421 1324 1562 1394 zelo
1595 1326 1985 1394 animarum
2023 1348 2295 1394 summe
2343 1326 2714 1407 studerent,
2750 1322 3136 1407 caeterisque

645 1413 1019 1482 virtutibus
1051 1412 1415 1495 universis,
1447 1435 1622 1499 quae
1649 1413 1950 1482 divinam
1988 1414 2185 1483 nobis
2216 1415 2589 1485 conciliant
2610 1412 3139 1484 benedictionem.

737 1504 773 1588 ξ
821 1507 964 1574 14.
1021 1505 1189 1569 Dum
1223 1523 1381 1570 vero
1403 1515 1496 1571 tot
1521 1503 1863 1592 angustiis
1897 1515 2345 1592 premeretur,
2378 1509 2556 1573 Deus
2582 1504 2703 1591 qui
2735 1523 2895 1572 suos
2920 1499 3145 1568 amicos

651 1588 922 1659 duriter
976 1603 1232 1658 tentare
1280 1589 1487 1671 solet,
1548 1590 1892 1678 ejusmodi
1942 1592 2013 1659 in
2067 1613 2222 1660 eum
2267 1592 2556 1662 immisit
2608 1590 3145 1682 aegrotationem,

650 1700 830 1767 quae
876 1679 1312 1768 omnes·ejus
1346 1680 1741 1769 praeteritos
1778 1679 2051 1750 morbos
2098 1693 2162 1749 et
2208 1679 2661 1751 diuturnitate
2706 1693 2773 1750 et
2825 1676 3150 1749 acerbitate

650 1766 947 1836 inultum
1001 1782 1377 1857 superaret.
1444 1773 1586 1837 Hoc
1643 1767 1898 1838 factum
1950 1782 2052 1840 est
2095 1791 2280 1839 anno
2325 1768 3148 1859 unccrxv111.Alphonsus,

650 1855 768 1942 qui
825 1868 987 1924 tunc
1036 1857 1621 1946 septuagesimum
1674 1858 2057 1927 secundum
2108 1881 2273 1928 suae
2321 1860 2558 1928 aetatis
2605 1880 2868 1929 annum
2915 1854 3148 1945 agebat,

655 1944 1068 2013 ischiadicos
1116 1945 1345 2015 subito
1391 1945 1662 2015 dolores
1709 1946 1961 2018 sentire
2008 1948 2269 2036 coepit;
2322 1970 2400 2017 ac
2452 1948 2638 2017 brevi
2689 1946 2969 2017 morbus
3012 1941 3155 2039 adeo

652 2033 963 2113 increvit,
993 2046 1070 2102 ut
1098 2033 1443 2103 horrenda
1470 2048 1706 2105 sancto
1740 2036 1888 2106 seni
1918 2034 2336 2106 inferrentur
2374 2037 2746 2126 supplicia.
2795 2028 3155 2104 Arthritidis
3233 2066 3234 2073 κ

651 2121 1009 2192 doloribus
1060 2144 1213 2192 mox
1258 2146 1332 2193 se
1376 2123 1693 2212 adjunxit
1740 2124 1944 2194 ardor
1973 2123 2294 2194 febrium.
2339 2124 2593 2195 Malum
2643 2124 2827 2214 quod
2884 2122 3157 2213 primum

655 2209 871 2280 solam
925 2211 1216 2280 ischiam
1266 2225 1333 2281 et
1370 2235 1570 2281 crura
1622 2213 1981 2292 affecerat,
2035 2213 2118 2281 ad
2179 2235 2419 2283 omnes
2466 2213 2623 2282 dein
2674 2211 2979 2303 corporis
3013 2210 3159 2298 jun-

650 2312 883 2369 cturas
936 2301 1346 2390 proserpsit,
1401 2302 1739 2372 maximos
1787 2324 2019 2372 secum
2068 2301 2329 2389 ubique
2375 2303 2761 2392 importans
2809 2300 3155 2395 cruciatus.

648 2388 841 2457 Brevi
887 2401 1059 2479 post,
1099 2390 1642 2459 rheumatismus
1676 2392 1969 2479 pervasit
1999 2392 2365 2471 vertebraS,
2404 2403 2470 2460 et
2509 2392 2742 2478 ipsum
2777 2399 3161 2481 aegrotantis

651 2490 862 2568 caput
908 2477 1077 2548 adeo
1126 2479 1408 2562 inflexit,
1447 2493 1521 2550 ut
1556 2480 1811 2570 pectori
1847 2494 2154 2550 mentum
2203 2480 2727 2551 admoveretur:
2780 2502 2913 2569 qua
2952 2476 3166 2575 adinq-

652 2567 836 2637 tione
888 2569 1143 2657 pectori
1204 2569 1421 2639 altum
1485 2580 1691 2656 atque
1746 2570 2271 2640 acerbissimum
2321 2569 2575 2640 vulnus
2640 2593 2679 2639 a
2729 2570 2980 2640 barbae
3027 2562 3166 2655 pilis

653 2656 921 2725 illatum
973 2670 1096 2737 est,
1151 2681 1231 2727 ac
1282 2659 1400 2728 toti
1448 2658 1720 2748 corpori
1770 2671 1956 2727 tanta
2003 2658 2367 2740 contorsio,
2403 2671 2480 2729 ut
2526 2658 2801 2740 exhinc,
2845 2659 2903 2728 si
2934 2668 3167 2741 atergo

652 2745 1094 2814 miserandus
1142 2768 1345 2816 senex
1393 2748 1973 2837 conspiciebatur,
2019 2746 2226 2816 homo
2265 2746 2408 2834 jam
2461 2749 2612 2818 sine
2643 2750 2867 2838 capite
2896 2766 3037 2815 esse
3064 2762 3169 2839 ap-

653 2846 944 2932 pareret.
982 2839 1461 2935 Verumtamen
1490 2857 1631 2936 ·non
1666 2837 1869 2936 cessit
1892 2834 2281 2935 Alphonsus
2312 2836 2628 2906 dolorum
2662 2834 2948 2929 ponderi
2973 2856 2991 2915 ;
3021 2848 3171 2919 quin

654 2934 932 3010 potius,
988 2944 1128 3008 quo
1175 2946 1397 3014 magis
1444 2947 1594 3014 ejus
1642 2938 1992 2994 cruciatus
2052 2939 2513 2995 increscerent
2566 2948 2647 2995 eo
2699 2926 2923 3015 magis
2970 2924 3172 2991 incre-

653 3009 936 3078 scebant
998 3009 1149 3097 ejus
1203 3013 1269 3080 in
1324 3012 1669 3083 Christum
1739 3013 2143 3083 crucifixum
2202 3025 2267 3081 et
2330 3014 2794 3104 perdolentem
2848 3011 3172 3106 Virginem

649 3118 846 3166 amor
877 3120 958 3167 ac
1007 3099 1244 3188 pietas.
1300 3105 1465 3170 Cum
1514 3102 1679 3171 Jesu
1726 3102 1918 3171 cruci
1965 3102 2303 3182 confixus,
2359 3102 2624 3173 felicem
2662 3126 2738 3173 se
2778 3104 2927 3194 ipse
2971 3100 3176 3169 existi-

650 3185 908 3267 mabat,
964 3187 1144 3273 quod
1199 3201 1335 3259 tam
1392 3189 1756 3279 perfectam
1806 3213 1966 3260 cum
2016 3212 2095 3260 eo
2142 3189 2457 3261 dolorum
2495 3191 3027 3261 similitudinem
3068 3186 3175 3255 ha-

652 3276 891 3356 beret;
944 3276 1201 3377 quippe
1236 3334 1252 3358 ,
1313 3279 1491 3347 sicut
1542 3280 1873 3349 Dominus
1923 3280 1992 3348 in
2043 3301 2245 3349 cruce
2275 3334 2290 3361 ,
2344 3281 2439 3350 ita
2484 3293 2551 3350 et
2612 3281 2762 3370 ipse
2827 3275 3180 3366 cujuslibet

652 3377 882 3432 motus
930 3378 1075 3434 erat
1123 3379 1485 3457 impotens.
1541 3369 1671 3436 Diu
1718 3380 2060 3455 noctuque
2108 3369 2176 3436 in
2227 3369 2464 3439 eodem
2519 3370 2730 3439 latere
2784 3369 3076 3444 'acebat,
3122 3371 3180 3429 et

649 3472 856 3521 mane
907 3453 975 3521 in
1026 3454 1261 3523 eodem
1317 3478 1601 3545 prorsus
1651 3456 1812 3538 situ,
1865 3478 2003 3543 quo
2047 3478 2324 3547 vespere
2370 3457 2636 3540 fuerat,
2690 3481 2732 3528 o
2789 3457 3176 3529 endebatur.

650 3541 1119 3632 Quadraginta
1145 3543 1291 3612 dies
1314 3547 1597 3614 morbus
1624 3557 1829 3632 atque
1855 3546 2074 3615 sancti
2095 3546 2234 3615 Viri
2263 3549 2670 3637 martyrium
2702 3547 3177 3637 perdurarunt:

655 3650 794 3716 quo
829 3629 1034 3720 longo
1069 3633 1397 3721 temporis
1444 3634 1690 3723 spatio,
1743 3635 1839 3704 ita
1886 3656 1957 3704 se
2005 3636 2215 3724 gessit
2263 3637 2813 3726 patientissimus
2852 3656 3078 3710 senex,
3118 3638 3188 3698 ut

652 3719 966 3788 omnium
1018 3719 1441 3808 oculisluce
1488 3723 1746 3794 clarius
1796 3724 2248 3794 innotesceret
2295 3725 2469 3794 illud
2520 3724 2824 3816 Apostoli
2873 3725 3182 3794 effatum:

652 3808 964 3880 Charitas
1043 3813 1257 3880 atiena
1287 3822 1403 3892 est,
1444 3813 1757 3882 Charitas
1782 3815 2011 3882 omnia
2037 3815 2291 3914 suffert,
2335 3816 2562 3883 omnia
2587 3816 2877 3884 sustinet
2906 3815 3001 3903 (l.
3050 3814 3184 3881 Gor.

649 3920 789 3979 1111,
844 3903 911 3978 4,
955 3902 993 3967 7
1034 3953 1047 3967 .
1103 3905 1189 3968 Ex
1228 3901 1465 3970 morbo
1515 3902 1788 3971 tandem
1838 3902 2231 3983 convaluit3
2285 3902 2381 3972 ita
2428 3916 2677 3984 tamen,
2731 3917 2812 3972 ut
2862 3902 3187 3987 reliquam

651 4009 816 4057 suae
864 3988 1038 4057 vitae
1087 3989 1732 4079 peregrinationem,
1785 4012 1963 4078 quae
2009 3990 2238 4061 adhuc
2285 3990 2491 4082 longa
2522 3990 2758 4062 futura
2792 4005 2966 4073 erat,
3003 3989 3192 4059 abso-

650 4073 927 4177 luturus
956 4090 1133 4178 esset
1154 4077 1232 4178 ‘in
1270 4078 1507 4149 multis
1552 4080 1934 4162 doloribus,
1980 4080 2329 4150 continuis
2362 4081 2892 4152 infirmitatibus
2925 4103 3007 4151 ac
3045 4096 3192 4167 per-

650 4165 916 4234 acerbis
954 4188 1171 4235 animi
1200 4169 1570 4258 angustiis.

738 4254 964 4353 §.15
1013 4256 1171 4325 Jam
1223 4279 1380 4327 vero
1416 4313 1432 4339 ,
1497 4257 1567 4326 in
1631 4256 2029 4327 admirabili
2091 4257 2421 4360 Alphonsi
2471 4260 2606 4329 vita
2637 4314 2652 4339 ,
2719 4259 2855 4329 hoc
2916 4258 3194 4329 fortasse

649 4360 962 4443 maxime·
989 4343 1476 4444 admirandum
1528 4359 1651 4427 est,
1708 4346 1918 4434 quod,
1973 4346 2130 4417 licet
2179 4348 2567 4418 innumeris
2615 4348 2780 4429 illis,
2827 4370 3007 4436 quas
3040 4345 3196 4413 hac-

648 4440 850 4501 tenus
895 4430 1220 4517 diximus,
1274 4436 1462 4507 curis
1509 4436 1976 4517 distineretur,
2013 4448 2078 4506 et
2107 4435 2243 4506 fere
2283 4437 2631 4508 continuis
2664 4433 3193 4508 infirmitatibus
