3308 5004
180 325 367 410 AUG.
404 326 506 391 ‘28
746 343 830 391 nu
874 343 933 391 s.
982 342 1343 392 Aususrmo
1389 344 1587 392 ausc.
1639 341 1720 394 ιτ
1763 344 1937 394 1ch.
1989 344 2170 394 noct.
2502 330 2621 396 681

181 428 587 505 adveniente
642 426 729 498 ad
772 427 1145 500 Ecclesiam
1203 430 1715 520 Hipponensem
1777 442 1941 500 tunc
2001 431 2297 502 Primate
2359 431 2726 503 Numidiae

182 516 473 606 Eegalio
519 515 899 588 calamensi
933 516 1291 607 Episcopo,
1326 516 1633 604 Valerius
1664 517 1958 590 Antistes
1983 523 2031 588 E
2084 519 2362 610 iscopis,
2398 520 2522 608 qui
2553 520 2727 592 forte

182 620 348 678 tunc
407 605 732 686 aderant,
783 619 849 676 et
897 605 1173 676 Clericis
1239 607 1568 678 omnibus
1614 608 2042 698 Hipponensi
2096 621 2180 679 'us
2244 623 2309 678 et
2366 610 2728 681 universae

233 694 369 765 lebi
416 695 841 784 inopinatam
875 696 1148 765 cunctis
1180 717 1378 765 suam
1416 695 1725 768 insinuat
1764 708 1926 767 tune
1977 696 2439 768 voluntatem:
2495 699 2725 768 omni-

236 805 455 870 usque
523 783 970 854 audientibus
1013 796 1080 854 et
1126 784 1659 873 gratulantibus,
1730 799 1934 872 atque
1980 784 2048 855 id
2132 785 2283 855 fieri
2348 786 2727 875 perficique

180 873 446 963 ingenti
482 870 831 942 desiderio
857 871 1346 951 clamantibus,
1402 874 1886 964 Episcopatum
1930 873 2281 964 suscipere
2312 888 2552 945 contra
2584 899 2726 945 mo-

182 982 329 1034 rem
366 960 737 1042 Ecclesiae,
781 983 907 1031 suo
949 961 1211 1031 vivente
1243 962 1601 1052 EpiscopO,
1661 964 2013 1053 presbyter
2043 963 2468 1053 Augustinus
2531 986 2728 1035 recu-

180 1050 402 1123 sabat.
460 1055 770 1137 Dumque
818 1049 886 1119 id
922 1049 1335 1120 fieri-solere
1372 1052 1461 1120 ab
1521 1052 1850 1123 omnibus
1901 1052 2347 1133 suaderetur,
2401 1066 2607 1140 atque
2657 1053 2727 1122 id

179 1140 429 1232 ignaro
487 1139 971 1210 transmarinis
1017 1153 1084 1208 et
1127 1139 1463 1210 Africanis
1511 1139 1854 1210 Ecclesiae
1907 1139 2239 1230 exemplis
2290 1141 2720 1230 probaretur,

176 1227 590 1317 compulsus
620 1238 824 1315 atque
870 1240 1149 1299 coactus
1182 1229 1573 1302 succubuit.
1607 1243 1674 1299 et
1697 1229 2149 1320 Episcopatus
2178 1252 2443 1308 curam,
2483 1243 2548 1300 et
2581 1253 2729 1300 ma-

172 1317 357 1406 joris
407 1315 537 1386 loci
576 1316 1076 1387 ordinationem
1125 1319 1449 1408 suscepit.
1490 1317 1682 1401 Quod
1735 1319 1802 1388 in
1852 1320 2080 1409 seipso
2123 1331 2362 1408 postea.
2404 1318 2551 1389 fieri
2588 1340 2726 1389 non

178 1405 534 1485 debuisse,
587 1420 665 1476 ut
712 1406 862 1475 vivo
911 1427 1036 1476 suo
1084 1407 1418 1496 Episcopo
1465 1407 1927 1490 ordinaretur,
1978 1420 2043 1478 et
2089 1407 2261 1476 dixit
2307 1419 2373 1477 et
2422 1408 2722 1508 scripsit,

181 1508 470 1587 propter
513 1493 790 1564 concilii
840 1494 1252 1565 universalis
1302 1496 1606 1576 vetitum,
1639 1494 1820 1583 quod
1851 1496 1993 1583 jam
2026 1496 2387 1566 ordinatus
2435 1496 2722 1566 didicit:

179 1606 337 1663 nec,
391 1583 571 1671 quod
624 1583 757 1653 sibi
806 1583 1062 1654 factum
1109 1605 1259 1653 esse
1291 1583 1533 1665 doluit,
1591 1586 1749 1656 aliis
1795 1584 1945 1655 fieri
1991 1583 2228 1655 veluit.
2285 1583 2473 1654 Unde
2520 1586 2728 1655 etiam

180 1672 454 1762 sategit.
510 1686 587 1743 ut
633 1672 947 1743 conciliis
1016 1673 1547 1743 constitueretur
1593 1674 2084 1764 Episcoporum
2115 1727 2130 1753 ,
2183 1674 2270 1743 ab
2317 1673 2730 1744 ordinatori-

178 1761 317 1832 bus
365 1761 598 1830 deberi
647 1760 1055 1831 ordinandis
1103 1761 1203 1830 vel
1239 1762 1596 1843 ordinatis,
1634 1764 1949 1832 omnium
1994 1775 2245 1833 statuta
2293 1761 2728 1833 sacerdotum

180 1850 258 1920 in
294 1850 604 1920 notitiam
653 1872 801 1921 esse
832 1849 1222 1919 deferenda.

266 1941 310 2027 ,ξ
356 1943 453 2007 9.
508 1943 718 2025 Atque
764 1939 856 2008 ita
888 1939 1142 2008 sactum
1191 1951 1315 2020 est,
1369 1953 1445 2009 ut
1492 1939 1907 2030 Episcopatu
1961 1952 2302 2030 suscepto,
2359 1938 2576 2009 multo
2624 1940 2731 2008 in-

184 2027 487 2097 stantius
552 2050 632 2097 ac
685 2027 1058 2097 ferventius
1134 2029 1389 2117 majore
1464 2030 1911 2109 auctoritate,
1978 2050 2113 2099 non
2184 2027 2413 2098 adhuc
2465 2028 2533 2097 in
2587 2052 2728 2099 una
2803 2093 2810 2104 ,

185 2126 455 2185 tantum
508 2137 577 2185 re
628 2115 806 2196 ione,
843 2116 961 2186 sed
1004 2115 1425 2204 ubicumque
1475 2133 1754 2208 rogatus
1786 2117 2100 2198 venisset,
2147 2117 2427 2188 verbum
2482 2118 2729 2188 salutis

182 2218 502 2274 aeternae
530 2138 848 2275 affieriter
893 2227 973 2276 ac
1022 2206 1359 2290 suaviter,
1387 2206 1769 2296 pullulante
1817 2219 2020 2293 atque
2059 2220 2406 2276 crescente
2455 2207 2729 2276 Domini

180 2292 512 2374 EcclesiA,
567 2294 1015 2382 praedicaret,
1069 2307 1347 2382 paratus
1390 2317 1661 2384 semper
1712 2294 2150 2382 poscentibus
2192 2293 2472 2364 reddere
2524 2295 2731 2364 ratio-

179 2402 343 2450 nem
394 2381 642 2456 deiide
688 2395 754 2452 et
785 2405 931 2471 spe,
961 2403 1138 2468 quae
1173 2383 1239 2450 in
1277 2388 1482 2453 Deum
1518 2396 1641 2453 est.
1683 2388 1758 2451 Et
1787 2382 1936 2484 ejus
1963 2383 2144 2452 dicta
2184 2396 2390 2468 atque
2421 2395 2723 2472 excepta,

178 2470 483 2541 maxime
532 2470 920 2543 Donatistae
978 2472 1047 2540 in
1092 2471 1329 2542 eadem
1410 2473 1836 2562 Hipponenst
1914 2471 2010 2542 vel
2066 2470 2288 2540 vicina
2367 2485 2727 2543 manentes

170 2559 474 2640 civitate,
527 2561 612 2631 ad
681 2584 846 2633 suos
892 2562 1264 2650 Episcopus
1310 2560 1728 2630 deferebant.
1784 2565 1968 2642 Quae
2022 2581 2184 2630 cum
2224 2559 2607 2655 audissent,
2662 2574 2728 2631 et

168 2660 461 2719 econtra
506 2650 681 2720 sorte
722 2649 981 2738 aliquid
1019 2650 1346 2730 dicerent,
1384 2662 1505 2718 aut
1562 2672 1603 2719 a
1651 2649 1798 2719 suis
1827 2647 2285 2727 refellebatur,
2320 2661 2440 2718 aut
2485 2650 2729 2720 eadem

169 2760 293 2809 res
339 2739 421 2806 ad
474 2752 787 2808 sanctum
857 2739 1317 2829 Augustinum
1378 2735 1851 2815 deferebatur&
1916 2758 2132 2823 eaque
2179 2751 2555 2827 comperta,
2615 2761 2733 2827 pa-

169 2827 430 2896 tienter
459 2848 539 2895 ac
588 2826 850 2909 leniter,
889 2841 963 2899 ut
991 2828 1322 2916 seriptum
1358 2840 1482 2906 est,
1535 2849 1692 2895 cum
1738 2826 1979 2895 timore
2010 2840 2077 2895 et
2105 2839 2396 2895 tremore
2435 2825 2730 2897 salutem

166 2913 498 2985 omnium
529 2917 977 3005 operabatur:
1032 2915 1434 2995 Ostendens,
1471 2915 1654 3001 quod
1706 2914 1878 2984 nihil
1920 2914 2016 2983 illi
2056 2913 2362 2984 refellere
2391 2914 2732 2986 voluerint

164 3026 258 3075 ac
312 3000 672 3084 valuerint,
705 3024 1053 3092 quamque
1089 3026 1323 3073 verum
1375 3003 1952 3090 manifestumque
2000 3004 2109 3082 sit,
2162 3003 2344 3090 quod
2390 3002 2732 3074 Ecclesiae

164 3091 301 3164 Dei
358 3090 528 3161 fides
587 3106 765 3162 tenet
808 3108 873 3162 et
932 3094 1147 3164 docet.
1203 3098 1281 3161 Et
1328 3091 1493 3161 haec
1540 3092 1787 3163 diebus
1850 3115 1931 3162 ac
1984 3093 2300 3163 noctibus
2349 3092 2436 3162 ab
2484 3090 2725 3162 eodem

155 3180 441 3272 jugiter
484 3182 886 3271 agebantur.
917 3188 1083 3252 Nam
1109 3181 1517 3271 etepistolas
1554 3182 1851 3271 privatas
1883 3181 1969 3251 ad
2020 3200 2497 3269 quoscumque
2543 3181 2733 3283 ejus—

162 3272 339 3341 dem
382 3270 633 3338 erroris
686 3272 1073 3361 Episcopus,
1110 3285 1174 3340 et
1219 3272 1599 3340 eminentes
1647 3270 1911 3341 scilicet
1951 3270 2162 3340 laicos
2212 3269 2421 3349 dedit,
2470 3283 2734 3341 ratione

162 3356 452 3432 reddita
498 3357 896 3431 admonens
954 3374 1159 3445 atque
1214 3359 1580 3429 exhortans
1610 3414 1625 3438 ,
1694 3373 1772 3429 ut
1817 3359 1918 3428 vel
1967 3359 2058 3430 ab
2107 3358 2225 3428 illa
2275 3380 2348 3429 se
2399 3361 2733 3446 pravitate

160 3448 628 3537 corrigerent,
684 3447 781 3515 vel
833 3462 1014 3517 certe
1061 3447 1147 3517 ad
1208 3448 1710 3536 disputationes
1759 3449 2088 3520 venirent.
2144 3447 2251 3517 Illi
2306 3470 2462 3517 vero
2515 3452 2731 3519 causa

162 3535 612 3608 diffidentiae
660 3535 831 3604 nihil
884 3557 1189 3623 unquam
1225 3538 1596 3606 rescribere
1644 3537 2047 3606 voluerunt:
2101 3536 2218 3606 sed
2261 3536 2416 3606 irati
2465 3536 2727 3607 furiosa

163 3626 668 3713 loquebantur,
720 3637 924 3712 atque
964 3625 1391 3696 seductorem
1441 3625 2015 3714 deceptoremque
2048 3626 2442 3696 animarum
2493 3630 2728 3716 Augu-

162 3715 445 3786 stinum
486 3735 660 3794 esse,
697 3727 764 3783 et
811 3714 1125 3805 privatim
1155 3729 1220 3784 et
1269 3713 1542 3804 publice
1564 3713 2114 3794 conclamabant,
2150 3728 2216 3783 et
2256 3713 2437 3782 velut
2483 3713 2729 3803 lupum

166 3802 640 3875 occidendum
689 3824 862 3883 esse,
915 3803 984 3871 in
1035 3802 1499 3874 defensionem
1534 3803 1764 3892 gregis
1812 3802 2072 3872 scilicet
2119 3803 2253 3882 sui,
2307 3801 2630 3871 dicebant
2660 3814 2725 3871 et

170 3890 591 3972 tractabant,
628 3892 1001 3977 omniaque
1082 3907 1311 3962 eccata
1359 3915 1397 3961 a
1431 3897 1561 3962 Deo
1610 3891 2082 3962 indubitanter
2111 3913 2261 3961 esse
2299 3889 2728 3968 credendum

176 4001 387 4069 posse
429 3977 682 4049 dimitti
734 3980 819 4050 iis
865 3981 987 4067 qui
1085 4004 1164 4051 oc
1192 3980 1411 4051 facere
1449 4004 1527 4050 ac
1571 3979 1897 4072 perficere
1928 3980 2327 4070 potuissent,
2363 4000 2486 4049 nec
2517 3983 2728 4049 Deum

173 4069 523 4145 timentes,
565 4090 689 4138 nec
719 4067 1034 4140 homines
1063 4070 1562 4139 erubescentes.
1596 4074 1675 4138 Et
1704 4081 2037 4139 uteorum
2066 4090 2314 4140 causae
2344 4066 2731 4138 diffidentia

167 4157 452 4227 cunctis
499 4158 974 4237 innotesceret,
1025 4157 1440 4228 elaboravit:
1493 4172 1559 4227 et
1595 4157 1895 4249 publicis
1940 4159 2149 4249 gestis
2196 4156 2536 4237 conventi,
2594 4178 2730 4226 non

168 4258 349 4326 sunt
381 4246 534 4315 ausi
581 4244 914 4317 conferre.

265 4334 306 4421 ξ
356 4339 513 4405 10.
568 4334 926 4404 Habebant
972 4335 1175 4404 etiam
1219 4333 1426 4404 iidem
1466 4336 1854 4407 Donatistae
1904 4356 2024 4426 per
2070 4358 2235 4405 suas
2274 4356 2446 4425 pene
2483 4356 2727 4405 omnes

164 4421 511 4496 ecclesias
559 4422 950 4495 inauditum
1001 4424 1368 4496 hominum
1416 4446 1638 4515 genus
1672 4478 1691 4507 ,
1743 4444 2143 4515 perversum
2191 4446 2272 4495 ac
2322 4423 2721 4506 violentum,
