3308 5004
243 341 558 410 Audio
736 359 816 406 nn
865 358 957 407 ss.
1011 359 1126 407 mr.
1181 357 1359 407 slxro
1408 360 1503 406 rr.
1559 360 1636 407 m·
1685 359 2040 410 muanurio
2090 361 2312 410 anm
2580 345 2710 412 239

245 439 539 531 gratiam
590 451 807 520 tuam,
852 451 931 509 ut
976 450 1398 530 cognoscant
1452 439 2002 523 circumstante8‚
2062 442 2247 529 quod
2299 454 2375 513 tu
2422 442 2800 516 consoleris

246 551 478 599 servos
517 539 755 598 tuos»

318 619 370 776 ἓ
420 623 564 690 21.
618 616 870 686 Eadem
920 617 1088 687 hora
1136 638 1325 687 unus
1371 638 1451 686 ex
1485 616 1849 698 militibus,
1891 622 2244 689 Romanus
2277 619 2607 689 nomine*
2655 642 2800 690 cre-

242 706 314 776 di
370 706 422 776 it
457 706 741 777 Domino
787 711 955 776 Jesu
1004 705 1293 786 christu,
1350 704 1575 776 verbis
1623 706 1803 776 beati
1859 707 2209 776 Laurentii
2252 721 2633 808 permotuS,
2691 710 2801 778 di-

242 796 477 883 xitque
522 794 606 864 ad
650 794 893 865 illum:
948 794 1197 864 «Video
1222 806 1380 865 ante
1404 805 1469 865 te
1517 795 1868 866 hominem
1914 795 2465 885 pulcherrimum
2498 810 2795 868 stantem

247 906 407 955 cum
443 883 675 965 linte0,
714 897 780 954 et
832 894 1016 956 exter
1107 897 1290 953 ntem
1342 883 1653 953 membra
1714 897 1854 954 tua.
1913 884 2372 967 Quamobrem
2426 885 2676 975 adjuro
2735 898 2800 957 te

249 995 368 1064 per
415 972 785 1052 Christum,
821 972 943 1060 qui
973 972 1022 1042 ti
1076 972 1098 1041 i
1140 971 1329 1042 misit
1359 971 1695 1063 Angelum
1729 994 1964 1054 suum,
2013 994 2097 1042 ne
2132 995 2242 1043 me
2273 972 2793 1063 derelinquas»

248 1067 416 1133 Tum
468 1061 729 1131 Decius,
761 1061 994 1132 furore
1046 1072 1111 1131 et
1148 1060 1381 1131 dolore
1430 1062 1758 1152 percitus,
1816 1062 1911 1132 ait
1960 1061 2045 1131 ad
2097 1061 2586 1132 Valerianum:
2647 1069 2801 1134 Arte

246 1172 359 1220 ma
413 1150 515 1221 ica
550 1150 712 1220 victi
758 1171 1028 1231 sumus,
1071 1149 1420 1240 jussitque
1446 1151 1720 1221 beatum
1759 1150 2201 1222 Laurentium
2234 1151 2405 1221 solvi
2438 1174 2477 1221 a
2509 1164 2792 1235 catasta,

245 1252 311 1310 et
341 1174 618 1310 effevari.
668 1244 876 1309 Porro
923 1244 1277 1311 Romanus
1325 1261 1609 1309 urceum
1660 1239 1953 1309 afferens
1982 1261 2143 1309 cum
2201 1262 2403 1328 aqua,
2465 1253 2800 1331 opportu-

245 1329 534 1400 nitatem
582 1329 925 1418 captabat,
964 1349 1102 1415 qua
1139 1349 1300 1398 eum
1333 1328 1605 1398 offerret
1636 1328 1835 1398 beato
1869 1329 2257 1399 Laurentio.
2297 1331 2529 1419 Coepit
2566 1342 2798 1399 autem

247 1418 484 1487 animo
531 1429 843 1487 aestuare
899 1417 1166 1497 Decius,
1221 1427 1287 1486 et
1337 1417 1682 1507 praecepit
1739 1417 2016 1487 beatum
2077 1418 2520 1488 Laurentium
2598 1418 2799 1489 reddi

245 1505 622 1597 Hippolyto
662 1518 930 1577 tantum
972 1506 1044 1574 in
1110 1505 1387 1596 palatio.
1437 1511 1608 1575 Tum
1659 1511 2015 1577 Romanus
2055 1507 2384 1588 accessit,
2436 1519 2501 1577 et
2547 1529 2802 1595 aquam

246 1595 564 1678 offerens,
619 1595 807 1665 misit
853 1617 925 1664 se
971 1594 1059 1664 ad
1110 1594 1318 1685 pedes
1381 1594 1564 1664 beati
1612 1594 1983 1677 Laurentii,
2030 1595 2429 1686 rogavitque
2474 1618 2638 1666 cum
2699 1595 2801 1666 la-

246 1684 529 1772 crymis,
580 1696 656 1753 ut
705 1684 1209 1774 baptizaretur.'
1242 1688 1321 1753 Et
1367 1696 1718 1773 acceptam
1751 1706 2002 1771 aquam
2039 1684 2410 1764 benedixit,
2458 1695 2525 1753 et
2573 1684 2803 1774 bapti-

246 1773 424 1842 zavit
470 1794 660 1843 eum.
703 1773 949 1844 Decius
1011 1771 1080 1842 id
1120 1772 1435 1854 audiens,
1493 1772 1709 1842 voluit
1760 1785 1837 1844 ut
1883 1793 2044 1843 cum
2096 1773 2397 1844 fustibus
2443 1772 2579 1863 ipsi
2612 1773 2804 1843 exhi-

247 1862 527 1932 beretur
560 1867 938 1932 Romanus.
978 1861 1111 1944 Qui
1155 1862 1303 1942 ubi,
1344 1861 1414 1930 in
1456 1861 1642 1931 Decii
1675 1873 2123 1951 conspectum
2160 1863 2365 1943 venit,
2418 1862 2626 1932 etiam
2662 1884 2800 1932 non

247 1951 735 2042 interrogatuS,
789 1950 1112 2020 clamavit
1145 1972 1399 2039 magna
1437 1972 1636 2020 voce:
1694 1950 2123 2023 Christianus
2178 1973 2359 2033 sum,
2412 1963 2477 2021 et
2507 1952 2802 2041 jubente

248 2040 476 2121 Decio,
520 2039 757 2109 eadem
796 2039 964 2109 hora
1011 2039 1375 2129 capitalem
1407 2039 1674 2129 excepit
1710 2039 2143 2110 sententiam:
2183 2039 2574 2127 ductusque
2614 2052 2807 2111 extra

248 2141 483 2219 portae
517 2127 816 2198 Salariae
865 2149 1125 2209 muroS,
1178 2126 1558 2200 decollatus
1604 2142 1706 2198 est
1747 2129 1987 2217 quinto
2026 2128 2194 2198 Idus
2234 2129 2550 2220 Augusti.
2606 2129 2806 2198 Venit

251 2229 483 2287 autem
517 2216 833 2288 lustinus
880 2217 1238 2308 presbyter
1269 2229 1498 2298 noctu,
1551 2217 2056 2304 collectumque
2108 2239 2363 2307 corpus
2402 2218 2554 2307 ejus
2604 2239 2800 2308 sepe-

251 2304 400 2375 livit
447 2306 517 2374 in
569 2318 810 2397 crypta
843 2306 914 2375 in
948 2328 1116 2396 agro
1162 2311 1444 2375 verano.

338 2397 376 2481 ξ
427 2400 586 2464 ²².
642 2395 893 2464 Eadem
946 2407 1140 2464 nocte
1181 2389 1386 2482 jussit
1419 2395 1663 2464 Decius
1697 2417 1835 2464 una
1869 2416 2029 2465 cum
2080 2394 2438 2463 Valeriano
2469 2394 2807 2484 praefecto

253 2483 576 2575 apparari
626 2485 760 2555 sibi
811 2483 1113 2554 tribunal
1150 2483 1216 2551 in
1257 2483 1541 2556 thermis
1569 2483 2022 2574 OlympiadiS,
2055 2484 2251 2571 juxta
2302 2481 2580 2554 Salustii
2616 2483 2804 2573 pala-

253 2575 469 2643 tium:
523 2572 610 2642 ad
663 2596 917 2661 easque
966 2585 1172 2643 noctu
1236 2573 1555 2653 veniens,
1613 2573 1965 2643 mandavit
2011 2573 2287 2643 beatum
2355 2574 2802 2642 Laurentium

249 2664 385 2734 sibi
433 2662 684 2733 offerri.
738 2661 1153 2753 Hippolytus
1191 2674 1419 2731 autem
1470 2683 1780 2732 moerore
1810 2663 2117 2741 affectus,
2172 2662 2337 2730 flere
2384 2662 2630 2751 coepit:
2686 2662 2805 2731 cui

250 2756 323 2821 B.
362 2752 774 2822 Laurentius
804 2752 900 2821 ita
948 2750 1163 2821 dixit:
1217 2773 1255 2817 «
1286 2750 1435 2822 Noli
1483 2751 1669 2833 flere,
1745 2751 1865 2822 sed
1916 2750 2170 2821 laetare
2221 2749 2448 2839 potius
2496 2761 2561 2819 et
2609 2762 2793 2832 tace,

247 2839 810 2929 quandoquidem
851 2862 978 2930 ego
1018 2840 1416 2928 proficiscor
1444 2838 1530 2908 ad
1580 2840 1948 2931 gloriam.»
1971 2838 2388 2929 Hippolytus
2418 2838 2535 2908 ait:
2578 2844 2804 2923 Quare

248 2950 374 3020 ego
410 2951 543 2999 non
595 2929 946 3010 vociferor,
1000 2929 1426 2999 Christianus
1457 2951 1638 3008 sum,
1686 2941 1752 2998 et
1806 2943 2025 2998 tecum
2070 2929 2462 2998 occumbo?
2508 2934 2579 2997 Β.
2626 2934 2801 2997 Lau-

252 3019 518 3089 rentius
559 3019 932 3109 respondit:
971 3017 1367 3087 «Absconde
1394 3017 1624 3106 potius
1651 3018 1995 3088 Christum
2032 3017 2099 3086 in
2139 3016 2448 3087 interiori
2477 3017 2799 3086 homine:

250 3119 315 3177 et
361 3130 523 3177 cum
560 3119 708 3197 post
742 3105 1108 3198 paululum
1134 3128 1260 3196 ego
1293 3104 1702 3186 clamaverO,
1743 3107 1908 3176 audi
1944 3119 2009 3176 et
2042 3107 2269 3175 veni.»
2294 3107 2576 3175 Interim
2606 3106 2807 3195 jubet

249 3196 499 3266 Decius
548 3218 752 3266 omne
805 3217 1024 3287 genus
1098 3207 1593 3265 tormentorum
1671 3195 1976 3266 exhiberi
2024 3194 2109 3263 ad
2163 3193 2464 3263 tribunal
2538 3217 2743 3263 suum
2784 3250 2799 3275 ,

250 3284 671 3376 plumbataS,
729 3284 965 3364 fustes,
1005 3283 1327 3365 lamium,
1382 3305 1678 3373 ungueS,
1726 3284 1960 3366 lectOS,
2014 3282 2298 3363 batilla,
2354 3282 2669 3370 seditque
2729 3283 2802 3351 in

253 3373 546 3444 thermis
581 3396 703 3464 pro
752 3372 1110 3443 tribunali.

338 3465 375 3550 ἓ
428 3465 588 3535 28.
642 3462 1021 3532 Adducitur
1049 3474 1276 3531 autem
1316 3470 1512 3530 nocte
1559 3461 1645 3530 ad
1685 3462 1961 3532 Decium
1998 3474 2063 3530 et
2091 3460 2528 3531 Valerianum
2561 3461 2803 3530 beatus

252 3551 685 3631 LaurentiuS,
741 3551 1047 3639 dicitque
1092 3551 1156 3619 ei
1206 3550 1448 3619 Decius
1473 3553 1741 3621 Caesar:
1792 3557 1945 3620 ,lam
1982 3549 2272 3619 facessat
2313 3549 2604 3640 perfidia
2635 3549 2803 3618 artis

253 3642 588 3732 magicae,
644 3653 709 3710 et
752 3641 902 3710 edic
952 3639 1154 3731 nobis
1221 3661 1443 3729 genus
1502 3650 1725 3709 tuum.
1791 3645 1863 3708 Β.
1933 3639 2341 3709 Laurentius
2401 3638 2801 3729 respondit:

257 3751 293 3794 «
323 3729 515 3813 Quod
552 3727 639 3798 ad
688 3751 908 3821 genus
939 3729 1202 3808 attinet,
1255 3728 1609 3815 Hispanus
1670 3749 1863 3797 sum:
1918 3732 2171 3797 Romae
2218 3741 2445 3797 autem
2503 3728 2808 3796 nutritus

257 3829 321 3886 et
360 3817 701 3900 erudituS,
754 3831 959 3906 atque
993 3839 1034 3887 a
1078 3815 1451 3887 cunabulis
1484 3816 1939 3896 Christianus,
1974 3816 2222 3887 doctus
2260 3837 2536 3886 omnem
2581 3814 2806 3902 legem

260 3919 563 3978 sanctam
603 3907 1104 3984 etdivinam.»
1154 3905 1398 3974 Decius
1448 3909 1692 3975 Caesar
1740 3905 1874 3974 ait:
1927 3909 2184 3976 Revera
2240 3905 2573 3982 divinam,
2634 3902 2803 3989 quia

261 4015 383 4064 nec
407 3995 574 4065 deos
597 3996 881 4087 cogitaS,
919 4017 1046 4065 nec
1090 4004 1426 4063 tormenta
1472 3993 1828 4064 formidas
1868 3998 1940 4062 B.
1979 3994 2390 4064 Laurentius
2423 3991 2636 4060 dixit:
2676 3994 2801 4058 «In

263 4086 534 4156 nomine
562 4085 832 4155 Domini
865 4083 1079 4155 nostri
1100 4088 1268 4152 Jesu
1295 4081 1541 4153 Christi
1573 4094 1910 4153 tormenta
1941 4094 2059 4152 tua
2082 4104 2218 4151 non
2248 4084 2537 4151 timeo.»
2564 4079 2807 4149 Decius

258 4176 497 4243 Caesar
542 4171 750 4244 dixit:
793 4172 1118 4243 Sacrifica
1149 4170 1329 4240 diis:
1381 4170 1690 4259 alioquin
1727 4193 1860 4242 nox
1900 4172 2030 4241 ista
2079 4172 2148 4240 in
2192 4183 2256 4240 te
2305 4167 2671 4259 suppliciis
2697 4191 2809 4238 ex-

250 4262 615 4353 pendetur.
668 4267 740 4332 B.
768 4261 1177 4332 Laurentius
1207 4259 1586 4349 respondit:
1615 4266 1796 4332 «Nox
1820 4282 1970 4330 mea
1994 4259 2369 4331 obscurum
2407 4280 2542 4327 non
2571 4258 2800 4336 habet,

252 4351 370 4421 sed
399 4352 637 4422 omnia
662 4352 730 4421 in
768 4351 920 4421 luce
959 4351 1421 4421 clarescunt.»
1451 4354 1623 4419 Tum
1649 4350 1864 4440 Jussit
1896 4349 2140 4420 Decius
2168 4370 2245 4419 os
2272 4348 2424 4438 ejus
2454 4346 2807 4438 lapidibus

306 4469 332 4491 ⁵
358 4469 417 4510 In
441 4471 698 4521 unx-tyrol„
723 4471 839 4517 hert.
857 4471 903 4512 S.
924 4471 1157 4512 Ronanus
1184 4466 1374 4516 martyr.
