3308 5004
173 332 370 399 AUG.
422 332 511 399 20
859 350 939 398 nn
987 350 1043 398 s.
1097 349 1427 399 stantano
1474 351 1616 399 Ana.
1672 350 2053 399 nmmum..
2513 334 2647 401 437

172 456 421 505 eorum
473 434 715 526 religio
747 446 812 505 et
850 434 1090 505 schola
1122 435 1503 526 magisterii
1536 435 1624 506 ab
1674 436 1864 506 omni
1894 457 2004 505 me
2051 435 2293 508 liberet
2339 437 2738 528 suspicione

171 523 389 594 falsi:
444 524 675 595 adhuc
737 524 941 595 etiam
993 524 1077 594 ad
1151 524 1620 595 testimonium
1689 522 1821 596 sibi
1869 525 2219 596 asciscunt
2267 524 2735 617 probabilium

172 613 654 684 auctoritatem
709 634 1188 704 personarum,
1242 618 1290 681 E
1344 613 1737 705 iscoporum
1772 668 1788 695 ,
1840 614 2298 697 clericorum,
2357 615 2736 686 monacho-

173 724 383 772 rum:
421 703 679 790 quibus
716 702 925 772 fidem
954 724 1091 772 non
1124 701 1290 772 adhi
1341 723 1454 771 ere
1494 701 1672 773 nulli
1721 701 2032 773 fidelium
2078 703 2270 773 licet:
2305 725 2733 792 quamquam

173 791 247 860 id
304 792 655 881 superflue
686 792 1003 873 dixerim,
1059 813 1219 862 cum
1285 802 1463 862 totus
1510 814 1591 861 ea
1638 793 1901 862 noverit
1948 791 2281 874 mundus,
2334 804 2399 862 et
2446 793 2735 864 virtutes

174 881 330 982 ejus
365 894 593 951 narret
640 881 869 952 omnis
917 880 1217 951 Ecclesia
1250 892 1647 952 sanctorum
1682 879 1798 950 *...
1855 880 2135 951 Metiens
2184 893 2412 951 tamen
2472 902 2735 951 meme-

183 984 441 1060 tipsum
492 982 557 1039 et
618 971 962 1072 meipsum
1013 991 1426 1060 comparans
1477 969 1692 1051 mihi,
1751 991 2188 1058 nequaquam
2240 981 2448 1040 totam
2518 971 2731 1039 vitam

177 1059 310 1128 viri
361 1059 476 1128 Dei
509 1081 783 1149 suscepi
831 1058 1319 1149 digerendam:
1375 1058 1492 1128 sed
1547 1080 1627 1128 ex
1680 1072 1890 1148 parte,
1955 1059 2418 1149 experimenta
2468 1059 2735 1128 scilicet

177 1148 416 1235 aliqua
449 1148 737 1218 viventis
778 1160 843 1218 et
881 1147 1225 1236 loquentis
1259 1148 1327 1216 in
1356 1169 1436 1217 eo
1467 1147 1737 1226 Christi,
1764 1170 1804 1218 o
1856 1169 1971 1217 era
2000 1147 2339 1235 quaedam
2375 1146 2733 1218 exterioris

175 1259 339 1306 cum
378 1236 783 1308 hominibus
813 1236 1350 1308 conversationis
1379 1236 1553 1324 ejus,
1586 1258 1763 1323 quae
1844 1259 1881 1305 e
1910 1237 2061 1328 ipso
2092 1236 2435 1316 viderunt,
2468 1237 2732 1324 quibus

174 1325 312 1395 hoc
343 1325 581 1397 datum
632 1337 754 1407 est,
808 1338 873 1395 et
922 1347 1045 1395 nos
1091 1346 1366 1413 quoque
1394 1348 1474 1395 ex
1525 1338 1715 1415 parte
1758 1325 2057 1395 vidimus
2106 1339 2171 1395 et
2209 1325 2631 1406 audivimus,
2668 1333 2736 1394 et

179 1436 434 1485 manus
505 1427 775 1485 nostrae
850 1426 1524 1485 contrectaverunt...
1578 1420 1721 1485 Non
1789 1414 2204 1485 invisibilem
2271 1415 2462 1484 illam
2517 1415 2727 1482 vitam

176 1502 470 1574 viventis
516 1516 583 1573 et
630 1504 972 1591 loquentis
1019 1504 1088 1572 in
1139 1526 1218 1573 eo
1272 1503 1514 1573 Christi
1564 1525 1887 1573 enarrare
1960 1503 2327 1594 proposui:
2382 1500 2498 1572 sed
2551 1515 2735 1572 exte-

178 1593 362 1662 riora
411 1592 750 1679 quaedam
801 1593 978 1663 vitae
1046 1592 1271 1683 ipsius
1316 1592 1826 1684 experimenta,
1889 1592 1974 1662 de
2037 1593 2331 1683 puritate
2379 1591 2733 1662 interioris

179 1681 564 1752 sanctitatis
611 1694 676 1752 et
724 1681 1094 1753 invisibilis
1131 1681 1613 1763 conscientiae,
1679 1704 1800 1773 per
1851 1702 2057 1772 opera
2105 1682 2459 1752 exterioris
2508 1681 2735 1751 homi-

181 1771 316 1850 nis,
370 1770 454 1839 ad
507 1792 753 1842 sensus
803 1771 1107 1841 hominis
1144 1771 1507 1841 exteriores
1557 1771 1882 1840 micantia
1916 1792 2138 1858 :quae
2178 1771 2357 1841 sicut
2404 1771 2737 1841 omnibus

180 1859 381 1939 scire,
436 1859 534 1928 sic
582 1861 784 1930 etiam
835 1859 1261 1947 quibuslibet
1309 1872 1687 1946 utcumque
1736 1860 2035 1929 scribere
2083 1861 2153 1929 in
2206 1882 2400 1950 prom
2459 1872 2536 1929 tu
2583 1870 2732 1928 est:

184 1948 583 2048 praesertim
635 1970 793 2018 curn
850 1970 973 2018 nec
1024 1949 1170 2040 ipsa
1210 1949 1409 2035 quasi
1436 1949 1831 2018 accuratius
1880 1948 2278 2040 digerenda,
2316 1970 2386 2018 se
2487 1946 2736 2017 saltem

181 2058 253 2105 in
305 2058 527 2106 unum
578 2037 1009 2127 congerenda
1057 2051 1121 2106 et
1170 2037 1563 2128 reponenda
1612 2038 2059 2128 susceperim,
2125 2060 2247 2107 nec
2295 2034 2562 2107 edenda
2625 2034 2731 2102 vi-

181 2138 381 2195 vente
430 2126 604 2216 ipso,
661 2127 842 2197 sicut
878 2148 1002 2196 nec
1053 2127 1454 2196 scribuntur
1503 2127 1652 2216 ipso
1701 2127 1979 2196 sciente.
2034 2127 2315 2197 Confido
2363 2140 2594 2198 autem
2657 2124 2733 2193 in

181 2215 496 2296 Domin0,
543 2216 869 2302 quoniam
905 2227 1055 2306 post
1091 2236 1214 2286 nos
1243 2227 1309 2284 et
1360 2227 1510 2306 post
1555 2215 1819 2285 obitum
1871 2216 2021 2306 ejus
2050 2229 2406 2306 exurgent,
2437 2215 2561 2303 qui
2594 2234 2736 2282 me-

183 2301 323 2372 lius
368 2326 447 2373 ac
495 2303 777 2394 dignius
828 2304 1221 2394 perficient,
1287 2303 1470 2391 quod
1524 2325 1650 2375 nos
1717 2305 1941 2374 conati
1991 2326 2279 2375 sumus:
2333 2293 2455 2392 qui
2518 2303 2732 2373 etiam

186 2392 518 2461 exteriora
567 2393 1008 2463 interioribus
1055 2397 1456 2483 comparare
1505 2404 1846 2482 poterunt,
1903 2406 1970 2463 et
2019 2393 2382 2483 pretiosam
2436 2394 2507 2461 in
2557 2412 2735 2461 con-

184 2492 423 2572 spectu
476 2482 745 2552 Domini
797 2495 1080 2552 mortem
1117 2482 1292 2570 ejus,
1329 2483 1502 2553 vitae
1551 2481 1849 2553 similem
1881 2482 2286 2553 continuare
2332 2478 2727 2561 scribend0‚

183 2584 249 2641 et
295 2570 381 2641 de
426 2571 562 2641 vita
614 2584 925 2652 mortem,
991 2584 1059 2641 et
1103 2571 1190 2641 de
1237 2585 1453 2642 morte
1500 2572 1705 2641 vitam
1757 2571 2265 2642 commendare.
2316 2573 2476 2642 Jam
2535 2590 2729 2660 ergo,

171 2660 459 2751 juvante
509 2661 817 2732 Domino.
876 2660 1304 2751 propositum
1355 2660 1869 2751 aggrediamur.

271 2752 465 2819 Lmssa
510 2754 560 2817 Ι.
598 2750 635 2836 ξ
681 2754 757 2820 1.
810 2749 1198 2820 Bernardus
1225 2770 1387 2840 ergo
1423 2749 1859 2840 Burgundiae
1886 2749 2142 2840 oppido
2188 2748 2529 2819 oriundus
2567 2746 2721 2826 suit,

184 2838 591 2927 parentibus
639 2837 845 2908 claris
895 2838 1279 2908 secundum
1350 2838 1752 2929 dignitatem
1804 2838 2067 2921 seculi,
2122 2838 2238 2909 sed
2287 2836 2730 2929 dignioribus

182 2947 263 2994 ac
312 2926 771 2998 nobilioribus
821 2927 1203 2997 secundum
1256 2926 1679 2997 Christianae
1730 2928 2082 3017 religionis
2134 2928 2476 3028 pietatem.
2530 2932 2727 2995 Pater

182 3014 333 3104 ejus
381 3015 767 3086 Tesselmus
811 3015 940 3105 (α),
993 3017 1097 3085 vir
1143 3016 1465 3102 antiquae
1494 3029 1561 3086 et
1607 3016 1954 3107 legitimae
2001 3016 2286 3086 militiae
2317 3016 2467 3098 suit,
2507 3014 2736 3085 cultor

185 3104 351 3186 Dei,
396 3104 706 3195 justitiae
775 3116 996 3174 tenax.
1050 3104 1530 3194 Evangelicam
1612 3126 1911 3193 namque
1971 3104 2354 3176 secundum
2417 3104 2735 3175 instituta

185 3194 661 3265 Praecursoris
696 3194 990 3276 Domini,
1030 3194 1346 3263 militiam
1398 3215 1631 3284 agens,
1688 3194 2035 3264 neminem
2084 3193 2553 3275 concutiebat,
2615 3212 2738 3260 ne·

185 3281 358 3349 mini
408 3280 700 3352 faciebat
746 3282 1198 3361 calumniam,
1262 3296 1625 3353 contentus
1675 3283 2042 3373 stipendiis
2087 3283 2275 3357 suis,
2320 3284 2580 3371 quibus
2643 3278 2738 3349 ad

184 3391 391 3439 omne
439 3391 616 3462 opus
662 3371 922 3441 bonum
957 3370 1404 3442 abundabat:
1441 3384 1507 3441 et
1553 3372 1652 3442 sic
1700 3371 1988 3441 consilio
2026 3385 2090 3442 et
2139 3372 2352 3442 armis
2399 3370 2743 3442 serviebat

185 3457 489 3529 dominis
520 3460 667 3531 suis
716 3458 1235 3550 temporalibus,
1289 3473 1366 3530 ut
1412 3460 1615 3531 etiam
1671 3461 1956 3531 Domino
1983 3466 2116 3531 Deo
2163 3483 2289 3532 suo
2336 3482 2471 3530 non
2518 3457 2743 3549 negli-

184 3562 365 3636 geret
419 3548 705 3618 reddere
752 3548 934 3636 quod
980 3548 1293 3620 debebat.
1335 3555 1543 3620 Mater
1588 3549 1804 3632 Aleth,
1857 3572 1937 3620 ex
1995 3561 2242 3632 castro,
2311 3550 2428 3620 cui
2481 3566 2738 3619 nomen

184 3640 377 3705 Mons
416 3641 693 3719 BarruS,
744 3650 810 3707 et
848 3638 999 3728 ipsa
1048 3638 1118 3707 in
1153 3637 1395 3708 ordine
1434 3660 1561 3710 suo
1609 3639 2062 3730 Apostolicam
2101 3638 2408 3729 regulam
2463 3650 2732 3715 tenens,

187 3724 464 3795 subdita
512 3726 682 3807 viro,
739 3727 871 3796 sub
924 3747 1004 3797 eo
1051 3726 1433 3797 secundum
1505 3728 1819 3797 timorem
1873 3728 1989 3796 Dei
2036 3727 2322 3797 domum
2374 3747 2572 3796 suam
2625 3745 2737 3792 re-

187 3814 411 3905 gebat,
465 3812 790 3905 operibus
864 3815 1380 3886 misericordiae
1434 3817 1803 3898 insistens,
1872 3828 1939 3885 et
2014 3816 2195 3885 filios
2257 3815 2613 3886 enutriens
2660 3811 2734 3880 in

186 3903 374 3973 omni
415 3903 811 3994 disciplina.
848 3907 1117 3995 Septem
1154 3906 1413 3994 quippe
1454 3905 1706 3975 liberos
1736 3905 1998 3995 genuit,
2037 3925 2173 3973 non
2226 3915 2359 3974 tam
2406 3903 2550 3972 viro
2577 3921 2730 3980 suo,

185 4013 393 4080 quam
445 3997 623 4062 Deo:
678 4015 794 4062 sex
842 4014 1068 4063 mares
1099 4047 1114 4073 ‚
1169 3992 1538 4063 foeminam
1607 4015 1867 4063 unam:
1933 4014 2157 4065 mares
2201 4013 2443 4062 omnes
2492 4010 2736 4089 mona-

187 4081 353 4152 chos
384 4080 674 4161 futuros,
732 4093 798 4151 et
843 4080 1214 4152 foeminam
1279 4082 1900 4152 sanctimonialem.
1954 4086 2086 4151 Deo
2136 4102 2456 4168 namque,
2508 4091 2588 4149 ut
2626 4077 2737 4147 dt-

186 4183 373 4240 ctum
407 4183 530 4252 est,
584 4191 720 4240 non
771 4169 1006 4242 seculo
1037 4191 1402 4263 generans,
1454 4171 1770 4262 singulos
1821 4192 1974 4240 mox
2022 4182 2098 4240 ut
2146 4182 2346 4261 partu
2392 4168 2732 4248 ediderat,

240 4316 264 4341 ⁸
293 4313 381 4355 Vix
409 4313 657 4365 quisquam
686 4312 774 4369 (nit
800 4312 1126 4367 Habilloniua)
1154 4315 1430 4357 Sanctorum
1459 4316 1546 4361 est,
1574 4316 1659 4366 qui
1687 4314 1758 4355 tot
1786 4324 1944 4355 retum
1975 4324 2166 4355 suarum
2195 4316 2433 4365 gestarum
2462 4322 2733 4364 praecones,

187 4372 378 4418 tamque
398 4367 593 4410 eximios
613 4370 661 4409 et:
680 4369 903 4419 probatae
923 4367 1033 4410 fidei
1053 4367 1312 4419 scriptores
1332 4366 1567 4408 habuerit.

238 4419 304 4472 ta)
324 4419 429 4462 Siva
448 4424 732 4463 'raucelinus
749 4424 1001 4471 Fontanus,
1019 4424 1222 4473 proximi
1241 4420 1432 4463 Diviont
1448 4421 1639 4473 (ῡϋωω,
1657 4418 1806 4463 nobili
1827 4422 2124 4472 Burgundiae
2145 4423 2326 4462 Ducum
2344 4420 2459 4467 sedi.
2473 4418 2748 4467 nutrimen

190 4475 354 4516 incola
371 4477 509 4517 modo
529 4480 646 4523 erat,
664 4477 746 4517 sed
765 4474 998 4518 dominun.
