3308 5004
632 288 760 353 752
1416 304 1494 351 nx
1543 305 1600 352 s.
1652 303 1816 352 Rosa
1864 302 2032 352 vmo.
2085 302 2215 351 uu.
2769 285 2957 352 AUG.
3010 286 3117 353 30

548 391 810 481 optime
875 387 1271 480 intelligens
1332 388 1766 459 sobrietatem
1837 387 2082 459 docere
2151 386 2564 480 sapientiam
2600 398 2691 458 'et
2745 388 3115 472 virtutem,

549 480 807 568 quibus
844 477 1014 548 nihil
1048 476 1291 547 utilius
1339 490 1441 547 est
1484 477 1554 546 in
1604 477 1742 548 vita
1790 476 2240 548 hominibus:
2291 489 2712 569 quapropter
2744 478 3125 568 jeJunium

548 568 779 638 adhuc
814 566 1099 657 parvula
1145 566 1243 638 sic
1284 566 1596 648 servavit,
1640 579 1721 636 ut
1756 566 1946 635 omni
1981 588 2054 636 se
2092 565 2444 638 fructuum
2475 587 2602 636 esu
2634 566 3121 650 interdiceret,

551 678 729 747 quos
761 656 898 725 sibi
927 655 1218 725 donatos
1253 677 1408 725 mox
1441 654 1597 726 aliis
1632 654 2074 745 largiebatur.

640 754 679 826 ἓ
730 751 817 819 4.
873 750 951 814 In
989 744 1582 815 hebdomadarum
1635 744 1857 835 spatia
1906 743 2348 835 protrahebat
2384 742 2735 826 inediam;
2785 764 3130 831 quaeque

553 835 621 904 in
673 834 1062 925 puerilibus
1101 833 1305 903 annis
1356 832 1701 923 insignem
1752 845 2148 903 exercuerat
2192 832 2723 914 abstinentiam,
2776 832 3128 904 monialis

549 936 783 1016 postea
835 944 985 1010 eam
1038 921 1314 992 sibimet
1358 921 1726 1014 jejunandi
1777 922 1995 1013 legem
2046 921 2340 1003 indixit,
2391 943 2570 1010 quae
2627 920 2832 1012 plane
2885 943 3124 1012 supra

555 1025 876 1082 naturam
910 1023 1111 1081 esset.
1141 1016 1306 1081 Nam
1343 1013 1648 1102 integras
1671 1010 2244 1112 quadragesimas
2268 1008 2689 1102 transigebat
2716 1010 2865 1080 sine
2894 1032 3119 1102 pane;

555 1101 799 1171 dietim
835 1101 1072 1188 quinis
1126 1099 1484 1169 dumtaxat
1522 1120 1713 1169 aurei
1754 1100 1919 1170 mali
1959 1099 2273 1191 granulis
2310 1100 2381 1168 in
2438 1099 2842 1169 memoriam
2892 1100 3126 1187 quin-

553 1211 690 1277 que
740 1189 1108 1260 vulnerum
1160 1189 1409 1258 Christi
1457 1209 1605 1259 sese
1652 1187 2053 1271 reficiebat;
2106 1201 2365 1279 septem
2416 1209 2574 1257 vero
2622 1187 2977 1258 mensium
3031 1211 3123 1258 ex

554 1278 835 1349 Ordinis
860 1279 970 1347 sui
1012 1279 1433 1368 praescripto
1470 1277 1823 1367 jejunium
1850 1300 1889 1347 a
1921 1277 2088 1349 festo
2120 1282 2186 1348 S.
2231 1275 2468 1348 Crucis
2506 1276 2851 1361 Exaltatae
2878 1297 3123 1365 usque

554 1368 636 1436 ad
674 1367 938 1437 Pascha
986 1368 1085 1437 sic
1132 1365 1558 1450 observabat,
1610 1380 1689 1436 ut
1738 1367 2015 1437 nonnisi
2060 1366 2145 1436 ad
2203 1388 2313 1435 ves
2408 1387 2553 1436 ram
2600 1367 2850 1456 exigua
2900 1367 3123 1455 panis

554 1456 820 1526 vilioris
859 1455 1156 1537 bucella,
1212 1456 1606 1543 haustuque
1653 1454 1947 1546 frigidae
1984 1477 2203 1544 aquae
2233 1477 2305 1526 se
2356 1468 2501 1525 aret
2539 1454 2814 1524 famem.
2857 1459 3111 1546 Saepe,

557 1567 640 1614 ac
691 1545 1062 1635 praecipue
1095 1546 1303 1615 sextis
1357 1544 1547 1614 feriis
1571 1598 1587 1625 ,
1641 1545 1952 1636 palatum
1990 1559 2057 1614 et
2094 1544 2354 1614 viscera
2402 1543 2758 1615 cruciabat
2795 1543 2957 1614 felle
2999 1566 3120 1614 ve-

559 1634 871 1716 ruccino,
906 1632 1089 1721 quod
1129 1634 1198 1702 in
1240 1633 1430 1703 hunc
1477 1655 1682 1703 usum
1723 1632 2024 1725 potabile
2064 1632 2399 1715 servabat,
2453 1645 2533 1703 ut
2577 1632 2824 1711 Christi
2872 1634 2993 1703 sui
3041 1634 3117 1703 in

556 1744 761 1793 cruce
809 1722 1144 1794 sitibundi
1203 1733 1510 1813 gustaret
1562 1723 2009 1814 spongiam...
2065 1721 2355 1806 Quando
2399 1719 2829 1791 obedientiae
2890 1723 2960 1790 vi
3023 1720 3111 1792 ad

558 1812 792 1881 carnis
843 1832 1037 1880 esum
1089 1811 1508 1902 cogebatur,
1562 1811 1760 1881 duris
1808 1834 1839 1880 s
1892 1810 2389 1902 mptomatibus
2434 1808 2733 1898 torqueri
2783 1810 2931 1880 visa
2980 1823 3106 1892 est,

559 1922 685 1969 nec
717 1900 1014 1988 quietem
1051 1900 1344 1991 primam
1385 1901 1770 1990 reparabat,
1813 1834 2032 1971 dyonec
2071 1899 2157 1969 ad
2201 1900 2567 1993 pristinam
2614 1898 3109 1969 abstinentiam

561 1988 738 2058 laeta
789 1987 1010 2057 redire
1070 1988 1599 2079 permitteretur.
1656 1989 1764 2058 Sic
1811 1987 2109 2077 denique
2156 2002 2425 2059 assueta
2466 1987 2759 2080 je'uniis
2807 1999 2977 2068 erat,
3031 1997 3108 2056 ut

559 2075 715 2166 ejus
757 2076 1200 2147 creberrimis
1262 2076 1786 2148 infirmitatibus
1835 2077 2109 2148 nullum
2167 2076 2356 2147 aliud
2401 2100 2522 2169 pro
2573 2089 2753 2148 esset
2800 2076 3104 2147 medica-

561 2178 870 2235 mentum
923 2186 1135 2253 quam
1190 2166 1392 2257 panis
1438 2180 1505 2236 et
1549 2188 1777 2254 aqua,
1836 2167 1937 2238 sic
1992 2167 2178 2261 enim
2233 2166 2466 2236 divina
2522 2165 2746 2257 gratia
2799 2179 2996 2236 curat
3037 2175 3105 2233 et

560 2266 779 2326 sanat.

649 2346 687 2431 δ
732 2347 821 2415 ὅ.
876 2348 959 2412 Ut
1006 2343 1406 2432 loqueretur
1444 2344 1784 2424 victorias,
1825 2343 2167 2416 mirabilis
2198 2343 2332 2414 fuit
2363 2345 2435 2414 in
2467 2349 2647 2414 Rosa
2686 2341 3085 2421 obedientia,

568 2446 713 2502 tum
744 2431 814 2499 in
856 2432 1230 2521 sequendis
1262 2432 1480 2502 divini
1521 2432 1759 2525 sponsi
1793 2432 2147 2512 tractibuS,
2191 2433 2451 2522 quibus
2478 2454 2628 2504 eam
2666 2454 2788 2525 per
2815 2448 3086 2500 arcanas

563 2521 944 2592 sanctitatis
992 2523 1273 2592 semitas
1334 2522 1403 2591 in
1453 2535 1968 2614 unguentorum
2027 2544 2309 2593 suorum
2370 2535 2752 2593 currentem
2816 2519 3077 2589 odorem

565 2609 898 2690 trahebat,
941 2623 1083 2680 tum
1144 2612 1212 2679 in
1262 2610 1480 2681 durae
1530 2626 1596 2681 et
1637 2611 1832 2680 rudis
1880 2611 2121 2681 matris
2169 2612 2554 2703 praeceptis
2596 2604 3078 2700 adimplendis,

562 2698 825 2786 quibus
852 2720 1005 2769 eam
1039 2721 1119 2769 ex
1158 2699 1446 2770 adverso
1485 2700 1568 2769 ad
1622 2699 1839 2769 seculi
1880 2720 2105 2791 nugas
2134 2712 2200 2769 et
2231 2722 2444 2770 vanos
2481 2699 2783 2792 corporis
2812 2707 3091 2767 ornatus

567 2787 1013 2879 impellebat;
1067 2789 1136 2857 in
1175 2793 1364 2860 tanta
1410 2789 1595 2859 enim
1638 2787 2113 2880 oppositorum
2167 2789 2653 2860 mandatorum
2690 2785 3090 2864 diversitate,

566 2890 710 2946 arte
747 2876 1068 2948 excelluit
1100 2877 1473 2969 plusquam
1506 2877 1841 2958 humana,
1895 2898 2030 2947 non
2067 2878 2452 2949 aberrando
2502 2899 2723 2965 neque
2766 2875 2853 2947 ad
2887 2874 3102 2973 dexte-

571 2988 714 3036 ram
753 2986 975 3053 neque
1007 2966 1093 3036 ad
1153 2967 1532 3036 sinistram.
1585 2967 1764 3036 Hinc
1807 2967 2000 3049 novit
2046 2967 2115 3036 in
2158 2967 2481 3057 florigero
2506 2979 2710 3048 sert0,
2761 2986 2925 3036 vera
2967 2962 3101 3032 filia

566 3054 975 3135 Jerusalem,
1024 3056 1227 3144 jussa
1274 3054 1449 3125 illud
1488 3055 1697 3146 capiti
1752 3055 2129 3155 imponere,
2167 3055 2392 3126 celare
2422 3078 2626 3127 acum
2668 3067 2981 3146 tempora
3021 3051 3098 3119 fi-

569 3155 866 3246 gentem,
906 3164 1043 3213 non
1096 3143 1319 3215 solum
1357 3143 1630 3226 intuita,
1671 3142 1790 3214 sed
1843 3144 2106 3214 imitata
2140 3166 2378 3214 verum
2422 3167 2649 3237 regem
2691 3146 3107 3216 Salomonem

567 3255 641 3301 m
671 3231 1052 3303 diademate
1082 3254 1212 3324 quo
1242 3235 1580 3303 coronavit
1610 3255 1762 3303 eum
1790 3243 2012 3302 mater
2035 3233 2195 3303 sua.
2241 3233 2798 3305 chirothecarum
2839 3249 3111 3303 suaveo-

570 3320 857 3389 lentium
897 3322 964 3389 in
1000 3321 1327 3392 manibus
1357 3322 1843 3413 obtemperans
1873 3320 2156 3394 admisit
2179 3322 2538 3405 amictum,
2572 3343 2611 3392 e
2639 3321 2913 3410 quibus
2947 3318 3116 3390 adu-

572 3408 859 3479 stionem
902 3430 1130 3480 veram
1164 3421 1464 3501 experta,
1504 3410 1672 3481 dum
1708 3431 1825 3480 eas
1858 3408 2115 3512 abjicit,
2159 3409 2331 3481 vidit
2376 3411 2763 3503 promicare
2795 3410 3116 3481 flammas

570 3507 636 3569 et
670 3508 883 3567 totum
918 3497 1261 3569 collucere
1305 3499 1737 3570 cubiculum.
1790 3498 2102 3577 Pellibus,
2126 3500 2216 3571 ab
2254 3500 2409 3592 ipsa
2456 3499 2793 3591 genitrice
2842 3521 2969 3591 pro
3014 3518 3120 3567 re·

575 3585 883 3676 paranda
911 3586 1302 3658 valetudine
1328 3587 1832 3679 circumligatis
1865 3610 2139 3659 summe
2163 3591 2492 3672 cruciata,
2515 3588 2731 3660 silens
2753 3599 2822 3658 et
2853 3587 3122 3680 patiens

573 3675 926 3756 sustinuit,
972 3676 1178 3747 vitam
1215 3677 1445 3769 potius
1474 3698 1683 3766 quam
1716 3676 2176 3749 obedientiam
2220 3677 2504 3769 perdere
2550 3689 2835 3768 parata;
2872 3678 2939 3746 in
2970 3694 3120 3744 om-

574 3763 784 3834 nibus
814 3765 998 3833 enim
1033 3778 1100 3835 et
1128 3787 1251 3857 per
1295 3766 1531 3836 omnia
1561 3787 1601 3835 a
1633 3765 2060 3850 confessarii,
2102 3779 2466 3858 parentum
2499 3778 2566 3837 et
2599 3766 2937 3857 majorum
2983 3783 3118 3832 nu-

576 3851 758 3923 tibus
788 3853 1120 3943 pendens,
1146 3854 1388 3925 mundi
1415 3867 1482 3926 et
1509 3854 1615 3926 sui
1640 3855 1882 3924 victrix
1906 3855 2112 3926 etiam
2140 3857 2211 3925 in
2241 3856 2555 3926 minimis
2582 3875 2823 3926 omnes
2848 3853 3122 3924 obtem-

576 3942 964 4042 perantium
1001 3943 1269 4034 palmas
1300 3943 1599 4014 obtinuit
1628 3965 1644 4011 ε
1696 3955 1785 4026 et,
1821 3944 2005 4046 quod
2040 3945 2264 4036 magis
2303 3944 2699 4015 mirandum
2739 3955 2864 4025 est,
2895 3941 3112 4012 etiam

576 4033 711 4100 vita
748 4029 1009 4110 functa,
1044 4033 1114 4101 in
1142 4032 1474 4104 coenobio
1499 4038 1566 4103 S.
1598 4031 2026 4117 catharinae,
2054 4034 2302 4105 Luciae
2329 4033 2711 4125 praefectae
2732 4032 2925 4104 illius
2956 4029 3123 4101 obe·

575 4118 905 4190 dientiam
951 4121 1307 4211 praestitit.
2178 4205 2183 4214 ¹
2844 4163 2853 4190 i

663 4210 701 4296 ἓ
746 4214 842 4280 8.
896 4209 1133 4280 Sciens
1170 4211 1376 4280 etiam
1415 4213 1570 4293 Deo,
1608 4208 2015 4300 parentibus
2042 4222 2111 4281 et
2149 4211 2502 4304 magistris
2533 4231 2893 4300 nunquam
2926 4203 3122 4278 reddi

577 4295 897 4383 aequale,
954 4297 1226 4369 eximiis
1288 4312 1710 4390 prosequuta
1757 4312 1860 4370 est
1914 4300 2258 4391 genitores
2305 4300 2709 4382 reverentia,
2764 4300 3016 4392 pietate
3058 4303 3129 4363 et

577 4382 933 4467 charitate,
961 4385 1193 4458 labore
1212 4409 1549 4459 manuum
1579 4408 1819 4460 eorum
1852 4388 2156 4482 inopiam
2187 4389 2401 4460 levem
2430 4388 2785 4472 reddebat,
2814 4385 3122 4481 prudens
