3308 5004
286 291 477 361 Ans,
520 291 603 359 40
784 310 867 359 ns
911 311 1005 359 ss.
1056 310 1171 359 int.
1225 310 1404 360 stxro
1451 312 1549 359 ιη».
1602 312 1681 360 m
1727 310 2085 360 mmmm
2131 311 2356 359 mm
2624 294 2754 361 233

378 393 417 479 ξ
461 393 547 464 8.
599 389 849 492 Eodem
896 387 1209 491 ,tempore
1256 391 1501 463 Decius
1541 392 1846 463 Caesar*
1898 402 1965 462 et
2007 390 2413 463 Valerianus
2461 391 2844 482 praefectus

282 478 649 581 jusserunt
680 480 815 552 sibi
844 483 1110 551 sixtum
1144 480 1557 571 Episcopum
1588 503 1748 554 cum
1784 480 1972 552 Claro
2002 501 2133 553 suo
2172 480 2597 571 praesentari
2635 494 2846 553 noctu

289 591 364 643 tn
412 567 718 642 Tellude.
769 573 1009 657 ltaque
1064 569 1293 641 Sixtus
1340 569 1528 660 apud
1590 570 1887 642 Athenas
1945 581 2151 640 natus
2191 583 2264 640 et
2305 568 2590 651 doctus,
2647 570 2843 660 prius

289 656 571 746 quidem
623 656 1104 748 Philosophus,
1161 670 1393 749 postea
1439 679 1596 729 vero
1643 658 1892 730 Christi
1939 658 2351 749 discipulus,
2406 659 2501 729 ita
2547 659 2720 730 dixit
2752 658 2841 730 ad

294 745 571 847 Clerum
634 768 893 818 suum:
944 751 1210 818 Fratres
1268 747 1885 847 etcommilitones
1950 746 2134 828 mei,
2192 746 2402 817 nolite
2450 770 2842 838 pavescere.

297 838 499 909 Scitis
542 857 720 923 quae
780 847 1115 907 tormenta
1225 857 1365 906 assi
1420 836 1559 907 sint
1614 836 1836 909 sancti
1901 857 2145 907 omnes
2177 890 2193 917 ,
2248 849 2328 906 ut
2370 837 2595 907 securi
2669 837 2845 908 vitae

298 936 613 997 aeternae
656 923 1044 996 obtinerent
1093 947 1174 1014 pa
1211 945 1418 995 mam.
1471 929 1628 1015 Ipse
1674 925 1986 996 Christus
2024 929 2201 994 Deus
2247 936 2315 994 et
2349 926 2682 996 Dominus
2718 947 2841 996 no-

298 1024 432 1086 ster
470 1035 721 1102 passus
752 1025 854 1084 est
904 1035 1028 1103 pro
1059 1012 1278 1085 salute
1318 1026 1572 1095 nostra,
1608 1026 1684 1084 ut
1716 1014 1916 1086 nobis
1946 1012 2338 1103 exemplum
2392 1012 2563 1083 relin
2622 1025 2839 1093 ueret,

296 1101 605 1202 dixitque
639 1101 829 1173 clara
859 1097 1062 1172 vdce:
1116 1106 1325 1172 Nemo
1374 1102 1750 1173 terroribus
1781 1102 2161 1193 frangatur.
2208 1102 2536 1173 Dixerunt
2618 1101 2847 1173 iaconi

296 1188 764 1262 Felicissimus
809 1203 875 1261 et
920 1190 1285 1281 Agapitus:
1338 1195 1415 1262 Et
1462 1212 1586 1262 nos
1636 1191 1786 1261 sine
1840 1207 2028 1283 patre
2077 1203 2306 1261 nostro
2343 1212 2483 1278 quo
2531 1190 2846 1262 ibimus?

294 1283 773 1353 Praesentatus
808 1291 910 1350 est
937 1302 1102 1370 ergo
1149 1292 1356 1350 noctu
1387 1301 1616 1350 coram
1658 1281 1856 1351 Decio
1883 1293 1949 1350 et
1978 1278 2335 1350 Valeriano
2367 1301 2530 1349 cum
2563 1279 2841 1350 duobus

294 1366 650 1449 diaconis,
714 1367 1024 1455 dixitque
1072 1367 1135 1438 ei
1182 1368 1426 1440 Decius
1476 1372 1765 1441 Caesar:
1820 1368 1965 1439 Scis
2022 1369 2476 1455 quamobrem
2530 1389 2846 1458 compre-

295 1455 558 1530 hensus
603 1457 723 1538 sis,
783 1458 1118 1547 nobisque
1168 1461 1694 1547 praesentatus?
1742 1457 1969 1530 Sixtus
2007 1457 2391 1547 Episcopus
2440 1455 2841 1547 respondit:

297 1543 474 1625 Scio,
510 1558 577 1616 et
608 1545 821 1636 probe
854 1547 1020 1618 scio.
1055 1545 1302 1617 Decius
1330 1546 1465 1616 ait:
1520 1546 1588 1617 Si
1622 1568 1786 1637 ergo
1828 1546 2029 1627 nosti,
2060 1544 2167 1617 fac
2206 1558 2283 1615 ut
2311 1567 2552 1616 omnes
2587 1545 2840 1626 norint,

296 1646 465 1708 utet
492 1645 565 1706 tu
599 1634 809 1715 vivas,
852 1648 918 1706 et
949 1634 1183 1706 Clerus
1216 1647 1375 1706 tuus
1400 1649 1757 1726 augeatur.
1793 1635 2019 1706 Sixtus
2050 1635 2433 1725 Episcopus
2460 1633 2840 1725 respondit:

296 1727 554 1795 Revera
603 1745 732 1815 ego
784 1723 852 1794 id
904 1737 971 1795 et
1028 1722 1313 1804 studui,
1378 1737 1445 1796 et
1489 1724 1774 1806 studeo,
1826 1738 1904 1794 ut
1951 1722 2184 1794 Clerus
2233 1744 2429 1794 meus
2477 1735 2840 1812 augeatur.

298 1811 545 1885 Decius
582 1811 798 1883 dixit:
852 1818 1025 1904 Ergo
1073 1812 1388 1884 sacrifica
1433 1812 1568 1885 diis
1619 1812 2155 1892 immortalibus,
2211 1823 2278 1883 et
2322 1824 2467 1883 esto
2569 1811 2847 1903 rinceps

298 1900 760 1973 sacerdotum.
803 1906 1050 1973 Beatus
1091 1901 1319 1973 sixtus
1367 1901 1766 1992 respondit:
1819 1907 1958 1992 Ego
1997 1922 2271 1992 semper
2320 1901 2497 1971 sacri
2557 1900 2728 1979 cavi,
2782 1911 2849 1972 et

300 1989 615 2060 sacrifico
651 1994 780 2060 Deo
813 1990 992 2060 Patri
1026 1991 1504 2081 omnipotenti,
1535 2005 1599 2061 et
1637 1991 1920 2061 Domino
1948 2001 2179 2060 nostro
2208 1995 2376 2060 Jesu
2406 1989 2673 2061 Christo
2702 1988 2848 2060 filio

297 2077 476 2168 ejuS,
512 2091 578 2149 et
624 2079 907 2169 Spiritui
958 2085 1230 2161 Sancte,
1285 2079 1577 2150 bostiam
1614 2102 1858 2169 puram
1896 2093 1961 2150 et
2010 2077 2554 2149 immaculatam.
2599 2078 2847 2149 Decius

299 2166 440 2240 ait:
497 2168 843 2238 Senectuti
893 2180 1049 2239 tuae
1089 2190 1214 2239 nos
1252 2167 1709 2248 consulimus,
1768 2169 1999 2256 itaque
2050 2166 2335 2238 consule
2381 2180 2449 2236 et
2498 2180 2573 2237 tu
2614 2166 2736 2238 tibi
2782 2178 2850 2238 et

300 2255 490 2329 clero
521 2269 662 2328 tuo.
712 2261 958 2327 Beatus
1013 2258 1239 2328 Sixtus
1291 2257 1690 2347 respondit:
1747 2262 1972 2344 Usque
2019 2257 2192 2327 adeo
2237 2277 2362 2346 ego
2409 2254 2734 2327 consului
2781 2266 2849 2326 et

302 2344 474 2418 mihi
521 2358 587 2415 et
634 2343 823 2416 Clero
874 2368 1046 2426 meo,
1093 2358 1167 2417 ut
1201 2344 1285 2415 de
1334 2344 1677 2436 profundo
1728 2347 1965 2417 mortis
1994 2358 2309 2415 aeternae
2357 2366 2567 2415 coner
2604 2366 2846 2414 omnes

301 2454 575 2508 mecum
609 2434 872 2526 eripere
901 2447 968 2506 et
1000 2434 1318 2506 liberare.
1350 2435 1592 2508 Decius
1631 2434 1728 2505 ait
1757 2433 1843 2505 ad
1877 2433 2132 2506 milites
2162 2455 2327 2506 suos
2357 2456 2372 2502 ε
2415 2431 2648 2504 Ducite
2683 2453 2845 2501 eum

300 2521 387 2596 ad
425 2522 761 2614 templum
812 2525 1067 2605 Martis,
1106 2537 1183 2595 ut
1224 2523 1324 2594 illi
1380 2524 1743 2594 sacrificet.
1797 2524 1990 2607 Quod
2041 2523 2102 2595 si
2150 2522 2469 2603 noluerit,
2511 2520 2850 2592 includite

298 2632 457 2683 eum
500 2610 573 2683 in
611 2614 871 2701 privata
905 2612 1216 2685 custodia
1250 2613 1660 2683 Mamertini.
1715 2617 2066 2683 Duxerunt
2113 2632 2276 2701 ergo
2312 2632 2471 2681 eum
2529 2610 2614 2680 ad
2675 2622 2849 2680 tem-

302 2698 497 2790 plum
544 2701 824 2781 Martis,
883 2704 1359 2794 urgebantque
1408 2714 1483 2771 ut
1528 2700 1891 2773 sacrificiis
1953 2722 2025 2770 se
2088 2700 2613 2770 contaminaret.
2670 2698 2850 2769 Dixit

298 2801 529 2860 autem
579 2788 822 2861 beatus
869 2791 1098 2861 Sixtus
1131 2790 1553 2881 Episcopus:
1586 2813 1622 2857 «
1652 2793 1706 2861 Ο
1738 2789 2067 2871 infelices,
2109 2789 2227 2876 qui
2263 2811 2424 2858 curn
2460 2788 2696 2879 lugere
2727 2787 2850 2857 de-

299 2876 575 2958 beretis,
614 2876 918 2949 adoratis
958 2879 1141 2949 idola
1181 2900 1353 2950 vana
1391 2890 1457 2949 et
1496 2878 1891 2949 manufacta
1920 2932 1937 2959 ‚
1996 2878 2209 2948 surda
2256 2891 2322 2948 et
2376 2890 2569 2950 muta
2596 2932 2613 2958 ,
2670 2896 2849 2964 quae

299 2986 427 3038 nec
462 2964 620 3048 sibi,
665 2988 790 3037 nec
824 2967 982 3037 aliis
1024 2980 1335 3059 prosunt.
1377 2967 1502 3038 Sed
1535 2967 1770 3039 audite
1803 2988 1914 3038 me
1961 2967 2112 3047 filii,
2156 2979 2221 3038 et
2263 2966 2547 3039 liberate
2576 2966 2849 3037 animas

300 3066 563 3126 vestras
609 3055 697 3125 ab
744 3068 1022 3127 aeterno
1068 3056 1443 3148 suppliciO,
1494 3078 1717 3158 neque
1768 3056 2226 3127 reformidetis
2258 3055 2426 3125 haec
2459 3066 2798 3125 tormenta
2825 3107 2843 3135 ,

299 3142 418 3214 sed
468 3142 589 3216 illa
634 3157 958 3215 aeterna:
1009 3145 1368 3237 agatisque
1420 3136 1930 3235 poenitentiam,
2034 3145 2168 3216 uod
2220 3144 2606 3214 nescientes
2651 3143 2849 3213 vanis

298 3230 508 3303 idolis
556 3232 1019 3306 sacrificastis.
1058 3257 1096 3303 »
1142 3234 1254 3304 Illi
1304 3255 1459 3306 vero
1497 3235 1708 3324 jussu
1757 3234 1941 3303 Decii
2040 3244 2336 3304 uxerunt
2380 3255 2539 3303 eum
2592 3231 2663 3302 in
2707 3230 2852 3320 pri-

300 3333 527 3392 vatam
549 3321 932 3394 custodiam
966 3324 1351 3394 Mamertini
1380 3345 1541 3394 cum
1570 3322 1994 3394 Felicissimo
2026 3334 2093 3392 et
2118 3324 2404 3414 Agaplto
2436 3319 2843 3391 diaconis**.

386 3410 567 3497 ξ’.
620 3414 786 3481 Cum
845 3423 1075 3482 autem
1145 3412 1455 3484 audisset
1520 3410 1762 3482 beatus
1832 3412 2242 3483 Laurentius
2307 3409 2849 3480 Archidiaconus

299 3496 578 3570 beatum
609 3500 870 3571 Sixtum
904 3500 1319 3591 Episcopum
1350 3501 1594 3571 iterum
1637 3500 1708 3569 in
1745 3500 2130 3570 custodiam
2169 3498 2431 3580 reduci,
2470 3498 2580 3569 his
2620 3497 2849 3567 verbis

301 3607 459 3658 eum
509 3586 859 3678 appellare
922 3589 1187 3679 coepit:
1255 3612 1292 3657 «
1335 3595 1481 3673 Quo
1532 3587 1965 3680 progrederis
2024 3588 2173 3658 sine
2228 3587 2373 3657 filio
2431 3587 2665 3677 pater?
2711 3607 2850 3674 quo

303 3674 625 3748 sacerdos
670 3689 906 3748 sancte
949 3677 1103 3750 sine
1147 3678 1443 3750 diacono
1477 3678 1857 3778 properas?
1903 3682 2004 3747 Tu
2050 3698 2411 3764 nunquam
2444 3673 2850 3747 sacrificasti

305 3785 426 3834 nec
455 3764 699 3837 offerre
726 3786 1180 3838 consueveras
1219 3767 1367 3837 sine
1400 3766 1741 3838 ministro.
1803 3766 1977 3850 Quid
2030 3765 2098 3835 in
2145 3787 2251 3835 me
2284 3786 2445 3855 ergo
2494 3763 2852 3854 displicuit

305 3853 695 3943 paternitati
742 3856 951 3926 tuae?
996 3853 1347 3941 Numquid
1403 3855 1444 3924 d
1537 3876 1810 3925 enerem
1863 3853 2214 3943 probasti?
2261 3852 2581 3943 Experire
2619 3864 2799 3921 certe
2827 3904 2843 3931 ,

304 3955 535 4014 utrum
595 3941 923 4014 idoneum
986 3942 1386 4014 ministrum
1453 3943 1789 4034 eegeris,
1861 3942 1975 4013 cui
2037 3941 2448 4015 commisisti
2512 3938 2852 4011 Dominici

308 4030 666 4120 sanguinis
740 4030 1329 4122 dispensationem
1361 4085 1378 4114 ,
1450 4033 1567 4103 cui
1642 4029 2357 4103 consummandorum
2424 4028 2848 4099 consortium

355 4211 384 4239 ¹*
398 4211 519 4252 Hinc
539 4212 876 4262 expungendus
889 4210 1080 4254 omnino
1094 4212 1280 4258 Decius,
1306 4211 1356 4252 et
1375 4220 1626 4255 occurrens
1656 4208 2190 4260 deincepssvttlerittnus.
2221 4219 2318 4250 nou
2331 4209 2415 4250 1110
2442 4209 2672 4250 Decisnse
2693 4210 2850 4259 tyran·

299 4264 424 4305 nidis
444 4264 666 4307 minister
681 4267 755 4305 est
782 4262 1134 4314 intelligendus,
1159 4265 1243 4305 sed
1265 4264 1413 4314 ejusd.
1433 4261 1636 4307 nominis
1666 4266 1833 4305 Cacsar
1862 4265 1944 4313 qui
1971 4266 2078 4313 post
2097 4266 2301 4313 quatuor
2334 4263 2391 4302 ab
2419 4263 2559 4303 Decio
2598 4264 2850 4305 interfecto

297 4316 630 4368 imperitantes
647 4316 781 4360 brevi
796 4317 1047 4363 intervallo
1074 4318 1396 4365 succedentes,
1414 4328 1520 4361 cum
1540 4316 1639 4361 filio
1670 4318 1886 4361 Gallieno
1906 4318 2146 4368 sceptrum
2167 4318 2322 4358 tenuit
2342 4327 2369 4357 s
2387 4325 2519 4358 ccuv
2533 4317 2592 4357 cd
2614 4326 2742 4359 ceu.

351 4374 408 4400 ‘¹’
435 4375 603 4424 agitur
622 4370 763 4413 etism
782 4373 840 4412 de
858 4373 933 4413 88.
958 4373 1257 4413 Fauctssmo
1287 4372 1336 4412 et
1362 4374 1569 4413 ΔαΑΡιτο
1597 4382 1799 4422 quorum
1834 4372 2063 4412 memoris
2079 4372 2126 4412 in
2140 4371 2381 4419 Martyrol.
2400 4371 2629 4412 recolitur
2655 4380 2703 4412 vi
2734 4374 2850 4421 Aug.

296 4427 349 4468 et
367 4427 529 4476 pauno
546 4427 746 4468 insertus
765 4426 824 4468 de
849 4427 893 4467 Β.
923 4426 1131 4467 Graues
1151 4434 1229 4466 xxi
1252 4425 1402 4475 esu-d.

2448 4502 2474 4533 ἦ
