3308 5004
625 334 707 398 ⁴6
1048 366 1089 379 r·
1240 352 1320 398 nn
1366 348 1630 399 cuatus
1680 353 1756 400 m·
1803 352 2030 401 cumo
2078 355 2134 402 s.
2181 355 2359 402 rarat
2806 340 2993 409 AUG.
3048 345 3073 408 ⁴

529 431 781 501 umbra
826 443 891 501 et
926 430 1121 501 lintei
1183 432 1460 503 morbos
1524 431 2008 524 profugabant,
2053 447 2257 516 certe,
2333 447 2613 506 catenae
2650 459 2831 525 quae
2886 462 3085 511 vene·

532 521 827 589 randum
879 520 1178 611 Apostoli
1226 543 1481 611 corpus
1546 522 1968 612 attigerunt,
2022 538 2283 611 quanto
2362 528 2751 616 propiorem
2824 540 3081 600 tactum

533 608 947 693 habuerunt,
996 624 1183 680 tanto
1213 610 1795 680 abundantiorem
1832 612 2330 683 miraculorum
2379 614 2510 681 vim
2553 615 3080 705 participarunt:

530 712 831 777 catenae,
903 701 1183 786 inquam
1218 754 1236 779 ,
1294 699 1452 769 illae
1500 701 1785 770 omnino
1831 702 2258 771 venerandae
2304 723 2384 771 ac
2450 704 2788 793 pretiosae
2817 759 2833 787 ‚
2912 726 3086 792 quae

530 792 575 855 Α
631 787 993 857 ostolicum
1047 787 1221 857 illud
1272 812 1351 858 ac
1431 789 1704 858 beatum
1771 811 2025 881 corpus
2072 791 2532 881 colligarunt,
2597 812 2777 879 quae
2837 816 3086 867 manus

532 875 577 943 il
611 898 688 946 as
740 877 1232 947 miraculorum
1284 878 1661 947 effectrices
1731 878 2293 961 adstrinxerunt,
2346 902 2525 967 quae
2584 882 2820 951 divina
2868 885 3086 983 gratia

532 965 619 1033 ab
670 964 839 1055 ipsis
892 965 1191 1057 repletae
1239 980 1425 1047 sunt,
1480 989 1560 1035 ex
1614 968 1876 1054 quibus
1935 969 2270 1038 miracula
2319 971 2598 1039 abunde
2645 984 3081 1054 scaturiunt,

530 1074 709 1140 quae
739 1069 1052 1146 aegrotos
1114 1055 1430 1126 homines
1491 1078 1529 1124 a
1582 1056 1842 1126 morbis
1921 1057 2260 1139 liberant,
2313 1080 2491 1145 quae
2553 1060 2872 1129 homines
2934 1061 3088 1131 illos

534 1157 805 1214 sanctos
854 1144 1165 1214 efficiunt
1210 1144 1332 1232 qui
1392 1166 1553 1213 cum
1605 1144 1741 1213 fide
1788 1146 1871 1215 ad
1935 1169 2051 1216 eas
2115 1147 2499 1218 accedunt:
2544 1171 2584 1218 a
2632 1149 2891 1249 quibus
2933 1150 3081 1219 ani-

536 1252 807 1301 marum
845 1233 1156 1303 maculae
1189 1233 1477 1322 mystico
1507 1232 1809 1320 quodam
1857 1236 2057 1305 modo
2088 1250 2586 1327 expurgantur,
2629 1251 2693 1306 et
2732 1238 3087 1309 morbidae

535 1320 935 1393 influentiae
978 1323 1480 1413 reprimuntur:
1529 1344 1708 1409 quae
1754 1321 2053 1411 denique
2102 1324 2169 1394 in
2220 1328 2488 1395 aeream
2543 1326 2918 1396 celsitatem
2973 1350 3084 1397 ex-

536 1423 791 1490 tensae,
836 1425 900 1480 et
940 1433 1159 1499 usque
1207 1411 1293 1479 ad
1342 1410 1569 1481 coelos
1614 1413 1800 1500 ipsos
1831 1414 2327 1501 pervenientes,
2368 1437 2409 1484 a
2458 1416 2816 1485 Dominico
2867 1416 2994 1486 illo„
3024 1429 3089 1486 et

534 1497 769 1569 divino
809 1500 1004 1580 solio,
1052 1515 1400 1587 tamquam
1446 1500 1532 1569 ab
1582 1503 1832 1570 ancora
1869 1502 2194 1589 quadam,
2247 1505 2736 1574 extenduntur.
2790 1510 2929 1574 Has
2971 1526 3086 1574 ca-

536 1600 730 1656 tenas
780 1589 1263 1676 potentiarum,
1315 1610 1492 1676 quae
1525 1611 1565 1657 a
1619 1595 1747 1659 Deo
1799 1591 1947 1681 ipso
1995 1590 2414 1673 defecerunt,
2473 1593 2795 1684 princeps
2841 1594 3086 1662 exhor-

540 1675 699 1756 ruit,
737 1690 802 1746 et
855 1699 1038 1747 nunc
1084 1678 1289 1747 etiam
1326 1679 1665 1759 exhorret,
1722 1701 1801 1748 ac
1844 1678 2060 1749 multo
2107 1703 2265 1750 cum
2321 1683 2565 1752 timore
2615 1681 2769 1751 illas
2817 1682 3087 1751 subter-

536 1763 811 1854 fugiens
859 1767 1367 1858 comprimitur.
1398 1772 1538 1837 Has
1563 1770 1761 1836 aerea
1795 1768 2169 1868 spirituum
2225 1770 2595 1841 multitudo
2649 1783 2960 1840 metuens
3006 1792 3086 1840 ac

535 1865 860 1933 tremens,
904 1856 1302 1946 jaculisque
1350 1855 1513 1926 inde
1551 1857 1889 1926 immissis
1931 1879 2280 1948 percussa,
2336 1859 2614 1950 longius
2656 1858 3080 1949 profugatur.

539 1946 680 2011 Non
731 1944 914 2012 enim
952 1944 1128 2015 ferre
1165 1956 1382 2035 potest
1431 1945 1729 2034 Spiritus
1771 1947 2000 2016 Sancti
2049 1947 2367 2036 gratiam,
2407 1949 2534 2018 has
2579 1949 2768 2039 ipsas
2814 1963 3089 2018 catenas

539 2031 1097 2115 obumbrantem,
1156 2056 1376 2121 neque
1415 2034 1757 2104 scintillas
1804 2057 1884 2105 ex
1917 2035 2152 2105 divino
2197 2035 2474 2105 illarum
2530 2037 2693 2127 igne
2734 2037 3089 2108 exilientes

541 2121 879 2192 sustinet:
934 2123 1049 2193 sed
1101 2124 1189 2193 ab
1237 2123 1411 2213 ipsis
1481 2123 1878 2193 incenditur
1924 2136 2129 2211 atque
2198 2124 2656 2194 comburitur.
2710 2131 2850 2196 Has
2902 2147 3091 2195 com-

546 2211 775 2299 posuit
813 2212 923 2280 Dei
974 2211 1191 2282 Patris
1238 2212 1561 2292 Verbum,
1613 2212 1924 2304 ejusdem
1982 2214 2401 2283 aeternitatis
2440 2226 2505 2281 et
2555 2215 2885 2305 principii
2939 2236 3092 2305 par-

544 2297 780 2387 ticepS,
837 2314 912 2370 ut
962 2302 1113 2371 e'us
1145 2301 1231 2370 de
1263 2306 1393 2371 Deo
1440 2300 1895 2372 confessionis
1936 2303 2321 2392 praemium
2354 2315 2604 2373 essent.
2643 2302 2807 2373 Illas
2839 2304 3094 2394 ignitas

543 2386 987 2459 reddiditcar
1037 2413 1078 2460 o
1127 2390 1264 2471 ille,
1318 2390 1405 2459 ab
1454 2391 1631 2459 Isaia
1665 2405 1866 2460 antea
1914 2391 2125 2471 visus,
2170 2405 2235 2461 et
2265 2390 2351 2460 ad
2405 2396 2616 2460 Deum
2676 2392 3092 2461 intuendum

537 2474 1089 2550 efficacissimus.
1145 2479 1443 2581 Spiritus
1495 2483 1787 2551 Sanctus
1836 2479 2229 2551 Paracletus
2282 2502 2410 2551 suo
2459 2480 2697 2551 afflatu
2744 2481 2974 2572 ignem
3005 2537 3020 2562 ,
3058 2504 3095 2552 e

528 2566 843 2725 caggf’gp
882 2568 1003 2639 illo
1050 2569 1464 2651 exilientem,
1518 2569 1602 2639 ad
1639 2592 1818 2660 opus
1870 2569 2364 2660 perficiendum
2419 2571 2716 2640 maxime
2762 2570 3089 2662 idoneum

543 2675 614 2724 re
718 2680 732 2724 1
794 2671 867 2727 it.
2391 2719 2398 2725 .
2965 2699 2969 2703 Δ

633 2752 670 2826 ἓ
725 2752 868 2817 21.
952 2747 1413 2830 Quamobrem
1475 2746 1635 2818 licet
1692 2747 1950 2818 ferreae
1999 2748 2140 2817 sint
2188 2759 2513 2829 naturae,
2567 2745 2798 2815 divina
2861 2756 3091 2845 tamen

544 2834 766 2991 qratia
797 2850 863 2905 et
904 2837 1205 2927 potentia
1241 2836 1481 2926 plenae
1515 2849 1703 2907 sunt.
1764 2837 1859 2906 Ab
1911 2836 2020 2908 his
2067 2836 2483 2906 daemonum
2550 2834 2735 2925 pravi
2805 2834 3095 2925 spiritus

545 2922 793 3012 iligati
830 2937 1230 2995 enecantur.
1284 2925 1379 2994 Ab
1413 2925 1521 2995 his
1574 2927 1898 3017 princeps
1941 2925 2185 2996 mundi
2236 2926 2450 3015 hujus
2514 2936 2922 3014 pertractus,
2985 2945 3099 3024 ca-

547 3012 778 3101 ptivus
824 3013 1127 3095 ducitur,
1180 3036 1218 3082 a
1269 3013 1593 3085 fidelibus
1657 3014 2060 3085 hominibus
2108 3014 2451 3093 illuditur,
2492 3013 2623 3084 hoc
2670 3027 2819 3096 est,
2872 3011 2960 3082 ab
3008 3035 3099 3084 us

545 3102 667 3187 qui
708 3116 907 3172 antea
944 3115 1377 3192 peccatorum
1410 3103 1679 3191 laqueis
1717 3104 2092 3186 constricti,
2134 3103 2340 3174 soluti
2374 3115 2439 3172 et
2488 3101 2758 3172 liberati
2807 3114 2996 3203 sunt,
3034 3115 3103 3174 et

548 3191 789 3260 mortis
830 3193 1089 3263 retibus
1119 3205 1320 3262 antea
1349 3192 1787 3274 circumdati,
1821 3192 1906 3263 ad
1937 3192 2143 3262 vitam
2180 3192 2628 3263 transierunt.
2660 3197 2801 3262 Hae
2822 3189 3102 3262 dlvlnae

548 3277 992 3350 haereditatis
1041 3281 1817 3372 terminos-cingenteS‚
1870 3293 1937 3351 et
2004 3281 2316 3369 undique
2365 3282 2779 3360 munienteS,
2833 3276 3103 3351 faciunt

551 3388 635 3435 ne
668 3368 755 3438 ab
796 3369 1114 3440 hostibus
1151 3371 1535 3460 expugnari
1572 3372 1859 3461 possint.
1906 3371 2193 3439 Eaedem
2231 3370 2777 3439 Christianorum
2812 3369 3100 3439 vertices

549 3470 980 3541 coronantes,
1034 3459 1122 3530 ab
1170 3459 1450 3529 illorum
1490 3459 1792 3530 hostium
1835 3459 2134 3542 insidiis,
2171 3460 2292 3546 qui
2331 3456 2930 3557 corporeis-oculis
2962 3478 3096 3526 non

549 3561 954 3629 cernuntur,
1006 3549 1296 3619 intactos
1328 3561 1625 3619 servant.
1660 3553 1826 3618 Nam
1876 3548 2003 3618 etsi
2050 3571 2091 3617 a
2142 3548 2468 3706 malignis
2522 3545 2924 3617 hominibus
2976 3566 3100 3634 pro

551 3636 873 3706 tormenti
960 3659 1163 3707 encre
1208 3637 1541 3709 adversus
1586 3637 1985 3728 Apostolum
2059 3648 2223 3706 sunt
2268 3660 2306 3707 a
2363 3637 2652 3715 hibitae,
2720 3646 2946 3703 tamen
3011 3632 3100 3703 ad

548 3746 664 3794 eos
701 3660 1209 3816 propefiendos5
1246 3727 1371 3814 qui
1405 3727 1666 3796 malum
1710 3724 1990 3814 aliquod
2022 3724 2275 3796 inferre
2312 3721 2906 3824 volana-idoneae
2938 3735 3104 3823 sunt

549 3814 850 3896 effectae,
898 3837 1033 3885 non
1076 3817 1312 3907 magis
1358 3816 1774 3897 crucianteS‚
1812 3837 2021 3902 quam
2077 3814 2545 3884 venerandum
2588 3811 2765 3881 illud
2800 3809 3105 3901 Apostoll

550 3924 806 3993 corpus
854 3904 1168 4006 undique
1224 3918 1574 3975 servantes
1620 3925 1702 3975 ac
1754 3904 2170 3974 munientes.
2232 3906 2356 3974 His
2426 3901 2693 3971 catenis
2741 3898 3106 3991 Apostolus

550 3993 953 4075 ornabatur,
1010 3993 1120 4064 his
1165 3994 1484 4065 exultans
1539 4016 1619 4065 ac
1667 3993 1968 4095 gestiens
2017 4016 2090 4064 se
2134 3991 2566 4073 oblectabat,
2621 4002 2689 4059 et
2746 4003 3102 4076 tamquam

550 4082 851 4173 regalem
919 4083 1222 4170 aliquem
1270 4097 1593 4153 ornatum
1644 4081 2188 4164 circumferens,
2239 4079 2475 4150 animo
2522 4078 2899 4150 exultabat.
2964 4082 3108 4177 Has

551 4182 618 4241 et
655 4193 911 4261 poenae
958 4173 1502 4244 instrumentum
1546 4171 2049 4262 cognoscebat,
2101 4183 2167 4240 et
2226 4190 2523 4240 coronae
2573 4167 2831 4270 multae
2877 4187 3112 4237 concl-

552 4259 855 4331 liatrices
901 4261 1364 4332 existimabat.
1416 4261 1538 4333 His
1570 4272 1637 4330 et
1678 4282 1865 4330 nunc
1913 4259 2377 4341 sanctissima,
2414 4278 2748 4345 omnique
2785 4277 2869 4325 ex
2917 4265 3113 4345 parte

550 4348 955 4440 incorrupta
994 4372 1074 4422 ac
1123 4372 1301 4440 pura
1335 4350 1582 4420 Christi
1634 4371 1886 4439 sponsa
1933 4348 2267 4430 Ecclesia,
2323 4361 2679 4435 tamquam
2742 4342 3116 4436 splendido

551 4437 822 4522 monili,
859 4452 924 4510 et
956 4461 1169 4512 aureo
1215 4439 1516 4528 quodam
1558 4451 1810 4511 ornatu
1859 4438 2127 4522 induta,
2175 4438 2358 4509 velut
2397 4440 2654 4508 corona
2700 4434 3006 4525 quadam
3033 4453 3123 4505 ex
