3308 5004
721 325 846 392 194
1448 343 1527 391 na
1574 338 2080 391 rmsrxomur.
2133 340 2383 392 cnmsn
2896 326 3080 394 AUG.
3129 329 3172 395 6

627 449 808 509 eam,
852 448 1035 515 quae
1082 427 1145 500 ei
1186 447 1332 497 non
1366 427 1844 508 conveniebat,
1932 426 2174 497 loriam
2217 427 2480 499 Patris:
2530 440 2599 498 et
2643 427 3004 501 dicebant:
3044 433 3171 501 Hic

624 518 979 598 ‘Izomo'non
1006 525 1108 587 est
1132 539 1231 586 cm
1258 521 1413 598 nen,
1434 517 1774 609 ⁴quonium
1804 539 1881 586 sa
1967 526 2157 587 amm
2189 538 2319 587 non
2354 527 2602 588 servat.
2634 522 2713 590 Et
2743 539 3028 589 rursus:
3073 519 3169 589 De

3298 113 3300 192 l

630 606 793 679 bono
837 627 1033 709 opere
1077 628 1208 676 non
1257 605 1646 697 lapidamus
1701 616 1787 688 tc,
1836 606 1955 676 sed
1999 606 2081 676 de
2120 605 2562 697 blasphemia.
2601 610 2703 689 Et,
2758 607 2937 699 quod
2982 608 3174 678 homo
3299 653 3300 706 3

628 718 780 765 cum
814 715 931 776 m,
980 696 1156 784 sacis
1209 697 1495 796 teipszm
1548 699 1761 765 Dema
1789 694 1825 731 ⁴
1869 707 1947 766 ut
1978 694 2504 795 ostenderentur
2540 707 2833 784 utraque
2877 695 3170 768 crimina

629 782 932 875 pnofecta
968 803 1126 854 esse
1172 804 1254 854 ex
1287 783 1688 867 invidentia,
1723 795 1791 854 et
1816 804 1977 854 eum
2013 795 2240 854 neutri
2284 804 2525 855 eorum
2555 805 2708 856 esse
2739 783 3018 855 affinem
3048 809 3064 851 ε
3105 799 3172 856 et

626 893 854 961 neque
901 871 998 953 id,
1046 871 1234 1030 ‹iuod
1281 895 1324 944 a
1351 894 1425 944 se
1458 872 1564 954 fit,
1606 893 1757 944 esse
1803 871 1978 964 legis
2016 872 2630 964 transgressionem
2676 894 2900 963 neque
2940 875 3174 945 vendi-

631 962 968 1034 cationem
1018 983 1064 1053 g
1092 962 1280 1032 oriae
1320 982 1461 1031 non
1512 962 1648 1033 sihi
1694 960 2166 1034 convenientis
2196 1015 2212 1043 ,
2266 960 2452 1050 quod
2501 962 2688 1033 dicat
2731 984 2807 1033 se
2851 985 3003 1035 esse
3049 986 3167 1034 ae-

629 1049 1161 1209 ςῙιιιιΙειέΓΡειιή,
1212 1072 1353 1135 eos,
1405 1050 1631 1139 quiin
1679 1065 1972 1139 utroque
2008 1071 2246 1122 eorum
2285 1049 2456 1121 clari
2494 1049 2799 1135 fuerunt,
2853 1051 3171 1144 producit

630 1161 702 1210 m
744 1162 820 1210 m
916 1161 1089 1210 lum.

720 1230 757 1317 ξ
794 1235 899 1301 ss.
952 1227 1214 1299 Etenim
1246 1233 1466 1299 Moses
1494 1227 1685 1299 dedit
1709 1227 1954 1322 legem,
1989 1238 2054 1298 es.
2085 1240 2397 1319 poterant
2425 1228 2866 1316 considerare
2894 1230 3163 1312 «ludaei,

630 1316 814 1406 quod
866 1317 1085 1409 legem
1136 1337 1273 1387 non
1324 1317 1733 1409 neglexisset
1769 1317 2270 1399 conculcatam,
2319 1328 2399 1389 ut
2447 1317 2583 1410 ipsi
2629 1318 3164 1390 existimabant:

633 1426 855 1494 neque
900 1427 1087 1487 eum,
1126 1406 1247 1495 qui
1280 1407 1502 1498 ipsam
1545 1419 1733 1478 trans
1789 1406 2198 1487 rediebatur,
2251 1417 2317 1477 et
2361 1420 2506 1478 erat
2543 1405 2875 1480 inimicus
2907 1408 2995 1490 ei,
3047 1410 3168 1496 qui

630 1496 857 1586 ipsam
906 1493 1200 1579 tulerat,
1252 1495 1677 1568 honorasset.
1797 1517 1952 1567 orro
1999 1506 2229 1566 autem
2288 1494 2471 1566 Elias
2532 1497 2649 1567 Dei
2712 1495 2973 1588 gloriae
3025 1497 3172 1568 zelo

632 1595 777 1655 erat
822 1583 1174 1654 incitatus.
1226 1584 1357 1668 Qui
1387 1639 1403 1667 ,
1474 1584 1532 1656 si
1585 1583 1895 1655 Christus
1941 1583 2183 1655 fuisset
2231 1584 2345 1654 Dei
2399 1584 2619 1656 hostis
2651 1639 2667 1667 ,
2723 1598 2793 1656 et
2858 1587 3168 1678 seipsum

632 1672 909 1761 quidem
963 1672 1245 1744 dixisset
1287 1673 1644 1763 aequalem
1678 1674 1884 1756 Patri,
1931 1695 2066 1743 non
2100 1671 2341 1743 fuisset
2385 1685 2616 1744 autem
2647 1673 2831 1775 quod
2865 1674 3158 1757 dicebat,

631 1761 687 1833 si
724 1761 1021 1850 denique
1052 1784 1189 1833 non
1218 1762 1469 1835 faceret
1494 1775 1571 1834 ut
1601 1763 1978 1864 oportebat,
2023 1783 2159 1833 non
2198 1762 2264 1832 ei
2312 1761 2619 1834 affuisset
2664 1784 2814 1854 1pse
2843 1818 2858 1846 ‚
2891 1777 2968 1834 et
3013 1765 3172 1835 obe-

630 1850 893 1923 diisset.
946 1856 1168 1923 Potest
1212 1873 1392 1933 vero,
1444 1873 1604 1922 cum
1645 1852 1733 1922 1is
1763 1874 1943 1939 quae
1967 1851 2195 1921 dictae
2225 1863 2411 1933 sunt,
2462 1850 2600 1922 alia
2637 1873 2912 1941 quoque
2955 1875 3167 1924 causa

628 1940 792 2011 dici.
847 1944 1196 2023 Quaenam
1244 1952 1475 2012 autem
1523 1962 1602 2010 ea
1646 1945 1805 2012 est?
1852 1945 1934 2011 Ut
1980 1940 2204 2011 sciant
2248 1961 2406 2010 eum
2453 1940 2630 2012 vitae
2661 1953 2728 2011 ez
2760 1942 3000 2012 mortis
3055 1942 3170 2012 ha·-

628 2026 794 2098 bere
845 2040 1267 2120 potestatem,
1303 2041 1372 2100 et
1417 2029 1689 2130 superis
1718 2042 1784 2100 et
1813 2029 2054 2100 inferis
2099 2028 2473 2100 dominari.
2523 2035 2886 2121 Propterea
2921 2031 2994 2100 in
3033 2051 3167 2101 me·
3299 2111 3300 2114 Ἴ

628 2117 823 2187 dium
857 2116 1140 2190 adducit
1183 2139 1342 2189 eum
1376 2139 1496 2206 qm
1531 2118 1816 2200 vivebat,
1871 2130 1937 2188 et
1994 2141 2154 2189 eum
2200 2118 2324 2206 qui
2377 2130 2521 2189 erat
2565 2131 2903 2190 mortuus.
2946 2123 3171 2211 Appa—

626 2219 859 2277 rentes
896 2206 1079 2277 enim
1114 2228 1257 2277 „non
1298 2206 1660 2278 tacebant:
1713 2207 1830 2277 sed
1884 2207 2343 2296 loquebantur
2387 2207 2474 2276 de
2519 2205 2737 2298 gloria
2774 2229 2986 2295 quam
3027 2219 3169 2279 erat

630 2295 1048 2399 impleturus
1102 2296 1174 2366 in
1230 2295 1607 2398 Jerusalem
1638 2313 1661 2378 ⁴,
1715 2317 1970 2388 nempe
2004 2296 2393 2387 passionem
2450 2307 2518 2367 et
2555 2301 2873 2368 Crucem:
2934 2297 3005 2366 in
3068 2297 3176 2367 his

630 2398 861 2456 autem
896 2399 1098 2455 etiam
1136 2398 1730 2457 resurrectionem.

718 2476 755 2564 ξ
798 2477 877 2548 U.
932 2473 1057 2546 Sed
1090 2473 1269 2546 beati
1302 2474 1583 2564 quidem
1637 2472 1968 2566 Discipuli
2000 2494 2251 2576 parum
2286 2473 2681 2556 dormitant,
2715 2485 2952 2566 utpote
2979 2474 3168 2563 quod

628 2563 941 2635 Christus
988 2576 1254 2636 vacaret
1298 2565 1613 2637 orationi.
1672 2569 1859 2637 Certo
1904 2585 2091 2635 emm
2135 2563 2429 2634 consilio
2476 2577 2543 2634 et
2577 2575 2763 2635 certa
2797 2563 3168 2655 dispensa-

633 2654 817 2725 tione
863 2653 1192 2726 humanis
1241 2652 1764 2726 necessitatibus
1813 2652 2222 2723 serviebant.
2278 2652 2530 2733 Deinde
2577 2674 2738 2724 cum
2776 2665 3009 2724 essent
3055 2676 3171 2724 ex-

631 2743 921 2834 perrecti
953 2798 971 2824 ‚
1022 2742 1203 2813 fiunt
1254 2755 1674 2834 spectatores
1737 2753 1872 2812 tam
1923 2741 2352 2811 venerandae
2397 2754 2466 2812 et
2528 2753 2669 2812 tarn
2732 2741 3169 2815 admirabilis

626 2830 1054 2901 mutationis.
1124 2831 1502 2903 Arbitratus
1564 2842 1793 2901 autem
1864 2828 2150 2900 fortasse
2206 2829 2447 2901 beatus
2510 2835 2749 2901 Petrus
2806 2830 3171 2903 advenisse

633 2931 912 3010 tempus
1065 2919 1136 2988 ni
1184 2920 1323 3003 Dei,
1376 2920 1445 2988 in
1492 2934 1729 2990 monte
1772 2918 2051 3006 quidem
2104 2918 2357 2989 versari
2404 2918 2685 3021 deligit:
2731 2918 2906 2990 dicit
2930 2933 3167 2993 autem

632 3007 760 3077 tria
812 3028 962 3078 esse
1129 3008 1331 3078 ienda
1377 3007 1848 3089 tabernacula,
1902 3008 2216 3078 nesciens
2272 3006 2440 3094 quid
2497 3008 2775 3079 droeret.
2827 3013 2972 3079 Non
3024 3023 3173 3081 erat

624 3097 813 3167 enim
856 3108 1130 3187 tempus
1165 3096 1784 3173 consummationis
1830 3096 2071 3177 seculi,
2125 3117 2347 3184 neque
2379 3095 2449 3165 in
2486 3098 2829 3188 praesen-ti
2861 3108 3171 3188 tempore

628 3197 791 3255 sum
817 3185 1036 3256 sancti
1069 3185 1284 3256 futuri
1314 3187 1685 3277 participes
1714 3185 1858 3277 spei
1888 3185 1987 3257 eis
2003 3183 2421 3287 promissae.
2456 3186 2628 3256 Dicit
2657 3186 2841 3258 enirn
2877 3186 3164 3259 Paulus:

632 3275 763 3356 Qui
811 3273 1328 3346 transformabit
1364 3297 1616 3377 corpus
1647 3274 2058 3345 humilitatis
2101 3286 2399 3356 nostrae,
2451 3286 2529 3345 ut
2579 3275 2671 3346 sit
2715 3275 2734 3344 i
2789 3297 2945 3348 sum
2999 3300 3172 3348 con·
3299 3260 3300 3267 ἵ

628 3361 847 3433 forme
892 3363 1161 3454 corpori
1209 3363 1467 3454 gloriae
1495 3386 1644 3453 eJus
1687 3363 1811 3455 (ex
1840 3365 2138 3455 Philipp.
2181 3363 2310 3464 111),
2355 3362 2602 3434 Christi
2629 3364 2730 3435 sci
2763 3364 2915 3435 icet.

716 3453 753 3539 ξ
790 3454 882 3525 fl.
932 3455 1102 3523 Cum
1131 3468 1294 3543 ergo
1325 3452 1747 3544 dispensatio
1780 3452 2009 3523 adhuc
2041 3465 2218 3525 esset
2251 3475 2319 3522 m
2350 3453 2714 3545 principio,
2745 3466 2816 3523 es
2849 3453 3168 3525 nondum

627 3552 804 3612 esset
841 3540 1061 3619 finita,
1103 3540 1450 3643 quomodo
1481 3554 1626 3613 erat
1654 3554 2222 3633 consentaneum,
2274 3541 2618 3613 Christum
2651 3596 2668 3624 ‚
2720 3543 2841 3631 qui
2889 3555 3178 3613 venerat

625 3640 905 3732 propter
929 3628 1349 3732 ’charltatem
1390 3630 1458 3700 in
1502 3630 1871 3713 mundum,
1907 3630 2219 3701 desinere
2269 3653 2391 3722 pro
2434 3652 2513 3701 eo
2551 3630 2725 3702 velle
2761 3632 2965 3723 pati?
3013 3636 3173 3703 Ser-

629 3731 803 3787 vavit
833 3740 1018 3789 emm
1044 3740 1195 3788 eam
1220 3731 1538 3791 naturam
1572 3742 1752 3809 quae
1786 3732 1891 3791 est
1917 3721 2053 3793 sub
2083 3719 2296 3802 coelo,
2321 3742 2480 3790 cum
2517 3719 2842 3793 subiisset
2871 3734 3170 3792 mortem

623 3808 1006 3879 secundum
1037 3828 1345 3891 carnem,
1379 3823 1446 3880 et
1470 3831 1624 3880 eam
1660 3809 2018 3880 delevisset
2052 3830 2173 3900 per
2205 3831 2401 3880 suam
2444 3831 2481 3879 a
2523 3810 2817 3881 mortuis
2849 3831 3170 3882 resurre-

619 3898 944 3967 ctionem.
982 3896 1336 3969 Nesciebat
1380 3920 1542 3989 ergo
1574 3903 1810 3970 Petrus
1841 3897 2009 3987 quid
2050 3898 2330 3968 diceret.

709 3989 746 4074 ξ
792 3989 888 4056 0.
943 3989 1292 4058 Caeterum
1345 4000 1611 4089 praeter
1657 3987 2069 4057 admirabile
2105 3999 2169 4057 et
2220 4007 2550 4057 amanum
2597 3987 2848 4058 Christi
2900 3987 3172 4078 gloriae

622 4075 1118 4164 spectaculum,
1156 4075 1421 4164 aliquid
1454 4098 1730 4165 quoque
1755 4074 1943 4146 aliud
1977 4074 2233 4147 factum
2259 4087 2366 4145 est
2391 4074 2564 4147 utile
2592 4088 2672 4147 et
2692 4077 3171 4148 necessarium

621 4163 704 4232 ad
756 4165 1305 4236 confirmandam
1357 4165 1424 4235 in
1461 4187 1534 4236 se
1564 4164 1800 4248 fidem,
1841 4185 1976 4235 non
2010 4164 2177 4236 solis
2208 4163 2598 4256 discipulis,
2636 4165 2755 4236 sed
2793 4165 3002 4235 etiam
3049 4188 3176 4235 no-

623 4251 929 4344 bisipsis.
970 4259 1273 4347 Desuper
1297 4256 1484 4327 enim
1514 4276 1597 4326 ex
1635 4253 1772 4325 alto
1809 4254 2028 4326 extitit
2059 4276 2186 4324 vox
2235 4254 2351 4323 Dei
2396 4265 2462 4325 et
2507 4255 2726 4327 Patris
2750 4310 2766 4336 ,
2818 4254 3168 4327 dicentis:

620 4341 747 4408 Hic
780 4353 875 4411 est
899 4344 1085 4430 filius
1128 4366 1315 4415 meus
1365 4346 1669 4426 dilectu&
1732 4345 1801 4413 in
1852 4367 1982 4438 quo
2042 4344 2199 4414 bene
2252 4343 2427 4414 mihi
2476 4346 2898 4436 complacui:
2939 4345 3174 4434 ipsum

670 4463 697 4490 ¹⁸
725 4465 792 4506 Ex
808 4464 940 4506 «losn-
968 4474 1013 4506 1x
1035 4468 1083 4508 et
1104 4475 1148 4507 x.
