3308 5004
657 328 792 398 ³³0
1229 344 1417 396 uss.
1467 342 1991 395 mauman.
2040 343 2443 394 suumn:
2779 327 2969 394 ΑΒΘ.
3018 328 3124 394 m

565 430 846 506 effulsit.
901 434 994 502 De
1040 439 1177 500 tota
1225 428 1584 515 ,siquidem
1631 429 1913 519 regione
1954 443 2290 517 quotquot
2337 429 2815 519 patiebantur,
2862 431 3125 501 affere-

564 521 734 592 bant
779 517 864 589 ad
913 539 1097 588 eum:
1134 529 1199 587 et
1246 529 1477 588 tantus
1509 531 1653 588 erat
1699 527 2105 599 concursus,
2156 529 2238 588 ut
2285 517 2680 608 praedictus
2714 523 2889 600 Rex,
2934 541 3115 589 eum

567 605 940 697 aliquando
973 606 1334 697 populum·
1358 607 1927 697 comprimentem
1961 609 2275 677 coercere
2321 629 2461 677 non
2494 618 2744 698 posset,
2796 608 3115 698 deposita

566 695 954 786 chlamyde,
992 695 1217 766 virum
1257 707 1583 766 sanctum
1627 697 1703 765 in
1758 695 2072 786 proprias
2110 694 2316 767 ulnas
2369 697 2783 788 suscipiens,
2849 696 2936 766 de
2985 697 3117 766 ha-

568 787 765 870 silica
811 783 1247 874 absportarit.
1299 789 1492 855 Inter.
1534 783 1873 875 plurimos
1920 803 2125 865 sane,
2176 784 2302 871 qui
2349 784 2605 856 ibidem
2651 785 2882 874 adepti
2945 796 3117 856 suut

567 876 953 956 sanitatem,
1006 894 1209 944 senex
1241 873 1530 959 quidam
1566 872 1989 965 paralyticus
2033 874 2121 944 de
2168 873 2418 962 vicinia
2465 874 2607 956 illa,
2661 875 2865 944 homo
2897 879 3114 942 notus,

568 976 638 1036 et
658 964 1064 1044 honoratus,
1115 960 1678 1036 multis.suorum
1736 963 2058 1053 precibus
2113 974 2181 1033 et
2225 984 2361 1033 non
2412 963 2561 1033 sine
2610 960 3113 1033 multolabore

569 1052 1005 1124 introductus
1049 1061 1154 1121 est
1197 1049 1286 1120 ad
1337 1050 1690 1122 hominem
1758 1051 1898 1121 Dei.
1950 1056 2002 1121 Α
2043 1071 2182 1139 quo
2236 1064 2390 1140 post
2445 1052 2959 1130 brevissimam,
3021 1067 3113 1123 ut

572 1140 860 1221 solebat,
908 1139 1302 1218 orationem
1325 1151 1598 1211 erectus
1641 1141 1982 1230 protinus,
2039 1161 2173 1210 non
2210 1139 2415 1210 modo
2453 1139 2846 1219 incolumis,
2896 1137 3118 1208 sedet

571 1230 763 1302 fortis
796 1227 1157 1319 apparuit:
1211 1241 1287 1297 ut
1321 1249 1554 1318 posses
1599 1229 1900 1309 credere,
1935 1229 1995 1298 si
2041 1228 2330 1306 videres,
2373 1250 2511 1298 non
2556 1242 2691 1299 tam
2739 1227 3121 1298 alteratum·

575 1318 928 1391 bominem
983 1339 1155 1397 esse,
1214 1339 1421 1402 quam
1469 1317 1791 1388 alterum.
1842 1318 2130 1404 Jamque
2174 1339 2256 1388 eo
2308 1317 2590 1387 viriliter
2652 1316 3053 1407 procedente
3086 1370 3109 1396 ,

574 1409 911 1499 parabant
956 1405 1076 1475 alii
1124 1404 1358 1476 tollere
1405 1404 1652 1476 lectum
1703 1407 1901 1495 ejuS‚
1953 1407 2026 1475 in
2073 1428 2210 1494 quo
2264 1407 2629 1477 subvectus
2693 1419 2883 1486 erat,
2939 1427 3113 1475 curn

570 1516 898 1569 revocans
927 1515 1086 1564 eum
1136 1517 1336 1564 unus·
1368 1516 1448 1564 ex
1492 1494 2127 1576 circumstantibuS,
2170 1500 2370 1586 Hugo
2408 1494 2748 1566 Tullensis
2773 1493 3111 1564 ecclesiae

575 1583 1135 1664 Archidiaconus,
1185 1583 1575 1673 Evangelici
1623 1582 1815 1655 illius
1864 1606 2128 1654 memor
2174 1583 2561 1674 paralytici.
2612 1589 2750 1654 Non
2803 1585 2925 1664 sic,
2982 1583 3107 1661 ait,

575 1696 709 1745 non
762 1672 864 1743 sic
909 1693 1169 1762 vacuus
1199 1672 1593 1744 reverteris:
1646 1672 1807 1743 tolle
1853 1674 2214 1762 grabatum
2263 1686 2488 1753 tuum,
2545 1684 2611 1743 et
2668 1672 2975 1744 ambula.
3032 1676 3123 1741 Et

575 1764 946 1853 imponens
975 1760 1045 1829 in
1096 1760 1422 1831 humeros
1465 1762 1642 1851 ejuS‚
1694 1761 1960 1832 dimisit
1995 1783 2153 1831 eum
2184 1761 2393 1832 libere
2478 1761 2933 1832 rocedentem.
2970 1759 3109 1830 Sed

573 1865 639 1923 et
668 1851 899 1922 omnis
947 1848 1161 1939 plebs,
1205 1862 1284 1919 ut
1329 1849 1519 1931 vidit,
1555 1850 1744 1920 dedit
1791 1849 2067 1921 laudem
2105 1855 2257 1922 Deo.
2312 1851 2413 1921 lbi
2465 1873 2574 1922 em
2605 1852 2812 1922 etiam
2848 1849 3123 1920 surdus

576 1961 749 2042 puer
792 1951 859 2008 et
905 1951 1141 2007 mutus
1191 1960 1273 2007 ex
1305 1951 1496 2011 utero
1545 1939 1786 2010 matris
1845 1960 2034 2020 suae,
2087 1940 2484 2012 sublevatus
2532 1961 2652 2030 per
2705 1939 2989 2019 scalam,
3043 1951 3113 2008 et

578 2051 650 2099 in
700 2026 995 2098 fenestra
1031 2025 1364 2097 accedens
1409 2027 1495 2097 ad
1546 2028 1770 2098 virum
1805 2029 1945 2110 Dei,
1998 2028 2151 2099 sub.
2178 2049 2393 2099 manu
2436 2029 2590 2115 ejus
2636 2028 2955 2099 auditum
3005 2049 3117 2096 re-

577 2115 1061 2207 cepitpariter
1095 2128 1161 2184 et
1188 2114 1556 2203 loquelam.
1611 2116 1737 2187 Sed
1793 2130 1859 2187 et
1908 2117 2248 2205 quaedam
2300 2118 2673 2209 paralytica
2730 2116 2983 2187 mulier
3026 2115 3115 2185 de

579 2204 857 2296 regione
914 2203 1191 2286 eadem,
1243 2204 1436 2275 dives
1495 2218 1561 2276 et
1607 2206 1982 2287 honorata,
2034 2205 2289 2276 ibidem
2354 2229 2504 2276 rece
2556 2207 2607 2276 it
2652 2206 2983 2276 amissam
3031 2226 3116 2275 ex

582 2293 810 2366 multo,
849 2305 1151 2383 tempore
1208 2294 1626 2384 sospitatem.
1682 2300 1995 2381 Dumque
2056 2295 2343 2365 exiliens
2388 2318 2499 2365 am
2553 2295 2809 2374 uiaret,
2860 2314 3105 2364 omnes

579 2383 858 2471 quidem
894 2381 1121 2452 laetati
1167 2393 1354 2463 sunt,
1418 2383 1540 2470 qui
1587 2383 1942 2453 videbant:
2000 2383 2121 2453 sed
2182 2406 2344 2474 prae
2396 2383 2681 2455 caeteris
2726 2381 3113 2454 exultavere

579 2471 856 2554 milites,
891 2471 1011 2560 qui
1043 2470 1413 2543 attulerant
1442 2485 1508 2542 et
1550 2471 1942 2543 obtulerant
1977 2493 2154 2543 eam.
2209 2478 2373 2544 Nam
2420 2483 2487 2543 et
2526 2471 2748 2564 ipsius
2782 2472 2914 2543 sibi
2950 2492 3114 2563 par·

583 2561 796 2652 ticeps
839 2582 991 2632 esse
1036 2561 1307 2632 virtutis
1343 2560 1664 2652 religiosa
1712 2560 1976 2631 devotio
2024 2561 2492 2643 videbatur....
3042 2606 3045 2607 ν

666 2652 704 2737 ἕ
756 2654 916 2722 29.
970 2655 1112 2720 Non
1160 2661 1261 2719 est
1312 2651 1509 2721 nobis
1556 2649 1832 2720 Colonia
1881 2649 2324 2720 transeunda.
2376 2656 2622 2742 Magna
2667 2662 2769 2720 est
2813 2649 3055 2719 civitas
3090 2672 3115 2716 :¹

581 2761 833 2830 magna
882 2738 1027 2809 illic
1074 2738 1193 2808 Dei
1238 2737 1497 2809 famulo
1538 2740 1754 2809 virtus
1784 2738 2042 2810 adfuit:
2080 2761 2332 2830 magna
2362 2740 2563 2810 illum
2602 2739 2871 2808 devotio
2898 2737 3114 2807 coluit

581 2826 1024 2919 populorum.
1077 2827 1472 2898 Ostenditur
1517 2850 1741 2917 usque
1786 2827 1989 2898 hodie
2035 2828 2105 2898 in
2146 2828 2448 2899 claustro
2490 2829 2668 2899 beati
2696 2828 2897 2905 Petri,
2928 2826 3111 2896 sicut

579 2939 622 2988 a
668 2917 979 3007 personis
1023 2915 1341 2986 veridicis
1391 2939 1611 3007 nuper
1654 2917 2075 3008 accepimuS,
2111 2911 2527 2988 'adolescens
2566 2917 2736 2986 olim
2785 2914 3094 2993 claudus,

583 3027 772 3075 nunc
818 3004 1028 3075 libere
1074 3005 1434 3094 gradiens:
1478 3007 1602 3093 qui
1638 3005 1912 3077 oblatus
1949 3006 2094 3075 viro
2127 3005 2266 3088 Dei,
2301 3005 2387 3076 ad
2422 3005 2921 3095 impositionem
2957 3023 3107 3071 ma·-

583 3094 719 3162 m⁴1s
763 3093 938 3183 ejus,
1039 3114 1302 3163 ressum
1354 3096 1628 3185 recepit.
1672 3093 1864 3164 Unde
1899 3096 2105 3164 etiam
2144 3094 2334 3165 filius
2365 3094 2517 3181 ejus
2551 3093 2823 3184 publice
2849 3111 3103 3180 cogno-

584 3181 911 3271 minatur.
944 3186 994 3251 A
1045 3183 1533 3254 basflenricus
1570 3184 1657 3255 de
1696 3182 1969 3264 Suedia,
2009 3183 2210 3274 cujus
2240 3205 2461 3274 supra
2489 3182 2784 3253 fecimus
2814 3178 3106 3250 mentio-

585 3290 767 3350 nem,
823 3292 1042 3361 nuper
1089 3270 1320 3340 retulit
1368 3271 1607 3352 nobis,·
1643 3270 2018 3342 foeminam
2065 3271 2391 3352 nobilem,
2447 3271 2760 3364 germani
2798 3267 3107 3340 suiolim

583 3380 890 3441 uxorem,
942 3380 1102 3431 cum
1158 3372 1308 3449 post
1351 3360 1616 3431 obitum
1668 3360 1794 3429 viri
1844 3360 1955 3430 sui
1996 3382 2159 3450 prae
2186 3360 2420 3431 dolore
2449 3359 2843 3451 phrenesim
2880 3359 3111 3428 incur-

580 3446 802 3527 risset,
835 3459 903 3517 et
934 3446 1147 3517 multo
1177 3459 1481 3537 tempore
1511 3448 1610 3519 sic
1639 3470 1714 3518 se
1743 3448 2027 3531 habene,
2062 3449 2132 3520 in
2158 3450 2460 3519 vinculis
2492 3462 2855 3529 teneretur,
2885 3446 3123 3516 eidem-

581 3534 756 3625 patri
805 3548 1039 3606 sancto
1087 3535 1155 3605 in
1189 3536 1460 3607 civitate
1498 3536 1801 3627 praefata
1829 3537 2153 3620 oblatam,
2190 3549 2259 3609 et
2287 3538 2395 3609 vix
2425 3538 2720 3608 tenuiter
2746 3536 2947 3606 turba
2976 3535 3115 3604 cir-

576 3635 1062 3716 eunstrepente
1110 3623 1494 3714 signatam,
1547 3625 1713 3694 dum
1761 3646 1843 3696 ex
1892 3648 2083 3697 more
2125 3626 2334 3716 ligata
2384 3626 2749 3706 revehitur,
2804 3637 3109 3694 mentem

579 3712 1224 3805 pristinam,atque
1269 3713 1605 3804 integram
1660 3714 1994 3804 recepisse
2027 3712 2344 3785 salutem.
2383 3720 2461 3784 In
2505 3715 2743 3787 eadem
2772 3714 2987 3783 etiam
3010 3713 3118 3783 ci-

577 3803 782 3874 vitate
827 3801 1044 3872 filiam
1093 3802 1374 3875 surdam
1424 3802 1648 3874 eidem
1700 3803 1877 3903 patri
1922 3816 2158 3873 sancto
2206 3815 2522 3894 parentes
2554 3801 2821 3873 nobiles
2846 3801 3116 3872 obtule-

580 3904 768 3969 runt.
818 3897 1011 3962 Hanc
1057 3892 1332 3982 ajebant
1376 3913 1416 3961 a
1465 3891 1759 3981 pueritla
1810 3890 2126 3963 traditam
2176 3891 2807 3963 sancti-monialium
2871 3912 3113 3962 mena-

576 3981 781 4053 sterio
827 3979 1311 4061 foeminarum,
1367 3981 1624 4052 ibidem
1678 4002 1961 4070 prorsus
2006 3981 2324 4053 amisisse
2370 3981 2715 4062 auditum,
2768 3992 2835 4050 et
2878 4001 3117 4069 annos

580 4068 918 4159 plurimos
948 4067 1018 4139 in
1053 4067 1292 4140 eodem
1326 4067 1764 4140 incommodo
1795 4069 2163 4162 peregisse.
2201 4072 2416 4161 Cujus
2448 4091 2674 4150 auree,
2717 4069 2914 4160 signo
2946 4072 3114 4137 Cru-

576 4157 678 4233 cis
721 4158 926 4242 edite,
980 4171 1172 4249 pater
1216 4171 1500 4230 sanctus
1544 4169 1936 4241 attrectanS,
1984 4159 2296 4249 protinus
2332 4171 2400 4229 et
2427 4158 2746 4230 auditum
2776 4157 2863 4239 ei,
2901 4168 2968 4226 et
2998 4178 3117 4247 pa-

577 4247 888 4317 rentibus
938 4245 1242 4316 reddidit
1281 4246 1698 4317 audientem.
1752 4245 2093 4317 Accedens
2142 4248 2318 4317 inter
2365 4248 2533 4317 haec
2585 4246 2841 4317 mulier
2891 4245 3120 4316 hono-³

579 4346 747 4416 rata,
800 4334 1223 4405 coloniensis
1269 4334 1504 4404 itidem
1551 4335 1745 4419 civis,
1798 4358 1975 4425 quae
2020 4335 2303 4406 alterius
2347 4335 2535 4408 oculi
2581 4336 2817 4408 lumen
2864 4333 3123 4403 amise-.

580 4434 708 4504 rat,
762 4422 1067 4512 plurima
1100 4423 1249 4513 jam
1299 4445 1421 4514 per
1465 4424 2022 4515 quinquennium
2073 4424 2411 4496 inutiliter
2475 4446 2623 4498 sese
2680 4425 2753 4495 in
2811 4422 3115 4495 medicos
