3308 5004
228 363 389 429 AUG.
448 364 487 427 5
931 379 1010 425 na
1059 379 1113 426 s.
1168 378 1472 426 oswALno
1520 378 1791 426 anoton.
1846 380 2004 427 anea
2530 360 2644 426 ⁴8⁴

227 486 334 535 nec
364 463 571 542 tertia,
611 483 734 532 nec
774 482 1083 549 unquam
1135 462 1380 533 exinde
1407 483 1568 531 eum
1617 461 1901 531 auderet
1947 462 2370 554 contingere.
2426 463 2618 546 Quod
2650 462 2745 534 ita

225 574 355 623 esse
481 562 659 620 stum
686 552 807 638 qui
838 550 1171 622 referebat
1206 551 1377 621 mihi
1407 550 1612 622 frater
1650 549 1812 621 inde
1849 550 2243 633 advenienS,
2284 551 2535 638 adjecit
2560 552 2744 640 quod

221 663 289 712 eo
319 573 536 710 adffic
578 652 905 730 tempore,
947 660 1086 727 quo
1126 661 1397 709 mecum
1452 639 1883 728 loquebatur,
1940 653 2329 731 superesset
2374 641 2445 710 in
2503 640 2746 712 eodem

222 728 613 800 monasterio
651 730 796 819 jam
830 729 1109 818 Juvenis
1151 728 1288 809 ille,
1329 729 1398 797 in
1449 750 1587 815 quo
1637 740 1800 799 tunc
1851 751 2063 820 puero
2110 728 2364 799 factum
2415 741 2562 800 erat
2618 730 2748 800 hoc

221 818 615 888 miraculum
686 818 1021 888 sanitatis.
1087 823 1216 888 Nec
1274 816 1673 887 mirandum
1708 872 1724 898 ‚
1779 839 2016 909 preces
2065 819 2270 909 Regis
2320 817 2555 900 illius,
2599 819 2748 909 jam

219 930 361 978 cum
413 907 698 976 Domino
745 927 815 975 re
871 906 1122 987 nantis,
1180 906 1476 977 multum
1528 906 1752 976 valere
1806 906 1991 997 apud
2055 928 2212 977 eum
2247 962 2262 987 ‚
2315 908 2435 994 qui
2485 920 2750 998 tempo-

218 996 366 1067 ralis
389 995 584 1085 regni
632 1016 814 1082 quon
870 1017 982 1066 am
1073 996 1496 1066 ubernacula
1528 1007 1790 1076 tenen5‚
1825 997 2047 1086 magis
2081 1018 2205 1086 pro
2235 1008 2509 1067 aeterno
2539 1018 2749 1087 regno

219 1106 475 1176 semper
522 1084 832 1154 laborare
877 1106 956 1153 ac
1024 1019 1106 1153 ge
1163 1084 1379 1154 recari
1428 1083 1712 1155 solebat.
1787 1085 2086 1172 Denique
2165 1084 2432 1163 ferunt,
2499 1088 2664 1172 quia
2712 1108 2752 1154 a

217 1186 507 1264 tempore
549 1173 923 1242 matutinae
981 1108 1210 1243 lamiis
1257 1173 1535 1264 saepius
1582 1174 1666 1242 ad
1718 1174 1900 1243 diem
1953 1194 2171 1274 usque
2211 1174 2279 1242 in
2322 1173 2752 1243 orationibus

218 1261 589 1351 perstiterit,
646 1276 849 1348 atque
897 1261 985 1332 ob
1032 1262 1352 1331 crebrum
1399 1284 1659 1331 morem
1710 1261 1979 1342 orandi,
2025 1283 2163 1331 stve
2207 1262 2464 1352 gratias
2497 1261 2749 1352 agendi

218 1353 514 1431 Domino,
570 1370 842 1439 semper
900 1350 1324 1438 ubicumque
1374 1349 1678 1432 sederet,
1745 1351 2035 1441 supinas
2084 1372 2294 1441 super
2348 1372 2576 1441 genua
2625 1372 2755 1420 sua

220 1462 452 1509 manus
503 1438 755 1508 habere
802 1437 1045 1509 solitus
1079 1440 1189 1508 sit.
1227 1439 1593 1530 vulgatum
1628 1451 1730 1508 est
1765 1439 1916 1520 hoc,
1955 1452 2018 1508 et
2061 1440 2126 1507 in
2179 1439 2750 1509 consuetudinem

218 1528 544 1615 proverbii
588 1548 885 1608 versum,
938 1528 1118 1615 quod
1170 1528 1374 1596 etiam
1411 1530 1588 1597 inter
1615 1529 1817 1598 verba
1865 1528 2195 1598 orationis
2231 1529 2434 1598 vitam
2470 1528 2748 1597 finierit.

213 1621 507 1705 Namque
538 1638 696 1685 cum
746 1616 961 1685 armis
991 1628 1054 1686 et
1104 1615 1417 1686 hostibus
1457 1617 1988 1707 circumseptuS,
2018 1617 2450 1708 jamjamque
2498 1616 2756 1687 videret

212 1726 274 1774 se
303 1728 451 1775 esse
504 1704 1013 1794 perimendum,
1047 1705 1265 1776 oravit
1311 1705 1394 1774 ad
1443 1706 1808 1775 Dominum
1842 1727 1964 1797 pro
2013 1706 2383 1775 animabus
2416 1707 2754 1776 exercitus

211 1794 333 1863 sui.
386 1793 583 1864 Unde
630 1792 873 1862 dicunt
920 1796 989 1862 in
1025 1793 1433 1884 proverbio:
1505 1799 1682 1864 Deus
1734 1794 2057 1868 miserere
2104 1795 2514 1875 animabus,
2582 1794 2752 1865 dixit

212 1883 560 1953 Oswaldus
609 1881 864 1951 cadens
913 1883 982 1952 in
1035 1897 1312 1952 terram.
1366 1885 1528 1953 Ossa
1583 1882 1776 1952 illius
1819 1883 2148 1953 translata
2188 1895 2252 1952 et
2284 1882 2558 1953 condita
2591 1896 2752 1953 sunt

214 1971 273 2039 in
324 1971 737 2042 monasterio
783 1970 967 2058 quod
1025 1971 1352 2041 diximus,
1410 1976 1614 2040 Porro
1663 1985 1907 2062 caput,
1963 1985 2027 2042 et
2083 1993 2334 2042 manus
2381 1994 2538 2041 cum
2596 1974 2752 2042 bra-

211 2059 377 2130 chiis
424 2084 462 2129 a
501 2081 786 2150 corpore
836 2061 1203 2149 praecisas,
1250 2060 1457 2146 jussit
1494 2081 1628 2142 rex,
1692 2060 1809 2147 qui
1859 2060 2224 2141 occiderat,
2287 2062 2356 2130 in
2399 2060 2753 2151 stipitibus

210 2149 561 2239 suspendi.
593 2153 740 2231 Quo
770 2161 922 2239 post
947 2170 1211 2219 annum
1240 2148 1609 2220 deveniens
1638 2171 1797 2218 cum
1828 2151 2129 2220 exercitu
2163 2171 2521 2220 successor
2552 2151 2747 2252 regni

211 2237 350 2308 e'us
399 2237 753 2316 Oswinus‚
807 2237 1093 2308 abstulit
1140 2260 1243 2308 ea:
1301 2249 1367 2307 et
1412 2249 1622 2327 caput
1670 2238 1952 2324 quidem
1999 2240 2072 2310 ,in
2135 2239 2542 2309 coemeterio
2592 2244 2752 2308 Lm-

208 2259 659 2484 (ἠεΐέζᾶιρηείε
692 2326 1042 2409 ecclesiae,
1097 2326 1166 2395 in
1220 2327 1404 2418 regia
1438 2347 1593 2397 vero
1640 2326 1912 2396 civitate
1948 2348 2196 2397 manus
2236 2350 2394 2398 cum
2448 2327 2752 2399 brachiis

207 2434 322 2483 con
381 2439 398 2484 ι
460 2428 532 2484 tt.

285 2506 321 2590 §
372 2510 524 2579 21.
600 2509 731 2575 Nec
781 2502 1004 2574 solum
1058 2502 1294 2595 inclyti
1343 2502 1527 2574 fama
1577 2502 1702 2572 viri
1754 2502 2146 2574 Britanniae
2195 2502 2367 2574 fines
2438 2505 2752 2576 lustravit

204 2594 606 2673 universos»,
660 2593 774 2663 sed
828 2592 1032 2661 etiam
1103 2605 1290 2664 trans
1338 2598 1684 2663 Oceanum
1751 2593 1954 2683 longe
2023 2592 2293 2663 radium
2358 2591 2750 2665 salutiferae

201 2676 371 2751 lucis
412 2703 777 2772 spargens,
834 2682 1238 2752 Germaniae
1270 2681 1478 2752 simul
1529 2694 1595 2750 et
1643 2682 2034 2771 Hyberniae
2071 2694 2295 2772 partes
2339 2682 2585 2772 attigit.
2626 2689 2748 2753 De-

200 2770 402 2856 nique
441 2770 1062 2841 reverendissimus
1095 2771 1388 2840 Antistes
1436 2776 1609 2840 Acca
1657 2770 1830 2839 solet
1860 2771 2132 2852 referre,
2172 2768 2354 2858 quod
2406 2793 2566 2841 cum
2619 2778 2750 2843 Ro-

199 2878 375 2926 mam
431 2858 715 2940 vadens,
784 2858 969 2952 apud
1040 2859 1557 2930 sanctissimum
1623 2859 1984 2929 Frisonum
2049 2860 2273 2949 gentis
2333 2860 2749 2951 Episcopum

199 2946 714 3017 Willibrordum
751 2968 909 3017 cum
962 2969 1086 3016 suo
1135 2948 1446 3017 Antistite
1482 2946 1790 3018 wilfrido
1840 2961 2244 3022 moraretur.
2297 2949 2542 3019 crebro
2589 2971 2749 3020 eum

194 3035 458 3106 audivit
507 3036 594 3106 de
629 3035 964 3105 mirandis
1014 3035 1328 3124 reliquiis
1374 3036 1686 3127 ejusdem
1724 3036 2279 3107 reverendissimi
2321 3037 2547 3128 Regis,
2574 3060 2752 3125 quae

199 3121 259 3190 in
312 3123 436 3193 illa
489 3123 841 3216 provincia
890 3137 1079 3214 gesta
1131 3125 1410 3209 suerint,
1468 3147 1772 3194 narrare.
1830 3125 1956 3195 Sed
1992 3139 2056 3195 et
2089 3126 2155 3194 in
2209 3125 2560 3214 Hybernia
2590 3148 2750 3197 cum

199 3214 558 3303 presbyter
603 3213 832 3283 adbuc
885 3214 1319 3315 peregrinam
1373 3236 1495 3305 pro
1551 3226 1831 3283 aeterna
1896 3215 2114 3305 patria
2163 3213 2443 3285 duceret
2491 3216 2696 3286 vitam
2731 3271 2746 3295 ,

199 3320 545 3372 rumorem
601 3301 983 3371 sanctitatis
1013 3324 1165 3391 elus
1200 3302 1266 3372 in
1321 3324 1401 3372 ea
1446 3324 1725 3390 quoque
1772 3302 2007 3373 insula
2057 3303 2258 3394 longe
2307 3303 2575 3391 lateque
2608 3305 2750 3392 jam

198 3391 679 3477 percrebuisse
732 3390 1010 3460 serebat.
1082 3396 1130 3461 E
1195 3391 1455 3479 quibus
1506 3413 1768 3472 unum,
1822 3391 2005 3479 quod
2061 3392 2236 3462 inter
2282 3392 2418 3463 alia
2468 3392 2747 3473 retulit,

199 3479 619 3549 miraculum
667 3481 1004 3570 praesenti
1057 3493 1329 3551 nostrae
1378 3479 1707 3550 historiae
1757 3480 2201 3550 inserendum
2253 3481 2702 3552 credidimus.

271 3568 308 3655 ξ
359 3570 535 3641 2².
588 3572 940 3659 Tempore,
994 3568 1240 3655 inquit,
1283 3567 1743 3651 mortalitatiS,
1796 3591 1974 3656 quae
2014 3570 2434 3638 Britanniam
2489 3571 2752 3660 Hyber·

199 3654 526 3752 piamque
576 3655 708 3725 lata
755 3669 985 3747 strage
1033 3657 1341 3737 vastavit,
1383 3679 1756 3747 percussus
1805 3670 1908 3728 est
1945 3657 2253 3748 ejusdem
2297 3658 2491 3728 clade
2543 3659 2752 3750 pestis

202 3756 364 3814 inter
403 3746 589 3815 alios
636 3745 1091 3816 scholasticus
1129 3746 1414 3833 quidam
1454 3744 1538 3815 de
1578 3768 1827 3837 genere
1878 3751 2258 3827 Scotorum,
2308 3747 2551 3817 doctus
2645 3748 2753 3816 ui-

201 3829 336 3902 dem
378 3835 492 3904 vir
542 3833 770 3904 studio
807 3833 1186 3914 literarum,
1243 3833 1359 3904 sed
1398 3856 1558 3923 erga
1611 3856 1850 3904 curam
1897 3848 2266 3926 perpetuae
2315 3856 2481 3906 suae
2535 3858 2608 3906 sa
2644 3858 2752 3904 va-

207 3919 389 3991 tionis
432 3921 550 3991 -nil
584 3923 869 3992 omnino
902 3922 1115 3993 studii
1149 3934 1215 3992 et
1264 3922 1651 3993 industriae
1714 3945 1984 4014 gerens.
2039 3925 2169 4007 Qui
2217 3946 2374 3993 cum
2419 3945 2490 3993 se
2552 3926 2750 3994 morti

208 4012 586 4093 proximum
625 4010 900 4092 videret,
942 4011 1181 4080 timere
1228 4012 1454 4100 coepit
1501 4024 1567 4082 et
1618 4032 1887 4102 pavere,
1945 4034 2028 4082 ne
2078 4034 2234 4082 mox
2300 4024 2615 4082 mortuus
2665 4012 2751 4083 ob

212 4100 427 4170 merita
481 4098 823 4169 scelerum
878 4099 961 4168 ad
1018 4100 1269 4169 inferni
1331 4100 1634 4171 claustra
1692 4114 2070 4191 raperetur.
2140 4101 2604 4188 clamavitque
2643 4124 2751 4171 me

212 4204 337 4258 cum
422 4210 657 4259 essem
696 4188 764 4257 in
808 4189 1031 4258 vicino
1091 4190 1381 4279 posituS,
1436 4201 1500 4258 et
1552 4190 1732 4259 inter
1778 4211 1981 4280 aegra
2051 4202 2348 4259 tremens
2402 4190 2746 4280 suspiria,

214 4269 395 4347 flebili
451 4298 622 4346 voce
672 4272 833 4347 talia
869 4299 1139 4347 mecum
1189 4277 1651 4365 querebatur:
1692 4278 1917 4359 Vides,
1960 4278 2208 4366 inquit,
2244 4278 2408 4366 quia
2433 4280 2575 4366 jam
2609 4301 2753 4349 cre-

215 4379 417 4437 scente
468 4367 783 4456 corporis
836 4366 1169 4445 molestia,
1233 4366 1316 4436 ad
1369 4366 1745 4437 articulum
1802 4367 2204 4437 subeundae
2274 4369 2510 4438 mortis
2567 4390 2753 4440 com-

211 4452 431 4538 pellor.
478 4459 616 4525 Nec
649 4454 891 4525 dubito
926 4476 1034 4525 me
1066 4469 1217 4545 post
1259 4467 1544 4525 mortem
1593 4457 1902 4545 corporis
1933 4457 2160 4527 statim
2209 4456 2291 4527 ad
2347 4470 2742 4548 perpetuam
