3308 5004
673 312 804 379 772
1455 326 1534 372 nr.
1581 327 1636 372 s.
1694 323 1854 373 noslt
1899 322 2068 371 vino.
2122 323 2252 370 mi.
2806 305 3000 372 AUG.
3051 305 3134 387 30

586 412 871 515 Rogavit
892 422 960 483 et
982 410 1281 482 obtinuit
1308 430 1430 501 per
1456 408 1720 511 aliquot
1740 406 1889 477 dies
1919 405 2301 477 solitariam
2325 376 2630 495 quietem
2652 417 2719 476 et
2740 404 3130 489 silentium,

584 514 663 573 ut
695 502 1011 572 intimius
1042 521 1206 571 suos
1252 497 1525 569 dolores
1580 497 1949 589 intingeret
1994 495 2316 567 extremis
2347 495 2774 567 cruciatibus
2819 495 3139 566 crucifixi

586 590 869 671 amoris,
904 588 1023 660 cui
1055 610 1127 660 se
1166 586 1606 659 membratim
1644 585 1990 657 confixam
2023 586 2095 655 in
2129 606 2337 656 cruce
2369 584 2729 657 sentiebat.

672 681 710 767 ἓ
756 684 919 753 cm.
969 676 1415 770 Augebantur
1471 676 1545 745 in
1602 674 1754 745 dies
1806 673 2218 762 hujusmodi
2275 673 2672 765 supplicia,
2736 685 2815 745 ut
2872 674 3137 744 mirum

584 766 813 849 fuerit,
863 789 1016 838 eam
1049 820 1069 847 ,
1124 779 1264 836 tam
1315 764 1597 856 potenti,
1665 764 1855 834 varia
1909 774 1977 835 et
2022 762 2381 834 cumulata
2426 763 2748 833 dolorum
2802 766 3083 834 caterva
3116 819 3132 845 ,

581 857 789 927 citius
833 854 1220 926 deficiendo
1285 876 1424 924 non
1471 852 1931 925 succubuisse
1956 906 1975 933 ,
2031 851 2151 922 sed
2214 851 2553 943 paulatim
2616 850 3132 934 resolvebatur,

580 946 748 1034 quia
793 944 1373 1037 gloriosissimum
1425 942 1740 1033 martyrii
1786 963 2008 1033 genus
2052 941 2118 1012 ei
2162 953 2312 1012 erat
2357 939 2541 1011 lente
2595 953 2662 1012 et
2707 939 3135 1013 articulatim

584 1034 789 1105 mori.
853 1033 1046 1104 Certa
1103 1032 1292 1104 enim
1349 1043 1496 1102 erat
1552 1032 1682 1103 has
1734 1051 1992 1122 poenas
2039 1041 2355 1100 aeternae
2413 1028 2675 1120 gloriae
2735 1029 3015 1120 pondus
3062 1030 3132 1099 in

581 1124 739 1215 ipsa
783 1134 1232 1214 operaturas;
1284 1121 1544 1192 sciebat
1588 1121 1779 1190 hunc
1824 1140 1977 1189 esse
2018 1118 2305 1189 calicem
2329 1172 2349 1199 ,
2404 1140 2611 1206 quem
2667 1121 2983 1209 Sponsus
3028 1117 3133 1188 bi·

582 1213 799 1293 berat,
850 1222 916 1281 et
945 1211 1082 1302 ipsi
1129 1222 1208 1282 ut
1253 1231 1546 1300 sponsae
1596 1209 1988 1289 miscuerat,
2042 1230 2124 1279 ac
2162 1207 2431 1278 tamdiu
2458 1220 2616 1278 ante
2648 1208 2710 1277 ei
2810 1229 3130 1278 raemon-

584 1311 951 1381 straverat;
1004 1298 1190 1370 unde
1235 1310 1632 1399 consuanter
1675 1295 2117 1389 etfl'ucunde,
2172 1295 2436 1367 velut'e
2469 1317 2686 1367 manu
2718 1301 2762 1366 C
2818 1296 2974 1367 risti
3005 1301 3133 1367 Do·

586 1388 761 1458 mini
855 1400 1229 1470 orrectum,
1274 1398 1492 1458 totum
1542 1386 1780 1457 ebibit.
1818 1384 2081 1456 Blanda
2109 1397 2176 1455 et
2211 1384 2658 1456 devotissima
2687 1408 2855 1456 cum
2886 1384 3132 1455 dilecto

586 1478 802 1548 misce
852 1491 920 1548 at
964 1476 1334 1565 colloquia,
1375 1487 1785 1564 tantumque
1816 1497 1976 1546 cum
2006 1473 2405 1544 domesticis
2437 1475 2810 1544 Dominum
2838 1474 3127 1567 rogavit,

585 1587 673 1636 ne
718 1565 993 1637 dolores
1019 1568 1173 1657 eJus
1205 1566 1455 1636 mentis
1492 1564 1791 1635 liberum
1831 1585 2041 1634 usum
2082 1561 2521 1653 impedirent.
2577 1563 2739 1633 Sitis
2770 1563 3130 1632 immanis-

587 1654 767 1725 sima
795 1676 958 1747 prae
982 1655 1250 1733 ceteris,
1284 1665 1364 1724 ut
1393 1651 1845 1746 praedixerat,
1884 1653 2126 1723 intime
2162 1674 2314 1722 eam
2345 1651 2723 1732 cruciabat,
2762 1671 2894 1720 nec
2919 1673 3135 1740 aquae

586 1756 792 1835 potus
833 1744 1093 1815 sitienti
1130 1742 1428 1813 dabatur
1451 1797 1469 1823 ,
1523 1742 1897 1813 obsistente
1937 1740 2363 1812 medicorum
2415 1742 2840 1831 praescripto
2871 1794 2889 1822 ,
2943 1740 3133 1811 unde

679 1831 968 1904 enaliter
1014 1832 1346 1903 arescenti
1400 1831 1652 1922 virgini
1696 1832 1827 1902 hoc
1865 1830 2071 1901 etiam
2120 1852 2283 1901 cum
2344 1820 2991 1921 moriente'Sponso
3041 1842 3134 1901 to-

619 1920 960 1992 erandum
995 1920 1363 2012 superfluit
1392 1918 1699 1991 clamare
1729 1944 1744 1985 2
1796 1922 1989 1992 Sitia.

678 2018 717 2091 5
767 2014 909 2083 4⁸2.
962 2009 1254 2100 Propius
1300 2007 1666 2103 accedente
1711 2007 2116 2100 acceptabili
2168 2018 2473 2166 tempore
2517 2027 2657 2095 quo
2704 2011 2889 2077 Rosa
2930 2008 3068 2078 ista
3101 2029 3136 2077 e

596 2098 797 2169 terris
828 2099 897 2167 in
935 2098 1173 2189 sponsi
1221 2097 1620 2188 paradisum
1654 2153 1670 2179 ,
1716 2098 2049 2188 depositis
2096 2109 2315 2166 morta
2347 2095 2530 2167 itatis
2576 2096 2869 2177 exuviis,
2916 2110 3136 2166 trans-

589 2186 871 2258 ferenda
900 2200 1068 2268 erat,
1115 2186 1375 2278 pluries
1406 2187 1757 2257 advocatis
1785 2185 2249 2267 confessariiS,
2295 2184 2737 2255 tenerrimam
2776 2187 3130 2255 conscien-

588 2276 754 2348 tiam
791 2331 806 2358 ,
879 2289 945 2346 et
1005 2275 1217 2348 semel
1280 2275 1692 2377 generaliter
1742 2275 1828 2345 de
1885 2276 2022 2344 tota
2070 2274 2229 2355 vita,
2284 2273 2742 2364 exomolegesi
2811 2275 3128 2365 purgavit

588 2387 865 2456 semper
907 2386 1069 2435 cum
1118 2364 1589 2455 poenitudinis
1637 2363 2064 2454 singultibus
2111 2375 2177 2432 et
2224 2362 2552 2453 lacrymis
2586 2417 2603 2445 ,
2673 2363 2769 2432 ita
2823 2378 2903 2433 ut
2946 2383 3130 2433 com-

587 2455 829 2545 puncti
865 2452 1226 2525 audientes
1276 2454 1696 2524 mirarentur
1735 2453 1804 2523 in
1856 2452 2279 2524 saevissimis
2315 2450 2743 2523 cruciatibus
2785 2473 2919 2521 non
2956 2453 3120 2521 flen-

587 2556 750 2627 tem,
803 2541 1188 2613 levissimas
1237 2542 1789 2633 imperfectiones
1844 2555 1981 2612 tam
2025 2541 2160 2611 alte
2199 2540 2476 2611 deflere.
2527 2539 2784 2612 Triduo
2812 2553 2975 2610 ante
3018 2537 3110 2606 fe-

585 2631 789 2702 licem
837 2631 1103 2703 obitum
1139 2631 1433 2723 supplex
1479 2653 1642 2701 voce
1675 2631 1891 2703 flebili
1938 2630 2255 2701 divinum
2289 2629 2616 2700 viaticum
2647 2641 2716 2700 et
2755 2640 3109 2699 extremam

585 2720 780 2812 petiit
808 2721 1233 2792 unctionem.
1288 2719 1515 2791 Delato
1552 2720 2013 2791 eucharistico
2050 2718 2258 2809 epulo
2289 2718 2510 2789 instar
2540 2716 2958 2788 coruscantis
2991 2738 3114 2785 au-

584 2829 780 2879 rorae
863 2809 1108 2879 ratiose
1141 2808 1398 2891 rubuit,
1433 2822 1501 2880 et
1533 2809 1789 2900 gaudio
1829 2831 1956 2879 suo
1989 2809 2217 2898 impar
2256 2807 2327 2878 in
2366 2806 2781 2877 altissimam
2813 2805 3124 2876 ecstasim

568 2910 782 2989 ·rapta
833 2899 959 2969 uit.
987 2898 1335 2969 Sacerdoti
1361 2912 1587 2968 tamen
1624 2898 2138 2968 sanctissimam
2173 2896 2481 2967 Hostiam
2518 2896 2922 2986 porrigenti,
2954 2907 3023 2965 et
3049 2894 3130 2964 de

587 3009 778 3056 more
811 2987 1121 3077 roganti,
1173 3000 1331 3076 apte
1375 2999 1443 3056 et
1487 2986 1801 3076 expedite
1857 2984 2233 3076 respondit.
2289 2985 2399 3056 Sic
2444 2998 2511 3055 et
2556 2984 2773 3055 alacri
2817 2984 3130 3055 omnium

587 3097 921 3147 sensuum
947 3074 1174 3146 officio
1204 3074 1433 3145 oleum
1460 3073 1906 3147 infirmorum
1941 3074 2360 3145 moribunda
2400 3073 2690 3164 accepit,
2733 3093 2875 3161 quo
2910 3073 3132 3164 potius

587 3165 673 3235 ad
706 3165 1166 3255 triumphum,
1200 3185 1413 3252 quam
1445 3164 1533 3233 ad
1567 3185 1861 3255 agonem
1895 3164 2113 3234 sensit
2137 3185 2210 3234 se
2234 3163 2557 3233 animari.
2605 3162 2903 3253 Saepius
2935 3162 3134 3232 etiam

585 3274 817 3323 coram
845 3253 1280 3324 adstantibus
1316 3273 1477 3323 voce
1505 3253 1697 3323 clara
1725 3252 2140 3324 orthodoxae
2167 3250 2329 3321 fidei
2352 3251 2851 3343 professionem
2881 3251 3136 3330 emisit,

586 3351 972 3432 protestans
1002 3364 1097 3422 se,
1154 3352 1231 3413 ut
1261 3342 1536 3423 vixerat,
1587 3342 1678 3411 ita
1715 3342 1891 3411 mori
1921 3352 2199 3411 sanctae
2239 3346 2589 3412 Romanae
2617 3351 2687 3410 et
2721 3338 3145 3411 universalis

585 3429 927 3502 Ecclesiae
972 3430 1217 3500 filiam.
1268 3434 1554 3501 Sacrum
1589 3430 1702 3500 sui
1734 3429 2012 3501 Ordinis
2042 3428 2429 3521 scapulare,
2460 3442 2535 3500 ut
2574 3430 2949 3521 proprium
2978 3449 3148 3500 suae

584 3517 947 3609 religiosae
996 3519 1280 3590 militiae
1312 3518 1662 3600 vexillum,
1714 3541 1852 3608 quo
1903 3518 2190 3610 Deipara
2250 3519 2453 3609 Virgo
2492 3530 2899 3588 nascentem
2946 3523 3153 3589 Prae·

585 3607 972 3766 gicatortlun
1020 3607 1347 3680 Ordinem
1399 3608 1899 3699 insigniverat,
1951 3627 2340 3698 expansum
2388 3629 2600 3697 super
2644 3607 2993 3698 stragulas
3046 3608 3154 3676 vi·

636 3719 752 3767 ere
789 3719 868 3766 vo
899 3709 1025 3767 ult.
1055 3759 1062 3766 .

671 3787 713 3874 ἐ
759 3788 905 3857 48.
960 3785 1303 3856 Invisente
1347 3807 1500 3856 eam
1550 3786 1771 3856 Priori
1830 3784 2262 3857 dominicani
2323 3784 2639 3856 coenobii
2689 3785 2963 3865 Limne,
3021 3785 3154 3854 cui

637 3895 713 3943 er
756 3873 1316 3963 quinquennium
1365 3896 1532 3946 suae
1572 3875 2035 3945 conscientiae
2083 3874 2381 3945 latebras
2426 3883 2847 3965 aperuerat,
2906 3871 3160 3942 humi-

618 3963 777 4035 ibus
823 3962 1148 4053 precibus
1195 3964 1283 4033 ab
1329 3983 1408 4033 eo
1466 3963 1765 4035 obtinuit
1827 3962 2087 4055 perlegi
2152 3961 2526 4034 formulam
2585 3975 2889 4034 exactam
2922 4014 2959 4060 ,ι
3002 3983 3165 4052 qua

583 4051 730 4139 jam
781 4051 1082 4122 moriens
1131 4053 1401 4121 veniam
1435 4074 1475 4122 a
1526 4057 1659 4123 Deo
1697 4064 2002 4124 exoraret
2053 4074 2176 4144 pro
2223 4052 2553 4123 omnibus
2600 4052 2725 4139 qui
2765 4067 2919 4122 eam
2968 4069 3165 4141 quo-

587 4161 888 4227 cumque
927 4140 1132 4211 modo
1178 4141 1252 4209 in
1286 4162 1454 4211 suae
1500 4142 1677 4212 vitae
1722 4141 2027 4212 decursu
2072 4142 2456 4223 laesissent,
2496 4141 2705 4231 cujus
2740 4141 2957 4212 νει-158
2984 4161 3167 4212 voce

586 4230 1005 4317 sequebatur
1051 4230 1243 4320 virgo
1289 4230 1700 4301 crucifixum
1750 4231 2099 4321 stringens
2129 4285 2145 4311 ,
2202 4251 2328 4301 nec
2384 4230 2623 4301 satiari
2685 4242 2962 4320 poterat
3016 4227 3167 4300 illis

589 4318 979 4389 tenerrimis
1032 4320 1352 4390 vocibus:
1407 4325 1608 4389 Pater
1648 4321 1910 4410 zynosce
1944 4321 2111 4389 illis.
2163 4320 2407 4389 Anima
2444 4341 2600 4389 vere
2649 4331 2838 4390 tanto
2891 4337 3169 4412 sponso

594 4404 829 4496 digna,
872 4429 1073 4495 quae,
1108 4419 1186 4478 ut
1211 4418 1388 4479 esset
1418 4408 1620 4500 plene
1667 4408 2130 4493 cruciformis,
2174 4408 2489 4479 divinum
2526 4407 2599 4477 in
2628 4428 2843 4480 cruce
2872 4413 3170 4502 Agrium
