3308 5004
724 325 852 391 683
1185 342 1268 389 nt
1315 342 1373 390 s.
1426 339 1782 390 ansusi-mo
1827 339 2027 389 msc.
2079 341 2157 390 n·
2202 339 2374 391 mci..
2421 337 2607 389 tom„
2842 321 3044 390 Aue.
3087 323 3169 402 28

631 427 820 498 velut
866 426 997 498 sub
1093 425 1465 496 mt'essione
1504 426 2011 498 continentium
2060 426 2536 506 ambulantes,
2587 422 2708 513 qui
2757 423 3178 496 numencul-

634 517 852 588 liones
887 517 995 605 (a)
1070 516 1446 587 icebantur.
1492 519 1570 586 Dt
1604 528 1798 585 erant
1831 516 2093 607 ingenti
2128 536 2417 586 numero
2444 527 2510 584 et
2541 514 2744 584 turba
2773 536 2900 604 per
2929 536 3175 592 omna

629 606 771 675 fere
807 604 1154 676 Afnicanas
1204 604 1515 695 regiones
1566 605 1945 677 constituti.
2004 604 2138 687 Qui
2196 603 2400 673 malis
2445 602 2698 675 imbuti
2735 602 3171 682 doctoribus.

569 694 573 698 ’
634 693 927 764 audacia
974 692 1271 783 superba
1315 705 1383 763 et
1433 694 1814 764 temeritate
1860 692 2304 775 illicita,-nec
2342 692 2513 774 suis,
2573 712 2698 762 nec
2745 691 3006 766 alienis
3050 691 3180 761 ali·

629 781 911 871 quando
961 780 1355 872 parcebant,
1407 793 1644 852 eontra
1680 782 1803 873 jus
1830 781 2068 870 fasque
2114 783 2183 851 in
2228 780 2465 853 'causis
2512 779 3012 851 interdicentes
3057 781 3179 851 ho·

633 870 988 940 minibus:
1040 883 1103 940 et
1152 869 1283 940 nisi
1324 869 1742 947 obedissent,
1780 866 2058 941 damnis
2155 869 2534 941 ravissimis
2575 882 2645 939 et
2687 869 3036 940 caedibus
3077 868 3179 942 af-

594 959 998 1040 ficiebant,
1052 958 1297 1028 armati
1353 958 1649 1047 diversis
1697 959 1880 1039 telis,
1932 959 2101 1029 bacc
2155 971 2386 1029 antes·
2411 979 2533 1050 per
2577 979 2780 1047 agros
2825 957 3180 1047 villasque

628 1059 850 1136 usqu'e
894 1048 982 1118 ad
1016 1046 1380 1137 sanguinis
1407 1047 1810 1117 effusionem
1847 1047 2169 1117 accedere
2208 1067 2346 1117 non
2381 1059 2781 1117 metuentes.
2823 1045 2958 1116 Sed
3005 1046 3173 1117 dum

629 1139 914 1207 verbum
969 1137 1079 1206 Dei
1118 1135 1363 1206 sedulo
1411 1136 1947 1227 praedicaretur,
1983 1148 2053 1206 et
2088 1159 2246 1206 cum
2284 1136 2370 1207 iis
2400 1135 2524 1223 qui
2570 1134 2864 1206 odemnt
2899 1157 3177 1226 pacem,

723 1227 823 1295 cis
875 1225 1047 1295 ratio
1088 1225 1523 1305 baberetur,-
1556 1224 1661 1297 illi
1705 1247 1937 1315 pacem
1996 1224 2385 1313 loquentem
2438 1223 2879 1294 debellabant
2991 1225 3176 1295 ratis.

626 1248 933 1403 Elimque
978 1313 1308 1384 adversus
1347 1334 1582 1383 eorum
1619 1314 1873 1405 dogma
1902 1314 2150 1384 veritas
2187 1314 2662 1393 innotesceret,
2696 1312 2815 1401 qui
2846 1335 2892 1380 v
2967 1316 3177 1384 ebant

627 1417 695 1474 et
754 1416 1083 1494 poterant,
1137 1423 1285 1472 sese
1341 1402 1650 1478 indevel
1700 1403 2104 1492 eripiebant,
2159 1400 2261 1471 vel
2317 1401 2844 1483 subducebant,
2898 1416 2975 1472 et
3035 1404 3179 1494 paci

627 1505 833 1580 atque
877 1491 1126 1561 unitati
1174 1490 1514 1561 Ecclesiae
1558 1513 1719 1561 cum
1771 1492 1940 1573 suis,
1991 1491 2250 1580 quibus
2300 1502 2631 1580 poterant,
2679 1491 3172 1563 cohaerebant.

629 1581 823 1651 Unde
869 1580 969 1649 illi
1019 1580 1126 1650 sui
1175 1580 1426 1650 erroris
1473 1581 2070 1671 congregationem
2125 1579 2346 1648 minui
2397 1579 2742 1662 videntes,
2793 1594 3019 1669 atque
3065 1604 3177 1652 au·

628 1670 928 1761 gmentis
974 1668 1317 1739 Ecclesiae
1363 1668 1788 1750 invidentes,
1844 1670 2122 1739 accensi*
2163 1668 2698 1739 exardescebant
2743 1668 2846 1738 ira
2905 1671 3175 1761 gruis-

627 1760 850 1838 sima,
906 1771 972 1827 et
1019 1756 1487 1829 intolerabiles
1551 1758 2057 1848 persecutiones
2122 1757 2369 1828 unitati
2425 1757 2764 1828 Ecclesiae
2824 1759 3175 1850 compacti

628 1847 1016 1917 faciebant:
1070 1846 1380 1936 ipsisque
1429 1846 1902 1917 sacerdotibus
1963 1846 2322 1916 catholicis
2367 1858 2434 1916 et
2496 1846 2834 1915 ministris
2889 1861 3175 1938 aggreso‘

620 1937 860 2005 siones
905 1935 1197 2004 diurnas
1246 1947 1455 2022 atque
1502 1947 1899 2014 nocturnae,
1953 1936 2514 2027 direptionesque
2568 1953 2800 2006 rerum
2850 1937 3173 2010 omni-um
3265 1941 3266 2010 Q

628 2024 694 2092 vi
736 2024 1142 2094 inserebant.
1198 2027 1361 2092 Nam
1412 2036 1479 2093 et
1510 2023 1764 2094 multos
1801 2024 1912 2093 Dei
1953 2045 2184 2093 servos
2228 2023 2560 2093 caedibus
2591 2021 3170 2094 debilitaverunt:
3265 2087 3266 2094 ,

627 2112 980 2199 aliquibus
1012 2112 1214 2182 etiam
1266 2111 1522 2182 calcem
1567 2134 1726 2181 cum
1775 2126 1966 2183 aceto
2005 2113 2072 2182 in
2123 2112 2359 2182 oculos
2417 2111 2804 2194 miserunt,
2859 2113 3178 2200 aliosque
3265 2111 3266 2148 ³

628 2201 1055 2359 οίιίςιίεἰιειηιοι.ο
1103 2200 1312 2359 {jande
1354 2201 1560 2272 etism
1621 2201 2034 2296 suis7iidem
2074 2201 2460 2271 Donatistae
2518 2201 3044 2292 rebaptizatores
3090 2201 3168 2269 in

626 2312 666 2360 ο
723 2312 861 2358 ium
906 2310 1098 2358 venie
1196 2304 1290 2359 nt.

713 2381 909 2467 §it
941 2377 1344 2448 Proficiente
1381 2399 1537 2449 vero
1566 2376 1880 2448 doctrina
1919 2378 2176 2460 divina,
2223 2377 2354 2482 sqb
2381 2391 2616 2448 sancto
2643 2389 2891 2448 etcum
2923 2390 3170 2447 sancto

626 2467 1003 2558 Augustino
1041 2468 1106 2536 in
1154 2467 1564 2538 monasterio
1599 2472 1728 2538 Deo
1763 2467 2156 2551 servientes,
2196 2466 2537 2539 Ecclesiae
2569 2466 3167 2558 Hipponensicle-

627 2558 750 2626 rici
797 2556 1107 2626 ordinari
1151 2578 1273 2627 coe
1364 2568 1546 2627 runt.
1599 2560 1687 2626 Ac
1717 2557 1965 2627 deinde
2013 2558 2479 2627 innotescente
2524 2569 2589 2626 et
2631 2556 3059 2627 clarescente
3085 2556 3166 2626 de

623 2644 737 2714 die
784 2644 852 2713 in
915 2645 1093 2715 diem
1152 2651 1280 2716 Ecc
1312 2647 1493 2715 esiae
1530 2644 1906 2715 catholicae
1960 2645 2490 2735 praedicationis
2539 2645 2829 2726 veritate,
2881 2658 3164 2716 sancto-
3265 2652 3266 2695 ἒ

625 2755 924 2822 rumque
963 2756 1316 2804 servorum
1364 2733 1473 2804 Dei
1529 2755 1649 2823 pro
1747 2735 1876 2804 sito
1923 2734 2384 2804 continentiae
2439 2747 2505 2804 et
2561 2746 2964 2825 paupertate
3015 2754 3157 2825 pro-
3265 2802 3266 2805 ,

623 2821 865 2904 funda,
901 2845 979 2893 ex
1012 2824 1451 2904 monasterio,
1492 2843 1631 2909 quo
1730 2844 1852 2913 per
1898 2822 2097 2893 illum
2149 2823 2608 2893 venerabilem
2642 2824 2864 2892 virum
2902 2836 2975 2892 et
3013 2841 3150 2894 essu

623 2924 690 2981 et
735 2934 1041 2982 crescere
1072 2923 1410 3001 coeperat,
1465 2932 1716 3001 magno
1750 2911 2091 2983 desiderio
2119 2933 2402 3003 poscere
2426 2924 2632 2999 atque
2662 2911 2984 3001 accipere
3007 2911 3142 3001 cpi-

625 3020 868 3090 scopos
911 3013 982 3071 et
1008 2999 1304 3070 clericos
1337 3023 1465 3090 pax
1497 2999 1836 3070 Ecclesiae
1887 3014 2090 3158 atgue
2124 3001 2354 3071 unitas
2395 3013 2466 3071 et
2508 3001 2731 3091 coepit
2780 3000 3036 3089 primo,
3077 3007 3137 3066 et

626 3102 859 3179 postea
907 3102 1270 3159 consecuta
1319 3103 1442 3159 est.
1498 3094 1666 3159 Nam
1717 3089 1930 3159 ferme
2006 3111 2222 3166 ecem,
2273 3110 2450 3176 quos
2482 3090 2628 3180 ipse
2660 3089 2847 3170 novi,
2891 3098 3140 3162 anctos

624 3199 706 3247 ac
757 3177 1177 3247 venerabiles
1233 3178 1412 3246 viros
1439 3233 1454 3257 ,
1503 3179 1936 3247 continentes
1981 3192 2047 3247 et
2092 3177 2530 3247 doctissimos
2557 3232 2573 3258 ,
2642 3177 2892 3257 beatus
2935 3182 3150 3267 Augu·

626 3266 851 3336 stinus
876 3265 1165 3335 diversis
1196 3266 1531 3346 ecclesiis,
1570 3265 1926 3336 nonnullis
1955 3289 2229 3355 quoque
2247 3266 2845 3347 eminentioribus,
2887 3278 3160 3358 mgatus

626 3353 839 3423 dedit.
875 3354 1338 3442 Similiterque
1367 3368 1434 3424 et
1471 3355 1606 3447 ipsi
1636 3379 1714 3425 ex
1756 3354 2032 3424 illorum
2075 3368 2466 3427 sanctorum
2508 3355 2856 3445 proposito
2894 3355 3166 3426 venien·
3265 3378 3266 3433 ς

627 3455 725 3512 tes
758 3496 773 3525 ,
840 3443 1105 3512 Domini
1154 3444 1466 3521 ecelesiis
1515 3444 1933 3545 propagatis,
1983 3456 2052 3513 et
2100 3443 2510 3513 monasteria
2568 3442 3060 3525 instituerunt,
3101 3456 3172 3514 et

627 3531 857 3602 studio
904 3547 1249 3602 crescente
1297 3531 1795 3602 aedificationis
1844 3531 2032 3601 verbi
2083 3531 2241 3614 Dei,
2303 3531 2591 3602 caeteris
2647 3532 2968 3605 ecclesiis
3019 3554 3176 3624 pro·
3265 3544 3266 3605 ἲ

628 3634 847 3690 motos
894 3622 1134 3692 fratres
1185 3620 1271 3690 ad
1321 3620 1845 3723 suscipiendum
1891 3620 2352 3690 sacerdotium
2407 3620 2920 3711 praestiterunt.
2978 3622 3180 3694 uude

627 3730 749 3799 per
796 3711 1048 3781 multos
1096 3721 1160 3780 et
1207 3710 1276 3779 in
1330 3709 1568 3780 multis
1617 3709 1920 3780 salubris
1966 3709 2125 3778 fidei
2164 3764 2181 3791 ,
2227 3709 2374 3801 spei
2421 3720 2485 3779 et
2531 3709 2888 3780 charitati-s
2937 3712 3182 3782 Eccle-

626 3797 767 3868 siae
835 3799 1297 3871 innotescente
1361 3798 1674 3869 doctrina
1710 3852 1726 3878 ‚
1809 3820 1943 3867 non
2007 3797 2236 3868 solum
2312 3819 2431 3888 per
2489 3819 2736 3876 cinnes
2808 3798 3188 3872 Africanas

624 3899 853 3987 partes
883 3942 901 3969 ,
958 3889 1404 3958 verumetiam
1456 3888 1522 3957 in
1572 3887 2061 3957 transmarinis
2105 3899 2174 3956 et
2264 3907 2341 3956 er
2389 3885 2602 3958 libros
2658 3886 2904 3969 editos,
2951 3902 3188 3978 seqare

624 3997 695 4043 in
746 3981 1078 4048 Graecum
1136 3997 1519 4047 sermonem
1581 3976 1982 4058 translatoS,
2050 3975 2138 4044 ab
2193 3975 2313 4045 ilo
2360 3997 2502 4045 uno
2549 3970 2884 4059 bomine,
2925 3988 2997 4046 et
3057 4001 3190 4071 per

624 4063 823 4134 illum
871 4066 1107 4135 multis
1139 4120 1154 4145 ‚
1206 4065 1469 4134 favente
1517 4069 1675 4144 Dec,
1731 4065 1948 4133 multa
1999 4064 2423 4134 innotescere
2470 4077 2894 4134 meruerunt.
2945 4070 3192 4157 Atque

625 4151 812 4232 hmo,
866 4168 941 4222 ut
987 4155 1318 4242 scriptum
1369 4166 1493 4232 est,
1547 4166 1864 4243 peccator
1895 4153 2131 4222 videns
2160 4152 2607 4233 irascebatur,
2652 4152 2982 4223 dentibus
3015 4161 3193 4230 suis

624 4240 980 4310 frendebat
1009 4254 1075 4311 et
1107 4243 1539 4312 tabescebat:
1593 4241 1768 4311 servi
1818 4253 2045 4310 autem
2098 4242 2370 4322 Christi,
2417 4254 2489 4311 ut
2521 4241 2784 4312 dictum
2821 4255 2960 4324 est,
3001 4268 3190 4318 cum

678 4403 736 4448 (α)
765 4399 1113 4444 Donatistarum
1142 4404 1282 4449 secta.
1307 4401 1376 4445 sic
1406 4414 1433 4444 s
1460 4404 1673 4453 vagando
1702 4402 1951 4456 appellstiz
1978 4403 2029 4445 ht
2046 4415 2134 4447 sua
2155 4407 2339 4447 tantum
2358 4406 2408 4445 ln
2426 4386 3050 4457 communionem
3069 4420 3195 4457 m-

622 4451 764 4493 §tueri
778 4455 1033 4503 jactabant,
1051 4453 1331 4505 irritumque
1349 4458 1657 4500 autumabant
1675 4457 1963 4509 baptismum
1982 4459 2041 4498 ab
2063 4456 2289 4508 improbis
2305 4459 2550 4500 conatum.
