3308 5004
64 342 266 415 AUG.
320 343 404 414 24
750 357 829 410 nt
876 359 933 410 s.
986 357 1283 411 innocuo
1329 357 1533 411 mse.
1584 356 1950 410 nornomc.
2417 345 2544 411 597

62 448 423 542 gaudebat
467 446 638 517 urbs
687 458 846 528 tota,
897 466 1059 517 eum
1108 446 1228 534 qui
1278 457 1415 517 toto
1460 459 1638 517 esset
1703 458 1909 517 notus
1971 445 2042 517 in
2111 446 2275 516 orbe
2301 499 2322 527 ,
2400 446 2485 517 ad
2562 469 2636 518 se

61 539 369 612 venisse.
425 541 503 605 Et
550 548 627 606 ut
676 535 915 626 paucis
962 534 1347 625 expediam,
1400 535 1571 607 adeo
1611 534 1804 606 illius
1840 535 2139 605 adventu
2171 548 2238 605 et
2268 535 2635 606 beneficiis

63 626 578 718 gratulabatur,
609 625 751 694 acsi
782 622 945 694 fidei
966 644 1132 696 suae
1156 621 1577 707 fundatores,
1605 645 1864 705 coram,
1897 623 2119 694 oculis
2148 626 2497 716 corporeis
2530 626 2635 694 in-

68 727 405 786 tueretur.
437 713 784 785 Absolutis
810 734 966 783 vero
999 712 1185 804 apud
1223 712 1365 783 loca
1405 725 1802 784 sanctorum
1839 712 1962 782 diu
1995 713 2246 804 optatis
2281 714 2627 803 precibus,

70 804 335 873 divinis
380 803 687 894 acceptis
733 801 1106 893 responsis,
1159 824 1320 872 cum
1377 802 1753 873 multarum
1797 801 2245 890 reliquiarum
2281 802 2633 893 suffragiis

74 892 357 962 tandem
406 890 821 962 venerabilis
868 911 1073 964 senex
1103 946 1121 973 ,
1174 890 1534 961 altissimis
1583 890 1857 982 Alpium
1899 891 2094 982 jugis
2145 891 2625 973 transmissiS,

77 982 150 1051 in
183 980 441 1052 Gallias
473 981 767 1050 revertit.
844 1048 850 1054 .

168 1073 207 1159 ξ
258 1074 406 1142 28.
461 1074 626 1139 Cum
677 1079 904 1138 autem
955 1068 1041 1137 ad
1091 1090 1259 1138 suae
1306 1067 1643 1139 dioecesis
1686 1067 1861 1137 fines
1896 1067 2336 1157 pervenisset,
2381 1089 2624 1140 omnes

71 1171 213 1230 tam
263 1160 446 1228 cives
492 1178 701 1245 quam
755 1157 1144 1228 suburbani
1194 1156 1534 1239 homines,
1593 1157 1895 1227 maximo
1929 1157 2151 1226 affecti
2187 1156 2466 1248 gaudio,
2512 1179 2630 1227 ca-

76 1248 393 1318 tervatim
446 1246 543 1316 illi
592 1259 1046 1316 occurrerunt
1094 1268 1255 1316 cum
1304 1246 1630 1316 crucibus
1680 1258 1745 1316 et
1814 1245 2298 1336 lampadibuS,
2365 1247 2626 1336 gratias

74 1350 361 1426 agentes
410 1335 721 1411 Domino,
773 1335 955 1422 quod
1000 1335 1358 1426 proprium
1452 1347 1747 1405 astorem
1782 1347 1987 1422 atque
2022 1334 2415 1426 pontificem
2458 1336 2633 1426 ipsis

72 1423 500 1496 incolumem
535 1424 963 1496 restituisset.
997 1425 1288 1525 Jamque
1319 1446 1393 1494 ve
1425 1447 1508 1495 ox
1542 1423 1725 1494 sama
1760 1422 2021 1506 volans,
2060 1424 2266 1515 Regis
2299 1423 2639 1512 perfertur

74 1513 168 1584 ad
195 1513 454 1584 aulam.
490 1518 728 1601 Itaque
757 1518 894 1583 Rex
925 1527 992 1583 et
1025 1517 1287 1603 Regina
1313 1513 1687 1600 cunctique
1720 1511 1960 1603 palatii
1998 1533 2314 1604 proceres
2347 1511 2638 1584 laudant

76 1607 489 1683 Creatorem,
544 1601 726 1692 quod
780 1614 1010 1671 tantus
1055 1601 1340 1671 antistes
1388 1615 1453 1672 et
1501 1613 1683 1671 tutor
1717 1601 1936 1691 regni,
1979 1601 2149 1692 ipsis
2182 1599 2416 1673 salvus
2459 1614 2639 1673 esset

75 1691 416 1762 redditus.
454 1689 631 1774 Quid
667 1690 780 1760 hic
813 1690 1039 1760 dicam
1072 1690 1158 1759 de
1189 1690 1664 1761 sacerdotibus
1709 1703 1774 1760 et
1812 1690 2214 1780 agminibus
2258 1690 2637 1760 monacho-

77 1785 293 1851 rum?
338 1779 458 1867 qui
509 1800 749 1848 omnes
800 1779 1246 1860 unanimiter,
1293 1779 1362 1849 in
1398 1779 1668 1849 coelum
1705 1778 1997 1851 sublatis
2031 1779 2381 1858 manibus,
2423 1799 2627 1849 cane·

77 1870 281 1940 bant:
338 1868 605 1940 Gratias
651 1868 925 1959 agimus
967 1868 1089 1939 tibi
1127 1873 1293 1938 ,Iesu
1324 1866 1608 1951 Christe,
1648 1867 1749 1937 fili
1784 1868 1900 1938 Dei
1943 1868 2100 1950 vivi,
2142 1869 2263 1957 qui
2296 1868 2637 1937 exaudisti

78 1979 282 2029 voces
330 1957 418 2026 ad
471 1970 533 2025 te
579 1955 1056 2038 clamantium,
1107 1968 1174 2026 et
1210 1956 1568 2027 reddidisti
1610 1957 1812 2027 nobis
1844 1970 2191 2049 pastorem
2230 1956 2633 2027 animarum

81 2059 507 2124 nostrarum,
551 2057 615 2114 et
644 2067 1011 2136 corporum
1047 2056 1586 2136 procuratorem.

169 2137 209 2223 ξ
260 2137 424 2206 2⁹.
477 2138 577 2204 Ita
625 2134 709 2204 ad
763 2134 990 2205 sedem
1043 2135 1394 2225 propriam
1446 2156 1783 2215 reversus,
1835 2134 2031 2206 audit
2134 2133 2324 2205 alatii
2373 2133 2639 2204 Princi-

83 2245 235 2324 peS,
268 2222 445 2310 'quos
478 2237 753 2293 auctore
776 2227 931 2305 Deo,
970 2229 1257 2293 Romam
1308 2224 1777 2314 proficiscenS,
1812 2245 2066 2294 concor
2116 2245 2189 2293 es
2239 2222 2632 2311 reliquerat,

84 2311 459 2403 instigante
483 2311 782 2393 diabolo,
810 2312 959 2401 jam
987 2311 1372 2382 discordiae
1420 2327 1612 2402 peste
1635 2323 2010 2412 correptos.
2049 2310 2400 2403 Spiritalia
2428 2311 2640 2402 igitur

85 2421 281 2471 arma
321 2423 713 2491 capessenS,
770 2415 957 2492 puta,
998 2401 1292 2502 vigilias,
1328 2423 1585 2491 preces,
1631 2399 1925 2488 jejunia,
1957 2399 2337 2492 spiritalem
2372 2400 2640 2470 hostem

84 2512 128 2560 e
174 2489 427 2581 palatio
474 2489 752 2592 pellere,
805 2490 1261 2581 et-pristmam
1314 2489 1756 2561 concordiam
1809 2490 1987 2559 inter
2017 2500 2397 2560 commotos
2449 2489 2641 2579 prin—

80 2578 274 2669 cipes
329 2601 588 2650 sarcire
633 2592 943 2650 conatur.
997 2583 1216 2663 Quam
1265 2601 1423 2650 vero
1488 2579 1706 2648 multa
1736 2633 1751 2659 ,
1825 2599 2035 2666 quam
2109 2577 2346 2670 gravia
2392 2590 2454 2648 et
2504 2577 2644 2647 alta

81 2667 387 2758 suspiria
435 2668 655 2749 duxit,
706 2690 913 2755 quam
972 2668 1225 2739 multas
1293 2667 1643 2738 molestias
1691 2679 1757 2736 et
1802 2666 2207 2750 afflictiones
2268 2667 2468 2736 beata
2537 2688 2643 2737 se-

82 2770 330 2827 nectus
379 2755 683 2847 pertulit,
736 2770 813 2826 ut
844 2779 960 2828 eos
1001 2758 1177 2827 inter
1218 2779 1290 2827 se
1322 2755 1744 2836 conciliaret,
1778 2777 1955 2843 quos
1985 2755 2245 2826 invidia
2275 2754 2533 2824 diaboli
2567 2755 2642 2823 in

84 2858 369 2914 mutuas
414 2846 809 2915 animorum
871 2847 1274 2917 acerbitates
1320 2844 1756 2931 conjecerat?
1805 2850 1993 2915 Certe
2040 2865 2125 2913 ne
2172 2844 2462 2935 sanguis
2514 2844 2642 2913 hu-

82 2954 343 3003 manus
382 2932 787 3005 funderetur
832 2957 873 3004 a
921 2934 1349 3012 Christianis,
1405 2933 1627 3004 libens
1675 2934 1826 3024 ipse
1888 2946 2172 3003 mortem
2225 2946 2372 3003 erat
2432 2954 2641 3034 oppe-

81 3022 338 3092 titurus
368 3076 384 3102 ,
462 3044 598 3092 non
655 3023 1020 3094 immemor
1078 3023 1268 3093 illius
1333 3020 1783 3114 Evangelicae
1825 3023 2051 3115 (Joan.
2089 3022 2161 3113 x)
2206 3034 2639 3093 sententiae:

80 3114 326 3181 Pastor
370 3113 575 3181 bonus
612 3114 912 3183 animam
956 3135 1153 3199 suam
1209 3111 1328 3181 dac
1365 3134 1485 3198 pro
1533 3113 1763 3182 ovibus
1816 3114 1981 3183 suis,
2049 3118 2181 3183 Nec
2230 3111 2423 3181 labor
2470 3110 2656 3193 tanti⁸

81 3199 218 3269 viri
256 3221 499 3271 cassus
524 3221 673 3271 esse
706 3203 959 3291 potuit..
980 3200 1333 3292 Principes
1356 3202 1568 3282 enim,
1600 3201 1806 3292 pulsa
1853 3199 2311 3283 dissensione,
2352 3200 2644 3271 libenter

87 3287 396 3378 amplexi
444 3302 609 3367 sunt
653 3290 982 3360 amissam
1022 3311 1284 3380 pacem.
1965 3296 1974 3313 '

176 3379 213 3463 ᾖ
259 3380 433 3449 80.
484 3383 638 3448 Jam
689 3400 848 3447 vero
897 3390 1227 3468 regnante
1256 3378 1700 3460 TheodoricO,
1745 3378 1867 3466 qui
1902 3379 2177 3449 beatum
2218 3379 2446 3448 virum
2504 3399 2642 3447 non

84 3466 346 3547 minuS,
385 3488 595 3554 quam
634 3472 849 3557 Reges
877 3468 1290 3555 superiores,
1329 3468 1617 3537 charum
1653 3466 1920 3550 habuit,
1975 3469 2153 3537 inter
2185 3467 2452 3569 reliqua
2494 3467 2645 3569 ejus

82 3554 424 3625 beneficia
472 3553 541 3624 id
589 3557 677 3627 ab
733 3576 813 3624 eo
885 3556 1292 3646 praestitum
1359 3568 1460 3627 est
1530 3569 1771 3627 sancto
1817 3558 2165 3638 Audoeno,
2218 3569 2297 3627 ut
2358 3578 2428 3625 m
2492 3577 2645 3646 eJus
2740 3560 2752 3571 ’

83 3645 400 3735 paroecia
439 3666 562 3714 nec
612 3644 993 3736 Episcopus
1043 3667 1168 3714 nec
1214 3645 1440 3715 Abbas
1472 3644 1588 3715 .vel
1640 3645 2024 3727 Abbatissa,
2079 3667 2301 3734 neque
2372 3651 2636 3725 ComcS,

84 3753 308 3820 neque
339 3733 522 3803 alius
554 3734 924 3822 quisquam
965 3733 1339 3821 judiciaria
1390 3746 1719 3825 potestate
1769 3735 2145 3825 praeditus,
2198 3734 2460 3821 absque
2491 3732 2645 3824 ejus

84 3842 427 3893 consensu
459 3827 789 3893 rectorem
822 3822 926 3892 vel
966 3844 1435 3895 successorem
1463 3824 1881 3894 constituere
1929 3822 2236 3903 auderet,
2275 3822 2410 3891 nisi
2437 3836 2646 3911 quem

86 3908 194 3977 vir
244 3924 527 3983 sanctus
577 3911 678 3981 vel
717 3910 803 3980 de
850 3911 1021 3993 suis,
1076 3911 1176 3981 vel
1227 3912 1511 3982 aliunde
1563 3935 1686 4004 pro
1745 3912 1919 3983 vitae
1984 3913 2229 3982 merito
2278 3911 2640 3980 instituere

87 3996 309 4068 vellet.
362 4005 519 4070 Erat
566 4013 711 4071 tum
765 4000 834 4070 in
883 4001 1057 4090 ejuS,
1110 4022 1317 4088 quem
1369 4001 1702 4083 diximus,
1752 4002 1959 4092 Regis
2005 4000 2261 4093 palatio
2304 3998 2641 4090 primaria

82 4085 420 4178 dignitate
452 4089 555 4158 vir
611 4088 904 4160 illustris
951 4093 1274 4160 W‘aratto.
1327 4094 1394 4161 Is
1432 4090 1660 4160 lilium
1722 4090 1969 4160 habuit
2016 4103 2379 4161 strenuum
2428 4099 2495 4157 et
2543 4089 2648 4157 in-

87 4174 482 4258 dustrium,
553 4177 670 4250 sed
735 4178 970 4248 animo
1015 4177 1236 4248 ferum
1297 4199 1377 4248 ac
1429 4179 1739 4249 moribus
1792 4200 2117 4271 asperum
2154 4235 2169 4261 ,
2226 4190 2294 4249 et
2339 4177 2474 4269 ipsi
2525 4198 2650 4278 pa-

84 4264 267 4335 renti
314 4286 438 4335 suo
486 4266 960 4338 insidiantem.
1013 4266 1377 4337 Gislemari
1419 4289 1669 4338 nomen
1734 4281 1882 4338 erat
1927 4267 2082 4338 illi:
2137 4290 2263 4337 nec
2314 4266 2573 4337 destitit
2608 4287 2650 4336 a

87 4366 421 4444 concepta
490 4355 798 4438 malitia,
867 4356 1086 4427 donec
1155 4370 1414 4448 patrem
1480 4378 1609 4426 suo
1675 4357 2074 4447 principatu
2142 4357 2413 4448 dejecit.
2502 4356 2648 4428 Etsi

84 4465 248 4514 vero
294 4443 690 4536 obJurgaret
734 4468 893 4516 eum
956 4446 1200 4517 beatus
1246 4444 1660 4527 AudoenuS,
1713 4445 1895 4533 quod
1951 4456 2210 4517 tantam
2262 4444 2643 4534 nequitiam
