3308 5004
725 328 810 394 94
1403 347 1483 394 nn
1529 346 1585 394 s.
1637 345 1962 395 srarflmo
2008 346 2170 393 rara
2217 345 2407 393 nar.
2886 325 3058 392 AUG.
3100 326 3133 391 2

639 430 940 502 Tertullo
987 431 1291 514 cuidam,
1334 430 1587 501 domus
1620 451 1787 501 suae
1818 431 2286 522 gubernatori.
2332 429 2705 522 Exuperiae
2743 440 2962 499 autem
2992 449 3135 497 con·
3253 455 3254 524 ζ

629 519 789 612 jugi
837 519 1200 622 Olympius
1248 521 1394 611 ipse
1450 520 1796 602 narravit,
1861 518 2449 607 quemadmodum
2514 517 2952 609 Sempronius
2994 521 3142 586 Jesu

639 609 886 679 Christi
937 614 1050 679 Dei
1102 609 1209 680 sui
1262 608 1537 678 nomine
1584 609 1921 691 invocat0,
1976 610 2206 678 Martis
2255 608 2517 678 idolum
2554 606 3064 677 comminuerat.

727 700 763 785 ξ
810 702 892 770 Ο.
945 703 1135 768 Tunc
1167 698 1499 788 Exuperia
1533 720 1746 767 uxor:
1787 698 1853 767 Si
1890 711 2098 779 tanta,
2144 698 2390 784 inquit,
2429 710 2531 766 est
2569 695 2812 766 Christi
2845 691 3140 796 potentia,
3255 667 3256 752 l

644 800 977 875 quantam
1010 786 1208 868 dicis,
1247 787 1464 857 satius
1497 786 1695 855 nobis
1724 800 1825 856 est
1851 786 2103 857 dehinc
2138 786 2292 855 illos
2328 786 2516 876 ipsos
2550 784 2713 855 deos
2754 783 3136 871 relinquere,

637 876 757 964 qui
808 897 1028 963 neque
1088 877 1267 957 sibi,
1345 897 1564 963 neque
1631 875 1828 946 nobis
1875 896 2074 965 opem
2142 874 2316 945 ferre
2374 886 2685 961 possunt-
2755 877 3148 957 Quaeremus

638 965 857 1055 igitur
893 964 1115 1034 virum
1159 964 1359 1034 illum
1388 1017 1408 1044 ,
1512 963 1586 1033 ui
1632 964 1982 1034 Nemesiae
2022 964 2282 1034 tribuni
2333 963 2515 1033 filiae
2562 962 2799 1033 lumen
2854 958 3145 1030 restituit.

640 1058 830 1123 Tunc
859 1053 1221 1144 Olympius
1260 1052 1484 1122 Tertul
1517 1073 1557 1120 o
1603 1053 1966 1143 praecepit,
2012 1066 2091 1123 ut
2123 1053 2358 1123 mitius
2389 1074 2462 1122 se
2494 1064 2760 1153 gereret
2793 1072 2950 1120 cum
2982 1051 3152 1118 Sem-

643 1142 915 1233 pronio,
970 1141 1314 1232 siquidem
1364 1141 1657 1211 Nemesii
1692 1141 2003 1231 pecuniis
2042 1140 2478 1228 inquirendis
2515 1161 2661 1231 ipse
2700 1159 2976 1228 operam
3014 1135 3159 1204 dare
3257 1125 3258 1200 ἶ

638 1230 863 1300 vellet.
900 1234 1040 1300 Hoc
1075 1229 1472 1299 mandatum
1510 1243 1833 1299 executus
1880 1243 1980 1299 est
2025 1229 2392 1300 Tertullus.
2433 1228 2800 1319 Olympius
2838 1244 3156 1323 verotcum

643 1319 943 1409 conjuge
973 1317 1332 1408 Exuperia‚
1362 1331 1427 1388 et
1458 1318 1669 1388 unico
1694 1318 1834 1388 filio
1868 1318 2240 1402 Theodulo,
2285 1318 2426 1387 illai
2440 1340 2557 1408 psa
2591 1328 2789 1387 nocte
2821 1324 3155 1390 venerunt,

641 1418 707 1477 et
736 1407 821 1476 ad
859 1407 1065 1496 pedes
1107 1406 1493 1497 Sempronii
1542 1408 1885 1498 prostrati,
1924 1408 2281 1476 dixerunt:
2327 1413 2457 1476 Nos
2500 1405 2709 1496 paulo
2743 1416 2899 1474 ante
2938 1399 3162 1472 Christi

641 1496 1011 1587 potentiam
1062 1496 1534 1587 cognovimus.
1581 1518 1819 1566 verum
1871 1495 2130 1566 scilicet
2179 1501 2389 1566 Deum
2434 1495 2630 1564 illum
2673 1516 2848 1576 esse,
2893 1492 3011 1580 qui
3048 1493 3160 1560 Ne-

647 1585 908 1654 mesiae
955 1583 1216 1654 tribuni
1266 1583 1447 1653 filiae
1476 1584 1834 1655 oculorum
1884 1583 2116 1654 lumen
2157 1584 2367 1654 dedit.
2422 1585 2885 1668 Quamobrem
2937 1594 2997 1650 te
3036 1600 3164 1670 pre-

647 1695 898 1743 camur
930 1726 945 1754 ,
998 1684 1074 1742 ut
1131 1695 1331 1743 cures
1376 1674 1576 1744 nobis
1634 1674 1785 1743 dari
1834 1672 2131 1744 salutare
2178 1673 2523 1766 baptisma
2569 1673 2639 1741 in
2697 1671 2979 1742 nomine
3020 1673 3170 1738 Jesu

644 1761 916 1842 Christi,
967 1783 1173 1849 quem
1225 1774 1298 1833 tu
1349 1762 1728 1852 praedicas.
1784 1761 2159 1852 Respondit
2216 1761 2711 1852 Sempronius:
2777 1789 2799 1822 σ
2839 1761 2908 1829 Si
2959 1755 3170 1849 poeni-

644 1850 928 1920 tentiam
981 1850 1185 1941 agitis
1223 1873 1303 1920 ex
1352 1864 1486 1921 toto
1526 1851 1730 1921 corde
1771 1864 2013 1931 vestr0,
2061 1851 2406 1941 benignus
2451 1863 2555 1919 est
2602 1855 2784 1920 Deus
2835 1868 3070 1926 meus,
3115 1857 3173 1912 et

644 1938 937 2029 accipiet
970 1961 1089 2008 vos
1119 1940 1606 2030 poenitentiam
1658 1955 1958 2030 agentes,
1996 1963 2031 2006 »
2068 1946 2255 2009 Tunc
2292 1939 2656 2029 Olympius
2692 1962 2709 2006 ε
2767 1960 2805 2004 «
2847 1936 3168 2034 Jamjatlh

648 2028 897 2115 inquit,
945 2026 1218 2109 faciam,
1271 2040 1349 2098 ut
1396 2028 1636 2098 credas
1667 2050 1771 2098 me
1805 2043 1936 2099 toto
1978 2028 2182 2098 corde
2213 2027 2458 2098 Christi
2509 2027 2621 2095 Dei
2661 2026 2872 2097 fidem
2911 2042 3171 2111 sequi.»

645 2120 826 2187 Haec
856 2116 1049 2197 dixit,
1092 2129 1153 2186 et
1204 2117 1428 2189 statim
1471 2117 1872 2187 cubiculum
1928 2117 2259 2207 patefecit,
2318 2117 2385 2185 in
2428 2138 2566 2203 quo
2617 2115 2924 2186 habebat
2980 2110 3176 2181 multa

645 2218 709 2275 et
759 2205 945 2274 varia
998 2205 1197 2276 idola.
1254 2205 1521 2289 Quibus
1574 2206 1913 2276 ostensis:
1968 2229 2003 2272 «
2036 2211 2131 2274 En
2163 2261 2179 2288 ,
2233 2205 2504 2292 inquit,
2562 2203 2972 2294 Semproni,
3027 2202 3178 2269 haec

646 2294 882 2363 omnia
912 2293 1285 2365 simulacra
1321 2295 1388 2362 in
1430 2306 1756 2386 potestate
1791 2308 1907 2364 tua
1945 2305 2106 2364 sunt
2137 2318 2152 2358 z
2206 2293 2309 2362 sac
2359 2292 2498 2363 illis
2530 2291 2878 2381 quicquid
2930 2291 3180 2388 lubet-3»

647 2383 769 2453 Cui
819 2383 1311 2473 Sempronius:
1367 2407 1403 2450 «
1437 2387 1593 2474 Age,
1648 2382 2019 2453 simulacra
2071 2382 2200 2453 ista
2246 2382 2480 2451 omnia
2523 2382 2860 2452 manibus
2905 2397 3183 2470 proprus

647 2483 946 2552 contere,
993 2494 1299 2561 auroque
1332 2485 1394 2543 et
1425 2484 1730 2565 argent0,
1773 2494 1851 2542 ex
1900 2471 2157 2560 quibus
2204 2470 2510 2541 confecta
2548 2485 2717 2543 sunt
2750 2528 2766 2553 ‚
2826 2471 2987 2571 igne
3042 2486 3188 2537 con-

647 2561 855 2643 flatis,
909 2584 1250 2652 pauperes
1288 2584 1654 2653 congrega,
1709 2574 1772 2631 et
1821 2561 1960 2631 illis
2011 2562 2177 2630 haec
2223 2561 2658 2630 distribue.»
2715 2566 2901 2630 Fecit
2934 2557 3182 2634 omnia,

645 2672 824 2738 quae
865 2652 1316 2741 Sempronius
1353 2651 1638 2732 dixerat,
1680 2650 1873 2739 Olym
1934 2651 2066 2730 iuS,
2127 2650 2295 2719 nihil
2352 2672 2637 2739 prorsus
2671 2649 3037 2720 dubitanS.
3075 2650 3192 2715 Re-

649 2751 851 2830 pente
880 2760 1038 2808 vero
1068 2740 1303 2809 audita
1350 2751 1451 2809 est
1500 2762 1623 2809 vox
1670 2761 1708 2808 e
1755 2760 1873 2808 coe
1904 2762 1966 2820 0,
2021 2739 2308 2808 dicens:
2362 2742 2440 2807 In
2495 2752 2595 2817 te,
2641 2736 3042 2828 Semproni,
3097 2754 3192 2801 re-

647 2827 908 2915 quievit
956 2828 1241 2929 spiritus
1289 2850 1509 2897 meus.
1561 2827 1944 2898 Audierunt
1985 2848 2214 2897 vocem
2265 2826 2453 2895 illam
2517 2824 2897 2917 Olympius
2945 2838 3013 2896 et
3057 2822 3197 2913 ejus

649 2937 845 2995 uxor,
897 2926 1072 2984 etin
1125 2916 1259 2985 fide
1308 2916 1459 3005 ipsa
1508 2914 1668 2985 facti
1716 2929 1879 2986 sunt
1927 2915 2266 2985 firmiores
2297 2970 2312 2996 ,
2366 2914 2452 2984 ob
2504 2915 2718 3002 idque
2758 2916 2846 2985 ad
2904 2914 3196 2987 salutare

648 3002 994 3094 baptisma
1032 3004 1510 3105 promptiores.
1565 3008 1802 3091 Itaque
1837 3004 2320 3095 Sempronium
2366 3005 2862 3093 precabantur,
2906 3013 3200 3094 petentes

649 3103 725 3162 ut
764 3090 1075 3181 sigillum
1107 3093 1354 3162 Christi
1402 3093 1835 3184 acciperent,
1896 3106 1960 3163 et
2007 3115 2128 3183 per
2166 3114 2418 3180 aquam
2459 3115 2538 3162 ac
2589 3094 2939 3183 Spiritum
2983 3092 3199 3161 denuo

649 3193 1119 3251 nascerentur.

746 3271 925 3356 §a
979 3269 1223 3340 Omnia
1280 3269 1448 3339 haec
1511 3269 1957 3361 Sempronius
2021 3269 2330 3341 Nemesio
2395 3268 2680 3339 domino
2748 3293 2886 3341 suo
2955 3266 3200 3340 retulit.

654 3362 843 3440 Quae
894 3379 1051 3427 cum
1104 3358 1458 3429 Nemesius
1522 3359 1939 3460 accepisset,
1999 3358 2308 3428 celeriter
2354 3358 2525 3428 adiit
2571 3357 2659 3427 ad
2711 3358 3205 3430 beatissimum

651 3446 1050 3516 Pontificem
1118 3446 1589 3538 Stephanum,
1645 3470 1844 3535 e1que
1909 3469 2051 3516 rem
2117 3469 2390 3517 omnem
2456 3448 2804 3536 exposuit.
2865 3448 2997 3518 Ille
3058 3465 3207 3515 vero

652 3534 918 3605 Christo
950 3540 1080 3605 Deo
1109 3549 1340 3607 nostro
1361 3535 1650 3626 gloriam
1680 3536 1891 3617 dedit,
1927 3549 1993 3605 et
2021 3535 2327 3628 proxima
2354 3547 2548 3605 nocte
2578 3534 2897 3637 Olympii
2925 3536 3212 3607 domum

649 3623 841 3693 adiit.
895 3628 1043 3707 Quo
1092 3625 1258 3707 visu,
1291 3626 1517 3696 statim
1548 3626 1916 3717 Olympius
1951 3626 2314 3717 prostravit
2360 3646 2432 3694 se
2479 3623 2562 3692 ad
2600 3625 2974 3695 Pontificis
3012 3623 3218 3715 pedes

649 3734 794 3783 una
840 3735 998 3783 cum
1032 3736 1241 3784 uxore
1292 3716 1651 3805 Exuperia,
1705 3730 1770 3786 et
1808 3714 1951 3784 filio
2000 3713 2348 3784 Theodulo
2377 3714 2433 3781 ⁸.
2480 3713 2702 3782 Erexit
2755 3727 3000 3784 autem
3053 3711 3212 3781 illos

651 3801 1134 3873 sanctissimus
1189 3802 1536 3885 Pontifex,
1585 3817 1790 3891 atque
1840 3804 2328 3894 interrogavit,
2387 3824 2471 3871 an
2530 3801 2906 3873 crederent
2959 3803 3032 3872 in
3089 3806 3216 3870 Do-

652 3890 918 3960 minum
983 3902 1295 3963 nostrum
1353 3893 1587 3962 lesum
1647 3894 2018 3963 Christum.
2084 3892 2205 3961 Cui
2269 3913 2510 3961 omnes
2571 3892 2915 3962 concordi
2981 3891 3222 3962 animo

650 3979 1192 4069 responderunt:
1229 3980 1608 4061 Credimus,
1648 3993 1838 4073 pater
1878 3980 2332 4062 sanctissime,
2367 3980 2436 4049 in
2478 3985 2776 4062 Patrem,
2819 3994 2892 4053 et
2929 3980 3218 4053 Filium.

649 4081 716 4137 et
761 4068 1093 4159 Spiritum
1153 4073 1502 4140 Sanctum.
1558 4075 1747 4140 Tunc
1806 4068 2111 4155 Pontifex
2169 4090 2285 4138 eos
2346 4069 2713 4158 baptizavit
2786 4070 2862 4139 in
2932 4068 3223 4139 nomine

650 4169 946 4240 sanctae,
988 4158 1596 4230 consubstantialis
1624 4171 1689 4229 et
1712 4158 2112 4227 individuae
2141 4171 2344 4245 atque
2372 4157 2788 4229 vivificantis
2822 4156 3222 4229 Trinitatis.

650 4244 1110 4318 ostenderunt
1140 4258 1369 4317 autem
1404 4248 1504 4317 illi
1538 4259 1602 4317 et
1632 4246 1815 4316 idola
1845 4268 2021 4334 quae
2108 4246 2355 4338 ropriis
2404 4246 2725 4316 manibus
2760 4248 3226 4317 comminue-

650 4345 826 4403 rant.
880 4339 1028 4417 Qua
1073 4334 1159 4406 de
1207 4358 1279 4407 re
1326 4336 1809 4407 sanctissimus
1856 4336 2047 4406 Ponti
2080 4358 2158 4405 ex
2213 4335 2471 4427 gratias
2525 4335 2664 4425 egit
2711 4338 2859 4407 Deo
2894 4391 2911 4420 ,
2969 4348 3042 4408 et
3090 4356 3219 4427 pro

698 4461 725 4489 2
753 4459 1016 4513 Olympius,
1034 4463 1270 4514 Exuperius
1281 4465 1330 4505 et
1344 4473 1508 4506 eorum
1525 4464 1653 4505 nlius
1673 4461 1945 4505 Theodulus
1965 4464 2274 4505 recensentur
2293 4463 2407 4504 item
2427 4471 2548 4505 xxxi
2563 4462 2662 4503 Oct.
