3308 5004
805 311 934 376 740
1572 326 1650 371 nn
1699 325 1755 371 S.
1808 323 2121 372 unxmco
2167 320 2408 372 ABBATB.
2973 305 3172 372 ΑΗΕ.
3214 307 3281 369 ΞΒι

721 411 1022 483 Tandem
1060 422 1330 481 mortuo
1362 409 1600 481 Abbati
1636 409 1991 492 successit,
2047 409 2170 480 ubi
2218 431 2356 479 non
2389 408 2746 491 honorem,
2799 406 2949 478 sed
3008 431 3189 479 onus
3223 430 3281 489 5²,

716 501 1066 592 accepisse
1107 498 1601 581 consideranS,
1654 498 1983 569 omnibus
2032 498 2165 570 sibi
2217 497 2613 569 commissis
2662 519 2876 569 verus
2876 511 3147 656 sgater
3186 506 3281 587 apl

718 612 959 681 parere
1008 588 1297 659 studuit.
1353 593 1512 680 Ipso
1560 601 1890 677 tempore,
1960 587 2248 675 quidam
2300 586 2685 657 monachus
2743 587 2871 674 eju
2983 609 3104 656 em
3153 587 3281 659 locil

719 700 880 749 cum
914 678 1230 750 libidinis
1284 690 1479 748 aestu
1519 678 1818 768 graviter
1855 691 2195 760 ureretur,
2226 688 2293 747 et
2323 675 2454 746 hoc
2487 675 2665 767 patri
2693 674 2817 776 pio
2865 675 3241 747 indicasset
3276 666 3281 749 l

717 767 833 838 ille
864 768 1200 848 tunicam,
1240 788 1377 854 qua
1413 766 1856 849 induebatur,
1893 765 1957 835 ei
2008 765 2094 837 ad
2152 765 2588 835 induendum
2638 763 2937 835 direxit.
3004 770 3161 849 Qua
3198 767 3281 835 ia*

718 856 954 939 dutus,
996 855 1156 925 ilico
1189 854 1481 925 daemon
1524 856 1838 925 incentor
1891 855 2113 946 ipsius
2163 853 2355 934 mali,
2407 852 2739 945 fugiendo
2786 851 3131 951 delituit,
3168 878 3259 923 nn

717 945 875 1037 gnis
924 944 1209 1015 vocibus
1261 944 1730 1035 proclamans:
1786 948 2032 1014 Sancte
2062 943 2416 1025 Mederice,
2450 965 2579 1014 cur
2610 943 2965 1014 incendis
3012 958 3129 1015 me
3156 967 3259 1036 pre-

718 1034 920 1105 cibus
975 1034 1161 1104 tuis?
1206 1033 1579 1104 Vasculum
1637 1032 1821 1120 quod
1872 1032 1997 1103 diu
2066 1032 2507 1124 possederam
2572 1031 2961 1104 abstulisti
3000 1088 3021 1115 ,
3088 1046 3151 1103 et
3192 1056 3261 1102 me

718 1121 1232 1214 inextinguibili
1273 1120 1594 1192 incendio
1629 1121 2067 1212 mancipasti.
2102 1127 2292 1193 Tunc
2326 1133 2609 1192 sanctus
2639 1120 2899 1192 divina
2938 1144 3115 1193 voce
3148 1145 3253 1193 eum

716 1212 1118 1314 increpavit,
1153 1222 1219 1281 et
1247 1211 1365 1280 ille
1392 1211 1748 1282 abscessit.
1782 1210 2159 1283 Monachus
2188 1232 2345 1281 vero
2375 1210 2490 1280 ille
2518 1210 2999 1311 postmodum
3026 1214 3099 1281 in
3126 1224 3253 1281 tanta

718 1313 1079 1371 sanctitate
1118 1301 1530 1402 permansit,
1584 1311 1664 1370 ut
1702 1299 2045 1390 plurimae
2093 1322 2215 1390 per
2258 1322 2417 1370 eum
2469 1310 2756 1370 virtutes
2806 1299 3247 1372 efficerentur.

805 1392 842 1478 §
893 1396 982 1461 2.
1033 1388 1227 1460 Altus
1272 1410 1547 1477 quoque
1596 1387 1930 1479 praedicti
1979 1389 2198 1479 patris
2244 1388 2656 1480 discipuluS,
2704 1388 2803 1457 ita
2852 1402 3023 1460 erat
3069 1390 3250 1459 diali-*r

719 1477 852 1548 lica
903 1477 1226 1549 illusione
1258 1478 1614 1559 subactus,
1669 1489 1745 1548 ut
1790 1477 2377 1567 quandocumque
2422 1478 2614 1568 operi
2661 1476 2930 1549 divino
2988 1480 3245 1550 insistere

720 1567 1020 1649 deberet,
1075 1566 1306 1637 statim
1355 1579 1434 1638 ut
1480 1587 1817 1657 synaxeos
1850 1567 2067 1637 oratio
2108 1580 2439 1638 consueta
2484 1565 2797 1636 finienda
2845 1582 3035 1649 erat,
3068 1569 3241 1638 abes-

718 1656 932 1727 clesia
968 1656 1205 1727 exiret.
1259 1661 1408 1739 Qua
1444 1655 1530 1725 de
1567 1678 1781 1727 causa
1828 1654 2221 1744 frequenter
2250 1655 2673 1738 admonituS,
2720 1677 2879 1727 non
2928 1669 3149 1728 tamen
3174 1670 3235 1724 es:

719 1744 1158 1816 emendatus,
1211 1750 1401 1815 Tunc
1449 1756 1735 1817 sanctus
1781 1744 2006 1816 Abbas
2057 1766 2306 1835 panem
2356 1745 2655 1835 accepit,
2710 1757 2780 1815 et
2834 1745 3228 1823 benedicens,

720 1834 1038 1926 eulogias
1085 1833 1278 1903 fratri
1321 1834 1586 1915 tribuit,
1639 1844 1707 1903 et
1738 1834 1825 1904 ab
1872 1855 1950 1903 eo
1991 1855 2149 1904 mox
2188 1833 2556 1904 inimicum
2594 1831 2938 1905 exclusit.
2994 1842 3145 1906 Cum
3178 1835 3225 1900 de

719 1923 1013 1994 diversis
1061 1922 1510 2013 regionibuS,
1566 1922 1807 1993 audita
1851 1923 2008 2010 ejus
2055 1921 2241 1993 fama
2273 1977 2290 2004 ,
2343 1918 2429 1991 ad
2480 1943 2640 1992 eum
2692 1924 2917 1994 multi
2974 1946 3218 2017 propera*

719 2023 896 2094 rent,
949 2011 1296 2081 desertum
1348 2010 1577 2082 locum
1628 2012 1931 2113 expetiit,
1984 2022 2051 2082 et
2097 2013 2229 2083 sub
2276 2023 2458 2082 statu
2506 2011 2629 2081 diu
2674 2011 3086 2085 desiderato
3129 2032 3215 2081 sese

720 2099 1107 2172 conclusit:
1160 2100 1255 2170 ita
1318 2113 1397 2170 ut
1449 2099 1788 2189 quicquld
1839 2101 2156 2171 ciborum
2218 2100 2638 2172 sumendum
2695 2116 2941 2186 esset,
2995 2126 3107 2195 pro
3145 2101 3216 2170 nis

721 2189 1050 2261 manibus
1095 2187 1501 2260 elaboraret.
1554 2194 1824 2259 Fratres
1870 2212 2027 2260 vero
2072 2189 2160 2261 de
2205 2189 2533 2260 abscessu
2563 2190 2723 2291 ejus
2756 2192 2996 2263 tristes
3034 2126 3198 2260 engen·
3280 2258 3281 2279 χ

721 2299 845 2381 per
892 2292 1155 2350 vastam
1216 2300 1526 2350 eremum
1578 2277 1783 2370 longe
1830 2276 2101 2367 lateque
2149 2300 2308 2349 eum
2372 2291 2844 2369 perquirunt,
2899 2294 2963 2350 et
3005 2277 3213 2350 tandem
3280 2288 3281 2341 l

719 2380 1117 2469 inventum,
1169 2388 1331 2437 cum
1389 2365 1720 2438 reducere
1766 2389 1905 2437 non
1956 2378 2279 2459 possent,
2330 2366 2759 2468 Episcopum
2811 2369 3075 2440 adeunt.
3110 2362 3213 2465 ‚Qui

720 2478 882 2529 cum
934 2478 1035 2528 ets
1086 2477 1205 2548 per
1255 2478 1418 2540 ens„
1475 2468 1792 2527 sanctum
1844 2458 1916 2526 in
1963 2478 2196 2528 eremo
2246 2467 2544 2547 reperit:
2597 2469 2665 2528 et
2714 2474 3213 2529 excommnnica-

721 2546 932 2616 tionis
992 2545 1268 2616 vincuo
1329 2567 1489 2616 eum
1559 2545 1860 2637 alligans
1896 2601 1911 2628 ‚
1981 2546 2068 2616 ad
2138 2544 2633 2616 monasterium
2713 2547 3041 2638 perduxit,
3102 2540 3207 2610 ubi

719 2634 939 2704 multa
973 2646 1126 2724 post
1174 2634 1532 2705 sanctitate
1579 2634 1837 2717 floruit,
1890 2646 1955 2705 et
2002 2632 2258 2704 multas
2298 2634 2748 2707 infirmitates
2772 2634 3025 2705 curavit.
3052 2635 3209 2729 Tan·

719 2723 876 2793 dem
917 2723 1249 2794 orationis
1285 2729 1522 2805 causa,
1576 2723 1875 2793 Parisios
1914 2722 2260 2814 proficisci
2300 2723 2558 2793 voluit:
2614 2724 2685 2793 in
2744 2745 2864 2813 quo
2901 2723 3087 2794 etiam
3111 2717 3211 2787 ‘m-

718 2833 905 2893 nere,
959 2813 1179 2883 multa
1237 2834 1361 2903 per
1403 2833 1563 2882 eum
1614 2812 1951 2884 Dominus
1991 2811 2331 2882 miracula
2377 2811 2558 2882 fecit.
2616 2816 2923 2902 Denique
2957 2807 3209 2881 Parisios

719 2901 1027 2983 veniens,
1070 2902 1136 2971 in
1174 2900 1424 2970 cellula
1461 2922 1638 3003 quae
1672 2900 1804 2973 sub
1838 2902 2117 2972 nomine
2167 2906 2235 2972 S.
2287 2900 2466 2972 Petri
2496 2903 2810 2992 Apostoli
2860 2902 3206 2974 fueratcon-
3278 2899 3279 2994 J

721 3001 1008 3071 secrata,
1043 2988 1317 3060 duobus
1343 3011 1546 3060 annis
1577 3002 1643 3059 et
1673 3011 1915 3060 novem
1949 2989 2307 3062 mensibus
2339 2995 2471 3061 Deo
2497 2988 2856 3074 militavit,
2891 3015 2971 3062 ac
2991 2989 3199 3060 demum

721 3078 981 3149 vocatis
1018 3077 1192 3150 disci
1246 3078 1387 3151 ulis
1435 3078 1606 3160 suis,
1659 3078 1891 3149 obitus
1937 3079 2049 3149 sui
2081 3078 2265 3149 diem
2301 3079 2655 3162 indicavit,
2703 3080 2782 3150 in
2816 3103 2962 3170 quo
2994 3072 3207 3173 expleti}

721 3167 1072 3249 omnibus,
1111 3190 1190 3237 va
1217 3166 1498 3239 edicens
1529 3167 1653 3249 eis,
1709 3167 1888 3238 inter
1919 3168 2126 3239 verba
2172 3168 2504 3240 orationis
2542 3168 2631 3239 ad
2682 3173 2924 3242 Deum
2968 3170 3218 3261 migrant

718 3269 964 3343 quarto
997 3254 1337 3327 Kalendas
1369 3256 1816 3348 Septembris.
