3308 5004
647 334 781 402 tot
1219 351 1322 399 nx·
1345 350 1403 398 s.
1454 348 1787 402 annam
1833 348 1977 399 aaa.
2028 349 2415 400 scauvam„
2790 333 2981 401 ABG.
3034 323 3132 401 ἐϋ

562 444 687 508 aut
732 435 924 528 legit,
966 447 1104 508 aut=
1133 434 1609 506 concionatur.
1663 434 1916 509 videns
1958 457 2128 527 ergo
2171 437 2651 508 excusationes
2696 436 2955 509 frustra
3000 460 3127 508 ex-

563 524 812 617 pendi,
879 528 1272 595 etnecaess
1332 544 1485 595 esse
1526 523 1811 596 obedire
1867 525 2263 608 mandatis,
2313 538 2723 598 convocatos
2770 542 2821 596 a·
2875 525 3122 597 multis

559 613 882 775 mm
922 611 1193 696 fratres,-
1235 611 1371 684 diu.
1456 613 1888 701 rosundsque
1927 614 2295 706 suspirans
2321 668 2339 696 ,
2399 615 2696 687 affatur:
2751 635 2789 682 α
2824 614 3115 698 VidetiS‚

810 753 835 785 ,
881 702 955 774 in
999 702 1282 791 quantis
1321 702 1407 772 tri
1459 701 1888 774 ulationibns
1935 701 2198 775 laboret
2228 703 2558 775 Ecclesia.
2613 710 2780 775 Pars
2824 703 3119 792 quidem

559 792 742 863 Petri
785 803 853 862 et
881 790 953 861 in
986 790 1185 863 Italia
1211 802 1277 861 et
1314 790 1387 862 in
1424 791 1815 893 Aquitania,
1849 804 2128 864 auctore
2164 798 2318 873 Deo,
2369 792 2567 876 elisa,
2596 794 2745 885 Jam
2781 814 2919 863 non
2955 815 3118 885 par-

558 880 730 952 turit
766 880 887 952 sed
926 880 1203 951 abortit.
1256 884 1525 950 Evasatt
1585 893 1750 952 sunt
1796 879 1866 949 in
1919 881 2031 952 his
2087 881 2489 973 regionibus
2541 881 2943 953 schismatis
2990 881 3116 953 de—

556 968 909 1041 fensores:
961 974 1224 1040 Romae
1266 989 1381 1039 ma
1432 990 1523 1039 na
1571 990 1734 1061 pars
1799 970 2139 1042 nobilium
2204 971 2687 1051 Innocentium
2740 970 3058 1059 sequitur
3089 1025 3107 1053 ‚

555 1070 622 1128 et
666 1056 897 1128 favent
947 1058 1014 1127 ei
1064 1056 1269 1129 multi
1322 1056 1370 1127 fl
1422 1057 1686 1129 eliumz
1785 1058 1860 1129 ui
1909 1071 2138 1130 tamen
2189 1060 2591 1131 temerariae
2639 1058 3118 1133 multitudinis

553 1147 897 1239 impetum
933 1145 1410 1229 formidantes,
1463 1167 1599 1218 non
1647 1168 1740 1218 au
1792 1160 1911 1217 ent
1942 1147 2219 1240 publice
2255 1149 2595 1225 confiteri.
2648 1169 2858 1237 quem
2891 1153 3108 1219 Inno-

552 1236 784 1307 centio
816 1236 1204 1318 firmavere,
1254 1255 1700 1307 consensum.
1753 1237 2158 1328 conjuratos
2188 1237 2395 1308 habet
2432 1242 2674 1309 Petrus
2707 1237 2950 1308 Leonis
2984 1238 3114 1307 ho-

554 1325 782 1395 mines
832 1324 1156 1415 perditos,
1206 1345 1385 1426 quos
1427 1324 1819 1416 corrumpit
1849 1326 2186 1416 pecunia:
2229 1338 2294 1396 et
2326 1326 2837 1398 munitionibus
2864 1347 3114 1398 eorum

554 1413 937 1504 occupatis,
981 1434 1120 1484 non
1172 1412 1474 1484 Simonis
1515 1412 1694 1485 Petri
1724 1412 1960 1495 fidem,
1998 1415 2116 1486 sed
2159 1415 2464 1485 Simonis
2494 1416 2668 1506 Mag-i
2711 1435 3116 1506 repraesen-

556 1513 655 1574 tat
702 1502 1090 1596 prestigias.
1129 1507 1378 1573 Contra
1414 1523 1627 1573 unam
1665 1517 1964 1591 gentem,
2016 1503 2381 1575 Occidente
2425 1504 2751 1587 edomito,
2794 1516 3118 1595 superest

553 1589 763 1662 lucta.
816 1591 1188 1663 orantibus
1246 1591 1441 1662 vohis
1485 1603 1553 1661 et
1599 1593 2093 1680 jubilantibnS,
2137 1604 2414 1664 corruet
2457 1592 2772 1663 Jerieh0=
2821 1603 2889 1664 st
2942 1614 3115 1663 cum

551 1658 995 1752 extenderitis
1022 1702 1182 1751 cum
1232 1685 1463 1770 Moyse
1493 1702 1748 1750 manus
1784 1682 1872 1750 ad
1915 1681 2312 1762 Dominum,
2364 1681 2685 1752 Amalech
2725 1682 2951 1751 victus
2981 1703 3114 1754 au-

552 1767 589 1839 f
686 1769 796 1839 'et.
844 1770 1067 1840 Josue
1127 1779 1440 1860 pugnat,
1490 1781 1558 1840 et
1602 1779 1685 1838 ut
1726 1767 1815 1838 ad
1863 1770 2535 1842 consummationem
2587 1771 2911 1842 victoriae
2957 1770 3113 1843 dies

556 1792 860 1929 sfficiat
907 1856 1263 1949 protelata,
1301 1856 1431 1931 soli
1478 1870 1558 1929 ut
1606 1869 1759 1941 stet,
1805 1879 1943 1929 non
1996 1873 2133 1930 tam
2169 1870 2342 1940 orat,
2392 1880 2607 1947 quam
2648 1860 2987 1951 imperat:
3045 1872 3117 1931 et

553 1960 861 2019 meretur
919 1945 1092 2017 fides
1138 1960 1277 2017 tam
1335 1945 1502 2017 solis
1548 1946 2011 2018 obedientiam
2045 2002 2061 2030 ,
2123 1970 2334 2036 quam
2385 1948 2471 2019 de
2522 1949 2714 2020 hoste
2761 1961 3110 2040 prostrato

555 2034 936 2106 victoriam.
980 2034 1187 2107 Nobis
1213 2056 1379 2128 ergo
1416 2036 1917 2137 pugnantibus,
1957 2058 2076 2107 vos
2115 2036 2282 2112 ferte
2312 2037 2767 2128 praesidium,
2804 2050 2873 2109 et
2917 2038 3111 2108 auxi·

551 2122 728 2195 lium
770 2124 856 2196 de
900 2124 1088 2195 coelo
1136 2124 1573 2215 supplicibus
1618 2125 1877 2196 animis
1923 2126 2312 2217 implorate.
2363 2127 2577 2218 Agite,
2642 2148 2823 2214 quae
2869 2127 3103 2218 agitis,

551 2226 620 2283 et
648 2226 824 2285 state
852 2213 926 2284 in
965 2212 1191 2305 gradu
1221 2233 1362 2302 quo
1398 2213 1617 2284 statis.
1670 2217 1750 2283 Et
1796 2213 1955 2286 licet
2001 2215 2196 2286 vobis
2246 2214 2422 2285 nihil
2471 2216 2735 2285 conscii
2774 2215 2953 2296 sitis,
2983 2216 3106 2307 ju-

551 2301 735 2373 dicio
783 2314 1011 2373 tamen
1068 2314 1294 2373 vestro
1338 2325 1476 2373 non
1524 2302 1901 2375 aestimetis
1965 2326 2084 2374 vos
2123 2305 2397 2394 justos:
2449 2305 2615 2392 quia
2675 2303 2872 2375 solus
2923 2310 3103 2377 Deus

550 2412 728 2551 auos
752 2392 1146 2483 justificat,
1204 2391 1500 2480 judicat,
1551 2402 1619 2462 et
1664 2391 2211 2482 perfectissimus
2254 2393 2553 2482 quisque
2581 2392 2835 2484 judicii
2882 2392 3106 2463 divini

600 2480 943 2553 istrictum
983 2502 1273 2553 examen
1324 2481 1620 2573 ignorat.
1671 2481 1985 2553 Judicari
2032 2496 2262 2555 autem
2310 2481 2398 2553 ab
2447 2482 2754 2559 humano
2796 2482 2912 2553 die
2958 2502 3104 2554 non

550 2570 852 2642 multum
897 2572 1177 2652 curetis,
1223 2592 1447 2659 neque
1490 2583 1713 2641 vestra
1761 2571 2066 2663 propria,
2139 2593 2359 2661 neque
2410 2571 2636 2642 aliena
2680 2571 2953 2662 judicia
2982 2594 3027 2643 a

548 2660 944 2750 probantes,
980 2659 1113 2732 sub
1161 2657 1406 2730 timore
1439 2659 1552 2729 Dei
1600 2660 1702 2731 sic
1749 2674 1944 2742 state,
1988 2673 2066 2730 ut
2119 2683 2243 2731 nec
2294 2681 2413 2733 vos
2463 2661 2866 2752 quempiam
2908 2659 3006 2754 ju
3051 2662 3110 2732 i-

547 2760 808 2830 cantes,
843 2748 1222 2839 aliquando
1257 2748 1683 2819 extollamini
1715 2772 1732 2818 :
1785 2771 1930 2820 necv
1957 2749 2256 2820 aliorum
2304 2763 2626 2820 curantes
2654 2749 2952 2842 judicia,
2987 2771 3109 2822 ex-

547 2837 800 2910 cidatis
831 2838 903 2908 in
952 2860 1201 2931 nugas.
1255 2837 1546 2929 Singula
1593 2859 1752 2908 vero
1800 2851 2292 2996 grosequentes
2321 2892 2337 2920 ,
2382 2861 2504 2911 vos
2539 2860 2769 2911 servos
2817 2838 3102 2911 inutiles

545 2927 905 3017 reputetis.
958 2926 1284 2998 Eundum
1316 2940 1548 2997 autem
1577 2939 1683 2996 est
1711 2948 1801 2997 no
1852 2949 1935 3008 is,
1972 2948 2112 3014 quo
2152 2948 2278 2997 nos
2322 2927 2716 2998 obedientia
2752 2940 2978 2999 vocat:
3028 2940 3101 2998 et

545 3014 760 3106 hujus
791 3014 1043 3086 domus
1073 3014 1567 3087 fraternitatem
1595 3027 1665 3085 et
1695 3016 1899 3086 vestri
1931 3015 2347 3099 custodiam,
2388 3021 2545 3099 Dec,
2578 3039 2706 3109 pro
2736 3039 2878 3105 quo
2906 3017 3099 3088 hunc

544 3104 976 3176 assumimus
1016 3103 1348 3188 laborem,
1398 3103 1827 3176 confidentes
1864 3104 1951 3174 de
1987 3104 2144 3193 ejus
2196 3103 2588 3188 clementia,
2643 3106 2991 3179 tradimus
3033 3118 3104 3178 et

543 3192 1145 3265 commendamus.
1201 3217 1238 3261 »

557 3340 561 3343 -
629 3283 857 3370 ξω.
900 3285 1083 3354 Haec
1108 3281 1372 3363 dicens,
1408 3296 1475 3352 et
1505 3279 1943 3364 benedicenS,
1983 3282 2312 3353 flentibus
2346 3282 2712 3366 universis,
2742 3281 3091 3355 discessit:

540 3381 609 3440 et
652 3391 817 3441 cum
868 3371 1085 3441 multa
1132 3370 1510 3442 reverentia
1554 3368 1818 3458 ubique
1867 3385 2205 3462 receptus,
2265 3370 2548 3444 demum
2600 3377 2888 3443 Romam
2937 3394 3100 3461 per-

541 3459 751 3529 venit.
804 3463 886 3529 ln
931 3459 1137 3551 cujus
1181 3458 1483 3529 adventu
1528 3469 1669 3528 tam
1717 3457 2048 3530 dominus
2095 3465 2302 3551 Papa,
2341 3482 2550 3548 quam
2588 3460 2830 3532 fratres
2859 3461 3096 3532 laetati

542 3562 747 3619 sunt:
797 3560 864 3619 et
909 3547 1443 3618 communicatis
1487 3568 1648 3618 cum
1695 3570 1776 3619 eo
1823 3548 2160 3632 consiliis,
2210 3549 2595 3621 secundum
2647 3567 2878 3621 rerum
2928 3571 3099 3640 pro-

539 3648 827 3718 ventuS,
876 3649 944 3707 st
989 3648 1245 3707 statum
1294 3657 1669 3707 causarum
1698 3691 1714 3719 ,
1767 3637 1993 3709 Abhas
2041 3639 2111 3708 in
2167 3659 2347 3729 opus
2393 3639 2788 3730 egreditur:
2841 3659 2970 3709 nec
3018 3639 3096 3709 in

538 3726 893 3808 curribus,
938 3747 1064 3796 nec
1098 3726 1171 3795 in
1209 3725 1408 3815 equis
1445 3746 1643 3817 spem
1694 3747 1959 3818 ponens
1988 3780 2004 3808 ,
2058 3725 2178 3799 sed
2226 3726 2575 3816 colloquia
2618 3727 3096 3816 quorumdam

539 3816 975 3917 suscipiens,
1027 3815 1467 3898 sciscitatur,
1529 3836 1709 3903 quae
1754 3815 1844 3886 sit
1889 3837 2131 3888 eorum
2179 3814 2510 3899 facultaS,
2568 3818 2691 3904 qui
2739 3817 3097 3889 fautorum

537 3906 806 3976 animi:
856 3916 1093 3976 utrum
1137 3927 1402 3988 errore,
1453 3917 1576 3975 aut
1622 3903 1890 3975 malitia
1949 3904 2256 3987 seducti,
2313 3919 2579 3977 tantum
2644 3906 2874 3978 scelus
2935 3910 3099 3998 prb-

541 3995 820 4068 trabant
862 4007 929 4066 st
962 3995 1321 4086 protelent.
1374 3993 1718 4064 Intellexit
1746 4015 1828 4065 ex
1858 3993 2165 4087 secretis,
2219 3994 2515 4077 clerum,
2557 3995 2867 4082 quicum
2899 4000 3098 4066 Petro

537 4096 705 4165 erat,
757 4083 845 4155 de
892 4095 1079 4156 statu
1123 4106 1252 4156 suo
1297 4083 1645 4156 solicitum
1676 4137 1693 4167 ,
1751 4082 1931 4155 scire
1982 4083 2266 4172 quidem
2324 4098 2727 4176 peccatum,
2779 4084 2901 4155 sed
2949 4106 3095 4155 non

536 4173 795 4244 audere
839 4173 1112 4255 reverti,
1153 4192 1251 4243 ne
1284 4187 1616 4264 perpetua
1665 4183 1944 4244 notatus
1990 4172 2305 4256 infamia,
2357 4173 2514 4244 vilis
2560 4174 2741 4245 inter
2784 4185 3107 4246 caeteros·

537 4260 946 4332 haberetur:
999 4274 1068 4333 et
1114 4261 1322 4333 malle
1353 4262 1485 4334 sub
1516 4263 1772 4334 umbra
1804 4261 2183 4333 honestatis
2215 4262 2493 4334 interim
2533 4263 2634 4335 sic
2666 4285 2837 4344 esse,
2876 4284 3100 4350 quam

536 4350 783 4441 expelli
830 4373 872 4420 a
906 4350 1188 4424 sedibus
1218 4352 1386 4432 suis,
1422 4365 1489 4422 et
1568 4351 1840 4422 ublicae
1881 4351 2306 4422 mendicitati
2338 4352 2614 4443 exponi.
2651 4357 2929 4433 Eorum,
2964 4352 3094 4440 qui

539 4436 624 4507 de
665 4439 841 4510 Petri
889 4451 1086 4510 erant
1135 4441 1480 4532 prosapia,
1568 4463 1690 4513 aec
1721 4452 1869 4514 erat
1914 4441 2295 4534 responsio,
2348 4441 2516 4530 quia
2554 4441 2702 4531 jam
2752 4440 2941 4514 credi
2989 4440 3093 4513 eis
