3308 5004
214 346 410 415 me.
461 346 553 412 20
925 361 1007 411 mi
1053 362 1110 412 s:
1161 286 1494 414 amineo
1540 365 1686 413 aaa:
1731 364 2119 416 emanata.
2505 369 2508 374 ·
2551 348 2683 415 4¹73

212 457 487 517 tantum
532 444 629 513 in·
667 441 1050 527 liora-illa,
1104 443 1575 536 sed'perfecte
1630 448 1919 517 omnino
1973 456 2230 518 curata·
2275 447 2515 520 est³ab
2577 447 2775 519 infir—-

214 537 467 607 mitate·
487 555 639 603 sua.
1528 562 1536 568 ·

303 627 344 713 ξ
374 625 532 697 88.
568 621 1340 724 Ducissa·Lotaring-iae,
1380 621 1681 694 foemina
1710 623 1990 713 quidem
2028 623 2414 695 secundum
2454 624 2774 695 seculum

211 713 495 795 nobilis,
533 712 652 783 sed
696 710 1333 802 ignobilitermmis
1379 712 1722 794 victitans,
1768 735 1928 785 cum
1973 713 2665 801 vidisset-aliquando
2700 714 2772 783 in

215 802 485 874 somnis
534 799 729 870 illum
784 800 1137 871 hominem
1186 801 1327 882 Dei,
1383 814 1733 892 serpentes
1767 814 2027 893 septem
2062 802 2428 873 horribiles
2455 802 2546 873 de
2577 814 2775 873 utero

218 893 421 994 ejus,
486 889 811 961 manibus
866 889 1167 981 propriis
1212 889 1681 961 extrahentem
1718 945 1734 972 ,
1801 891 2245 982 postmodum
2311 891 2398 961 ad
2452 891 2777 982 religiose

219 979 588 1050 vivendum
637 978 1175 1049 commonitione
1229 992 1294 1049 et
1341 977 1658 1048 doctrina
1706 980 1857 1070 ejus
1904 1001 2259 1062 conversa,
2313 1001 2535 1068 usque
2570 980 2775 1051 hodie

218 1089 296 1141 se
331 1090 527 1150 esse,
579 1067 665 1137 de
760 1089 849 1138 ua
897 1079 1155 1157 septem
1206 1067 1570 1138 daemonia
1616 1068 1930 1158 ejecerit,
1994 1068 2353 1160 gloriatur.
2410 1069 2574 1139 Novi
2636 1069 2778 1139 cle-

217 1159 443 1229 ricum
496 1177 699 1246 quem
757 1177 918 1238 am,
971 1155 1325 1228 Nicolaum
1380 1159 1684 1238 nomine,
1738 1158 1971 1228 seculo
2022 1178 2192 1249 pene
2245 1157 2777 1250 desperabiliter

220 1247 560 1326 deditum,
614 1245 732 1316 sed
786 1267 908 1336 per
950 1267 1113 1315 eum
1162 1244 1251 1314 de
1295 1245 1528 1316 seculo
1575 1245 1991 1316 liberatum:
2094 1247 2166 1334 ui
2212 1267 2370 1317 cum
2423 1247 2492 1315 in
2545 1246 2776 1317 Clara-

216 1336 395 1407 valle
447 1334 865 1405 monasticae
909 1333 1452 1405 conversationis
1501 1335 1814 1405 habitum
1865 1347 1931 1405 et
1968 1358 2008 1405 o
2099 1336 2281 1406 inem
2326 1336 2769 1425 suscepisset,

215 1425 460 1496 videns
505 1447 622 1494 eos
668 1424 790 1513 qui
835 1424 923 1493 de
968 1422 1185 1493 seculi
1234 1422 1400 1506 illuc
1451 1423 1813 1515 naufragio
1861 1423 2362 1516 confugerant,
2420 1423 2776 1515 naufragii

221 1515 334 1586 sui
374 1514 629 1584 damna
666 1512 1015 1584 continuis
1049 1512 1378 1602 lacrymis
1410 1513 1771 1595 redimere,
1825 1513 2150 1602 idemque
2192 1514 2340 1604 ipse
2379 1512 2603 1583 facere
2652 1533 2777 1584 vo-

218 1603 394 1684 lens,
431 1624 556 1673 nec
599 1600 831 1672 valens
864 1623 1029 1693 prae
1066 1600 1584 1673 duritiacordis
1617 1603 1770 1673 sui:
1811 1602 2096 1693 rogabat
2121 1625 2280 1672 eum
2311 1624 2473 1672 cum
2516 1623 2775 1692 magno

218 1692 453 1763 cordis
488 1691 747 1773 dolore,
800 1701 879 1762 ut
926 1690 1060 1761 sibi
1093 1690 1491 1782 impetraret
1528 1713 1569 1759 a
1612 1690 1899 1762 Domino
1939 1692 2233 1783 gratiam
2270 1690 2770 1782 lacrymarum.

219 1781 472 1863 oravit,
512 1791 909 1868 tantamque
936 1779 999 1848 ei
1031 1791 1098 1849 et
1138 1789 1276 1849 tarn
1307 1780 1709 1850 continuam
1744 1780 2133 1871 impetravit
2166 1780 2775 1870 compunctionem

219 1869 451 1942 cordis
477 1890 635 1940 cum
669 1869 889 1960 gratia
916 1867 1412 1958 lacrymarum,
1445 1881 1520 1939 ut
1550 1869 1659 1939 vix
1689 1869 2066 1957 aliquando
2090 1868 2518 1939 inveniretur
2540 1867 2776 1939 vultus

180 2041 181 2044 Ἴ
217 1960 372 2050 ejus
405 1959 474 2028 in
507 1958 777 2029 diversa
807 1956 1232 2039 mutari‚·vel
1261 1956 1446 2027 oculi
1488 1958 1638 2028 sine
1666 1957 2018 2048 lacrymis,
2056 1979 2216 2028 cum
2254 1957 2381 2027 iret
2407 1979 2531 2049 per
2558 1957 2768 2039 viam,

221 2047 329 2118 vel
370 2069 530 2118 cum
571 2047 876 2135 quolibet
909 2045 1331 2135 loqueretur.

312 2139 349 2224 ξ
396 2138 563 2208 8οι
616 2141 736 2206 Tot
782 2147 947 2208 sunt
991 2148 1058 2205 et
1096 2146 1345 2217 tantae,
1415 2155 1590 2222 quas
1640 2135 1709 2204 in
1760 2134 1949 2205 hunc
1999 2134 2285 2205 modum
2325 2133 2412 2204 de
2457 2154 2539 2204 eo
2569 2134 2775 2205 audi-

220 2225 451 2296 vimus
475 2239 541 2295 et
573 2225 899 2306 vidimuS,
938 2224 1221 2295 virtutes
1246 2236 1312 2293 et
1339 2224 1693 2303 sanitates,
1729 2238 1793 2294 et
1832 2224 2032 2294 circa
2055 2223 2366 2294 diversas
2405 2223 2773 2293 hominum

225 2313 663 2385 necessitates
712 2313 1022 2384 diversae
1065 2311 1577 2404 opitulationes,
1631 2325 1708 2383 ut
1755 2313 1814 2383 si
1867 2333 2109 2383 omnes
2159 2311 2361 2381 velim
2426 2311 2526 2380 vel
2572 2311 2778 2383 verbo

223 2402 328 2473 vel
379 2402 639 2493 scripto
728 2402 1187 2484 renunciare,
1244 2401 1520 2471 timeam
1572 2423 1658 2471 ne
1718 2400 2094 2472 fastidiosis
2158 2399 2715 2471 incredulitatem
2746 2452 2768 2481 ,

219 2490 324 2562 vel
375 2490 661 2563 incredu
696 2491 757 2563 is
786 2490 1144 2563 fastidium
1179 2490 1625 2561 inveniantur
1654 2511 2007 2581 generare.
2062 2494 2140 2560 ln
2173 2489 2503 2561 omnibus
2542 2500 2775 2560 autem

219 2581 549 2672 operibus
582 2582 967 2669 suis·quam
1005 2601 1227 2672 purus
1267 2580 1356 2650 sit
1401 2580 1463 2650 ei
1496 2579 1746 2651 oculus
1776 2580 2202 2662 intentionis,
2257 2577 2619 2648 manifeste
2651 2578 2774 2647 de-

223 2670 511 2742 nunciat
563 2691 819 2760 corpus
866 2668 1138 2740 lucidae
1169 2668 1611 2761 operationis.
1654 2674 1978 2741 Summos
2006 2668 2269 2759 quippe
2318 2667 2612 2738 honores
2653 2671 2776 2736 Eo·

218 2757 664 2840 ciesiasticos,
700 2770 766 2828 et
812 2757 1230 2828 secularium
1271 2758 1665 2849 principum
1718 2757 2004 2839 savoreS,
2041 2757 2243 2844 quasi
2282 2756 2574 2848 dignum
2611 2775 2792 2825 eum-

272 2869 423 2918 rose
477 2860 737 2929 nentes,
794 2867 932 2917 non
960 2847 1307 2938 jactanter
1340 2845 1752 2937 respuendo,
1798 2846 1917 2918 sed
1954 2845 2273 2937 religiose
2301 2857 2368 2916 et
2396 2842 2778 2915 rationabi-

222 2868 383 3008 fiter
474 2934 865 3019 eclinando,
916 2934 1199 3024 quid-in
1239 2936 1429 3005 omni
1463 2936 1860 3026 operatione
1901 2956 2029 3006 sua
2070 2955 2343 3026 semper
2370 2932 2769 3022 quaesierit,

220 3024 390 3113 quid
441 3024 784 3107 ambierit,
832 3018 1552 3095 manifeste'declarat.
1608 3023 2001 3107 Mediolani,
2054 3023 2363 3105 RhemiS,
2407 3021 2600 3094 Clero
2646 3021 2775 3091 eli-

217 3126 448 3206 gente,
506 3112 760 3216 populo
789 3112 1237 3194 acclamante,
1270 3114 1342 3182 in
1376 3112 1982 3204 Archiepiscopum
2016 3113 2417 3184 nominatus
2449 3124 2552 3181 est
2584 3135 2599 3177 ε
2653 3114 2782 3181 Ca-

223 3202 515 3282 talauni,
552 3202 899 3294 Lingonis‘
928 3202 998 3273 in
1032 3202 1494 3304 Episcopum:
1546 3214 1612 3271 et
1642 3202 1711 3271 id
1747 3201 1978 3293 ipsum
2032 3201 2100 3270 in
2143 3200 2382 3272 multis
2418 3202 2568 3290 jam
2617 3198 2781 3269 aliis

222 3291 621 3363 cisitatibus
652 3305 882 3362 actum
918 3290 1183 3372 fuisset,
1238 3312 1298 3360 si
1354 3306 1738 3361 consensus
1784 3289 1939 3379 ejus
1986 3289 2220 3380 aliqua
2262 3311 2422 3380 spes
2450 3309 2604 3359 esse
2654 3310 2781 3380 po-

220 3380 488 3451 tuisset.
542 3385 848 3469 Cumque
879 3380 1140 3471 dignus
1170 3391 1349 3450 esset
1377 3391 1453 3448 ut
1479 3392 1863 3482 cogeretur,
1919 3380 2154 3451 neseio
2180 3399 2320 3467 quo
2342 3377 2613 3468 judicio
2659 3376 2779 3447 Dei

221 3468 696 3560 et¹singularis
726 3469 1115 3539 reverentia·
1134 3467 1539 3549 sanctitatis,
1568 3491 1717 3556 Jam
1750 3468 1916 3538 olim
1950 3469 2138 3560 apud
2171 3488 2413 3538 omnes
2445 3465 2772 3547 obtinuit,

221 3578 308 3629 ne
332 3557 709 3646 aliquando
733 3558 823 3629 ad
855 3557 1120 3645 aliquid
1146 3569 1387 3628 contra
1421 3556 1840 3627 voluntatem
1869 3579 2068 3627 suam
2104 3569 2415 3647 cogatur.
2456 3555 2584 3625 Sed
2609 3576 2776 3625 cum

221 3646 352 3719 hoc
396 3647 606 3717 modo
639 3648 852 3738 hujus
900 3646 1146 3717 mundi
1197 3645 1404 3717 modo
1444 3645 1624 3747 fugit
1671 3646 2032 3727 honorem,
2067 3645 2387 3717 omnium
2430 3644 2778 3743 honorum

222 3758 362 3808 non
399 3735 644 3828 effugit
673 3734 1176 3806 auctoritatem.
1232 3735 1497 3827 Dignus
1531 3756 1600 3804 in
1634 3734 2080 3806 conscientiis
2126 3734 2441 3804 omnium
2473 3743 2599 3813 est,
2700 3751 2780 3831 ut

220 3824 294 3895 in
336 3825 695 3897 timoreet
721 3845 955 3895 amm-e
990 3824 1107 3896 Dei
1155 3823 1489 3895 timeatur
1514 3836 1933 3895 evometur:
1986 3843 2152 3910 quoa
2178 3833 2558 3913 pmesente,
2614 3840 2662 3888 u
2717 3840 2778 3887 ι-

222 3935 380 3984 cum
435 3934 524 3985 ue
569 3913 805 3994 fucrit,
839 3911 937 3982 nil
976 3924 1217 3983 contra
1233 3911 1583 4015 justitiam
1615 3912 1957 3983 audeatur
1985 3936 2002 3991 ;
2035 3910 2150 3982 cui
2181 3911 2610 3997 ubicumque
2644 3906 2778 3978 ali-

220 3936 861 4091 quid‘loquitur‘vet
895 4022 935 4071 a
990 4002 1049 4071 ‘t
1071 4021 1194 4093 pro
1220 4000 1518 4089 Justitia,
1553 4001 1640 4071 ab
1673 3999 2003 4071 omnibus
2041 3999 2429 4071 obediatur,

226 4178 259 4192 ,Ι
310 4091 353 4178 5
392 4094 552 4165 to.
585 4096 682 4192 ‚Et
728 4020 1143 4193 hac-fimus
1184 4091 1587 4191 auctoritate
1612 4143 1629 4171 ,
1682 4089 2105 4189 ubicumque
2155 4084 2635 4187 necessarium·
2673 4094 2782 4156 est

221 4199 298 4250 m
347 4179 652 4251 Ecclesia.
694 4184 850 4260 Dei,¹
889 4200 1063 4251 cum·
1100 4177 1532 4250 ooedtenttae
1580 4178 1682 4248 vel
1730 4178 2089 4249 charitatis
2122 4187 2336 4266 urget.
2376 4187 2774 4255 necessitas,

225 4266 495 4338 nullam
544 4267 654 4338 res
746 4268 801 4339 it
825 4266 1459 4340 incommoditatem
1492 4265 1754 4338 laboris
1779 4266 1917 4337 sui.
1952 4266 2162 4356 Cujus
2209 4264 2398 4335 enim
2438 4262 2788 4336 voluntati.

221 4367 494 4428 tantum
534 4356 697 4427 detu
735 4359 803 4438 ἐ,
840 4358 1053 4447 cnjus
1076 4355 1372 4427 consilio
1418 4355 1520 4426 sic
1557 4376 1631 4424 se
1680 4353 2074 4425 humiliavit
2119 4353 2352 4425 omnis
2401 4364 2541 4424 tam
2576 4373 2778 4424 secu-

219 4444 395 4518 laris
461 4462 689 4536 quam
737 4445 1255 4520 Ecclesiasticae
1321 4442 1681 4536 dignitatis
1744 4442 2094 4515 altitudo?
2149 4448 2376 4535 Reges
2439 4440 2775 4534 superbi,
