3308 5004
186 336 390 405 Ami
1083 353 1267 407 ors.
1319 353 1625 408 nomeu
2429 339 2563 409 413

187 434 483 506 haereticos
525 434 898 506 abeodem
960 435 1296 509 Pontifice
1359 437 1764 509 Innocentio
1820 438 2073 511 missos
2101 492 2119 521 ‚
2177 437 2440 510 ibidem
2479 449 2653 510 >cum

180 523 459 624 Episcopis
502 536 571 594 et
613 523 775 594 aliis
828 524 1159 597 Praelaitis
1231 525 1609 599 concilium
1682 525 2133 599 celebrantes.
2185 528 2244 598 Ii
2306 548 2458 599 com

174 610 355 682 Didaci
397 612 710 714 Episcopi
758 612 1082 698 adventu,
1132 635 1294 686 cum
1351 615 1571 687 multo
1612 614 1873 707 ‘gaudio
1924 616 2157 708 ipsum
2216 637 2336 688 acc
2476 629 2606 689 unt
2634 671 2652 699 ,

172 698 477 800 liquorifioe
509 701 886 796 accipiunt,
937 704 1312 775 consilium
1356 703 1449 773 ab
1496 726 1578 775 eo
1625 717 1893 795 petunt,
1947 716 2015 775 et
2061 704 2358 777 libenter
2411 716 2660 797 parent

173 787 266 857 ili.
304 793 444 860 Erat
470 790 659 861 enim
700 790 815 861 ·vir
849 793 1088 883 justus
1132 804 1200 864 et
1263 804 1547 863 sanctus
1594 807 1801 881 atque
1846 804 2167 865 maturus
2199 848 2217 877 ,
2284 808 2353 865 et
2397 795 2660 869 zelator

272 876 290 945 i
327 877 774 950 Christianae:
815 901 1119 970 cumque
1163 881 1775 953 {animadvertisset
1831 903 1951 953 eos
2001 903 2138 952 non
2179 895 2359 954 recte
2405 884 2657 956 ambu-

175 963 334 1036 lantes
356 967 436 1038 ad
467 968 823 1039 ueritatem
873 967 1249 1063 Evangelii,
1294 985 1376 1041 ut
1427 983 1574 1042 erat
1626 970 1853 1041 mirae
1897 970 2544 1063 circumspectionis
2588 984 2657 1044 et

268 1076 369 1125 rus
411 1056 679 1128 viarum
722 1058 872 1141 Uei,
915 1059 1091 1131 dixit
1130 1059 1221 1131 ad
1269 1081 1427 1132 eos:
1479 1082 1518 1128 «
1547 1063 1692 1131 Non
1735 1060 1860 1142 sic,
1912 1059 2180 1142 fratres,
2217 1081 2352 1129 non
2404 1061 2503 1131 sic
2539 1083 2655 1131 ar-

207 1141 332 1243 'tfor
364 1145 908 1234 mandendum.
945 1149 1113 1218 mihi
1142 1149 1329 1220 enim
1364 1147 1869 1240 impossibilem
1907 1169 2054 1219 rem
2087 1148 2316 1218 moliri
2355 1149 2648 1231 videtur,

166 1250 252 1316 qm
288 1232 438 1305 solis
483 1235 713 1307 verbis
760 1247 957 1327 putat
1003 1238 1322 1309 homines
1369 1238 1538 1309 istos
1570 1236 1809 1308 reduci
1857 1259 2060 1328 posse
2107 1237 2179 1306 in
2227 1238 2436 1307 viam:
2486 1251 2653 1329 ope-

165 1318 310 1419 ribus
336 1334 396 1394 et
435 1325 773 1416 exemplis
808 1326 1036 1416 potius
1068 1325 1471 1396 revincendi
1522 1337 1723 1407 sunt,
1778 1326 1902 1415 qui
1945 1327 2127 1396 vitae
2193 1348 2361 1396 suae
2402 1328 2654 1398 merita

158 1421 362 1496 jactant
387 1412 899 1504 impudenter.»
934 1416 1186 1486 Dicunt
1232 1413 1376 1485 illi:
1427 1414 1605 1499 Quid
1646 1415 1865 1506 igitur
1913 1416 2115 1487 nobis
2160 1413 2287 1485 das
2331 1415 2647 1498 consilii,

160 1501 349 1586 puter?
402 1503 673 1585 Quibus
721 1503 879 1573 ille:
930 1502 1125 1587 Quod
1195 1525 1327 1587 me,
1378 1504 1650 1593 inquit,
1708 1504 2018 1576 videritis
2086 1502 2352 1585 facere,
2424 1503 2646 1575 facite.

158 1588 390 1674 llquue
432 1588 771 1661 familiam
818 1604 885 1662 et
920 1593 1305 1681 equitatum
1355 1605 1559 1682 atque
1606 1605 2019 1685 apparatum
2067 1614 2389 1674 omnem,
2442 1614 2651 1681 quem

157 1675 459 1764 copiosum
513 1679 807 1760 habebat
840 1735 855 1760 ‚
907 1702 948 1750 a
992 1703 1068 1751 -se
1128 1681 1440 1765 remisit,
1495 1694 1807 1753 statuens
1874 1681 1948 1751 in
2028 1679 2151 1751 illa
2197 1681 2476 1771 regione
2522 1680 2654 1751 ali-

150 1765 415 1847 quandiu
448 1768 752 1840 haerere.
804 1768 972 1856 Ejus
1003 1791 1163 1840 vero
1208 1769 1526 1862 exemplo
1571 1771 1822 1841 caeteri
1863 1769 2198 1862 permoti,
2254 1770 2490 1841 itidem
2550 1769 2648 1841 fe·

150 1868 367 1925 oerunt.
418 1862 498 1928 Et
525 1879 684 1929 ecce
726 1858 1042 1930 divinum
1095 1858 1540 1942 miraculum,
1592 1872 1659 1930 et
1709 1860 2091 1930 'ucundum
2142 1859 2647 1949 spectaculum.

147 1941 470 2038 Duodecim
520 1946 679 2017 illos
727 1961 953 2038 patres
999 1949 1362 2040 conjunxit
1404 1947 1540 2021 sibi
1582 1971 1706 2019 ver
1839 1961 1904 2019 et
1949 1948 2286 2039 exemplo,
2323 1949 2471 2038 ipse
2515 1959 2652 2019 ter·-

148 2038 252 2099 ttus
292 2032 602 2105 decimus
646 2034 869 2108 factus
902 2049 1094 2128 pater
1142 2049 1416 2129 patrum
1454 2050 1521 2108 et
1554 2037 1971 2128 patriarcha,
2032 2059 2243 2125 quem
2293 2048 2650 2124 tamquam

142 2113 463 2192 dominum
512 2137 581 2195 et
628 2125 1039 2216 magistrum
1070 2126 1497 2197 unanimiter
1541 2127 2032 2215 sequebantur.
2087 2126 2480 2217 Assumpsit
2522 2147 2652 2196 au-

142 2215 247 2273 tem
280 2221 343 2279 et
387 2212 562 2283 alios
611 2215 860 2285 virtute
903 2226 971 2285 et
1015 2216 1237 2305 gratia
1285 2216 1659 2287 instructos
1708 2216 1913 2297 viros,
1964 2216 2252 2285 comites
2301 2213 2558 2285 laboris
2584 2225 2652 2284 et

138 2291 397 2395 fideliter
441 2302 579 2392 ipsi
626 2302 1100 2374 adhaerentes.
1156 2309 1232 2374 In
1297 2304 1556 2392 quibus
1603 2305 2060 2395 praecipuus,
2112 2303 2442 2391 omnique
2487 2324 2651 2403 san-

139 2394 329 2456 ctitate
372 2391 840 2482 conspicuus,
894 2392 1002 2462 vir
1059 2392 1419 2484 angelicus
1479 2393 1880 2463 Dominicus
1914 2447 1930 2474 ,
1983 2391 2089 2460 illi
2154 2413 2319 2482 prae
2364 2403 2652 2462 caeteris

136 2469 376 2561 charus,
414 2479 624 2551 dictis
668 2493 736 2551 et
781 2480 980 2553 factis
1032 2504 1159 2552 ceu
1213 2482 1411 2553 sidus
1461 2481 2113 2572 splendidissimum
2162 2479 2511 2551 rutilabat.
2563 2479 2653 2551 Hi

136 2580 335 2635 omnes
380 2569 538 2639 sine
588 2571 910 2661 expensis
960 2571 1222 2662 pedites
1270 2571 1778 2652 discurrebant,
1833 2570 1903 2639 in
1956 2581 2360 2660 paupertate
2407 2568 2650 2639 volun-

136 2651 272 2722 taria
317 2656 669 2729 Christum
706 2681 1076 2750 pauperem
1111 2659 1611 2750 praedicantes.
1657 2660 1829 2729 Ecce
1873 2657 2166 2728 formam
2218 2657 2492 2739 Christi,
2541 2657 2651 2726 in-

134 2747 475 2817 staurantis
524 2748 895 2819 Ecclesiam
930 2749 1148 2820 initio:
1199 2749 1639 2840 figuramque
1688 2747 1966 2820 Ordinis
2033 2745 2645 2846 Praedicatorum„

135 2845 260 2901 mox
304 2837 616 2906 secuturi
670 2838 797 2908 hoc
846 2850 1147 2909 extremo
1195 2850 1524 2926 tempore.
1570 2842 1742 2907 Tum
1790 2857 1948 2906 vero
2011 2834 2339 2906 haeretici
2387 2834 2649 2904 invidia

135 2923 433 3019 wrmpti,
505 2926 819 2998 ediverso
864 2940 1240 3018 coeperunt
1285 2926 1758 3017 importunius
1822 2923 2268 2996 concionari:
2333 2923 2449 2993 sed
2511 2934 2653 2992 tam

136 3023 373 3100 lustgne
420 3013 525 3084 ful
581 3015 739 3085 ebat
776 3016 848 3084 in
898 3016 1235 3106 Episcopo
1270 3014 1523 3085 Dideco
1572 3036 1844 3085 morum
1905 3013 2142 3094 decus,
2193 3024 2275 3082 ut
2316 3025 2385 3082 et
2430 3013 2655 3082 incre-

136 3091 424 3194 dulorum
479 3103 527 3171 il
564 3125 791 3188 orum,
843 3117 911 3174 et
954 3104 1298 3187 omnium,
1341 3103 1800 3191 cum-quibus
1835 3102 2262 3184 versabatur,
2305 3100 2441 3173 sibi
2494 3122 2656 3170 ven-

136 3178 353 3261 dicaret
396 3193 717 3263 affectus.
1933 3228 1948 3243 x

195 3276 228 3361 ξ
269 3282 411 3351 1⁸.
470 3282 947 3354 Eiebanttunc
976 3281 1264 3352 crebrae
1311 3279 1681 3351 conciones
1725 3278 1814 3349 ad
1860 3278 2194 3371 populum
2222 3332 2239 3358 ,
2290 3290 2355 3348 et
2406 3277 2655 3368 dispu-

139 3362 388 3461 tationes
434 3392 602 3442 cum
656 3370 1017 3442 haereticis
1051 3370 1181 3441 sub
1219 3369 1588 3460 judicibus
1617 3368 1988 3460 deputatis.
2020 3372 2152 3437 Nec
2183 3366 2444 3437 destitit
2474 3370 2655 3437 Deus

137 3457 605 3529 miraculorum
656 3459 879 3552 signis
925 3458 1298 3531 Ecclesiam
1348 3457 1699 3528 illustrare
1740 3479 1967 3529 suam.
2005 3455 2333 3527 Permulti
2380 3476 2655 3555 quoque

141 3540 417 3616 catholici
469 3548 742 3619 libellos
772 3549 1302 3620 conscribebant
1329 3548 1399 3617 in
1432 3546 1594 3616 fidei
1617 3545 2111 3616 defensionem.
2158 3544 2448 3645 Scripsit
2476 3566 2654 3631 quo—

140 3642 234 3725 ΨΩ
274 3633 523 3713 beatus
573 3638 971 3708 Dominicus
1019 3637 1278 3708 librum
1310 3636 1475 3706 fidei
1520 3657 1714 3716 suae,
1769 3635 1987 3705 sacris
2019 3633 2548 3703 auctoritatibus
2586 3643 2654 3703 et

146 3711 350 3793 divinis
396 3726 793 3797 rationibus
842 3726 1188 3797 munitum
1224 3749 1241 3794 :
1277 3725 1397 3813 qui
1428 3724 1635 3795 etiam
1675 3745 1841 3814 prae
1876 3721 2165 3794 caeteris
2199 3744 2240 3791 a
2296 3721 2649 3823 probatus,

148 3801 201 3872 ab
233 3814 569 3885 munibus
621 3836 773 3887 rece
826 3829 938 3886 tus
985 3829 1109 3886 est.
1164 3814 1496 3902 Idemque
1540 3813 1628 3883 ad
1679 3811 2174 3883 confutandam
2289 3824 2652 3880 aereticam

151 3886 494 3987 Quinem,
546 3915 616 3974 et
655 3837 1037 3975 Catgolicae
1068 3903 1233 3975 fidei
1273 3901 1826 3974 confirmandam
1877 3900 2253 3982 veritatem,
2311 3912 2465 3999 post
2509 3897 2657 3967 lon-

154 3999 259 4066 gam
311 3989 861 4085 disputationem
928 3994 1113 4085 apud
1191 3998 1453 4063 Fanum
1524 3991 1709 4061 lovis
1747 3990 1782 4025 ⁴
1822 3989 2156 4070 habitam,
2208 4010 2369 4059 cum
2421 3985 2656 4057 hhello

159 4073 472 4159 euitisdam
508 4082 833 4154 haeretiei
866 4082 1193 4174 inignem
1235 4080 1532 4173 injectus
1549 4092 1676 4153 est.
1703 4084 1952 4149 Verum
1985 4076 2310 4147 haeretici
2348 4075 2649 4158 libelluS,

161 4161 497 4241 &flammis
533 4185 913 4264 correptus,
959 4192 1119 4243 mox
1163 4171 1236 4241 in
1288 4171 1555 4241 cineres
1603 4167 1926 4238 redactus
1970 4180 2112 4236 est:
2167 4163 2445 4267 libellus
2489 4187 2655 4267 con-

322 4255 378 4327 ‘s
427 4260 683 4332 Christi
752 4261 1087 4332 Dominici
1133 4281 1214 4331 ex
1274 4259 1441 4350 igne
1514 4256 1813 4349 prosiliit
1857 4254 2149 4357 procul,
2204 4276 2412 4357 isque·
2445 4268 2653 4357 etiam

169 4346 405 4420 seeundo
453 4361 527 4420 et
571 4350 765 4421 tertio
813 4351 885 4420 in
932 4350 1166 4441 ignem
1215 4348 1543 4438 rejectam,
1609 4346 1971 4447 scriptoris
2033 4366 2145 4415 sui
2194 4356 2544 4416 sanctitati
2588 4354 2658 4413 et

204 4464 221 4487 ⁶
236 4467 331 4514 Gon.
353 4476 576 4525 emm
593 4476 845 4519 notos-m
872 4478 1000 4519 inter
1017 4478 1068 4517 ot
1086 4477 1439 4518 carcassonam.

270 4548 514 4607 Sui-inu
540 4579 564 4593 -
602 4547 765 4609 Vitae
802 4546 910 4611 SS.
941 4580 966 4594 -
986 4548 1116 4609 Vol.
1139 4547 1298 4609 VIII.
2370 4545 2409 4603 8
