3308 5004
668 255 795 321 744
1455 275 1534 321 nn
1580 274 1639 323 s.
1692 271 1970 324 bonomo
2017 272 2260 325 Anaua
2802 255 3013 322 Ans.
3062 257 3141 322 ³⁰
3230 91 3270 299 Q

574 356 881 428 Pontifex
936 361 1180 428 Petrus
1249 379 1409 428 eum
1478 359 1978 430 accersendum
2038 359 2283 443 duxit,
2344 370 2423 429 ut
2485 357 2814 431 defuncto
2890 358 3142 429 Abbati

573 444 970 526 sufficeret,
1055 445 1237 533 quod
1312 448 1629 534 quamvis
1708 471 1748 517 a
1818 471 1891 520 se
1967 471 2147 520 onus
2223 448 2503 539 rejicere
2578 447 2755 517 serio
2842 468 3141 517 conare·

574 547 709 615 tur,
755 548 980 607 tamen
1015 557 1179 605 cum
1238 534 1296 605 is
1335 534 1610 607 nullum
1659 537 2055 608 solicitandi
2107 550 2173 608 et
2219 537 2510 628 rogandi
2559 536 2766 607 finem
2820 535 3136 612 faceret.

575 644 661 693 ne
692 622 966 693 divinae
1014 623 1351 695 vocationi
1406 625 1722 697 resistere
1770 626 1939 697 velle
1989 626 2372 709 videretur,
2433 626 2641 698 cessit
2689 625 3033 703 tandem,
3081 637 3142 695 et

574 711 903 784 humeros
958 712 1022 781 ei
1086 713 1456 795 submisit,
1525 725 1853 806 paterque
1917 716 2417 786 monachorum
2531 714 2803 785 uamvis
2866 715 3139 787 invitus

574 800 796 873 factus
841 812 967 871 est.
1020 806 1191 872 Ecce
1235 815 1464 873 autem
1496 804 1827 891 antiquus
1855 803 2145 874 humani
2192 804 2465 907 generis
2555 804 2747 883 ostis,
2785 803 3135 874 virtutum

573 891 749 992 ejuS,
800 889 1057 978 quibus
1107 890 1218 959 hic
1265 912 1540 978 quoque
1584 915 1949 965 coruscare
1998 893 2410 985 inciplebat,
2462 904 2540 964 ut
2576 904 2677 963 est
2728 892 2947 962 bonis
2979 914 3137 984 ope-

577 981 774 1051 ribus
799 979 1111 1061 infestuS‚
1143 978 1581 1069 splendorem
1611 1003 1745 1053 non
1770 981 2019 1064 ferens,
2048 981 2382 1053 adversus
2413 994 2731 1052 sanctum
2774 994 3133 1071 pastorem

577 1069 957 1158 consurgit,
993 1080 1058 1140 et
1091 1070 1507 1139 monasterio
1541 1070 1880 1161 procellae
1912 1071 2212 1159 quodam
2250 1070 2524 1141 turbine
2556 1083 2941 1152 commoto,
2979 1092 3131 1139 eum

579 1178 982 1249 oppugnare
1036 1156 1438 1248 aggreditur
1471 1213 1487 1240 ,
1539 1172 1616 1229 ut
1665 1159 1909 1230 laetam
1973 1161 2313 1232 bonorum
2363 1158 2718 1231 fructuum
2768 1172 3124 1250 segetem,

579 1267 787 1335 quam
841 1247 1025 1316 hunc
1071 1246 1403 1317 cultorem
1418 1248 1943 1405 (producturum
1992 1249 2428 1338 conjiciebat,
2469 1260 2972 1319 remoraretur.
3017 1249 3127 1317 Ille

579 1356 736 1406 vero
786 1356 1047 1406 memor
1102 1335 1313 1422 hujus
1373 1359 1411 1405 a
1520 1358 1683 1407 suos
1742 1337 2125 1428 discipulos
2190 1337 2437 1408 Christi
2486 1337 2815 1417 consilii,
2890 1340 2980 1407 Si
3017 1360 3119 1406 vos

569 1427 913 1582 gersecuti
954 1427 1024 1494 in
1075 1448 1217 1493 una
1266 1426 1538 1495 civitate
1589 1428 1868 1515 fuerint,
1928 1427 2149 1518 fingite
2200 1428 2271 1496 in
2310 1428 2548 1508 aliam,
2603 1447 2724 1516 per
2771 1447 3122 1495 summam

631 1512 1039 1584 umilitatem
1090 1512 1497 1584 scandalum
1530 1513 1915 1596 declinans,
1959 1516 2029 1584 in
2074 1515 2463 1586 Hetruriam
2498 1514 2775 1584 interim
2810 1516 3112 1595 secessit,

578 1601 700 1672 ubi
733 1616 1044 1693 reparato
1074 1602 1161 1671 ad
1212 1601 1521 1692 plenum,
1573 1615 1637 1673 et
1676 1603 2061 1676 secundum
2114 1604 2331 1694 legem
2384 1603 2499 1674 Dei
2546 1616 2611 1673 et
2650 1604 2883 1673 sancti
2926 1608 3118 1672 Bene-

578 1690 745 1761 dicti
793 1690 1101 1781 regulam
1166 1691 1480 1761 instituto
1542 1693 1956 1763 monasterio
1991 1748 2007 1776 ,
2075 1693 2434 1764 miraculis
2498 1692 2789 1783 patratis
2834 1692 3113 1763 celebris

577 1779 782 1849 etiam
829 1778 1162 1849 redditur.

666 1870 704 1956 ξ
751 1872 833 1940 S.
888 1869 1436 1956 Conquieverunt
1482 1870 1741 1941 interea
1786 1870 2054 1941 excitati
2107 1880 2358 1951 motuS,
2410 1868 2669 1956 quibus
2702 1870 3106 1940 Lucediense

579 1957 1074 2027 monasterium
1142 1958 1696 2039 concutiebatur,
1751 1971 1814 2028 et
1860 1960 2009 2048 ipse
2057 1959 2344 2030 Domino
2400 1970 2758 2029 revocante
2816 1959 2905 2029 ad
2954 1958 3103 2028 illud

579 2067 895 2117 reversus
932 2101 948 2123 ,
1004 2044 1275 2136 plantas
1332 2068 1509 2133 quas
1563 2048 1800 2118 divina
1855 2046 2141 2138 adjutus
2188 2047 2409 2137 gratia
2466 2062 2919 2133 conseverat,
2970 2048 3102 2136 piae

578 2135 1114 2206 conversationis
1160 2136 1355 2222 quasi
1408 2135 1751 2217 fomentis»,
1788 2149 1865 2206 ut
1892 2135 2376 2216 coalescerent,
2416 2135 2682 2223 lateque
2724 2158 2953 2205 ramos
2981 2134 3096 2204 dif-

577 2222 966 2304 funderent,
1007 2224 1293 2314 irrigare
1340 2226 1716 2315 satagebat.
1769 2230 1916 2309 Quo
1966 2225 2188 2315 magis
2220 2238 2448 2294 autem
2478 2224 2684 2294 etiam
2721 2224 2839 2294 hic
2870 2226 2934 2293 in
2969 2245 3092 2291 mo·

578 2313 875 2382 nasterio
925 2335 1046 2404 per
1080 2312 1294 2382 multa
1323 2337 1406 2382 an
1511 2336 1662 2383 rum
1697 2313 2066 2394 curricula,
2104 2314 2361 2401 quibus
2399 2313 2527 2383 hoc
2559 2313 2755 2394 rexit,
2793 2313 3086 2384 omnibus

577 2402 952 2492 conspicua
1002 2402 1389 2473 eminerent
1418 2336 1910 2493 ¹ffilgerentque
1957 2403 2284 2472 virtutum
2320 2402 2470 2493 ejus
2505 2402 2809 2504 insignia
2837 2457 2853 2481 ‚
2896 2423 2966 2469 eo
3002 2399 3075 2466 de

576 2512 646 2561 se
696 2490 1086 2562 submissus
1133 2492 1509 2574 sentiebat,
1561 2506 1627 2562 et
1678 2491 1884 2562 latere
1948 2490 2266 2562 studebat
2313 2491 2535 2580 magis
2571 2547 2587 2573 ,
2642 2491 2813 2563 illud
2862 2509 3054 2560 secum

573 2593 941 2739 regutaris,
993 2579 1176 2667 quod
1228 2581 1533 2652 Salvator
1579 2581 1920 2651 inculcat:
1978 2585 2143 2653 Cum
2229 2583 2489 2651 eceritt's
2594 2605 2729 2652 uae
2761 2576 3050 2671 praecipio

569 2694 650 2739 vo
693 2671 773 2749 is,
827 2670 1049 2750 dicite,
1082 2671 1277 2740 Servi
1318 2672 1594 2740 inutiles
1639 2693 1870 2741 sumus
1893 2696 1916 2740 .·
1952 2671 2129 2761 quod
2246 2672 2510 2739 &nimus
2575 2676 2783 2750 acere,
2815 2668 3058 2764 fecimus

571 2763 709 2843 (Em
735 2763 951 2829 Lucae
981 2756 1164 2847 xvn).
1203 2763 1385 2828 Inter
1415 2772 1681 2829 caetera
1709 2782 1887 2846 quae
1925 2758 2271 2849 praeclare
2304 2760 2375 2829 in
2406 2758 2537 2828 vita
2571 2759 2805 2849 gessit,
2836 2775 3075 2844 magnis

569 2847 927 2938 impensis,
979 2852 1146 2917 cura
1184 2860 1388 2934 atque
1422 2846 1653 2918 labore
1694 2848 1947 2938 templo
1978 2848 2353 2919 extruendo
2394 2847 2737 2926 incubuit,
2787 2866 2918 2933 quo
2942 2864 3078 2941 con·

568 2949 916 3006 summato
944 2957 1171 3027 opere,
1209 2957 1371 3005 cum
1403 2958 1476 3006 se
1513 2959 1632 3026 per
1659 2959 1934 3006 omnem
1970 2938 2179 3008 vitam
2225 2935 2896 3026 irreprehensibilem
2923 2931 3081 3003 exin·

569 3025 856 3105 buisset‚
903 3039 1310 3114 tempusque
1349 3025 1639 3107 adesset,
1693 3047 1831 3112 quo
1885 3025 2035 3111 ejus
2085 3026 2351 3097 labores
2392 3031 2570 3095 Deus
2631 3035 3079 3094 remuneratus

569 3125 885 3184 aeternae
931 3114 993 3183 ei
1040 3113 1297 3204 gloriae
1344 3114 1659 3184 bravIum
1700 3114 2030 3197 donaret,
2082 3113 2402 3205 spiritum
2463 3113 2763 3184 Creatori
2824 3108 3086 3182 reddidit

571 3207 613 3272 3
661 3202 943 3271 Kalend.
999 3202 1340 3291 Septemb.
1394 3226 1577 3272 anno
1628 3205 2021 3273 Dominicae
2069 3203 2569 3273 Incarnationis
2616 3225 2839 3272 nnn.

662 3293 829 3377 §a
881 3296 969 3360 Ac
1001 3303 1144 3360 tum
1195 3290 1504 3378 quidem,
1544 3291 1771 3378 qualis
1819 3304 2261 3379 quantusque
2305 3293 2375 3361 in
2428 3293 2565 3361 vita
2612 3291 2889 3370 suisset,
2939 3288 3097 3360 clare

571 3380 898 3449 omnibus
947 3379 1190 3470 patuit,
1245 3402 1366 3480 per
1413 3403 1491 3450 ea
1539 3402 1715 3467 quae
1761 3381 1848 3451 ad
1896 3382 2048 3471 ejus
2094 3403 2167 3451 se
2220 3378 2493 3451 ulcrum
2553 3380 2948 3450 edebantur
2988 3375 3101 3447 mi-

571 3466 833 3538 racula.
887 3473 1054 3538 Nam
1104 3467 1189 3537 ad
1243 3469 1415 3539 illud
1480 3468 1821 3570 plurimas
1881 3471 2145 3560 aegritu
2202 3470 2350 3539 ines
2406 3482 2679 3539 curatas
2743 3468 3099 3545 novimus,

570 3568 635 3626 et
682 3556 767 3625 de
814 3556 925 3626 die
982 3557 1050 3625 in
1116 3557 1299 3627 diem
1373 3559 1596 3648 ipsius
1646 3558 1909 3627 meritis
1976 3558 2182 3627 fidem
2247 3557 2677 3627 credentium
2746 3554 3105 3627 informari

567 3644 979 3735 gaudemuS,
1036 3646 1214 3716 sicut
1259 3647 1423 3716 olim
1477 3645 2006 3736 praedicationis
2040 3668 2206 3716 suae
2238 3646 2487 3726 verbis.
2533 3645 2626 3715 ita
2666 3668 2866 3716 nunc
2904 3646 3102 3716 mira-

568 3733 882 3806 culorum
937 3733 1177 3824 signis.
1230 3737 1352 3805 His
1404 3757 1558 3805 vero
1606 3747 1959 3825 permotus
2008 3735 2415 3806 venerabilis
2480 3734 2939 3806 vercellensis
2986 3738 3107 3802 Ec·

564 3822 814 3892 clesiae
860 3824 1103 3913 Episco
1156 3845 1240 3894 us
1287 3824 1647 3894 ardericus
1679 3879 1694 3904 ,
1750 3846 1885 3894 non
1950 3823 2188 3896 multis
2253 3835 2404 3914 post
2450 3823 2603 3912 ejus
2649 3845 2731 3892 ex
2778 3823 2917 3893 hac
2977 3822 3112 3920 vita

569 3913 933 3981 transitum
986 3912 1094 3981 die
1151 3935 1258 3992 ηε,
1311 3912 1544 3981 divino
1595 3912 1798 4003 plane
1846 3914 2178 3983 instinctu
2226 3926 2431 3999 atque
2489 3912 2809 3993 consilio,
2866 3911 3113 3982 Christi

566 4000 947 4071 confessori
1001 4000 1300 4070 debitam
1355 4000 1783 4072 devotionem
1834 4002 2305 4091 impensuruS,
2358 4002 2572 4072 altare
2619 4024 2840 4092 supra
2889 4022 3112 4071 sacra-

565 4088 912 4160 tissimum
973 4090 1127 4178 ejus
1189 4112 1442 4180 corpus
1512 4090 1921 4182 erigendum
1974 4103 2039 4161 et
2096 4090 2561 4161 dedicandum
2614 4090 2724 4180 pie
2782 4088 3106 4160 censuit:

565 4177 747 4265 quod
802 4201 1008 4248 suum
1057 4178 1426 4248 consilium
1476 4202 1636 4249 cum
1689 4178 1772 4249 ad
1826 4179 2096 4250 Clerum
2145 4193 2211 4249 et
2258 4202 2424 4249 suae
2456 4179 2618 4249 fidei
2657 4180 3110 4250 commissam

568 4266 836 4355 plebem
888 4267 1275 4349 retulisset,
1329 4289 1486 4338 cum
1544 4268 1793 4358 plausu
1839 4281 2199 4360 exceptum
2250 4270 2351 4338 sic
2396 4281 2538 4347 est,
2602 4279 2678 4337 ut
2743 4267 3119 4338 unanimes

564 4354 1009 4425 decernerent
1063 4356 1449 4447 Apostolica
1512 4358 1916 4428 auctoritate
1953 4413 1970 4441 ,
2038 4379 2431 4440 consensu,
2484 4367 2551 4427 et
2614 4357 3116 4449 approbatione
