3308 5004
651 296 739 364 42
1492 314 1573 362 nn
1621 315 1714 364 ss.
1777 256 2181 364 :Aemulus
2830 291 3017 361 Aue„
3075 293 3112 359 4

559 398 888 490 operibus
925 397 1438 470 demon-strabo.
1473 404 1614 471 Non
1647 399 1833 503 enim
1867 399 2027 469 talis
2047 396 2459 488 agonotheta
2481 415 2616 486 ego
2642 416 2826 478 sum,
2859 408 2937 466 ut
2965 418 3124 468 cer-

561 488 846 558 taminis
888 489 1149 558 exitum
1186 489 1259 559 in
1296 488 1530 576 aliqua
1564 489 1977 560 certantium
2020 487 2270 556 virtute
2302 484 2748 567 constituam,
2799 484 2916 555 sed
2966 485 3126 577 ipse

561 575 812 648 assisto
836 576 1286 660 luctantibus,
1315 591 1381 648 et
1401 578 1739 648 auxilium
1778 576 2095 668 praebeo,
2129 588 2194 645 et
2221 595 2504 644 manum
2533 573 2828 664 praebeo
2842 574 3125 646 athletis

561 666 764 736 meis.
818 670 896 735 Et
939 665 1123 753 quod
1166 688 1259 737 ‘ex
1307 667 1569 758 proprii
1602 666 1870 737 arbitrii
1912 665 2225 735 libertate
2273 663 2707 753 suscipiunt,
2762 663 2850 733 de
2896 665 3126 735 bonae

561 754 939 825 voluntatis
969 754 1242 837 affectu,
1291 768 1371 826 ut
1418 777 1545 846 pro
1585 755 1856 846 legibus
1911 754 2084 825 meis
2114 764 2181 824 et
2227 753 2509 854 nomine
2542 772 2696 823 meo
2747 751 3111 835 dimicent,

561 842 631 913 id
685 843 756 913 in
797 842 1149 914 victoriam
1191 844 1361 935 ipsis
1445 845 1787 926 rocedere,
1825 844 1962 914 mei
2007 856 2112 914 est
2138 842 2422 912 ·aux1lii.
3092 852 3100 867 ·

648 933 688 1020 5
735 937 820 1005 4.
872 937 1050 1024 Ergo
1087 955 1249 1003 cum
1306 933 1367 1001 vi
1424 933 1561 1002 eris
1621 933 1981 1003 mulierem
2033 932 2239 1003 annis
2284 929 2691 1011 confectam,
2744 930 2940 1002 senio
2983 943 3128 1001 tre-

562 1021 854 1102 mulam,
907 1020 1157 1092 baculo
1203 1021 1626 1113 indigentem
1698 1022 1979 1104 induci,
2042 1033 2112 1090 et
2154 1039 2594 1112 congressam
2648 1019 2909 1110 praelio
2958 1042 3127 1111 pas-

563 1108 780 1182 sionis
827 1109 1201 1180 dissolvere
1257 1109 1610 1180 crudelem
1662 1110 1941 1201 tyranni
2000 1109 2293 1180 furentis
2341 1108 2715 1190 insaniam,
2766 1121 2833 1179 et
2880 1109 2968 1180 de
3011 1110 3127 1179 in-

561 1200 912 1301 corporeis
959 1199 1330 1269 virtutibus
1370 1199 1943 1289 triumphantem,
2000 1212 2068 1269 et
2116 1197 2392 1269 diabolo
2449 1197 2999 1288 praevalentem,
3052 1210 3127 1268 et

560 1287 764 1357 facile
798 1288 1008 1357 .vires
1056 1287 1247 1357 illius
1292 1287 1766 1358 concidentem
1826 1309 1986 1357 cum
2051 1300 2379 1378 potestate
2418 1286 2717 1374 majore:
2771 1286 3126 1359 admirare

561 1374 780 1449 divini
849 1376 1300 1467 agonothetae
1396 1376 1637 1446 ratiam
1673 1431 1689 1458 ‚
1742 1377 2151 1466 obstupesce
2220 1375 2305 1445 ad
2383 1374 2795 1445 intuendam
2865 1376 3124 1447 Christi

562 1464 910 1546 virtutem,
963 1464 1170 1552 cujus
1219 1466 1337 1536 ath
1367 1478 1515 1536 etae
1571 1487 1710 1536 non
1766 1466 2079 1556 corporis
2139 1466 2405 1546 robore,
2474 1463 2594 1536 sed
2653 1463 2815 1535 fidei
2865 1466 3122 1537 virtute

563 1552 920 1624 luctantur
954 1552 1012 1623 ⁴.
1051 1553 1340 1624 Infirma
1385 1576 1623 1625 eorum
1690 1568 1960 1636 natura,
2016 1552 2115 1624 vel
2168 1567 2361 1624 vetus
2405 1565 2531 1635 est,
2593 1553 2713 1624 sed
2762 1575 2944 1642 quae
2998 1575 3123 1627 eos

544 1641 766 1712 ,unxit
822 1644 1066 1735 gratia,
1121 1657 1362 1735 potens
1414 1657 1541 1714 est.
1594 1643 1919 1713 Resoluta
1984 1654 2149 1712 sunt
2202 1662 2493 1732 corpora
2558 1655 2942 1722 senectute,
2996 1642 3123 1714 sed

565 1730 897 1802 solidatae
943 1744 1108 1802 sunt
1156 1746 1420 1805 mentes
1478 1732 1833 1802 ‘desiderio
1866 1732 2158 1823 pietatis.
2218 1736 2361 1801 Non
2402 1742 2507 1800 est
2550 1731 2903 1803 sensibilis
2949 1732 3127 1803 haec

567 1840 826 1912 pugna,
881 1841 1102 1908 neque
1151 1821 1557 1891 insensibile
1604 1834 1977 1891 certamen.
2030 1820 2176 1891 Noli
2228 1841 2393 1911 ergo
2444 1820 2614 1890 istos
2659 1821 2951 1891 athletas
3001 1842 3128 1891 ex-

567 1909 908 1980 trinsecus
931 1910 1390 1992 considerare,
1418 1910 1926 2003 sedjngredere
1956 1931 2166 1981 sensu
2193 1907 2585 1978 rationabili
2616 1908 2703 1978 ad
2724 1909 3128 1980 interiorem

564 2018 801 2067 eorum
855 1998 1363 2068 habitudinem:
1401 2000 1727 2091 conspice
1765 1999 1922 2069 fidei
1957 2020 2196 2068 eorum
2249 1996 2750 2080 fortitudinem,
2789 2011 2869 2068 ut
2913 1997 3124 2068 intel-

565 2085 614 2155 li
667 2106 767 2168 as,
809 2089 1142 2174 quoniam
1236 2089 1307 2157 ui
1356 2101 1591 2159 contra
1627 2088 2002 2159 daemones
2039 2100 2341 2179 pugnat,
2396 2107 2532 2157 non
2585 2087 2829 2158 robore
2872 2108 3127 2178 corpo-

565 2196 642 2245 ra
677 2177 719 2257 i,
774 2197 996 2264 neque
1042 2177 1174 2247 vali
1230 2200 1269 2247 a
1345 2182 1680 2269 compage
1727 2178 2197 2247 membrorum
2243 2174 2532 2267 indiget,
2586 2198 2711 2246 nec
2756 2176 2844 2246 de
2901 2188 3126 2247 aetate

555 2263 854 2365 juvenili
902 2265 1231 2336 fiduciam
1282 2268 1538 2336 sumit:
1592 2266 1709 2337 sed
1758 2279 1826 2336 et
1879 2266 1938 2336 si
1988 2278 2180 2336 tener
2250 2265 2484 2335 adhuc
2559 2264 3124 2336 adolescentulus

568 2374 640 2422 ln
690 2353 859 2424 flore
893 2354 1243 2444 primaevo
1274 2356 1439 2447 agit,
1492 2368 1557 2425 et
1587 2355 1646 2426 si
1688 2376 1894 2426 senex
1932 2355 2020 2425 ad
2059 2367 2400 2425 extremas
2428 2354 2672 2425 aetatis
2701 2374 2870 2424 suae
2903 2366 3127 2426 metas

566 2443 984 2534 pervenerit,
1040 2444 1349 2514 animam
1402 2465 1559 2515 vero
1605 2443 1845 2515 fortem
1897 2444 2149 2515 habeat
2194 2456 2261 2514 et
2305 2445 2819 2515 corroboratam
2856 2442 3070 2514 fidem
3098 2494 3117 2526 ,

566 2532 744 2602 nihil
785 2532 872 2602 de
916 2545 1135 2604 aetate
1164 2589 1180 2616 ,
1234 2533 1336 2604 vel
1384 2534 1653 2604 modica
1687 2588 1703 2615 ,
1757 2533 1858 2604 vel
1907 2546 2211 2603 extrema
2279 2533 2368 2603 ab
2415 2534 2663 2604 effectu
2716 2531 3126 2603 certaminis

564 2621 966 2712 impeditur.
1021 2628 1100 2692 Et
1144 2623 1312 2711 quid
1372 2623 1529 2692 dico
1577 2645 1810 2694 senem
1852 2633 1919 2693 et
1947 2622 2270 2712 juvenem
2304 2675 2320 2703 ,
2373 2621 2655 2710 quando
2701 2622 2908 2692 etiam
2963 2643 3127 2691 mu-

535 2710 768 2781 ·lieres
812 2711 1168 2802 expeditae
1213 2712 1298 2781 ad
1345 2712 1512 2783 haec
1553 2711 1814 2802 praelia
1844 2722 2328 2792 cucurrerunt,
2364 2722 2430 2780 et
2478 2709 2787 2782 illustres
2822 2730 3128 2781 coronas

565 2798 854 2890 adeptae
901 2803 1116 2869 sunt?
1162 2805 1329 2872 Nam
1379 2800 1483 2870 illi
1532 2800 1832 2870 extranei
1877 2800 2102 2880 nobis,
2155 2798 2224 2868 id
2273 2811 2399 2880 est,
2445 2798 2785 2869 mundani
2832 2819 3119 2891 agones,

565 2899 632 2957 et
678 2887 943 2966 aetatis,
996 2900 1062 2958 et
1114 2888 1399 2970 formae,
1450 2901 1518 2959 et
1565 2888 1839 2981 generis
1891 2888 2296 2980 dignitatem
2348 2888 2735 2975 requirunt.
2804 2887 3000 2958 Unde
3057 2898 3129 2958 et

567 2974 786 3045 servis
815 3030 832 3052 .
881 2987 950 3046 et
997 2977 1434 3059 mulieribus,
1487 2991 1554 3048 et
1600 2978 1910 3059 senibuS,
1949 2989 2016 3046 et
2058 2976 2290 3067 pueris
2338 2976 2421 3046 ad
2473 2996 2592 3047 eos
2629 2976 2865 3046 aditus
2909 2976 3128 3047 dene-

566 3077 813 3154 gatur:
866 3064 1071 3135 isthic
1120 3087 1279 3136 vero
1307 3066 1493 3157 apud
1548 3088 1673 3137 nos
1728 3068 1917 3136 omni
1971 3086 2327 3157 personae,
2379 3065 2713 3154 omnique
2750 3065 3005 3148 aetati,
3058 3076 3130 3136 et

566 3152 847 3241 utrique
892 3153 1087 3225 sexui
1135 3154 1505 3225 indiscreta
1539 3154 1863 3225 facultate
1900 3154 2202 3226 stadium
2255 3166 2459 3245 patet,
2510 3166 2578 3225 et
2623 3155 2903 3247 agoniS,
2956 3154 3129 3224 ade-

565 3242 742 3312 undi
787 3263 1160 3314 commune
1195 3244 1340 3334 jus,
1377 3257 1443 3313 et
1489 3264 1631 3313 una
1673 3244 1952 3314 libertas
1997 3257 2121 3328 est,
2158 3254 2237 3314 ut
2265 3255 2584 3334 prompta
2611 3243 2941 3314 omnibus
2971 3243 3129 3315 sine

567 3331 831 3401 invidia
880 3331 1205 3414 bonitate,
1239 3332 1656 3402 ineffabilem
1696 3332 2068 3404 salvatoris
2099 3332 2316 3403 nostri
2357 3332 2676 3402 virtutem
2707 3352 3121 3422 cognoscas,

567 3431 634 3489 et
679 3420 1144 3510 Apostolicum
1196 3442 1585 3492 sermonem
1647 3443 1854 3512 opere
1910 3421 2310 3492 confirmari
2358 3420 2627 3492 videas:
2680 3423 2857 3506 Quia
2899 3422 3130 3491 υίνιιιο

566 3509 640 3578 in
676 3511 1070 3600 infirmitate
1091 3512 1467 3601 perficitur.
1503 3510 1796 3593 Quando
1842 3511 2027 3580 enim
2082 3510 2319 3600 pueri,
2371 3522 2439 3579 et
2485 3529 2683 3581 senes
2732 3529 2949 3600 supra
3000 3530 3126 3580 na·

568 3611 793 3667 turam
847 3597 1099 3672 valent.
1143 3612 1207 3668 et
1254 3599 1546 3669 internis
1595 3600 1860 3671 viribus
1909 3598 2149 3670 modos
2204 3598 2448 3669 aetatis
2509 3597 2927 3679 extendunt,
2982 3598 3128 3668 evi-

566 3685 808 3756 denter
851 3687 1203 3776 operantis
1235 3688 1303 3755 in
1356 3688 1532 3778 ipsis
1579 3689 1799 3779 gratia
1848 3686 2374 3758 manifestatur..

656 3778 694 3863 5
739 3781 828 3848 ὅ.
906 3779 984 3844 Et
1030 3788 1121 3845 ut.
1157 3776 1436 3867 plenius
1481 3789 1850 3868 appareat,
1902 3777 2069 3864 quia
2117 3776 2488 3846 infirmitas
2536 3774 2949 3846 athletarum
3001 3782 3132 3845 no·-

566 3877 899 3945 strorum,
962 3886 1141 3952 quae
1188 3866 1258 3935 in
1307 3866 1624 3935 exteriori
1675 3878 1800 3948 est,
1842 3865 2171 3936 clariores
2217 3864 2426 3935 saciat
2474 3885 2626 3933 esse
2671 3863 2962 3934 victores
2993 3918 3009 3946 ,
3059 3875 3131 3934 et

570 3973 801 4024 senem
852 3965 918 4023 et
966 3975 1219 4044 pueros
1268 3955 1758 4041 relinquenteS,
1805 3954 2257 4024 infirmiorem
2304 3951 2480 4044 ipsis
2525 3951 3000 4043 producamus
3050 3952 3126 4022 in

568 4042 879 4201 §tedium
935 4043 1336 4125 mulierem,
1393 4043 1581 4113 illam
1633 4064 1846 4113 anum
1879 4097 1894 4123 ,
1947 4056 2013 4113 et
2061 4054 2322 4144 septem
2375 4060 2749 4131 puerorum
2800 4053 3122 4111 matrem.

626 4152 734 4199 am
765 4131 1033 4201 labores
1063 4144 1387 4223 partuum
1426 4154 1561 4202 non
1599 4132 1704 4202 vel
1737 4132 2005 4203 modice
2037 4132 2203 4201 hunc
2231 4128 2592 4199 certamini
2626 4129 3130 4221 impedimento

569 4231 756 4291 sunt.
830 4221 1006 4305 Quid
1067 4242 1233 4314 ergo
1291 4222 1443 4312 ejus
1512 4221 1709 4312 prius
1772 4234 1893 4291 aut
1953 4221 2184 4312 potius
2248 4217 2713 4288 mirabimur?
2777 4218 2969 4302 Quod
3044 4241 3131 4290 ex

622 4380 648 4409 Φ
678 4380 932 4430 spirituale
950 4382 1191 4423 certamen
1205 4391 1300 4422 non
1326 4378 1538 4431 corporis
1557 4379 1724 4421 rbbore
1751 4381 1949 4431 indiget,
1979 4380 2064 4421 sed
2092 4376 2217 4425 fidei,
2242 4388 2330 4428 per
2354 4372 2529 4419 Christi
2549 4377 2792 4421 virtutem.
2819 4379 3047 4428 &amplo
3074 4379 3130 4420 tn

565 4433 803 4477 Ecclesiae
832 4433 986 4476 rastis
1016 4439 1129 4476 eunt
1145 4437 1399 4486 utria-que
1416 4444 1559 4477 nexu·
1578 4435 1628 4474 et
1644 4443 1786 4476 aene·
1803 4436 1854 4475 et
1882 4434 2037 4484 pueri.
2607 4453 2610 4454 ν

1979 4683 1996 4722 ἱ
