3308 5004
673 307 805 374 458
1234 324 1315 373 nn
1360 324 1417 372 s.
1466 321 1800 373 »manno
1848 321 1993 372 Αιι.
2043 320 2428 371 murm.
2801 303 3004 371 Ana.
3068 301 3179 371 m

585 409 915 480 omnibus
960 407 1458 487 laborantibus,
1488 421 1556 477 et
1602 407 1901 499 siugulis
1933 406 2121 477 circa
2149 406 2458 497 injuncta
2490 406 2868 498 occupatis,
2903 405 3174 477 media

587 497 700 568 die
750 498 1014 568 mediae
1061 497 1325 578 noctis,
1383 496 1737 567 silentium
1796 519 1840 567 a
1894 493 2543 586 supervenientibus
2602 495 3121 567 inveniebatur
3151 551 3170 580 ,

588 600 858 677 praeter
902 586 1218 657 laborum
1268 585 1559 668 sonitus,
1612 583 1716 655 vel
1767 585 1825 655 si
1874 584 2119 655 fratres
2164 584 2236 654 in
2288 582 2494 655 laude
2542 583 2657 654 Dei
2704 606 3177 671 occuparen-

585 689 722 746 tur.
775 681 980 746 Porro
1027 674 1281 744 silentii
1330 674 1553 765 ipsius
1599 673 1770 744 ordo
1815 686 1882 745 et
1928 672 2113 744 fama
2161 685 2420 744 tantam
2459 670 2674 743 ‚etiam
2709 673 2897 765 apud
2932 694 3178 743 secu·

584 763 767 835 lares
814 763 1130 835 homines
1176 763 1737 854 supervenientes
1786 763 1896 833 sui
1943 761 2242 833 faciebat
2271 761 2746 845 reverentiam,
2782 775 2861 832 ut
2891 774 2960 832 et
3007 763 3174 853 ipsi

585 875 722 923 non
771 853 998 924 dicam
1052 874 1258 953 prava
1304 851 1408 921 vel
1456 853 1697 929 otiosa,
1751 851 1869 921 sed
1919 865 1989 921 et
2031 850 2297 939 aliquid
2346 851 2580 932 etiam,
2629 851 2814 939 quod
2854 851 2946 920 ad
2988 873 3169 921 rem

585 942 924 1023 attineret,
979 941 1075 1011 ibt
1124 941 1313 1029 loqui
1360 954 1781 1011 vererentur.

486 1105 493 1112 ,
670 1033 709 1120 §
753 1035 902 1103 8².
953 1030 1111 1101 Loci
1158 1052 1317 1099 vero
1364 1029 1556 1100 illius
1604 1028 1904 1099 solitudo
1952 1029 2132 1100 inter
2174 1050 2392 1120 opaca
2438 1027 2811 1118 sylvarum,
2863 1040 2934 1098 et
2964 1029 3167 1099 vici-

584 1142 836 1189 norum
888 1118 1221 1190 hincinde
1268 1118 1604 1188 montium
1656 1118 2039 1208 angustias,
2092 1118 2161 1187 in
2212 1139 2349 1206 quo
2398 1117 2571 1188 servi
2624 1117 2736 1187 Dei
2795 1117 3156 1198 latebant,

583 1208 943 1300 speculam
995 1207 1185 1277 illam
1236 1207 1460 1277 sancti
1505 1205 1855 1278 Benedicti
1906 1207 2120 1298 patris
2158 1206 2394 1277 nostri
2452 1205 2969 1293 quodammodo
3039 1227 3161 1276 re-

584 1296 1116 1389 praesentabat,
1172 1296 1240 1365 in
1289 1318 1429 1385 qua
1474 1294 1850 1384 aliquando
1896 1318 1935 1365 a
1997 1296 2392 1387 pastoribus
2460 1295 2779 1365 inventus
2841 1308 2996 1364 est:
3073 1307 3158 1365 ut

581 1386 789 1476 cujus
837 1385 1292 1456 imitabantur
1339 1385 1572 1467 vitam,
1624 1384 2073 1456 habitationis
2099 1385 2253 1474 ejus
2282 1407 2362 1454 ac
2398 1383 2798 1454 solitudinis
2829 1383 3148 1454 formam

584 1474 890 1562 aliquam
944 1474 1196 1544 habere
1242 1474 1662 1544 viderentur.
1716 1477 1968 1543 Omnes
2015 1474 2273 1564 quippe
2309 1472 2514 1543 etiam
2551 1473 2619 1541 in
2657 1471 3146 1550 multitudine,

586 1563 878 1633 solitarii
928 1563 1024 1633 ibi
1070 1575 1290 1633 erant.
1342 1562 1599 1632 Vallem
1649 1583 1951 1650 namque
1997 1562 2186 1632 illam
2241 1561 2513 1652 plenam
2567 1561 3004 1642 hominibuS,
3069 1575 3150 1630 ut

583 1651 849 1723 dictum
897 1665 1022 1735 est,
1078 1652 1340 1722 ratione
1384 1651 1650 1722 ordinis
1698 1651 2001 1721 charitas
2044 1650 2362 1721 ordinata
2407 1649 2705 1741 singulis
2749 1649 3143 1722 solitariam

581 1741 917 1811 faciebat:
970 1742 1137 1829 quia
1182 1740 1364 1811 sicut
1411 1740 1617 1811 homo
1652 1739 2113 1822 inordinatuS,
2155 1739 2359 1810 etiam
2392 1761 2552 1809 cum
2588 1739 2779 1809 solus
2805 1752 2934 1818 est,
2985 1739 3145 1828 ipse

584 1831 722 1900 sibi
771 1829 974 1899 turba
1020 1841 1159 1899 est:
1212 1829 1313 1900 sic
1362 1829 1452 1899 ibi
1502 1829 1766 1899 unitate
1812 1829 2100 1920 spiritus
2143 1841 2212 1898 et
2276 1827 2616 1917 regularis
2674 1827 2822 1918 lege
2875 1827 3140 1900 silentii

584 1919 655 1987 in
692 1918 1138 1988 multitudine
1170 1918 1534 1987 hominum
1563 1916 1906 1999 ordinata,
1945 1917 2388 1989 solitudinem
2423 1916 2654 1986 cordis
2684 1917 2794 1986 sui
2829 1915 3140 2017 singulis

582 2006 758 2076 ordo
806 2007 954 2096 ipse
1000 2006 1429 2076 defendebat.
1478 2007 1807 2076 Domibus
1839 2021 1908 2076 et
1940 2005 2355 2077 habitaculis
2395 2004 2858 2095 simplicibuS,
2904 2017 3138 2077 victus

583 2095 1124 2165 inhabitantium
1179 2095 1555 2185 persimilis
1599 2107 1767 2164 erat.
1822 2095 2027 2165 Panis
2091 2117 2224 2166 non
2285 2109 2420 2164 tam
2481 2093 2854 2174 furfureuS,
2915 2115 3132 2181 quan

585 2197 852 2257 terreus
899 2183 1278 2264 videbatur,
1335 2184 1534 2254 duris
1580 2183 1872 2255 fratrum
1925 2183 2282 2254 laboribus
2327 2182 2437 2252 vix
2485 2182 2571 2252 de
2633 2195 2814 2253 terra
2875 2181 3131 2253 deserti

585 2272 777 2344 illius
823 2273 1039 2344 sterili
1091 2272 1516 2363 productus:
1566 2286 1832 2344 caetera
1878 2294 2155 2361 quoque
2200 2271 2459 2342 cibaria
2493 2271 2601 2341 vix
2631 2284 2829 2342 erant
2861 2269 3129 2359 aliquid

583 2362 855 2452 saporis
904 2361 1249 2443 habentia,
1299 2375 1782 2521 praeterquam
1836 2360 2050 2431 fames
2097 2384 2220 2433 seu
2251 2383 2448 2432 amor
2485 2360 2601 2430 Dei
2639 2360 2956 2431 faciebat.
3003 2360 3128 2430 Sed

581 2464 651 2522 et
696 2452 925 2542 ipsum
978 2450 1254 2522 novitiis
1326 2451 1586 2522 ervoris
1631 2449 2044 2542 simplicitas
2090 2450 2223 2521 sibi
2258 2448 2556 2532 tollebat,
2593 2471 2750 2521 cum
2831 2450 2990 2520 uasi
3020 2470 3131 2520 ve-

582 2562 843 2612 nenum
894 2541 1330 2620 arbitrantes,
1383 2539 1714 2628 quicquid
1766 2539 2236 2613 comedentem
2293 2554 2674 2626 utcumque
2720 2538 2806 2609 de
2835 2538 3125 2624 ectabat,

582 2643 982 2701 recusarent
1027 2629 1212 2699 dona
1259 2629 1420 2711 Dei,
1475 2642 1752 2720 propter
1806 2628 2099 2719 gratiam
2156 2650 2364 2716 quam
2411 2629 2500 2698 in
2557 2627 2659 2698 eis
2710 2628 3125 2701 sentiebant.

583 2723 749 2789 Cum
799 2719 982 2788 enim
1032 2719 1217 2789 circa
1263 2739 1469 2788 omne
1515 2739 1737 2808 genus
1783 2716 2087 2787 carnalis
2135 2716 2533 2805 tolerantiae
2576 2738 2738 2789 cum
2786 2717 3130 2805 adjutorio

582 2808 843 2897 gratiae
893 2807 1050 2887 Dei,
1104 2806 1413 2877 studium
1463 2805 1849 2897 spiritualis
1899 2805 2113 2895 patris
2159 2805 2229 2874 in
2276 2806 2380 2875 eis
2426 2807 2557 2876 hoc
2610 2805 2994 2885 effecisset,
3050 2817 3130 2876 ut

583 2895 916 2987 plurima,
968 2917 1146 2983 quae
1193 2895 1461 2966 homini
1511 2895 1579 2965 in
1629 2915 1838 2963 carne
1883 2893 2266 2969 constituto
2301 2894 2778 2984 impossibilia.
2805 2894 3000 2984 prius
3026 2893 3122 2962 vi·

581 2984 946 3066 debantur',
991 2984 1138 3073 jam
1192 3006 1323 3053 non
1376 2983 1599 3055 solum
1650 2994 2045 3053 constanter
2091 2996 2496 3075 peragerent
2525 2995 2593 3052 et
2620 2983 2770 3053 sine
2810 3003 3124 3052 murmu-

582 3073 870 3153 ratione,
928 3073 1043 3142 sed
1083 3072 1288 3141 etiam
1326 3095 1486 3142 cum
1524 3072 1788 3160 ingenti
1818 3070 2302 3149 delectatione:
2340 3071 2490 3162 ipsa
2523 3071 2888 3142 delectatio
2915 3069 3118 3142 aliam

579 3161 652 3231 in
701 3161 1128 3251 eispeperat
1174 3161 1821 3243 murmurationem,
1872 3173 1939 3231 et
1981 3182 2063 3231 eo
2110 3159 2670 3251 periculosiorem
2702 3214 2721 3241 ,
2772 3182 2934 3248 quo.
2972 3180 3119 3229 eam

582 3249 1041 3319 aestimabant
1086 3248 1286 3335 quasi
1337 3250 1770 3319 remotiorem
1818 3271 1859 3318 a
1905 3271 2137 3331 carne,
2192 3249 2468 3338 spiritui
2517 3249 3112 3351 propinquiorem.

582 3343 994 3425 Persuasum
1045 3337 1306 3427 quippe
1355 3338 1708 3420 habenteS,
1757 3351 1826 3407 et
1868 3338 2068 3426 quasi
2118 3360 2278 3408 cum
2330 3338 2720 3425 testimonio
2766 3337 3118 3413 conscien-

582 3427 717 3497 tiae
766 3447 930 3496 suae
979 3425 1353 3496 memoriae
1397 3425 1692 3496 fideliter
1736 3426 2329 3508 commendatum,
2380 3426 2737 3497 inimicam
2785 3446 2935 3496 esse
2970 3426 3119 3495 ani-

581 3536 737 3586 mae
764 3535 1036 3584 omnem
1072 3513 1591 3587 delectationem
1626 3515 1898 3585 carnis:
1933 3516 2093 3603 quic
2146 3515 2262 3585 uid
2305 3537 2584 3589 carnem
2624 3537 2785 3585 cum
2819 3512 3121 3603 qualibet

578 3603 1028 3675 delectatione
1077 3603 1344 3675 nutrire
1400 3602 1789 3685 videretur,
1850 3603 2085 3695 fugien
2143 3627 2258 3673 um
2313 3603 2852 3677 arbitrabantur.
2917 3604 3118 3687 Quasi

579 3693 767 3764 enim
824 3714 942 3778 per
985 3691 1194 3762 aliam
1248 3691 1424 3761 viam
1460 3690 1701 3762 reduci
1729 3714 1804 3762 se
1837 3695 2173 3780 putabant
2206 3693 2277 3764 in
2313 3693 2658 3783 regionem
2693 3714 2925 3774 suam,
2962 3714 3113 3763 cum

576 3805 743 3942 grae
788 3780 1161 3853 dulcedine
1205 3781 1465 3851 amoris
1511 3780 1883 3861 interioris,
1920 3803 2172 3853 amara
2191 3804 2408 3870 aeque
2442 3804 2521 3852 ac
2560 3780 2793 3852 dulcia
2815 3780 3116 3853 ‘delecta-

633 3870 812 3942 iliter
836 3869 1128 3952 edendo,
1163 3868 1641 3943 delectabilius
1673 3871 1896 3940 vivere
1926 3871 1997 3940 in
2029 3892 2260 3942 eremo
2287 3870 2423 3942 sibi
2451 3870 2872 3953 viderentur,
2908 3892 3116 3960 quam

580 3961 778 4051 prius
827 3959 1153 4029 vixissent
1202 3959 1271 4028 in
1322 3957 1583 4037 seculo.

663 4051 700 4136 ξ
745 4052 900 4120 88.
954 4052 1265 4136 Cumque
1310 4047 1381 4116 in
1431 4047 1560 4118 hoc
1606 4059 1998 4138 suspectam
2047 4046 2486 4136 aliquatenus
2533 4046 2867 4129 haberent
2913 4048 3114 4139 spiri0.

576 4135 786 4207 tualis
835 4138 1049 4227 patris
1095 4135 1570 4224 quotidianam
1618 4137 2149 4227 correptionem,
2197 4135 2397 4238 quasi
2444 4136 2640 4207 carni
2685 4159 2927 4208 eorum
2968 4136 3115 4230 plut

576 4247 784 4312 quam
837 4226 1110 4315 spiritui
1157 4224 1599 4296 deferentem.
1650 4224 2029 4313 aliquando
2075 4225 2550 4316 adjudicium
2598 4226 2948 4316 Episcopi,
2998 4223 3114 4316 qui

581 4325 745 4383 tunc
791 4312 961 4383 forte
1006 4314 1287 4398 aderat,
1341 4336 1450 4384 res
1494 4311 1721 4384 delata
1766 4329 1891 4386 est.
1943 4319 2165 4405 Super
2209 4335 2347 4402 quo
2412 4315 2516 4385 vir
2575 4314 2692 4385 ille
2744 4327 2988 4405 potens
3041 4316 3112 4386 in

580 4400 811 4484 verbo,
863 4422 1250 4473 sermonem
1298 4402 1386 4474 ad
1432 4425 1550 4475 eos
1594 4425 1991 4494 aggressus,
2042 4403 2132 4475 ad
2178 4424 2341 4476 eum
2388 4403 2601 4475 finem
2648 4402 2998 4496 perduxit,
3038 4414 3110 4483 ut
