3308 5004
225 256 382 324 Auo.
433 257 461 321 l
1118 274 1200 321 aa
1244 273 1338 322 ss.
1391 272 1794 323 uenustus
2563 259 2651 326 43

223 372 439 429 natura
503 357 860 429 infirmum
888 412 905 440 ,
984 373 1107 429 aut
1149 357 1334 446 quod
1392 357 1478 427 de
1524 369 1742 428 aetate
1788 357 2033 430 habuit
2072 358 2354 451 praeliis
2398 360 2644 431 inutile
2674 373 2743 433 et

227 448 670 528 immaturum,
714 461 835 517 aut
882 448 1312 518 necessariae
1341 447 1851 538 compassionis
1888 449 2258 520 affectum?
2305 455 2517 520 Mater
2552 451 2742 521 enim

223 547 357 618 erat,
405 536 592 607 unde
638 536 841 607 facile
888 559 1039 607 eam
1092 536 1429 628 potuisset
1491 537 1560 606 in
1614 537 1973 610 tormentis
2035 538 2378 610 viscerum
2447 561 2742 611 suorum

224 626 459 696 vincere
504 639 816 697 materna
865 625 1110 717 pietas,
1145 625 1280 696 nisi
1314 625 1550 696 divina
1602 625 1874 716 pietatis
1901 626 2105 698 altior
2141 627 2360 698 virtus
2394 627 2574 698 virili
2607 628 2745 699 fide

218 714 373 785 anile
409 728 652 807 pectus
696 728 1018 787 armaret.
1072 720 1318 807 Magna
1365 716 1619 785 etenim
1673 715 1842 785 haec
1894 715 2392 810 impedimenta
2438 731 2607 788 sunt
2652 716 2742 788 ad

213 825 346 873 eum
392 825 708 886 cursum,
761 804 966 894 cujus
1014 804 1303 875 intentio
1351 825 1628 874 summa
1677 804 1944 896 indiget
2024 805 2329 877 atientiA.
2382 811 2522 898 Ego
2554 828 2738 889 vero,

205 904 265 963 ct
298 892 489 964 aliud
544 892 654 963 his
698 894 926 995 majus
965 893 1184 964 habeo
1230 894 1482 975 dicere,
1545 914 1684 995 quo
1724 905 1799 963 et
1847 893 1975 963 viri
2006 916 2113 964 em
2166 894 2481 966 mulieris
2546 895 2745 966 forti-

206 980 531 1065 tudinem,
558 996 625 1052 et
669 982 993 1067 callidam
1043 982 1303 1053 diaboli
1338 996 1714 1053 versutiam
1751 983 2228 1055 consideretis.
2280 983 2458 1068 Quid
2506 997 2740 1056 autem

200 1069 318 1141 boc
362 1084 495 1153 est,
545 1071 914 1162 diligenter
960 1072 1301 1163 inspicere
1329 1071 1619 1142 debetis.

275 1161 311 1248 ξ
354 1166 451 1233 0.
509 1161 864 1230 Immundi
912 1160 1272 1232 daemonis
1305 1160 1612 1251 maligna
1642 1158 2012 1242 calliditas,
2060 1183 2199 1232 non
2250 1161 2549 1253 primam
2581 1183 2735 1232 eam

200 1250 390 1320 traxit
438 1250 512 1319 in
562 1271 894 1341 agonem,
943 1250 1060 1321 sed
1116 1262 1266 1341 post
1336 1248 1518 1319 filios
1563 1271 1715 1319 eam
1792 1249 1989 1320 duxit
2035 1249 2105 1319 in
2176 1250 2539 1341 praelium.
2593 1256 2743 1334 Qua

194 1342 394 1408 cansa
427 1338 561 1409 hoc
585 1352 614 1405 ἰ
661 1339 763 1410 Ob
812 1338 942 1408 boc
974 1341 1231 1427 utique,
1287 1352 1363 1410 ut
1411 1338 2015 1430 praevenientibus
2063 1339 2135 1409 in
2173 1353 2550 1431 conspectu
2588 1340 2742 1430 ejus

194 1438 449 1518 septem
487 1426 794 1499 filiorum
836 1428 1224 1519 suppliciis,
1280 1427 1604 1518 dejiceret
1650 1449 1936 1499 sensum
1985 1428 2162 1517 eius,
2202 1449 2363 1498 cum
2417 1428 2738 1498 virtutem

191 1517 443 1586 mentis
481 1517 554 1585 in
603 1528 822 1587 matre
855 1515 1202 1608 fregisset,
1269 1517 1454 1586 varia
1503 1516 1913 1587 crudelitate
1951 1516 2322 1608 propositis
2360 1516 2423 1586 ei
2470 1530 2744 1608 specta-

188 1605 361 1675 culis
409 1604 731 1676 orbitatis
779 1627 968 1688 suae,
999 1628 1158 1676 cum
1175 1606 1322 1697 jam
1357 1619 1750 1676 enervatam
1784 1617 1852 1675 et
1887 1620 2375 1694 consumptam
2412 1605 2744 1677 maternis

185 1692 552 1765 doloribus
596 1693 800 1764 facile
832 1695 1153 1775 vinceret,
1184 1706 1251 1765 et
1280 1693 1349 1764 in
1402 1694 1677 1765 ruinam
1718 1694 1967 1766 mentis
2010 1695 2103 1764 im
2159 1695 2417 1766 clleret.
2457 1698 2555 1765 Ne
2577 1715 2743 1787 ergo

185 1782 307 1852 hoc
352 1783 785 1863 consideres,
836 1783 1019 1872 quod
1073 1783 1264 1854 illata
1310 1782 1445 1855 sibi
1486 1795 1845 1865 ‚tormenta
1898 1715 2320 1855 tolerabant:
2395 1784 2515 1854 sed
2565 1783 2740 1854 illud

183 1871 409 1962 magis
452 1871 943 1963 contemplare,
986 1872 1171 1960 quod
1229 1887 1444 1942 mater
1475 1894 1596 1963 per
1632 1871 1951 1963 singulos
1991 1892 2235 1943 eorum
2280 1872 2597 1943 duriores
2629 1894 2746 1944 su·

180 1961 490 2031 stinebat
532 1959 828 2033 dolores.
883 1967 960 2031 Et
996 1961 1127 2032 hoc
1165 1960 1352 2049 quod
1401 1960 1682 2042 dicitur,
1738 1961 1911 2030 bene
1953 1973 2209 2033 norunt
2313 1981 2744 2049 uaecumque

178 2049 508 2138 pariendi
544 2048 815 2121 dolores
862 2066 1173 2140 expertae
1222 2061 1387 2120 sunt
1435 2049 1807 2130 mulieres,
1862 2063 1927 2120 et
1978 2064 2231 2120 matres
2305 2065 2497 2121 actae
2544 2063 2736 2120 sunt.

175 2141 353 2209 Nam
396 2160 606 2230 saepe
647 2151 715 2208 et
761 2153 1024 2220 mater,
1079 2139 1137 2210 si
1187 2139 1411 2209 videat
1461 2138 1683 2209 filium
1752 2159 1964 2210 suum
2011 2138 2323 2210 febribus
2369 2153 2686 2211 aestuare
2721 2193 2738 2221 ,

177 2226 265 2297 ita
307 2228 770 2331 perturbatur
798 2228 859 2311 ³⁵,
910 2242 990 2299 ut
1033 2228 1316 2299 ardores
1361 2227 1553 2300 illius
1601 2228 1672 2297 in
1725 2249 1850 2298 sua
1881 2228 2122 2331 cupiat
2153 2230 2463 2300 membra
2514 2242 2743 2298 trans-

175 2315 377 2398 fem,
430 2329 497 2387 et
545 2329 805 2388 mutata
856 2318 924 2387 in
962 2339 1035 2388 se
1085 2318 1141 2389 si
1182 2318 1396 2409 possit
1426 2316 1885 2408 aegritudinis
1932 2340 2102 2399 vice,
2144 2316 2628 2388 transfundere
2671 2317 2740 2385 in

175 2404 409 2476 filium
447 2406 811 2477 sanitatem
852 2429 1079 2477 suam.
1134 2412 1234 2477 Ita
1272 2407 1600 2478 omnibus
1645 2405 2046 2477 domesticis
2082 2406 2307 2488 malis,
2359 2428 2500 2487 eas,
2566 2426 2745 2493 quae

173 2494 255 2566 de
304 2493 483 2566 filiis
532 2496 737 2567 malis
767 2495 1173 2577 acciderint,
1210 2516 1588 2567 aerumnas
1632 2495 1986 2586 graviores
2030 2494 2468 2577 existimant,
2521 2508 2588 2566 et
2635 2495 2744 2563 in-

176 2584 581 2656 tolerabiles
627 2586 840 2662 fiunt,
892 2606 1071 2673 quae
1132 2584 1373 2655 matris
1438 2596 1633 2654 sunt.·
1681 2583 1870 2655 Sicut
1923 2605 2088 2674 ergo
2136 2605 2292 2654 vera
2354 2584 2422 2654 in
2473 2583 2746 2655 cunctis

174 2673 533 2745 matribus
575 2674 736 2744 talis
783 2674 1088 2754 affectio,
1140 2674 1233 2744 ita
1332 2671 1587 2744 rofecto
1636 2671 2079 2742 manifestum
2120 2685 2261 2754 est,
2313 2673 2481 2760 quia
2529 2685 2772 2742 mater·

174 2761 295 2834 illa
351 2763 638 2854 gravius
686 2763 760 2832 in
805 2762 1176 2853 suppliciis
1229 2763 1272 2832 fi
1308 2763 1532 2832 iorum
1574 2761 2017 2852 puniebatur,
2069 2782 2282 2850 quam
2331 2762 2391 2831 si
2425 2763 2577 2852 ipsa
2627 2783 2747 2852 pa·

174 2863 480 2922 teretur:
519 2864 585 2921 et
634 2852 856 2943 major
888 2866 1035 2922 erat
1074 2851 1304 2942 passio
1345 2851 1413 2920 in
1467 2850 1849 2922 visceribus
1900 2851 2163 2930 matris,
2212 2871 2423 2938 quam
2472 2851 2542 2920 in
2594 2871 2746 2920 cor·

177 2940 476 3031 poribus
523 2939 856 3011 filiorum.
895 2941 963 3011 Si
1004 2962 1079 3010 er
1213 2941 1430 3010 unius
1476 2939 1603 3009 filii
1648 2939 1976 3010 nunciata
2023 2951 2127 3010 est
2172 2939 2560 3029 aegritudo,
2619 2961 2746 3010 au·

175 3028 336 3099 dim
368 3028 518 3098 solo
551 3030 813 3100 viscera
848 3045 1067 3100 mater
1117 3051 1157 3099 a
1205 3028 1601 3100 turbantur.

263 3120 305 3206 §
352 3121 433 3189 ⁸2.
487 3119 614 3188 Hic
643 3130 873 3188 autem
926 3140 1062 3188 non
1112 3139 1333 3188 unum
1371 3129 1639 3187 tantum
1676 3115 1982 3186 filiorum
2031 3116 2325 3188 chorum
2375 3139 2522 3187 uno
2568 3129 2742 3187 tem-

180 3228 349 3297 pore
401 3207 660 3297 pariter
692 3207 986 3277 interfici
1033 3206 1275 3277 videns
1325 3217 1567 3285 mater,
1626 3227 1751 3275 nec
1798 3207 2052 3277 absens
2102 3227 2224 3296 per
2254 3205 2576 3276 auditum
2628 3228 2747 3276 su·

176 3296 485 3385 scipiens
519 3296 877 3386 passiones
923 3317 1189 3366 eorum:
1243 3294 1362 3365 sed
1464 3315 1745 3365 raesens
1803 3294 2029 3365 oculis
2074 3293 2410 3366 hauriens
2456 3294 2744 3365 vulnera

177 3384 502 3455 omnium
534 3439 550 3466 ,
602 3405 779 3474 quos
827 3386 1228 3476 pepererat,
1280 3384 1402 3471 qui
1510 3405 1645 3454 non
1700 3383 2137 3473 patiebatur?
2183 3383 2541 3468 Quomodo
2605 3403 2743 3452 non

178 3472 437 3542 excidit
486 3485 711 3543 mente
746 3528 762 3555 ,
831 3495 1406 3562 unumquemque
1464 3473 1713 3543 horum
1781 3485 2126 3563 spectans,
2184 3472 2613 3553 horribiliuS,
2676 3483 2747 3542 et

179 3560 474 3631 diversis
509 3583 889 3652 poenarum
924 3563 993 3632 in
1091 3563 1226 3632 niis
1254 3562 1577 3642 cruciari,
1611 3575 1679 3631 et
1709 3583 1831 3652 per
1858 3562 2238 3634 incisiones
2268 3563 2744 3632 membrorum

181 3662 319 3721 tarn
392 3650 704 3733 crudeli,
748 3673 960 3740 quam
1038 3665 1194 3721 enta
1246 3665 1460 3722 morte
1508 3651 1888 3722 consumi?
1945 3651 2303 3736 Quomodo
2359 3663 2495 3721 tam
2550 3648 2747 3721 ferali

182 3740 582 3829 spectaculo
634 3762 767 3810 non
834 3740 1268 3811 dissilierunt
1328 3741 1592 3811 viscera
1661 3740 1855 3830 ejus,
1907 3756 1973 3811 et
2025 3740 2396 3830 desumpto
2461 3758 2749 3829 corpore

183 3829 419 3899 anima
451 3850 741 3899 excussa
777 3832 931 3898 est?
975 3829 1335 3914 Quomodo
1386 3851 1522 3899 non
1553 3841 1620 3899 et
1654 3831 1883 3930 prima
1932 3827 2061 3898 filii
2097 3829 2417 3920 passione
2452 3828 2521 3896 in
2551 3828 2746 3918 ipsos

179 3916 403 4076 ᾕρεε,
469 3917 732 4005 quibus
780 3918 971 4077 fililus
1017 3919 1482 4077 cremabatuir,
1534 3917 1805 4075 instlpit
1836 3972 1851 3998 ,
1887 3931 1987 4075 ut}
2010 3916 2269 4076 sintiiplfiq
2287 3916 2388 3987 vel
2438 3915 2744 4075 df⁸f³f³¹¹⁸

251 4027 485 4077 torum
542 4029 581 4076 s
714 4021 871 4078 tacu
907 4029 1023 4076 um
1084 4029 1239 4077 com
1338 4028 1380 4076 n
1438 4030 1504 4077 io
1545 4028 1698 4076 mor
1730 4029 1788 4076 ts
1820 4027 1942 4076 eva
1993 4026 2107 4075 ere
2275 4027 2385 4074 am
2438 4026 2566 4075 est
2637 4027 2750 4074 sa-

180 4095 373 4184 piens
405 4028 780 4176 essetfesced
833 4110 1050 4166 mater
1090 4030 1453 4167 eratiaeetsi
1503 4116 1750 4165 amans
1798 4098 2034 4176 Deurn,
2090 4093 2206 4165 sed
2256 4114 2538 4164 carnem
2590 4115 2750 4186 por·

178 4185 397 4255 tabat:
435 4185 569 4255 etsi
619 4198 939 4276 prompta
985 4198 1165 4256 esset
1225 4183 1383 4267 fide,
1435 4197 1736 4255 attamen
1784 4182 2201 4253 foemineum
2265 4204 2503 4254 sexum
2559 4205 2751 4276 gere-

182 4272 331 4345 bat:
382 4274 519 4345 etsi
565 4273 712 4345 zelo
751 4273 1028 4344 divinae
1071 4274 1343 4365 pietatis
1396 4286 1712 4364 prompta
1761 4270 2069 4353 ferveret,
2127 4271 2245 4343 sed
2289 4285 2357 4342 et
2397 4285 2750 4344 maternae

227 4399 252 4428 0
278 4401 477 4442 Infirmo
498 4398 585 4441 nm
607 4411 821 4451 corpore.
842 4404 1023 4452 quanto
1040 4399 1310 4442 infirmetur
1325 4398 1491 4441 matris
1511 4397 1713 4441 animus.
