3308 5004
244 321 428 391 wc.
480 320 566 389 12
1146 339 1229 387 mi
1274 338 1333 387 s.
1386 336 1698 388 roncum
1743 335 1889 388 Aac.
2564 323 2699 391 293

327 426 364 513 ξ
407 429 499 498 8.
550 421 674 496 His
706 422 893 494 varie
929 423 1110 495 inter
1140 445 1213 496 se
1250 422 1780 505 dissidentibus»,
1813 434 2166 515 expectata
2188 423 2339 496 dies
2385 423 2782 507 advenerat,

243 512 457 585 noctis
504 524 772 584 tantum
821 511 1337 605 intercapedine
1382 511 1630 584 divisa.
1681 513 1974 601 Jamque
2002 513 2302 587 instante
2347 513 2588 605 vigilia
2634 537 2788 585 ma-

244 601 483 684 tutina,
534 601 722 673 clara
760 601 914 674 luce
958 600 1331 693 especulis
1377 602 1448 672 in
1492 601 1776 694 longum
1826 600 2203 693 dirigentes
2249 603 2556 685 obtutus,
2595 603 2789 674 vide-

241 706 400 763 runt
437 691 685 764 hostile
730 714 771 762 a
823 713 979 763 men
1034 691 1426 773 adventare,
1478 690 1949 781 oppansisque
1995 690 2165 762 velis
2210 704 2504 794 aequata
2561 691 2783 764 fronte.

240 781 308 851 in
354 780 495 852 obli
545 801 717 852 uum
796 779 1065 855 eductis
1088 781 1443 864 cornibus,
1478 791 1837 868 totumque
1876 778 2087 853 allabi
2120 779 2466 852 class1bus
2499 803 2783 870 aequor.

242 874 516 961 Extemp
548 893 588 941 o
614 870 869 940 turbati
888 870 1168 953 animiS,
1203 868 1609 961 disJ'ectique
1646 891 1688 939 a
1764 868 2084 960 roposito.
2121 873 2432 959 Cumque
2455 881 2793 960 cuperent

249 959 427 1032 malo
472 958 802 1042 evadere,
857 980 982 1029 nec
1046 960 1304 1050 pateret
1350 979 1648 1046 usquam
1713 891 1914 1029 focus
1959 957 2235 1049 effugii:
2291 959 2442 1050 jam
2490 959 2676 1029 enim
2724 972 2792 1030 et

244 1047 367 1119 hoc
399 1070 524 1140 per
554 1047 878 1139 spiritum
928 1069 1390 1138 praenoscens
1437 1047 1681 1118 beatus
1743 1048 2133 1129 Porcarius,
2198 1068 2405 1117 naves
2451 1069 2696 1118 omnes
2743 1070 2787 1118 a

288 1150 442 1208 ortu
474 1137 656 1208 clam
692 1136 969 1227 longius
1014 1136 1417 1219 abduxerat,
1469 1135 1890 1206 interdicens
1937 1135 2190 1218 nautiS,
2237 1158 2321 1205 ne
2353 1137 2537 1206 intra
2588 1157 2788 1227 prae-

244 1159 516 1297 finitum
550 1225 682 1296 sibi
709 1238 984 1318 tempus
1012 1225 1154 1296 ullo
1183 1224 1390 1296 modo
1428 1224 1755 1296 redirent.
1790 1229 1966 1326 Ergo
1993 1245 2155 1295 cum
2187 1224 2473 1297 vidisset
2495 1225 2789 1295 athletas

243 1315 354 1385 Dei
402 1314 747 1387 immenso
803 1314 1206 1385 certaminis
1254 1313 1555 1407 pondere
1629 1313 1951 1406 fatigari,
2004 1313 2345 1405 ingemuit
2406 1326 2545 1384 tam
2597 1314 2788 1385 triste

246 1403 430 1474 nefas
454 1403 875 1477 fortissimus
906 1404 1130 1485 heros,
1168 1403 1400 1474 dextro
1435 1402 1660 1473 socios
1684 1402 2013 1474 decedere
2044 1425 2287 1484 cornu,
2318 1402 2790 1490 invictamque

241 1513 528 1564 manum
559 1492 911 1581 quondam
939 1492 1090 1564 sine
1117 1492 1330 1563 caede
1359 1491 1607 1582 perire.
1660 1497 1832 1563 Tum
1861 1490 2188 1562 vexillum
2229 1502 2508 1562 sanctae
2547 1492 2787 1565 Crucis

235 1581 420 1669 ‘quod
470 1581 540 1651 in
591 1581 870 1673 agmine
915 1582 1144 1684 primo
1189 1580 1331 1652 dux
1376 1581 1606 1653 bonus
1653 1578 1998 1682 praeferre
2038 1593 2516 1663 consueverat,
2563 1576 2791 1651 defixa

241 1670 530 1773 cuspide
569 1692 858 1773 ponens,
909 1682 1253 1742 instaurat
1298 1670 1573 1741 animos
1607 1669 1815 1740 dictis
1864 1667 2333 1740 mordacibus.
2365 1673 2500 1751 «Ο,
2532 1668 2787 1757 inquit,

241 1758 597 1830 fortissimi
646 1759 924 1843 milites,
974 1781 1015 1830 o
1063 1758 1591 1831 instructissimi
1638 1758 1856 1829 divini
1902 1757 2147 1849 praelii
2197 1757 2599 1841 bellatores,
2651 1779 2794 1846 quo

241 1848 497 1919 ruitis?
541 1848 659 1918 cui
703 1848 884 1919 colla
928 1848 1157 1919 datis?
1201 1848 1371 1932 Quis
1418 1848 1613 1919 furor
1663 1847 1946 1917 insanas
1992 1846 2204 1938 agitat
2244 1847 2550 1939 caligine
2596 1868 2796 1917 men-

243 1941 389 2008 tes?
435 1942 642 2019 State,
688 1959 954 2026 precor,
1005 1950 1214 2020 state,
1267 1959 1354 2008 ne
1402 1936 1625 2007 velitis
1672 1959 1891 2008 manu
1936 1936 2182 2007 stivam
2245 1948 2555 2008 tenentes
2610 1948 2793 2007 retro

240 2026 601 2117 respicere.
654 2026 831 2097 Proh
902 2026 1128 2117 pudor
1158 2081 1175 2109 ,
1241 2024 1539 2097 vicimus
1585 2026 1953 2128 hucusque
2022 2046 2269 2116 segnes
2302 2080 2318 2108 ,
2371 2047 2500 2096 nec
2555 2037 2791 2095 nostra

245 2108 542 2205 poten⁸tia
592 2115 844 2206 perfert
898 2115 1034 2186 vim
1085 2114 1412 2186 solitam?
1477 2114 1658 2198 Quin
1758 2127 1942 2185 otius
1988 2114 2304 2185 omnium
2375 2113 2641 2185 delecta
2676 2115 2795 2205 ju-

241 2217 506 2285 ventus,
546 2204 783 2277 hortor
810 2216 876 2275 et
924 2225 1193 2286 moneo,
1241 2202 1519 2293 desides
1558 2215 1696 2274 atto
1729 2204 1945 2274 lentes
1990 2203 2288 2285 animos,
2328 2225 2415 2274 ne
2447 2225 2574 2274 nos
2614 2215 2794 2273 tam·-

241 2314 445 2451 3uam
482 2293 862 2384 imparatos
905 2305 1435 2395 praeoccupent,
1475 2292 1641 2363 olim
1682 2291 1908 2363 devoti
1937 2291 2121 2363 ultro
2156 2306 2600 2384 properantoe
2629 2291 2797 2363 sub-

287 2404 493 2452 amur
538 2382 1080 2473 pretiosissimae
1155 2381 1487 2474 passioni.
1554 2382 2037 2472 Experimento
2093 2380 2241 2470 jam
2307 2380 2737 2472 cognoscetis
2772 2435 2788 2463 ,

244 2484 544 2559 quantus
590 2470 734 2543 illis
778 2493 858 2543 ex
901 2484 1134 2543 nostra
1172 2470 1562 2542 constantia
1595 2470 1823 2554 timor,
1875 2482 2136 2560 quanta
2183 2470 2385 2542 nobis
2435 2469 2790 2562 proveniat

243 2560 478 2651 gloria.
505 2584 542 2629 »
560 2560 746 2631 Talia
775 2562 1006 2632 senior
1029 2561 1413 2652 perorabat,
1441 2561 1721 2631 nomine
1752 2581 2098 2649 quemque
2127 2581 2402 2640 vocans,
2436 2557 2791 2646 simulque

244 2649 693 2720 acrimoniam
742 2671 954 2739 quam
1001 2650 1312 2753 gestabat
1357 2650 1585 2732 corde,
1637 2649 1885 2720 frontis
1932 2646 2325 2751 praeferens
2374 2647 2737 2739 dignitate.

326 2739 362 2825 ἓ
405 2744 489 2812 -Ἰ,
546 2738 814 2822 Quibus
840 2739 1065 2808 verbis
1091 2739 1382 2810 incaluit
1417 2739 1659 2821 virtuS,
1688 2738 2164 2829 paulatimque
2190 2734 2789 2826 timore-depulso,

239 2826 662 2898 maduerunt
696 2827 907 2898 corda
937 2828 1257 2920 tepentia,
1311 2828 1674 2920 repentino
1702 2827 2003 2918 Spiritus
2034 2826 2264 2898 Sancti
2299 2848 2450 2896 rore
2485 2823 2788 2917 perfusa.

247 2915 433 2986 Suda-
473 2916 651 2987 redit
695 2914 953 3000 facies,
1007 2917 1215 2987 veluti
1261 2917 1323 2988 si
1392 2917 1621 2988 videas
1688 2916 1863 2987 coeli
1934 2937 2359 3006 purpuream
2417 2913 2797 2984 clarescere

245 3000 461 3075 lucem
513 3005 665 3076 sine
714 3006 897 3076 nube
935 3006 1106 3077 diei.
1166 3006 1456 3098 Agmina
1504 3017 1746 3077 sancta
1790 3027 2004 3096 super
2052 3004 2320 3075 vultum
2371 3024 2648 3075 sensere
2696 3015 2797 3072 to-

246 3094 493 3175 nantiS,
549 3093 989 3185 gaudentque
1035 3094 1292 3166 hilares
1340 3094 1686 3166 Christum
1746 3094 1897 3166 suis
1941 3093 2342 3174 victoribus,
2400 3113 2632 3162 arcem
2681 3113 2798 3161 ae·-

245 3179 475 3265 theris,
528 3205 611 3253 ac
660 3184 959 3274 patrium
1010 3183 1294 3255 famulis
1341 3184 1612 3274 aperire
1643 3182 2092 3274 profundum.
2146 3187 2270 3252 Dat
2314 3181 2603 3273 signum
2633 3178 2799 3250 felix

245 3270 658 3353 concordia,
693 3271 950 3342 damna
997 3272 1478 3362 praecedentia
1528 3272 1748 3343 lucris
1805 3270 2341 3343 succedentibus
2389 3291 2798 3360 recompen-

250 3378 424 3429 sans.
463 3366 703 3449 Itaque
748 3360 1037 3441 alacres,
1082 3373 1148 3432 et
1178 3361 1265 3432 de
1297 3361 1581 3432 victoria
1617 3361 1768 3453 jam
1810 3360 2062 3444 securi,
2098 3359 2483 3452 procedunt
2511 3359 2785 3441 castriS,

249 3449 455 3534 portis
495 3450 893 3539 patentibus
925 3504 942 3532 ,
992 3471 1237 3523 omnes
1283 3449 1507 3521 ornati
1545 3504 1561 3532 ,
1623 3471 1869 3520 omnes
1936 3449 2115 3520 albis
2162 3449 2465 3519 vestibus
2512 3447 2787 3528 induti,

253 3547 594 3626 tamquam
646 3538 811 3630 agni
862 3539 1293 3610 immaculati
1338 3551 1404 3609 et
1453 3539 1979 3609 incontaminati
2024 3544 2193 3609 Jesu
2249 3537 2540 3618 Christi,
2593 3558 2798 3627 prae·-

252 3625 494 3715 cogniti
534 3639 693 3697 ante
728 3627 1290 3699 constitutionem
1332 3627 1603 3700 mundi.
1659 3631 1711 3697 Ο
1758 3627 1949 3714 quali
1997 3627 2253 3718 gaudio
2300 3640 2465 3698 tunc
2514 3625 2631 3696 ille
2675 3624 2799 3695 tri-

256 3714 556 3799 pudiavit
600 3715 970 3807 Angelicus
1014 3729 1274 3799 coetuS,
1328 3716 1538 3787 tantis
1570 3716 1928 3787 beatorum
1982 3728 2367 3807 martyrum
2421 3734 2797 3786 occurrens

256 3804 685 3891 agminibus?
713 3804 895 3876 Nulli
930 3805 1225 3876 dubium
1267 3826 1544 3875 omnem
1578 3803 1944 3875 coelestem
1982 3804 2365 3875 Jerusalem
2395 3817 2560 3875 tunc
2598 3801 2788 3872 exul-

261 3899 417 3989 tasse
464 3893 803 3965 ineffabili
848 3893 1129 3977 laetitia,
1176 3908 1339 3964 tunc
1376 3892 1841 3985 jucundatam
1880 3915 2032 3965 esse
2077 3891 2568 3964 inaestimabili
2623 3891 2792 3960 cha-

260 3989 459 4075 ritate,
496 3994 801 4070 tuncque
828 4005 988 4053 cum
1023 3983 1215 4052 omni
1249 3983 1712 4074 gratulatione
1743 3982 2017 4053 obviam
2056 3982 2498 4071 processisse,
2539 4000 2795 4081 eosque

261 4071 505 4158 ingenti
554 4070 819 4142 lumine
863 4070 1435 4155 circumfulsisse,
1488 4086 1555 4143 et
1601 4093 1828 4160 usque
1881 4070 1968 4141 ad
2017 4071 2385 4150 thronum,
2438 4070 2607 4139 olim
2656 4068 2789 4139 sibi

258 4156 446 4255 etiam
477 4172 635 4230 ante
679 4160 1236 4231 constitutionem
1274 4160 1523 4232 mundi
1572 4174 1919 4255 paratum,
1949 4181 2110 4229 cum
2163 4158 2491 4230 laudibus
2536 4170 2605 4228 et
2629 4179 2798 4227 can-
2824 4155 2867 4172 “

260 4247 397 4318 ticis
445 4249 928 4340 spiritualibus
967 4249 1402 4341 perduxisse.
