3308 5004
674 330 760 397 ⁴8
1292 347 1375 395 nn
1420 345 1686 397 eamne
1731 344 1813 395 nr
1857 325 2088 401 eumd
2135 348 2195 397 s.
2248 347 2434 397 rimu
2874 332 3064 402 ΑΗΕ.
3102 334 3130 400 t

579 432 1026 520 sequebatur,
1078 430 1413 502 translata
1460 443 1649 503 sunt.
1695 431 1967 516 Quibus
2013 432 2267 503 Christi
2318 446 2386 503 et
2429 432 2913 524 Apostolorum
2963 436 3142 509 facta

577 522 770 595 omni
819 522 1080 592 honore
1151 521 1475 611 prosequi
1545 519 2252 602 studentibus,.haec
2297 521 2504 593 etiam
2586 527 2633 592 A
2731 523 2892 596 stoli
2961 527 3140 597 Petri

577 624 821 684 catena
882 609 1247 682 manifesta
1304 609 1482 681 facta
1527 621 1678 693 est,
1729 622 1798 680 et
1852 610 1943 681 ab
1999 609 2145 681 illis
2190 610 2274 681 ad
2326 611 2573 682 urbem
2691 634 2825 683 anc
2871 615 3136 706 regiam

581 700 936 781 translata,
972 699 1041 769 in
1094 697 1396 792 Apostoli
1443 699 1622 769 Petri
1644 720 1844 769 sacro
1891 699 2149 789 templo
2174 700 2338 788 jure
2366 700 2631 791 optimo
2678 704 2980 793 reposita
3007 716 3136 775 est:

579 812 815 878 quam,
869 803 946 859 ut
992 789 1145 880 ejus
1191 789 1419 879 ipsius
1459 786 1958 859 miraculorum
1992 789 2432 872 effectricem,
2466 804 2534 861 et
2581 811 3017 874 veneramur,
3070 804 3139 864 et

580 877 1105 971 amplectimur:
1140 877 1320 947 hanc
1344 877 1532 947 enim
1560 876 1894 958 videntes,
1933 876 2131 980 illum
2171 879 2402 981 ipsum
2440 892 2667 950 mente
2690 880 3134 972 inspicimus:

466 997 475 1006 ·
580 968 762 1039 hanc
810 979 1193 1058 tangentes,
1230 966 1432 1037 illum
1480 988 1523 1035 a
1559 966 1760 1036 nobis
1796 967 1988 1058 tangi
2023 980 2538 1039 existlmamus.

669 1060 707 1145 ξ
755 1061 916 1129 ²8.
971 1055 1097 1126 Sed
1147 1055 1486 1147 quidnam
1561 1054 1889 1146 gladius?
1935 1061 2164 1145 Neque
2227 1057 2415 1126 enirn
2479 1056 2592 1127 hic
2640 1056 3138 1149 despiciendus

581 1160 706 1228 est,
750 1144 1079 1233 quoniam
1109 1157 1175 1215 et
1222 1144 1371 1236 ipse
1402 1144 1788 1233 Apostolica
1838 1167 2053 1216 manu
2084 1145 2402 1227 eductus,
2439 1157 2649 1217 totam
2702 1148 2934 1218 Sancti
2981 1149 3142 1239 Spi-

581 1236 757 1306 ritus
790 1234 1083 1325 gratiam
1133 1255 1214 1303 ac
1261 1232 1537 1305 divitias
1587 1233 1782 1304 illinc
1829 1235 2127 1305 attraxit.
2181 1240 2324 1307 Hoc
2371 1234 2605 1325 gladio
2652 1241 2915 1318 Petrus,
2971 1259 3137 1308 cum

579 1330 785 1396 Jesus
843 1324 991 1415 ipse
1022 1346 1063 1393 a
1106 1321 1394 1393 Judaeis
1454 1336 1839 1411 caperetur,
1895 1324 2249 1394 Pontificis
2299 1346 2574 1396 servum
2675 1326 2971 1397 ercussit
3003 1380 3021 1409 ,
3073 1339 3143 1398 et

579 1415 733 1505 ejus
778 1432 1019 1481 aurem
1067 1411 1491 1501 amputavit:
1545 1433 1686 1498 qua
1732 1433 1807 1482 re
1851 1433 2020 1482 suae
2053 1413 2124 1482 in
2161 1414 2563 1504 Magistrum
2667 1413 2780 1485 dei
2803 1414 3130 1487 ardorem

578 1500 903 1581 ostendit,
957 1520 1298 1587 suamque
1341 1499 1411 1568 in
1463 1522 1648 1582 eum,
1692 1523 1904 1588 quam
1962 1501 2032 1571 in
2095 1503 2332 1572 animo
2390 1524 2753 1574 accensam
2808 1504 3131 1586 habebat,

579 1590 1008 1661 affectionem
1058 1600 1126 1658 et
1163 1587 1708 1661 benevolentiam
1759 1589 2218 1681 patefacienS,
2274 1612 2605 1682 magnum
2656 1592 2994 1680 quiddam
3042 1592 3142 1664 ef-

579 1678 760 1761 fecit,
815 1700 950 1748 non
1002 1678 1151 1748 suis
1198 1676 1465 1747 viribus
1501 1676 1740 1761 fretuS,
1795 1679 1916 1749 sed
1958 1680 2264 1771 Magistri
2323 1681 2695 1770 potentiam
2763 1696 3138 1773 spectans:

579 1790 703 1859 per
747 1788 959 1855 quam
1008 1766 1201 1837 auris
1236 1765 1379 1849 illa,
1424 1788 1604 1853 quae
1650 1768 1959 1839 abscissa
2013 1769 2276 1850 fuerat,
2332 1770 2601 1840 homini
2649 1792 2985 1860 percusso
3032 1792 3143 1842 re-

579 1858 819 1928 stituta
838 1868 968 1937 ost,
1000 1867 1078 1926 ut
1105 1877 1186 1925 ex
1226 1856 1355 1926 hoc
1395 1855 1548 1947 ipso
1587 1855 1827 1928 furens
1859 1856 1980 1927 illa
2016 1858 2438 1929 ludaeorum
2479 1859 2877 1941 multitudo,
2913 1872 3141 1931 sectae

579 1947 773 2016 auris
819 1945 1245 2017 curationem
1283 1959 1563 2035 repente
1607 1944 1858 2017 factam
1892 1945 2154 2028 videns,
2208 1947 2663 2037 resipisceret,
2703 1962 2769 2019 et
2814 1971 2855 2019 a
2901 1951 3138 2020 suain

579 2035 928 2106 Christum
978 2034 1170 2104 rabie
1205 2033 1572 2116 desistenS,
1631 2036 1721 2106 ab
1768 2056 1847 2104 eo
1898 2036 2249 2126 prodendo
2297 2036 2695 2116 abstineret,
2736 2060 2818 2108 ac
2867 2060 2938 2108 re
2984 2039 3142 2129 ipsa

579 2125 732 2213 ejus
779 2124 1025 2214 ipsiu5‚
1069 2123 1192 2211 qui
1242 2123 1685 2214 prodebatur,
1738 2124 1876 2193 vim
1931 2124 2123 2196 illam
2174 2125 2718 2221 omnipotentem
2759 2138 2825 2197 et
2882 2127 3142 2197 divini-

582 2214 742 2284 tatis
776 2212 1330 2303 magnitudinem
1363 2226 1840 2302 cognosceret:
1874 2212 2177 2301 denique
2222 2226 2304 2284 ut
2351 2213 2656 2284 Pontifex
2688 2214 2837 2305 ipse
2870 2239 2912 2286 a
2940 2238 3138 2287 servo

579 2302 700 2372 illo
748 2300 1166 2372 miraculum
1236 2300 1495 2372 factum
1544 2301 1911 2382 edisceret,
1967 2316 2173 2391 atque
2246 2316 2691 2393 cognosceret
2752 2325 2957 2386 eum,
3009 2305 3136 2393 qui

632 2413 959 2461 ercussus
1004 2390 1249 2471 fuerat,
1305 2390 1401 2460 ita
1458 2391 1749 2460 celerem
1800 2372 2228 2462 curationem
2295 2392 2584 2462 minime
2645 2407 3134 2470 assecuturum

610 2481 818 2563 uisse,
865 2479 994 2550 nisi
1046 2501 1249 2551 verus
1290 2484 1465 2551 Deus
1496 2493 1676 2551 esset
1707 2480 1824 2551 ille
1869 2483 1991 2569 qui
2025 2482 2111 2553 ab
2142 2504 2220 2552 eo
2251 2480 2608 2569 quaesitus
2652 2482 3135 2573 judicabatur.

580 2571 827 2640 Aderat
871 2585 1102 2640 autem
1151 2569 1468 2660 Apostolo
1526 2569 1806 2662 gladius
1853 2570 1992 2652 ille,
2049 2593 2181 2640 non
2210 2625 2226 2652 ‚
2279 2584 2359 2641 ut
2402 2570 2658 2659 aliquis
2706 2571 2985 2652 diceret,
3039 2572 3133 2642 ad

580 2659 897 2750 proprios
936 2681 1132 2740 usu-S,
1185 2670 1249 2727 et
1313 2680 1649 2729 manuum
1699 2680 1904 2749 opera
1969 2659 2308 2750 explenda
2355 2673 2680 2751 sumptus
2723 2659 3138 2749 (quomodo

583 2749 772 2818 enim
841 2747 970 2817 hoc
1020 2746 1291 2816 fecisset
1336 2748 1397 2817 is
1461 2748 1581 2835 qui
1642 2747 1950 2839 Magistri
1995 2749 2108 2819 sui
2173 2749 2555 2839 praeceptis
2612 2748 3129 2850 obtemperanS,

583 2858 723 2907 non
776 2857 1035 2926 peram,
1071 2856 1208 2905 non
1244 2857 1512 2917 zonam,
1570 2859 1710 2907 non
1808 2836 2069 2911 ladium
2120 2837 2414 2918 ferebat,
2469 2837 2589 2907 sed
2624 2838 3019 2927 expeditus,
3074 2851 3142 2909 et

579 2925 776 2995 omni
822 2924 1000 2993 vitae
1045 2938 1386 3013 apparatu
1426 2924 1604 3004 liber
1641 2925 1732 2995 ab
1807 2927 1891 2996 iis
1947 2927 2517 3017 cognoscebatur,
2570 2927 2693 3014 qui
2729 2927 2886 3018 ejus
2934 2948 3137 3019 prae-

580 3014 998 3083 dicationem
1030 3012 1543 3103 accipiebantP)
1574 3014 1691 3086 sed
1732 3015 2062 3104 quoniam
2097 3027 2373 3106 tempus
2405 3015 2580 3085 illud
2614 3017 3133 3106 expectabatur,

582 3124 722 3190 quo
756 3101 1067 3176 Christus
1164 3123 1452 3172 assurus
1496 3116 1666 3185 erat,
1705 3116 1771 3173 et
1816 3103 2324 3194 discipulorum
2380 3103 2468 3174 de
2516 3106 3138 3197 Magistrocogita-

583 3192 805 3263 tiones
833 3190 1063 3260 adhuc
1141 3202 1503 3261 uctuantcs
1536 3192 1973 3262 vacillabant.
2016 3194 2272 3263 Partim
2306 3193 2492 3263 enim
2525 3194 2921 3274 credebant,
2981 3216 3143 3285 par-

580 3280 706 3351 tim
756 3301 893 3349 non
941 3278 1333 3349 credebant:
1384 3295 1807 3372 quapropter
1839 3301 2061 3370 neque
2109 3281 2485 3354 sublimius
2529 3282 2801 3379 aliquid
2833 3282 3141 3374 cogitare

581 3380 918 3460 poterant,
972 3390 1194 3455 neque
1237 3369 1324 3438 ad
1360 3368 1801 3440 humiliorem
1836 3370 2120 3442 omnino
2165 3385 2233 3442 et
2279 3373 2623 3463 abjectum
2669 3393 2960 3443 sensum
3010 3372 3140 3443 de-

580 3458 969 3528 veniebant.
1028 3457 1177 3527 Illis
1223 3471 1452 3528 autem
1515 3458 1746 3531 adhuc
1790 3459 2418 3551 imperfectioribus
2479 3473 2708 3532 tutum
2775 3481 2913 3530 non
2990 3473 3142 3531 erat

581 3547 929 3618 Christum
979 3558 1210 3637 aperte
1258 3547 1674 3648 significare,
1736 3561 1802 3619 et
1849 3549 2247 3640 praedicere
2303 3572 2481 3640 quae
2541 3552 2881 3641 passurus
2927 3562 3135 3620 esset.

580 3640 750 3706 Cum
792 3635 1005 3727 igitur
1035 3656 1272 3705 eorum
1309 3636 1749 3708 timiditatem
1797 3639 2131 3708 Dominus
2166 3644 2372 3712 Jesus
2412 3638 2852 3729 perspiceret,
2909 3639 3138 3708 mani-

580 3724 771 3807 feste,
822 3722 1008 3812 quod
1055 3723 1368 3794 futurum
1415 3738 1582 3808 erat,
1621 3748 1756 3797 non
1799 3727 2202 3818 explicavit:
2249 3728 2366 3801 sed
2413 3747 2680 3808 eorum,
2734 3749 2913 3814 quae
2975 3750 3141 3819 pas-

581 3837 794 3885 surus
840 3826 1009 3894 erat,
1057 3813 1473 3883 mentionem
1537 3816 1831 3886 obscure
1891 3815 2073 3900 fecit,
2127 3817 2404 3887 dicens:
2454 3821 2541 3887 Et
2587 3818 2712 3908 qui
2758 3839 2892 3888 non
2938 3817 3141 3887 habet

577 3905 916 3995 gladium,
971 3912 1149 3973 emat
1192 3902 1442 3994 (Lucae
1469 3904 1656 3995 xxn).

669 3996 705 4081 ξ
754 3998 906 4066 ²⁴1.
960 3991 1178 4062 Verba
1225 3990 1393 4061 haec
1423 4015 1561 4064 non
1610 4005 1776 4065 sunt
1808 3993 1951 4063 illis
1996 4005 2486 4073 consentanea,
2540 4014 2722 4080 quae
2780 4004 2985 4064 antea
3030 3992 3140 4063 di·-

580 4093 793 4163 xerat,
845 4103 1006 4152 cum
1045 4102 1181 4150 non
1224 4102 1485 4172 peram,
1540 4105 1677 4153 non
1734 4082 2049 4174 gladium
2100 4082 2598 4175 possidendum
2664 4096 3133 4174 praeceperat.

581 4169 761 4253 Quid
799 4183 902 4241 est
946 4170 964 4238 i
1023 4171 1182 4251 itur,
1223 4169 1408 4257 quod
1439 4170 1709 4261 gladios
1741 4194 1929 4265 nunc
1976 4172 2307 4242 emendos
2338 4192 2489 4242 esse
2535 4169 2773 4259 jubet?
2816 4171 3132 4253 Maxime,

578 4258 894 4348 inquam,
945 4281 985 4327 o
1064 4281 1217 4330 eam
1267 4281 1576 4343 causam,
1643 4261 1826 4349 quod
1879 4273 2045 4332 tunc
2091 4261 2401 4349 quidem,
2445 4281 2604 4329 cum
2671 4260 2813 4330 illis
2859 4259 3140 4349 inopiae

581 4347 847 4417 semina
895 4348 1247 4430 insereret,
1297 4360 1377 4417 ut
1405 4349 1492 4418 ad
1542 4348 1892 4442 Evangelii
1937 4372 2224 4422 cursum
2273 4348 2788 4419 conficiendum
2842 4348 3139 4418 leviores

580 4448 648 4508 et
694 4436 909 4529 agiles
936 4448 1141 4525 atque
1171 4438 1523 4527 expeditos
1567 4439 1921 4524 redderet,
1978 4440 2376 4532 gladiorum
2423 4451 2490 4511 et
2548 4437 2848 4509 aliarum
2893 4458 3132 4508 rerum
