3308 5004
177 327 314 395 Aue.
352 324 384 392 l
1085 344 1166 392 nii
1212 344 1269 393 s.
1322 342 1625 393 coiranno
2419 327 2536 395 tit

172 448 234 496 ex
262 423 484 514 hocipso
508 423 787 494 beatum
816 443 891 494 se
918 435 1199 515 putanS,
1243 423 1428 512 quod
1461 437 1527 495 et
1552 424 1689 495 sibi
1717 423 1803 495 de
1837 424 1957 495 tali
1986 423 2156 509 fflio,
2191 436 2258 496 et
2289 425 2635 498 Ecclesiae

170 536 293 584 suae
318 512 387 582 de
413 511 726 583 ministro
767 524 905 582 tam
938 512 1186 584 idoneo
1221 513 1652 603 providisset.

225 603 354 689 §8-
397 601 719 670 Habitum
766 601 982 693 igitur
1029 602 1413 673 canonicae
1461 601 1820 692 religionis
1869 601 2157 675 indutus
2202 602 2632 674 extrinsecus

160 711 338 760 servus
370 690 606 761 Christi
662 690 1084 772 Dominicus,
1142 713 1263 783 per
1310 690 1426 782 Dei
1474 691 1768 783 gratiam
1820 712 2072 762 novum
2124 691 2476 762 bominem
2525 693 2637 763 in·

162 779 427 851 trinsecus
467 777 722 860 induit,
778 800 1072 868 moxque
1121 779 1188 850 in
1244 780 1361 851 Dei
1410 780 1656 851 timore
1685 778 1772 849 ad
1815 780 2022 852 totius
2069 781 2455 851 sanctitatis
2487 793 2637 854 stu-

163 867 299 937 dium
338 889 732 951 conversus‚
785 868 855 938 in
906 870 1136 959 seipso
1185 870 1381 961 prius
1443 869 1831 960 exprimere
1889 869 2204 951 curavit,
2255 869 2441 957 quod
2489 881 2636 943 erat

162 954 278 1026 alins
298 970 506 1047 postea
537 955 892 1028 docturus.
926 961 1258 1050 satagens
1292 957 1508 1048 igitur
1534 956 1991 1048 perfectorum
2031 958 2219 1028 imita
2231 958 2288 1027 ri
2315 960 2626 1051 vestigia,

159 1044 285 1114 etad
326 1046 642 1117 virtutum
691 1045 966 1135 fastigia
1011 1047 1448 1129 contendere,
1489 1047 1793 1118 novitius
1827 1045 2216 1119 Canonicus
2252 1047 2516 1119 solicite
2547 1047 2636 1119 de

157 1134 390 1221 antiquis
424 1134 687 1207 semitis
725 1134 1141 1222 inquirebat,
1180 1149 1258 1206 ut
1295 1136 1502 1207 sciret
1526 1158 1707 1224 quae
1754 1149 1934 1206 esset
1972 1136 2079 1206 via
2117 1136 2320 1218 bona,
2359 1148 2436 1206 ut
2481 1158 2635 1206 am-

152 1220 354 1293 bularet
396 1223 461 1292 in
496 1245 600 1294 ea.
655 1223 849 1294 Unde
897 1224 1153 1296 librum
1194 1224 1421 1308 illum,
1459 1226 1580 1314 qui
1622 1227 2026 1297 collationes
2057 1229 2341 1295 Pati-um
2380 1225 2634 1295 inscri-

152 1309 307 1408 bitur,
347 1312 649 1384 studiose
695 1311 1065 1404 legendum
1117 1315 1460 1404 suscepit,
1512 1313 1840 1402 deditque
1892 1336 2173 1405 operam
2207 1368 2224 1396 ,
2277 1325 2356 1384 ut
2401 1312 2577 1384 lecta
2608 1368 2625 1397 ,

150 1399 533 1490 intelligentia
584 1402 1243 1493 comprehenderet,
1296 1403 1543 1473 affectu
1593 1403 1896 1484 sentiret,
1949 1403 2196 1473 effectu
2242 1414 2310 1473 et
2358 1424 2428 1472 re
2476 1404 2631 1494 ipsa

150 1487 343 1558 fortiter
369 1504 839 1578 exequeretur.
891 1491 1141 1561 Didicit
1186 1491 1373 1562 enim
1406 1514 1486 1562 ex
1518 1513 1597 1561 eo
1630 1492 1996 1582 puritatem
2032 1490 2287 1573 cordis,
2325 1505 2633 1562 contem-

142 1575 401 1662 plationis
427 1581 634 1662 viam,
673 1580 1128 1668 omniumque
1159 1581 1485 1651 virtutum
1522 1579 2030 1672 perfectionem,
2064 1579 2277 1668 idque
2302 1580 2632 1651 unctione

140 1666 429 1755 magistra.
483 1673 577 1737 De
624 1669 1027 1755 hujusmodi
1074 1668 1259 1739 enim
1313 1668 1488 1739 liber
1534 1669 1651 1740 ille
1698 1670 1864 1760 agit.
1904 1674 2145 1756 Itaque
2190 1669 2527 1759 abjiciens
2561 1680 2628 1739 et

136 1751 465 1844 despiciens
516 1757 821 1847 seipsum
871 1757 945 1826 in
993 1757 1225 1828 cordis
1273 1757 1664 1828 humilitate
1693 1813 1709 1838 ‚
1770 1758 2218 1828 reverentiam
2270 1758 2632 1830 canonicis

135 1853 179 1940 et
214 1842 522 1916 honorem
570 1845 957 1940 eirhibebat.
1011 1847 1348 1917 Invitatus
1394 1846 1481 1916 ad
1531 1847 1792 1917 aeterni
1840 1847 2080 1938 sponsi
2129 1847 2451 1936 nuptias,
2505 1868 2633 1916 no-

132 1932 437 2003 vissimum
487 1935 711 2005 tenuit
759 1934 1017 2017 locum,
1077 1957 1150 2007 se
1205 1936 1526 2006 infimum
1555 1992 1570 2019 ,
1613 1949 1923 2007 caetoros
1970 1936 2349 2006 sanctiores
2394 1936 2632 2006 existi-

130 2039 305 2118 mans.
353 2028 430 2092 In
480 2023 780 2095 oratorio
827 2025 1230 2096 versabatur
1285 2037 1494 2095 noctu
1550 2025 1835 2113 diuque,
1889 2025 2185 2094 orationi
2215 2025 2363 2095 sine
2417 2025 2633 2096 inter-

126 2109 446 2194 missione,
529 2112 942 2201 lectionique
1010 2126 1075 2183 et
1145 2113 1574 2184 meditationi
1639 2113 1920 2184 assidue
1983 2135 2261 2184 vacans.
2335 2118 2629 2184 Externa

124 2194 317 2291 solatia
349 2201 809 2291 parvipendit,
861 2202 1297 2292 evagationes
1346 2225 1557 2278 vanas
1589 2225 1872 2292 prorsus
1905 2202 2159 2282 vitavit,
2199 2203 2630 2293 contempla-

121 2286 376 2382 tionique
425 2303 702 2381 tempus
749 2291 1153 2374 concilians,
1210 2304 1399 2362 extra
1446 2302 1638 2393 septa
1700 2291 2099 2361 monasterii
2150 2290 2258 2360 vix
2307 2313 2621 2378 unquam

120 2392 266 2474 visus
309 2389 433 2448 est.
487 2384 590 2449 Ita
629 2393 912 2449 sanctus
945 2381 1058 2449 Dei
1092 2382 1271 2450 inter
1299 2402 1671 2450 canonicos
1703 2379 1859 2449 illos
1891 2401 2021 2450 ceu
2042 2380 2256 2469 jubar
2287 2379 2625 2450 eximium

118 2465 352 2537 emicuit
379 2523 395 2550 ,
460 2468 778 2556 miraque
818 2468 1161 2541 celeritate
1198 2469 1285 2539 de
1325 2470 1573 2540 virtute
1619 2469 1690 2538 in
1747 2469 2066 2539 virtutem
2122 2467 2570 2558 progrediens
2604 2523 2620 2550 ‚

118 2553 382 2623 omnium
438 2558 511 2625 in
572 2580 644 2627 se
689 2580 996 2628 amorem
1044 2570 1108 2628 et
1165 2559 1449 2628 affectus
1513 2558 1926 2649 provocavit.
1997 2558 2335 2627 Mirantur
2380 2579 2624 2627 omnes

121 2648 216 2708 tam
246 2645 550 2716 subitam
604 2645 957 2735 religionis
1009 2647 1515 2737 perlectionem,
1567 2659 1634 2716 et
1673 2645 1831 2716 licet
1864 2645 2183 2726 invitum,
2225 2667 2431 2716 suum
2462 2668 2622 2715 eum

117 2726 303 2801 volunt
347 2756 501 2805 esse
546 2736 1020 2825 Suppriorem.
1074 2742 1247 2806 Turn
1275 2758 1433 2805 vero
1465 2736 1667 2823 quasi
1715 2734 1995 2805 lucerna
2039 2756 2250 2825 super
2296 2733 2622 2803 candela-

115 2811 271 2887 brum
323 2824 553 2911 posita
583 2878 600 2906 ‚
644 2837 711 2893 et
759 2824 1000 2895 civitas
1039 2848 1251 2915 super
1281 2838 1607 2906 montem,
1647 2824 1871 2895 factus
1916 2836 2021 2893 est
2059 2823 2388 2893 omnibus
2446 2822 2623 2893 vitae

115 2908 457 2993 speculum,
517 2913 905 2983 sanctitatis
936 2914 1311 3015 exemplar.

116 3078 127 3090 ,
173 2996 328 3096 §a
379 3005 461 3071 Et
500 3023 663 3071 ecce
702 3024 919 3092 grana
980 3003 1268 3072 seminis
1314 3007 1489 3072 Deus
1530 3000 2006 3092 multiplicans
2035 3056 2050 3083 ‚
2103 3000 2294 3070 auxit
2333 2999 2621 3091 frugum

111 3087 364 3179 justitiae
387 3090 847 3160 incrementa.
881 3091 1168 3161 Plenum
1204 3103 1350 3161 erat
1373 3091 1832 3161 sanctissimis
1864 3090 2349 3160 affectionibus
2383 3103 2625 3179 pectus

117 3189 241 3270 ΕΗΒ,
278 3190 483 3266 atque
532 3200 700 3269 erga
747 3182 983 3249 omnia
1029 3192 1175 3250 tum
1223 3202 1573 3270 prospera,
1615 3194 1757 3249 tuin
1796 3179 2082 3248 adversa
2121 3178 2617 3267 proximorum,

117 3278 243 3331 inira
272 3266 525 3356 pietate
558 3268 980 3350 movebatur,
1015 3269 1425 3339 afflictorum
1460 3268 1667 3338 rebus
1703 3267 1902 3337 duris
1935 3267 2401 3347 cruciabatur,
2444 3289 2618 3357 pau-

118 3365 304 3440 perum
354 3357 663 3447 penuria
707 3368 771 3427 et
819 3358 1234 3428 miserorum
1296 3356 1810 3427 calamitatibus
1876 3357 2361 3444 torquebatur,
2416 3368 2624 3443 atque

119 3441 382 3525 inprimis
435 3445 886 3536 pereuntium
950 3448 1347 3517 animarum
1402 3446 1545 3515 zelo
1608 3446 1781 3514 mire
1837 3447 2223 3535 angebatur
2273 3457 2338 3514 et
2396 3457 2624 3514 mente

122 3530 534 3605 sauciabatur.
591 3538 693 3603 Ita
741 3535 1072 3606 nimirum
1143 3536 1362 3606 instar
1410 3534 1834 3624 Prophetae,
1893 3534 2293 3603 Doininicus
2343 3546 2623 3623 peccata

123 3606 424 3717 bominum
474 3636 549 3694 et
581 3623 993 3694 afflictorum
1038 3624 1353 3695 miserias
1406 3623 1908 3713 contemplanS,
1971 3623 2331 3693 aestuabat
2385 3622 2623 3693 animo

128 3715 507 3793 ulirinsecus,
539 3725 607 3782 et
630 3713 804 3782 flens
835 3712 1247 3804 largissime,
1286 3711 1608 3783 latentem
1635 3711 2260 3781 commiserationis
2293 3712 2619 3781 affectum

130 3805 197 3885 per
231 3795 587 3895 lacrymas
639 3801 968 3891 prodebat
1013 3802 1203 3873 foris.
1257 3807 1449 3872 Hanc
1512 3800 1699 3870 enim
1748 3800 2398 3871 excellentissimam
2448 3799 2617 3868 cha-

132 3891 280 3975 matis
306 3890 615 3977 gratiam
664 3891 1056 3980 specialiter
1104 3891 1399 3963 habebat
1446 3913 1486 3960 a
1536 3894 1669 3959 Deo
1718 3889 2069 3971 donatam,
2112 3888 2326 3959 ssendi
2356 3888 2621 3958 scilicet

135 3982 203 4069 ΕΜ
237 3978 748 4065 peccatoribus,
799 3992 865 4050 et
914 3980 1185 4052 miseris
1232 3994 1438 4068 atque
1485 3978 1757 4048 afflictis
1813 3979 2142 4048 omnibus
2174 3976 2612 4047 condolendi.

136 4058 579 4151 &quantum
632 4068 735 4137 illi
782 4070 1063 4160 angoris
1110 4081 1176 4139 et
1225 4069 1556 4143 moeroris
1602 4067 1930 4137 afferebat
1966 4088 2131 4158 erga
2176 4065 2618 4137 calamitosos

139 4148 497 4227 munientia
532 4212 551 4240 ‚
618 4168 888 4229 tantum
937 4157 1283 4250 profectus
1334 4158 1608 4249 piorum
1660 4157 2067 4238 hominum,
2128 4155 2386 4243 quibus
2443 4155 2619 4226 mire

142 4243 569 4327 ffimlabatur,
614 4268 742 4317 ceu
790 4248 1131 4335 quaedam
1184 4247 1538 4337 pigmenta
1575 4244 1917 4315 odorifera
1964 4267 2124 4314 eum
2160 4243 2620 4314 consolaban-

145 4326 224 4391 tur,
246 4334 415 4405 Inter
464 4336 645 4405 haec
698 4358 875 4423 quae
922 4358 1202 4409 sursum
1253 4348 1438 4418 sunt,
1491 4357 1870 4423 quaerenS,
1910 4335 2246 4424 agebatur
2277 4334 2349 4402 in
2400 4338 2618 4404 Deum

142 4400 272 4487 homo
297 4423 613 4507 divium,
659 4425 949 4516 gloriam
979 4438 1378 4496 sanctorum
1410 4423 1913 4516 contemplans,
1948 4435 2014 4494 et
2043 4423 2129 4493 ad
2162 4422 2354 4493 illam
2385 4443 2615 4493 veram
