3308 5004
92 344 277 411 AUG.
335 344 422 411 27
780 361 860 410 ns
909 362 965 412 s.
1014 361 1289 411 sosxruo
1336 362 1719 426 caussam.
1772 363 1957 412 conr.
2418 348 2546 413 675

94 447 165 516 in
211 446 417 516 domo
454 457 903 527 contraxerat,
949 468 1160 534 quam
1201 447 1636 536 aliquamdiu
1668 446 2175 520 dissimulatam
2217 449 2441 520 celare
2479 472 2631 520 am-

93 535 278 626 plius
326 556 464 605 non
514 534 759 626 potuit.
810 539 935 605 Per
982 535 1308 610 undecim
1357 537 1546 627 ipsos
1590 559 1835 614 annos,
1880 537 2159 608 assidua
2192 537 2404 609 febris
2441 538 2630 609 dete-

92 626 273 695 riora
320 624 389 694 in
439 623 624 724 diem
673 635 1134 714 symptomata
1175 625 1444 696 tertium
1486 625 1706 698 morbi
1744 625 1935 696 illius
1973 624 2266 717 gradum
2304 627 2486 697 clare
2528 629 2633 698 in-

91 713 433 794 dicantia;
486 713 809 783 Scirrhus
857 712 924 782 in
953 714 1185 800 jecore
1219 714 1395 784 duro
1431 717 1882 797 extrinsecus,
1920 728 1984 784 et
2021 715 2150 785 l'ate
2181 714 2328 787 fuse
2362 728 2631 788 tumore

92 825 169 873 se
214 801 569 894 pandens,
620 800 892 889 aliaque
935 801 1183 873 exinde
1229 803 1720 874 subnascentia
1770 804 2166 875 morborum
2276 826 2482 874 enei-a
2545 827 2625 875 eo

87 892 233 981 jam
279 912 556 980 aegram
606 889 1056 973 adduxerant,
1108 905 1185 961 ut
1234 891 1409 982 pelle
1455 892 1812 964 dumtaxat
1850 907 2055 981 atque
2087 893 2225 964 ossi
2282 917 2388 975 uS,
2435 892 2630 963 nulla

95 992 437 1071 praeterea
483 979 793 1070 corporis
860 993 1050 1070 parte
1106 992 1423 1052 constare
1479 981 1844 1054 videretur.
1915 987 2155 1068 Itaque
2219 1004 2354 1051 non
2418 981 2626 1052 semel

90 1082 390 1139 extremo
438 1081 1024 1139 sacramentorum
1077 1069 1388 1140 subsidio
1437 1072 1729 1152 munita,
1785 1070 1957 1140 nihil
1999 1072 2148 1160 jam
2190 1070 2378 1140 aliud
2421 1092 2631 1161 oppe-

87 1157 212 1228 riri
245 1168 410 1240 erat,
461 1179 673 1250 quam
725 1169 803 1228 ut
843 1179 883 1227 e
926 1172 1342 1249 consumpto
1389 1181 1676 1250 corpore
1718 1159 1955 1229 anima
2002 1158 2187 1229 demi
2244 1173 2442 1230 raret.
2498 1159 2626 1228 Sed

85 1247 212 1318 des
262 1250 522 1317 erat‘am
569 1246 977 1317 humanitus
1027 1245 1483 1317 valetudinem
1539 1248 1650 1339 pia
1686 1247 2007 1318 monialis
2048 1270 2169 1338 per
2256 1262 2482 1318 eatum
2520 1248 2631 1317 Jo-

83 1358 209 1428 sep
266 1357 382 1405 um
431 1334 767 1406 divinitus
802 1350 906 1405 est
933 1351 1328 1406 consecuta.
1367 1343 1593 1421 Quum
1630 1336 1815 1406 enim
1851 1337 2061 1418 brevi,
2097 1359 2306 1424 quam
2349 1336 2630 1407 morbus

83 1427 150 1494 in
212 1422 461 1495 lectulo
509 1424 783 1505 sineret,
837 1423 1250 1495 novemdiali
1290 1447 1490 1516 prece
1530 1424 1723 1496 illius
1753 1447 1824 1494 se
1859 1426 2236 1515 patrocinio
2274 1447 2632 1496 commen·-

82 1514 343 1594 dasset,
372 1512 485 1582 die
519 1512 693 1603 ipsa,
736 1534 913 1601 quae
944 1534 1124 1583 nona
1156 1525 1221 1584 et
1298 1528 1596 1585 ostrema
1626 1526 1772 1584 erat
1807 1515 2156 1585 institutae
2189 1514 2626 1606 precationis,

82 1602 357 1695 placide
404 1601 784 1692 consopita,
835 1616 902 1672 et
948 1623 1192 1673 somno
1266 1603 1450 1691 quod
1511 1623 1896 1691 numquam
1963 1616 2161 1672 antea
2223 1604 2629 1694 contigerat)

84 1692 214 1763 diu
265 1690 620 1782 producto,
676 1692 896 1762 morbi
944 1693 1083 1762 vim
1124 1689 1408 1762 'omnem
1457 1692 1847 1763 discussam
1891 1691 2126 1762 sensit.
2171 1693 2422 1761 Eodem
2460 1706 2630 1761 tem-

87 1801 261 1872 pore,
299 1779 489 1849 color
534 1777 778 1861 vultui,
835 1779 1012 1851 vires
1058 1782 1328 1871 corpori
1377 1781 1706 1861 redditae,
1761 1780 2087 1869 quodque
2137 1781 2359 1872 magis
2389 1781 2631 1868 utique

82 1867 491 1939 mirandum
540 1866 692 1949 fuit,
747 1871 911 1938 caro
956 1889 1091 1938 non
1144 1871 1348 1940 modo
1390 1870 1722 1951 restituta,
1766 1867 1885 1944 sed
1926 1892 2004 1939 ea
2049 1871 2187 1939 visa
2228 1882 2332 1939 est
2369 1869 2624 1949 addita,

82 1979 265 2046 quae
312 1956 597 2026 fortasse
647 1978 1027 2045 numquam
1077 1958 1407 2029 extiterat.
1442 1964 1670 2046 Neque
1701 1979 1858 2028 vero
1892 1958 2159 2050 integra
2201 1972 2465 2029 tantum
2503 1956 2631 2027 fuit

86 2045 436 2128 valetud0,
472 2045 585 2117 sed
618 2047 822 2115 etiam
857 2059 1209 2137 perpetua.

174 2136 215 2223 ξ
259 2138 410 2206 Ιθ.
463 2133 683 2204 Altera
731 2156 1069 2228 superans
1119 2148 1404 2206 naturae
1443 2136 1577 2205 vim
1624 2135 1892 2207 sanatio
1922 2135 2209 2225 contigit
2237 2135 2631 2205 vincentiae

82 2222 326 2294 Buada
370 2223 787 2294 valentinae.
840 2229 1022 2294 Haec
1069 2224 1252 2294 enim
1305 2238 1440 2295 tres
1504 2223 1605 2294 vel
1660 2237 1960 2312 quatuor
2013 2246 2233 2294 annos
2292 2236 2495 2299 nata,
2550 2245 2630 2292 ex

81 2312 283 2403 gravi
333 2311 532 2403 lapsu
574 2312 775 2402 (dum
829 2334 949 2404 per
996 2312 1238 2383 ludum
1283 2312 1370 2383 ab
1412 2312 1836 2404 imprudenti
1869 2313 2192 2403 quopiam
2221 2312 2522 2402 jactatur
2554 2310 2627 2379 in

80 2404 249 2471 aera
293 2415 360 2472 et
402 2402 815 2504 excipitur),
869 2402 1120 2473 luxatis
1166 2401 1429 2489 aliquot
1476 2401 1770 2493 spinalis
1839 2399 2182 2471 medullae
2247 2399 2620 2479 vertebriS,

133 2491 419 2563 ravibus
467 2514 772 2583 primum
814 2491 1108 2573 morbis,
1162 2491 1460 2583 perfecta
1505 2491 1665 2562 dein
1715 2490 2213 2580 comprehensa
2261 2488 2391 2560 fuit
2425 2510 2627 2580 para-

76 2515 264 2672 fysi,
321 2581 415 2651 ita
458 2580 741 2669 quidem
790 2593 869 2651 ut
914 2603 1119 2651 crura
1165 2581 1252 2650 ob
1303 2581 1712 2652 interclusos
1772 2581 1959 2649 succi
2021 2579 2244 2649 vitalis
2312 2589 2577 2647 meatus
2607 2631 2623 2658 ,

74 2670 280 2741 arida
320 2671 465 2759 jam
497 2693 597 2739 0ac
646 2691 818 2760 pene
867 2668 1094 2759 lignea
1144 2683 1405 2740 motum
1456 2682 1522 2740 et
1569 2691 1847 2741 sensum
1889 2690 2164 2738 omnem
2201 2666 2622 2737 amisissent.

75 2765 424 2831 Conversa
474 2758 686 2848 igitur
727 2758 955 2850 puella
987 2758 1071 2828 ad
1108 2759 1466 2829 coelestem
1509 2780 1737 2849 opem,
1774 2755 2336 2845 quandoquidem
2384 2756 2450 2823 in
2495 2756 2630 2855 hu-

81 2847 325 2919 manis
374 2846 699 2916 remediis
742 2846 932 2917 nulla
962 2849 1109 2938 jam
1149 2848 1414 2937 reliqua
1451 2869 1609 2938 spes
1646 2859 1814 2927 erat,
1851 2844 2264 2916 novemdiali
2296 2844 2629 2931 obsequio

69 2936 268 3009 beati
296 2940 453 3005 Jose
508 2935 949 3006 biauxilium
979 2936 1325 3026 implorat.
1364 2942 1456 3006 Eo
1488 2948 1784 3025 peracto,
1831 2934 2136 3004 nondum
2176 2945 2401 3003 tamen
2436 2953 2629 3002 com-

70 3049 210 3120 pos
259 3024 395 3094 voti
467 3036 618 3095 acta
661 3038 841 3095 erat:
878 3026 994 3095 sed
1033 3039 1223 3114 patre
1254 3025 1688 3106 admonente,
1730 3024 1915 3094 brevi
1949 3022 2177 3092 adhuc
2210 3021 2364 3091 fusa
2400 3041 2622 3113 prece,

70 3139 157 3187 ea
211 3113 369 3204 ipsa
415 3112 550 3194 die,
605 3126 948 3184 momento
998 3115 1325 3203 temporis
1372 3128 1661 3195 motum,
1707 3134 2015 3195 sensum,
2050 3124 2114 3183 et
2150 3111 2332 3200 quod
2369 3110 2629 3179 miran-

71 3205 257 3276 dum
292 3212 395 3272 est
434 3201 680 3292 magis,
724 3224 1004 3274 carnem
1046 3202 1534 3293 recuperavit*
1541 3253 1678 3273 .....

70 3423 102 3464 Β
123 3371 153 3399 *
182 3366 640 3463 Ἑοὲἓρὲζὶὶῗωιο
666 3376 695 3407 ι
720 3362 847 3409 nervi
874 3363 961 3409 Dei
987 3362 1120 3407 obitu
1148 3366 1406 3409 centesimo
1420 3365 1604 3408 decimo
1623 3337 1761 3413 nono,
1781 3375 1887 3407 eun
1909 3364 2186 3406 solemniter
2204 3363 2475 3414 Apostolic-
2491 3330 2635 3403 Sedes

103 3432 198 3465 mc
377 3430 402 3460 e
538 3447 550 3458 .
