3308 5004
689 333 819 398 646
1240 351 1325 398 ns
1364 350 1420 397 s.
1471 346 1745 397 saonem
1791 346 1960 397 nuc.
2012 347 2088 396 rr
2135 343 2340 399 sociis
2386 343 2504 395 u.
2822 325 3038 394 mes.
3081 326 3173 392 37

602 431 1046 502 sanctitatum
1095 428 1368 512 studiis,
1415 443 1569 520 post
1614 427 1981 520 paululum
2017 449 2139 499 vos
2184 427 2504 518 congruit
2528 424 2840 519 implere.
2892 429 3068 509 Qun
3103 425 3182 495 in

603 541 677 590 re
731 519 1066 590 libamina
1094 518 1530 591 sacerdotum
1565 518 1919 590 laboribus
1956 517 2200 589 vestris
2235 513 2621 598 adsciscas,
2658 514 3010 605 suffragia
3037 513 3187 584 im·

604 608 863 699 plorate
907 620 1330 690 sanctorum,
1373 608 1633 695 ubique
1666 628 1786 678 vos
1818 607 2142 699 precibus
2175 604 2626 677 servientium·
2656 604 2923 674 Christo
2971 625 3188 675 com·

603 697 851 768 mittite
879 749 897 778 ,
949 696 1171 768 votivo
1218 696 1608 767 veneranda
1679 697 1795 768 Dei
1853 695 2255 768 sanctuaria
2327 693 2654 765 discursu
2720 692 3067 775 incolite,
3119 704 3190 763 et

600 785 913 856 omnium
967 785 1449 878 religiosorum
1497 786 1790 878 expetite
1834 785 2366 857 obsecrationes,
2418 781 2746 867 Quamvis
2803 782 3018 853 enim
3070 803 3180 863 ea,

599 891 779 963 quae
814 874 1144 957 diximus,
1190 874 1607 963 quandoque
1634 874 1831 946 vobis
1877 886 2205 946 eventura
2254 873 2393 944 sint
2441 872 2773 964 praemia,
2811 892 2948 963 per
3001 871 3187 942 haec

600 976 828 1035 tamen
879 963 1090 1035 veluti
1136 964 1557 1052 quibusdam
1607 964 1943 1056 gradibus
1979 962 2362 1046 innitendo,
2406 982 2525 1032 vos
2573 973 2803 1031 tantae
2864 960 3185 1032 celsitu-

598 1052 786 1125 dinis
818 1073 1047 1125 arcem
1076 1051 1353 1126 facilius
1379 1054 1817 1145 contingetis.
1857 1059 2175 1126 Nostrum
2205 1064 2433 1123 autem
2468 1063 2862 1122 sermonem
2888 1062 3182 1122 certum

595 1164 747 1214 esse
794 1142 1278 1235 hujuscemodi
1312 1142 1575 1215 indicio
1619 1156 1977 1226 testamur,
2007 1141 2190 1231 quod
2239 1141 2537 1211 instante
2583 1138 2695 1210 die
2741 1138 3179 1209 certaminis

596 1233 830 1316 vestri,
882 1232 1241 1304 coenobita
1287 1233 1614 1321 quidam,
1669 1253 2046 1303 conservus
2096 1243 2362 1313 noster,
2407 1251 2448 1299 a
2501 1228 2790 1299 Domino
2846 1225 3180 1299 directus

597 1319 844 1403 aderit,
895 1321 1018 1409 qui
1066 1321 1424 1393 vobiscum
1477 1323 1757 1412 assequi
1804 1321 2107 1413 palmam
2161 1319 2469 1411 martyrii
2533 1317 2828 1389 coelitus
2873 1317 3178 1388 ordina-

600 1421 716 1480 tus
770 1420 894 1480 est.

686 1499 727 1586 ἓ
772 1502 930 1571 10.
983 1501 1139 1567 Post
1171 1497 1342 1570 haec
1378 1517 1535 1568 cum
1588 1498 1761 1569 visio
1807 1497 2030 1569 oculis
2074 1508 2177 1568 est
2222 1497 2557 1568 intuentis
2613 1496 3016 1578 subducta,
3069 1515 3176 1565 ve·

596 1585 992 1656 hementius
1037 1598 1263 1657 tantae
1331 1587 1431 1656 rei
1494 1586 1833 1657 miraculo
1903 1587 2343 1667 concutitur,
2411 1596 2477 1655 et
2543 1605 2700 1657 mox
2775 1585 3099 1655 hilarior
3133 1604 3172 1652 ι

597 1693 842 1746 somno
872 1693 1236 1766 exurgenS,
1273 1686 1480 1767 auget
1516 1695 1727 1767 opera
1772 1676 2176 1756 sanctitatis,
2226 1672 2686 1765 fragilemque
2728 1693 2995 1744 sexum
3039 1673 3170 1744 for-
3275 1749 3276 1754 ,

596 1774 730 1833 tem
765 1762 850 1833 ad
890 1783 1198 1855 pugnam
1260 1764 1464 1855 erigit
1508 1786 1590 1835 ac
1634 1783 1939 1856 superno
2004 1781 2290 1834 munere
2338 1762 2518 1831 vires
2587 1762 2702 1832 ad.
2740 1762 3162 1832 cenandum

594 1853 1016 1924 corroborat.
1089 1853 1266 1922 Hinc
1304 1854 1452 1943 jam
1531 1871 1653 1946 spe
1717 1852 1992 1924 certiori
2056 1852 2399 1933 animata,
2454 1851 2680 1921 virum
2727 1850 3154 1931 informans,

562 1941 882 2012 omnino
913 1961 1100 2022 eum,
1132 1953 1229 2011 'ut
1266 1941 1555 2013 terrenis
1577 1954 1871 2013 exuatur
1917 1941 2210 2022 actibuS,
2249 1940 2510 2021 edocet,
2564 1937 2822 2019 sciens,
2872 1961 3004 2011 eos
3045 1938 3158 2027 qui

595 2050 638 2099 a
696 2029 1040 2120 principio
1097 2030 1341 2100 mundi
1390 2031 1807 2102 coelestibus
1840 2043 2069 2101 essent
2126 2028 2424 2099 dedicati
2474 2027 2768 2110 militiis,
2821 2028 3156 2098 continuo

594 2129 751 2204 post
792 2118 1141 2189 victoriam
1195 2118 1541 2192 coelicolis
1592 2119 1985 2191 admisceri.
2046 2123 2261 2207 Atque
2315 2119 2409 2188 ita
2456 2118 2688 2209 magis
2732 2118 3106 2208 mag-isque
3129 2167 3148 2196 ,

595 2206 1051 2299 Redemptore
1077 2219 1144 2277 et
1183 2208 1441 2280 sanctis
1484 2209 1814 2279 omnibus
1859 2205 2160 2290 fruendi,
2202 2207 2419 2299 ignito
2464 2205 2934 2277 fervescentes
2977 2202 3147 2275 dos}

593 2294 785 2367 derio
818 2351 833 2378 ,
913 2308 1367 2386 natorumque
1440 2298 1867 2390 negligentes
1903 2298 2223 2368 affectum
2256 2351 2272 2378 ,
2326 2295 2751 2397 spernebant
2809 2295 2943 2383 qui
3029 2289 3140 2362 uid

592 2384 840 2455 mundi
946 2385 1206 2456 eritura
1251 2386 1480 2477 specie
1538 2387 1951 2458 continetur.
2019 2385 2266 2457 Omnia
2322 2384 2728 2454 distrahunt
2760 2436 2777 2465 ,
3016 2390 3129 2449 unt

591 2473 878 2562 quicqui
973 2473 1204 2545 adbuc
1258 2488 1636 2567 supererat,
1674 2496 1812 2565 quo
1871 2475 2227 2547 liberiores
2274 2473 2621 2544 Christum
2663 2481 3108 2568 sequerentur.

593 2566 687 2632 Ex
732 2584 812 2633 eo
842 2576 1071 2634 autem
1109 2564 1327 2654 pretio
1364 2566 1728 2656 quippiam
1761 2565 2040 2635 filiabus
2078 2564 2571 2652 relinquentes,
2605 2575 2888 2633 caetera
2907 2575 3115 2631 onan

592 2650 842 2722 usibus
898 2651 1251 2744 applicant
1297 2674 1698 2756 egenorum.
1752 2653 2132 2724 visitabant
2193 2672 2468 2740 quoque
2519 2651 2836 2721 virorum
2888 2671 2960 2721 ac
2990 2645 3124 2716 {oe-—

592 2740 943 2811 minarum
980 2753 1418 2823 monasteria,
1455 2742 1571 2812 sed
1626 2743 1996 2834 praecipue
2041 2742 2438 2813 'tabenense
2474 2740 2929 2821 coenobium,
2960 2732 3136 2836 quod

591 2827 1139 2901 famosissimum
1188 2830 1261 2900 in
1300 2830 1445 2901 illis
1486 2831 1871 2902 habebatur
1908 2830 2101 2901 locis.
2162 2835 2321 2900 Erat
2372 2830 2558 2900 enim
2607 2830 2906 2916 uri-ique
2963 2842 3142 2897 sexui

524 2946 533 2957 ¹
588 2928 856 3009 aptum,
891 2919 1199 2989 virorum
1230 2919 1491 2991 scilicet
1516 2942 1596 2989 ac
1630 2920 2031 2990 mulierum.
2069 2919 2175 2990 Ibi
2208 2919 2412 2990 etiam
2442 2917 2709 2991 Natalia
2751 2917 3145 3016 frequenter

588 3026 750 3077 cum
782 3006 1059 3078 ancillis
1094 3007 1208 3077 Dei
1258 3008 1682 3090 morabatur,
1734 3024 2074 3096 quaerens
2106 3008 2195 3079 ab
2240 3008 2341 3079 eis
2368 3006 2635 3078 discere
2683 3018 2916 3079 totius
2936 3014 3154 3077 sancti

464 3175 471 3182 ⁸
587 3094 860 3166 timoris
905 3095 1332 3187 religionem.
1386 3102 1555 3168 Nam
1614 3108 1682 3167 et
1727 3097 2085 3188 geminum
2156 3095 2463 3167 filiarum
2535 3096 2797 3187 pignus
2875 3096 3036 3187 ipsa
3091 3104 3157 3163 et

588 3183 883 3254 maritus
913 3183 1048 3254 sub
1092 3202 1332 3256 earum
1383 3184 1592 3256 tutela
1638 3184 2081 3256 decreverant
2123 3184 2579 3256 constituere:
2617 3205 2937 3273 quarum
2971 3183 3158 3277 prior

592 3270 926 3354 Felicitas,
979 3292 1321 3345 annorum
1367 3274 1505 3365 (ut
1549 3273 1958 3364 dicebatur)
2014 3286 2207 3355 octo,
2261 3292 2556 3361 sequens
2619 3273 2845 3343 Maria
2877 3327 2895 3355 ,
2951 3271 3160 3362 quin-

586 3360 886 3460 quennis
954 3382 1103 3434 esse
1168 3363 1597 3434 credebatur.
1654 3368 1703 3432 E
1749 3364 2193 3454 quibusego
2248 3375 2400 3452 post
2465 3382 2704 3432 necem
2745 3376 3160 3453 parentum,

587 3469 925 3521 minorem
980 3452 1379 3541 *reperiensh
1441 3452 1550 3521 vix
1598 3453 1970 3522 tenerrimo
2015 3470 2134 3522 ore
2178 3452 2273 3521 ab
2335 3473 2416 3520 ea
2488 3463 2776 3541 rogatus
2827 3470 3032 3533 sum,
3084 3460 3162 3520 ut

493 3569 501 3579 ·
586 3549 948 3628 parentum
998 3552 1189 3632 gesta
1234 3539 1339 3610 vel
1391 3542 1784 3632 passionem
1834 3540 2136 3612 scribere
2184 3558 2321 3610 non
2369 3538 2746 3609 differrem.
2801 3544 3163 3628 Cumque,

584 3626 752 3715 quid
805 3649 927 3719 pro
960 3628 1091 3700 boc
1147 3629 1239 3699 ab
1282 3650 1362 3699 ea
1420 3629 1742 3700 beneficii
1796 3629 2118 3700 deberem
2168 3628 2597 3720 praestolari,
2652 3628 3158 3717 exquirerem:

584 3717 999 3806 Impetrabo,
1056 3718 1304 3807 inquit,
1359 3717 1482 3789 tibi
1533 3731 1749 3809 pater,
1789 3738 1831 3788 a
1879 3718 2166 3790 Domino
2263 3716 2648 3788 aradisum.

672 3807 709 3894 9
757 3808 893 3879 u:
942 3811 1122 3877 Haec
1169 3818 1400 3877 autem
1434 3807 1824 3889 interserui,
1860 3819 1939 3878 ut
1989 3819 2177 3877 osten
2234 3824 2424 3876 eremw
2478 3807 2730 3876 merito
2775 3818 3170 3897 parentum

581 3891 970 3964 illuminari
1017 3915 1293 3984 saepea
1327 3896 1617 3967 Domino
1651 3896 1906 3988 proleS.
1959 3896 2207 3966 uirum
2255 3895 2518 3986 quippe
2552 3905 2820 3987 poterat
2885 3894 3166 3979 videri,

586 3980 754 4051 haec
792 3982 982 4053 illam
1027 3984 1343 4074 proloqui
1404 3998 1719 4055 aetatem.
1775 3985 1904 4054 Sed
1953 3997 2030 4054 ut
2075 3983 2162 4053 ad
2208 3985 2558 4086 proposita
2597 3982 2922 4068 redeam,
2989 3984 3174 4057 rest>

585 4069 881 4140 rendum
932 4085 1060 4155 est,
1095 4073 1444 4160 quomodo
1480 4075 1630 4165 jam
1680 4071 1848 4142 dicti
1900 4073 2014 4144 Dei
2045 4073 2364 4144 homines
2419 4073 2850 4144 coelestibus
2909 4071 3175 4145 iment'

489 4164 501 4197 ‘-
586 4158 842 4250 vigiliis
888 4182 970 4231 ac
1017 4163 1487 4245 orationibus,
1541 4162 1936 4252 frequenter
1993 4182 2295 4252 superno
2344 4161 2611 4233 lumine
2671 4162 2747 4231 in
2792 4161 3168 4242 cubicuh
3275 4236 3276 4241 ,

585 4247 655 4317 in
708 4270 846 4337 quo
893 4250 1024 4320 ista
1072 4250 1607 4333 meditabantur,
1665 4250 1927 4343 perfusi
1983 4252 2145 4333 sint,
2199 4250 2371 4321 adeo
2421 4262 2497 4320 ut
2555 4249 2902 4342 illapsum
2941 4252 3175 4341 idn·

584 4336 1006 4420 aethereum,
1041 4356 1320 4409 omnem
1372 4340 1754 4430 praesentis
1809 4340 2110 4433 speciem
2169 4339 2460 4410 luminis
2514 4338 3174 4434 obscurata-*peu

587 4423 750 4492 inde
794 4425 937 4494 acsi
989 4425 1162 4495 nihil
1225 4428 1296 4496 in
1345 4449 1417 4497 se
1481 4427 1873 4519 splendoris
1924 4429 2225 4499 haberet.
2279 4428 2745 4512 Quamobrem
2794 4446 3066 4501 amre
3099 4440 3172 4500 d
