3308 5004
245 351 436 418 AUG.
490 350 532 417 7
934 368 1015 417 nn
1060 369 1117 418 s.
1171 365 1450 418 Arnaaro
1496 365 1684 419 conr.
1736 367 2090 419 canutum
2584 352 2715 421 203

244 454 421 525 ferre
459 473 597 525 non
640 455 1015 526 sustinens.
1070 454 1448 547 Respondit
1484 455 1591 525 vir
1637 454 1798 525 Dei:
1850 454 2084 538 «Ille,
2129 456 2249 546 qui
2289 469 2354 528 te
2400 458 2676 541 creavit,
2729 470 2797 528 et

241 555 527 635 propter
569 542 796 615 scelus
846 556 1043 614 tuum
1093 566 1129 615 e
1175 543 1386 615 coelis
1434 555 1497 614 te
1541 545 1949 625 exturbavit,
2002 565 2082 615 ex
2115 544 2244 617 hac
2292 546 2508 618 nobili
2562 546 2794 637 puella

243 645 308 704 te
340 631 712 723 compellat
738 632 944 702 exire.
973 655 1011 700 »
1046 633 1141 706 Iis
1169 644 1401 704 autem
1428 631 1709 717 auditiS,
1747 632 1979 724 puella
2017 635 2457 718 contremuit,
2489 635 2799 725 dixitque

244 722 353 793 vir
386 721 553 791 Dei:
606 720 941 813 Egredere
987 743 1025 792 e
1072 742 1357 814 corpore
1405 721 1698 814 puellae,
1752 721 1997 793 Christi
2049 722 2331 794 nomine
2369 739 2794 796 consecrato.

244 815 510 882 Etcum
543 832 791 881 rursus
823 831 974 881 eam
1002 814 1214 882 Cruce
1248 810 1609 903 signasset,
1652 824 1718 881 et
1745 814 1928 899 aqua
1967 811 2331 883 benedicta
2362 814 2794 905 aspersisset,

242 898 569 971 diabolus
605 919 857 1001 magno
888 898 1189 988 quodam
1224 900 1445 970 instar
1474 900 1758 970 tonitrui
1804 900 2096 972 excitato
2129 921 2297 972 sono
2327 957 2342 983 ‚
2398 923 2556 972 cum
2602 904 2802 994 igno-

240 989 463 1059 minia
513 1000 837 1059 recessit:
891 990 1242 1090 sensitque
1273 1009 1347 1059 se
1377 988 1608 1079 puella
1640 1000 1819 1059 recte
1853 987 2129 1072 habere,
2167 1004 2234 1060 et
2275 1003 2417 1061 tum
2458 995 2612 1074 Dec,
2652 1004 2800 1062 tum

246 1089 491 1148 sancto
538 1077 684 1148 viro
732 1095 893 1147 cum
943 1077 1200 1169 gaudio
1245 1089 1310 1148 et
1356 1076 1688 1169 lacrymis
1749 1077 2006 1169 gratias
2068 1078 2228 1168 egit.
2283 1080 2448 1171 EJus
2481 1080 2803 1151 miraculi

240 1187 507 1248 rumor,
553 1165 640 1235 ad
691 1186 1006 1257 proceres
1037 1178 1103 1237 et
1189 1166 1480 1239 raelatos
1514 1167 1705 1270 regni
1742 1166 1993 1239 allatus
2031 1182 2158 1237 est.

329 1261 467 1329 11.
518 1254 565 1324 J
570 1254 909 1326 uvencula
934 1189 1273 1344 quaecssm
1310 1256 1707 1359 Drepan1·in
1746 1269 1950 1347 partu
1987 1255 2347 1327 laborabat
2377 1256 2623 1326 diebus
2656 1277 2794 1339 sex,

240 1343 457 1431 idque
492 1356 679 1414 tanto
726 1365 884 1414 cum
937 1345 1266 1435 periculo,
1320 1355 1398 1415 ut
1439 1366 1584 1447 Jam
1633 1365 1765 1415 ceu
1812 1344 2014 1416 morti
2072 1367 2197 1436 pro
2250 1345 2508 1433 inqua,
2562 1366 2796 1420 ame·

238 1432 419 1503 dicis
468 1433 992 1522 relinqueretur.
1062 1432 1304 1504 Aderat
1358 1433 1503 1503 illic
1560 1433 1665 1502 vir
1712 1433 1874 1513 Dei,
1927 1453 2134 1522 quem
2229 1434 2542 1504 oeminae
2602 1433 2794 1506 illius

245 1535 491 1603 mater,
525 1521 680 1593 licet
718 1522 1092 1593 immodico
1117 1533 1548 1593 consternata
1579 1522 1796 1592 animi
1828 1521 2084 1606 dolore,
2128 1533 2358 1594 tamen
2403 1523 2474 1593 in
2517 1524 2799 1594 Domino

238 1610 627 1692 confidens,
685 1610 1039 1699 adjunctis
1093 1611 1225 1681 sibi
1273 1612 1585 1704 cognatis
1630 1623 1698 1681 et
1751 1611 2189 1702 propinquis,
2242 1611 2799 1702 lacrymabunda

237 1700 531 1791 rogavit,
568 1709 646 1769 ut
673 1699 857 1769 filiae
888 1713 1024 1770 tam
1061 1699 1417 1792 desperate
1447 1699 1785 1771 laboranti
1806 1700 2272 1858 (praesentiam
2307 1722 2533 1780 suam,
2568 1702 2797 1791 prius-

235 1809 450 1945 3uam
503 1810 540 1858 e
586 1809 872 1880 corpore
920 1789 1162 1869 abiret,
1219 1810 1355 1859 non
1407 1801 1707 1880 negaret,
1762 1810 1799 1858 a
1854 1788 2025 1860 dens
2072 1808 2222 1859 eam
2274 1789 2396 1859 diu
2446 1788 2647 1860 illum
2691 1790 2795 1858 vi-

286 1898 405 1947 ere
462 1889 882 1969 peroptasse.
934 1878 1037 1948 Ait
1084 1877 1169 1948 ad
1229 1899 1381 1948 eam
1432 1878 1537 1947 vir
1588 1877 1874 1948 beatus:
1934 1879 2227 1949 Ubinam
2293 1878 2619 1949 habitas?
2667 1878 2797 1948 Illa

236 1965 640 2055 respondit:
695 1971 1033 2049 Quorsum
1087 1967 1328 2037 attinet
1359 1965 1718 2049 sciscitari,
1755 1966 1873 2036 ubi
1908 1968 2048 2037 sint
2076 1967 2280 2037 aedes
2317 1970 2549 2037 meae?
2599 1968 2789 2049 Veni,

235 2076 525 2143 quaeso,
578 2067 643 2124 et
688 2054 864 2125 vide.
919 2054 1096 2126 Abiit
1142 2055 1356 2146 igitur
1401 2077 1559 2126 cum
1611 2055 1754 2136 illa,
1807 2054 2132 2144 adjuncto
2182 2056 2313 2126 sibi
2366 2077 2578 2146 puero
2630 2078 2790 2126 suo:

235 2145 665 2232 veniensque
712 2143 794 2214 ad
847 2143 1095 2226 aedes,
1150 2144 1273 2215 ubi
1322 2143 1442 2214 illa
1501 2143 2008 2226 decumbebat,
2061 2144 2278 2215 dixit:
2334 2149 2468 2214 Pax
2530 2156 2783 2216 tecum.

236 2231 369 2302 Illa
396 2254 581 2313 vero,
616 2233 799 2321 quod
840 2234 985 2324 Jam
1023 2253 1354 2303 sensuum
1404 2254 1540 2303 usu
1586 2233 1912 2304 destituta
1957 2245 2154 2310 esset,
2193 2233 2366 2303 nihil
2407 2234 2784 2326 respondit.

237 2326 413 2391 Tum
465 2321 571 2390 vir
598 2334 880 2393 sanctus
927 2322 1221 2423 digitum
1273 2342 1480 2392 suum
1528 2321 1682 2410 ejus
1731 2321 1933 2393 oculo
1979 2341 2361 2413 apponens,
2416 2344 2503 2480 Ἡ)
2557 2322 2790 2392 ellavit

236 2431 389 2479 eam
442 2410 725 2479 nomine
772 2430 943 2492 su0,
998 2423 1091 2481 ita
1140 2410 1420 2480 dicens:
1475 2433 1512 2478 «
1556 2415 1976 2502 Margareta,
2029 2432 2157 2481 cur
2203 2411 2373 2481 adeo
2479 2433 2518 2480 o
2549 2411 2790 2497 oribus

238 2499 631 2590 occupariS,
686 2511 763 2571 ut
811 2499 985 2570 mihi
1033 2521 1170 2570 non
1222 2498 1691 2591 respondeas?
1738 2498 1968 2571 Profer
2015 2521 2429 2574 sermonem.
2476 2513 2552 2570 ut
2587 2500 2790 2570 matri

238 2587 783 2659 consolationem
814 2588 1108 2659 adferas,
1143 2612 1179 2656 »
1228 2591 1349 2660 His
1397 2588 1623 2672 dictis,
1677 2601 1980 2659 ventrem
2029 2589 2182 2679 ejus
2228 2589 2377 2659 oleo
2410 2589 2630 2669 unxit,
2686 2588 2794 2658 di-

237 2698 408 2747 cens
444 2701 458 2745 :
516 2698 551 2744 «
591 2682 792 2748 Sanet
840 2690 928 2758 te,
982 2678 1317 2749 Dominus
1348 2690 1578 2750 noster
1622 2683 1827 2749 Jesus
1865 2677 2175 2749 Christus
2214 2679 2302 2747 ob
2351 2678 2596 2747 merita
2630 2699 2793 2747 san-

232 2765 589 2836 ctissimae
648 2766 879 2836 Matris
945 2788 1152 2837 suae:
1204 2779 1269 2837 et
1329 2767 1507 2837 sicut
1566 2766 1687 2836 illa
1752 2766 2012 2854 absque
2068 2766 2323 2837 damno
2375 2766 2791 2856 virginitatis

238 2855 582 2946 concepit,
635 2867 700 2924 et
747 2855 896 2925 sine
944 2854 1177 2926 dolore
1225 2856 1532 2946 peperit:
1587 2855 1685 2927 sic
1719 2868 1793 2926 tu
1842 2856 2104 2944 absque
2152 2855 2296 2925 ullo
2338 2855 2577 2925 mortis
2617 2855 2792 2946 peri—

237 2943 402 3013 culo
434 2943 600 3014 edas
634 2943 813 3014 hanc
858 2945 1116 3035 prolem
1150 2945 1437 3015 Domino
1466 2945 2032 3015 consecrandam.
2071 2968 2108 3012 »
2158 2944 2355 3025 Dixit,
2394 2956 2461 3013 et
2491 2943 2794 3014 foemina

235 3030 323 3100 ad
390 3052 462 3101 se
525 3031 842 3107 rediens,
917 3033 1371 3103 exclamavit:
1444 3032 1709 3122 Adjuva
1771 3054 1880 3103 me
1941 3034 2162 3104 amice
2224 3034 2385 3102 Dei:
2440 3032 2791 3121 simulque

234 3119 550 3277 &uellam
598 3121 801 3191 enixa
833 3132 934 3192 est
965 3122 1036 3192 in
1071 3121 1319 3212 primis
1365 3122 1775 3212 speciosam,
1829 3142 2038 3211 quam
2076 3134 2305 3215 postea
2343 3122 2632 3191 Domino
2673 3121 2796 3192 de—

289 3221 518 3279 icavlt.

324 3299 362 3386 ἓ
409 3303 560 3371 ίῡ.
614 3303 804 3368 Anno
836 3299 1106 3369 Domini
1143 3297 1513 3370 millesimo
1545 3299 2021 3369 ducentesimo
2057 3298 2783 3391 nonagesimoqnintO,

235 3386 342 3455 vir
381 3386 500 3456 Dei
546 3400 692 3457 erat
737 3388 807 3457 in
859 3399 1036 3458 terra
1082 3400 1341 3469 sancta,
1396 3387 1518 3458 ubi
1572 3388 1889 3460 Judaeus
1952 3387 2237 3476 quidam
2289 3388 2536 3457 crebro
2595 3408 2793 3456 vexa-

235 3475 445 3545 batur
492 3475 729 3546 morbo
778 3475 1132 3546 comitiali.
1171 3475 1520 3547 Adductus
1561 3497 1717 3547 vero
1747 3487 1849 3548 est
1881 3498 1920 3546 a
1962 3476 2366 3567 parentibus
2396 3475 2479 3545 ad
2514 3496 2790 3547 servum

240 3563 493 3635 Christi
541 3564 935 3636 Albertum:
985 3565 1106 3654 qui
1154 3567 1250 3636 ait
1294 3565 1378 3635 ad
1430 3587 1591 3636 eos:
1646 3565 1904 3654 Ecquid
1948 3564 2212 3636 vultis?
2259 3564 2794 3666 Responderunt

236 3651 382 3721 illi:
438 3657 522 3722 Ut
561 3653 750 3726 filius
802 3667 1030 3725 noster
1079 3655 1276 3726 nobis
1322 3653 1694 3726 incolumis
1735 3654 2160 3725 restituatur.
2206 3655 2311 3723 Ait
2349 3676 2455 3722 vir
2497 3654 2608 3722 Dei
2651 3676 2664 3720 :
2722 3653 2791 3735 Si

234 3740 445 3811 vultis
492 3741 769 3812 credere
801 3744 870 3812 in
906 3744 1270 3815 Dominum
1321 3755 1633 3815 nostrum
1683 3748 1921 3814 Jesum
1973 3744 2346 3824 Christum,
2392 3754 2457 3812 et
2505 3747 2787 3811 Matrem

232 3830 385 3921 ejus
432 3829 771 3921 virginem
820 3830 1036 3903 fuisse
1080 3843 1146 3903 et
1193 3832 1264 3901 in
1301 3845 1503 3924 partu
1534 3844 1600 3902 et
1648 3843 1801 3923 post
1850 3845 2149 3922 partum,
2185 3843 2250 3902 et
2297 3844 2563 3902 caetera
2608 3851 2786 3918 quae

235 3918 318 3987 ad
357 3919 522 3988 fidei
573 3920 966 4009 symbolum
1017 3921 1382 4012 pertinent,
1423 3921 1539 3991 fiet
1565 3919 1747 4009 quod
1785 3920 2035 4012 petitis,
2077 3921 2200 3991 Ille
2234 3920 2782 4010 responderunt:

236 4007 305 4076 Si
334 4007 405 4077 in
449 4008 732 4077 nomine
762 4015 929 4081 Jesu
960 4010 1203 4080 Christi
1255 4009 1400 4079 filio
1452 4022 1684 4080 nostro
1733 4008 2118 4083 reddideris
2165 4010 2528 4079 sanitatem
2566 4062 2581 4089 ,
2635 4028 2786 4077 cre-

238 4095 507 4180 demuS,
561 4109 626 4166 et
657 4119 812 4167 eum
848 4120 1053 4187 quem
1156 4097 1488 4180 medicas,
1540 4120 1775 4168 verum
1815 4103 2028 4183 Deum
2069 4097 2578 4169 confitebimur.
2615 4102 2788 4167 Tum

241 4184 344 4253 vir
374 4186 517 4268 Dei,
552 4185 734 4257 edito
769 4199 1044 4258 sanctae
1142 4187 1326 4257 rucis
1375 4187 1597 4277 signo,
1654 4187 1724 4257 in
1776 4185 2125 4256 hominem
2168 4184 2585 4257 comitialem
2621 4186 2789 4257 haec

242 4273 441 4345 verba
492 4276 1020 4365 pronunciavit:
1076 4300 1112 4344 «
1150 4280 1242 4346 Ex
1295 4274 1457 4345 ellat
1502 4296 1540 4345 a
1590 4287 1652 4346 te
1701 4275 2011 4347 Christus
2061 4275 2338 4346 morbos
2385 4296 2672 4357 omnes,
2731 4275 2789 4347 si

237 4383 392 4433 vera
442 4377 607 4435 sunt
652 4385 829 4453 quae
889 4387 1016 4457 ego
1063 4365 1149 4435 de
1206 4365 1325 4435 ilo
1375 4363 1719 4455 praedico.
1775 4386 1812 4432 »
1862 4364 1982 4434 Vix
2029 4385 2110 4435 ea
2156 4364 2455 4447 dixerat,
2521 4377 2586 4435 et
2632 4385 2787 4434 eve-

235 4452 440 4542 stigio
489 4452 697 4525 homo
726 4474 957 4525 coram
994 4454 1321 4525 omnibus
1367 4466 1650 4524 curatus
1688 4465 1792 4526 est
1819 4453 2280 4545 integerrime,
2318 4476 2442 4526 nec
2474 4474 2786 4543 unquam
