3308 5004
612 333 745 403 178
1201 351 1283 400 nu
1324 351 1385 399 s.
1438 350 1773 400 naumann
1819 351 1966 399 Ant.
2015 349 2400 400 emmanu..
2750 278 2938 402 Aue.
2991 336 3091 402 m

522 442 707 529 Rege
756 436 1073 527 piissimo
1121 441 1539 507 Francorum
1577 434 1920 507 Ludovico
1945 435 2264 508 alacriter
2305 450 2374 508 et
2419 436 2798 508 honorifice
2843 455 3091 508 susce·

522 539 686 617 ptus
715 539 842 596 est.
894 525 1063 596 Inde
1109 546 1149 595 a
1196 524 1537 595 Gaufredo
1584 525 1983 596 carnotensi
2025 526 2361 617 Episcopo
2404 548 2815 618 magnarum
2855 526 3091 597 virtu-

522 627 669 685 tum
706 615 876 697 viro,
912 619 1279 685 Carnotum
1316 612 1688 684 deducitur
1716 636 1733 682 t
1761 614 1885 684 ubi
1915 614 2119 684 etiam
2153 615 2527 707 Anglorum
2562 616 2907 706 gloriosus
2938 620 3091 686 Rex

520 703 865 776 Henricus
927 725 1088 773 cum
1140 702 1442 774 maximo
1487 702 1552 772 ei
1612 703 2110 795 Episcoporum
2177 717 2244 776 et
2303 723 2667 796 procerum
2728 704 3084 775 comitatu

518 793 844 865 occurrit.
897 796 1099 863 Hunc
1151 812 1428 879 quoque
1460 796 1712 883 Regem
1766 792 2179 863 venerabilis
2234 793 2460 865 Abbas
2520 793 2607 863 ad
2656 814 3092 885 eum-prae—

519 882 780 953 missus
828 880 1150 951 adduxit:
1203 899 1411 968 quem
1484 881 1591 950 vix
1643 882 1985 970 persuasit
2035 884 2518 953 Innocentium
2583 883 2929 973 recipere,
2983 882 3084 953 ab

518 971 879 1062 Episcopis
925 968 1210 1062 Angliae
1242 968 1519 1060 penitus
1566 969 1995 1041 dissuasum.
2034 974 2201 1041 Cum
2250 973 2437 1041 enim
2485 971 2908 1043 omnimodis
2973 993 3087 1041 re—

513 1060 904 1130 calcitraret
948 1072 1014 1130 et
1040 1058 1467 1140 detrectaret,
1521 1058 1656 1128 ait:
1695 1080 1732 1126 «
1763 1058 1939 1143 Quid
1993 1059 2237 1134 times?
2275 1060 2502 1131 Times
2551 1066 2909 1151 peccatum
2959 1061 3085 1129 in-

513 1170 819 1230 currere,
861 1148 920 1217 si
967 1146 1252 1218 obedias
1296 1147 1753 1218 Innocentio?
1796 1149 2054 1239 Cogita,
2107 1149 2357 1238 inquit,
2395 1149 2746 1237 quomodo
2791 1150 2879 1220 de
2903 1148 3075 1220 aliis

519 1237 820 1329 peccatis
884 1236 1306 1328 respondeas
1371 1241 1545 1306 Deo:
1619 1236 1807 1307 istud
1860 1237 2034 1306 mihi
2099 1238 2452 1397 relinque:
2522 1239 2594 1308 in
2648 1259 2756 1308 me
2802 1239 2893 1310 sit
2940 1238 3079 1309 hoc

514 1340 953 1418 peccatum.»
999 1325 1094 1396 Ad
1133 1325 1262 1395 hoc
1303 1326 1586 1396 verbum
1641 1347 2017 1417 persuasus
2057 1332 2195 1398 Rex
2243 1327 2290 1398 il
2323 1350 2360 1396 e
2395 1342 2530 1398 tam
2567 1341 2831 1419 potenS,
2861 1327 3080 1397 etiam

513 1429 702 1487 extra
962 1436 1079 1484 um
1154 1434 1363 1485 suum
1439 1414 1723 1485 domino
1768 1420 1993 1507 Papae
2068 1416 2372 1487 occurrit
2429 1438 2651 1504 usque
2700 1421 3078 1487 carnotum

509 1436 1183 1595 (Chartrffiffnmulta
1242 1502 1339 1573 ibi
1370 1502 1555 1573 dicta
1592 1517 1660 1575 et
1707 1504 1886 1574 facta
1924 1516 2111 1587 sunt,
2168 1506 2524 1594 multaque
2563 1505 2659 1576 ibi
2727 1505 3082 1576 secularia

511 1606 580 1664 et
624 1592 1094 1665 ecclesiastica
1140 1591 1411 1683 negotia
1444 1591 1754 1670 definita.
1808 1594 2083 1664 Reversi
2137 1591 2225 1663 de
2271 1594 2641 1665 Germania
2687 1593 2894 1686 legati
2950 1593 3080 1664 do-

514 1682 689 1752 mini
722 1688 968 1773 Papae,
1025 1694 1161 1752 tam
1198 1681 1698 1772 Episcoporum
1795 1705 1957 1753 uam
2012 1682 2216 1773 Regis
2261 1704 2677 1754 consensum
2727 1698 2796 1754 et
2839 1682 3085 1756 literas

511 1771 935 1851 detulerunt,
968 1782 1035 1840 et
1058 1770 1611 1861 deprecationem
1667 1793 1761 1863 pu
1815 1771 2047 1855 licam,
2083 1784 2161 1842 ut
2189 1772 2273 1842 ad
2302 1794 2420 1843 eos
2467 1773 2834 1853 transiens,
2871 1794 3080 1844 suam

511 1861 612 1931 eis
657 1859 1117 1931 desideratam
1190 1858 1593 1930 exhiberent
1668 1860 2154 1951 praesentiam.
2210 1862 2433 1932 Facile
2502 1862 2688 1931 enim
2757 1862 3082 1952 persuasi

513 1963 678 2020 sunt
724 1948 1030 2039 recipere
1080 1968 1268 2030 eum,
1326 1970 1532 2050 quem
1589 1949 1732 2018 'am
1771 1949 2022 2019 caeteri
2073 1951 2514 2040 recepissent.
2570 1951 2698 2020 Sed
2765 1950 3071 2020 detinuit

510 2058 671 2107 eum
708 2035 985 2108 dilectio
1031 2048 1097 2106 et
1143 2036 1411 2108 devotio
1449 2058 1567 2107 ecc
1596 2038 1781 2108 esiae
1827 2036 2244 2121 Gallicanae,
2297 2053 2364 2112 et
2397 2038 2669 2132 ‚singuli
2717 2053 2784 2109 et
2828 2060 3078 2112 omnes

511 2125 976 2197 visitationem
1023 2126 1480 2217 Apostolicam
1531 2127 1964 2217 expetebant.

599 2216 638 2303 ξ
683 2220 777 2288 ὅ.
827 2214 1244 2286 Perlustrata
1293 2215 1508 2308 igitur
1553 2216 1864 2298 Francia,
1903 2214 2188 2289 Rbemis
2237 2216 2635 2288 convocavit
2660 2214 3068 2286 concilium:

508 2302 584 2372 in
632 2324 771 2392 quo
811 2303 1052 2374 multis
1098 2303 1182 2374 ad
1217 2305 1548 2374 honorem
1587 2305 1705 2375 Dei
1751 2305 2133 2396 dispositiS,
2187 2310 2439 2397 Regem
2483 2306 2935 2385 Ludovicum,
2979 2306 3076 2375 vi-

508 2406 705 2463 vente
754 2406 967 2484 patre,
1013 2414 1135 2484 pro
1166 2392 1489 2484 Philippo
1528 2394 1737 2464 fratre
1782 2395 2136 2465 coronavit
2166 2394 2238 2466 in
2290 2400 2568 2486 Regem,
2609 2408 2676 2464 et
2712 2394 2931 2464 unxit.
2985 2399 3069 2464 In

507 2481 838 2555 omnibus
883 2480 1216 2554 dominus
1252 2486 1439 2575 Papa
1492 2483 1819 2555 Abbatem
1873 2507 1915 2554 a
1962 2506 2035 2555 se
2083 2486 2390 2573 separari
2440 2506 2578 2567 non
2635 2483 3067 2576 patiebatur:

510 2571 631 2643 sed
677 2592 837 2642 cum
880 2571 1370 2644 cardinalibus
1410 2572 1618 2645 rebus
1667 2573 1971 2663 publicis
2017 2574 2385 2645 assidebat.
2428 2574 2555 2645 Sed
2598 2587 2665 2643 et
2714 2572 3065 2664 privatim,

507 2674 843 2749 quotquot
892 2661 1239 2732 habebant
1268 2661 1563 2753 negotia,
1609 2662 1834 2732 virum
1871 2662 1987 2731 Dei
2030 2663 2364 2735 secretius
2395 2662 2874 2733 consulebant.
2911 2666 3075 2820 Iflse

505 2771 666 2820 vero
698 2750 938 2821 audita
986 2750 1323 2820 referebat
1367 2750 1453 2820 ad
1494 2750 1791 2832 curiam,
1841 2762 1909 2821 et
1954 2772 1995 2820 o
2051 2752 2306 2840 pressis
2356 2751 2739 2843 patrocinia
2783 2751 2939 2820 exhi
2993 2772 3073 2818 e·-

504 2838 645 2910 bat.
686 2839 910 2930 Igitur
960 2838 1186 2909 soluto
1218 2838 1539 2920 concilio,
1594 2839 1923 2909 Leodium
2023 2841 2304 2911 ominus
2349 2847 2535 2931 Papa
2591 2844 3071 2910 Romanorum

506 2928 675 3019 Regi
722 2928 1047 3010 occurrit,
1102 2942 1169 2998 et
1216 2926 1595 2998 honorifice
1651 2928 1936 3015 quidem
1985 2941 2352 3020 susceptus
2397 2944 2524 3013 est,
2577 2929 2694 2999 sed
2747 2927 3070 2998 velociter

502 3016 912 3087 obnubilata
959 3028 1063 3086 est
1111 3016 1230 3086 illa
1270 3018 1628 3088 serenitas.
1685 3016 2041 3106 Siquidem
2090 3017 2491 3107 importune
2537 3018 2720 3088 idem
2772 3024 2910 3088 Rex
2956 3016 3067 3086 in·

504 3104 702 3186 stitit,
754 3117 1028 3195 tempus
1075 3127 1148 3175 se
1194 3105 1448 3176 habere
1481 3118 1815 3195 reputans
1857 3118 2352 3197 opportunum,
2393 3108 2891 3199 Episcoporum
2927 3105 3071 3176 sibi

502 3193 774 3263 restitui
806 3193 1271 3276 investituras»,
1318 3216 1495 3283 quas
1522 3196 1613 3266 ab
1650 3195 1808 3282 ejus
1844 3195 2364 3285 praedecessore
2413 3202 2836 3288 Imperatore
2882 3200 3069 3265 Hen-

503 3281 649 3351 rico
696 3303 818 3371 per
850 3282 1189 3353 maximos
1250 3283 1532 3372 quidem
1605 3283 1878 3355 labores
1923 3297 1989 3354 et
2051 3284 2363 3375 pericula
2436 3285 2696 3367 multa,
2750 3290 3066 3356 Romana

502 3369 806 3440 Ecclesia
876 3370 1294 3443 vendicarat.
1370 3371 1466 3442 Ad
1513 3372 1702 3459 quod
1772 3373 2060 3443 verbum
2106 3395 2479 3476 expavere,
2539 3389 2607 3445 et
2666 3372 3069 3463 expalluere

505 3459 821 3536 Romani.
853 3459 1137 3549 gravius
1183 3481 1257 3530 se
1300 3459 1489 3551 apud
1526 3459 1854 3532 Leodium
1895 3462 2206 3534 arbitrati
2242 3462 2633 3555 periculum
2659 3460 3061 3544 offendisse,

501 3568 713 3636 quam
759 3546 1274 3619 declinaverant
1319 3554 1600 3621 Romae.
1676 3555 1810 3621 Nec
1881 3551 2254 3624 consilium
2316 3552 2773 3644 suppetebat,
2836 3550 3066 3620 donec

502 3658 789 3708 murum
839 3658 912 3707 se
938 3638 1265 3739 opposuit
1306 3638 1533 3711 Abbas
1567 3651 1874 3711 sanctus
1911 3640 2249 3712 Audacter
2278 3642 2463 3712 enim
2506 3642 2834 3711 resistens
2863 3639 3063 3732 Regi,

503 3727 789 3829 verbum
840 3726 1228 3819 malignum
1266 3728 1443 3798 mira
1474 3727 1787 3800 libertate
1818 3729 2196 3821 redarguit,
2228 3731 2406 3801 mira
2437 3731 2843 3801 auctoritate
2871 3750 3068 3799 com-

550 3828 800 3887 escun.

504 3839 548 3908 p
588 3908 626 3994 ξ
673 3911 769 3978 θ.
823 3905 1122 3976 Rediens
1166 3917 1398 3977 autem
1448 3927 1488 3976 a
1535 3905 1809 3990 Leodio,
1862 3905 2310 3977 claravallem
2362 3906 2695 3979 dominus
2731 3913 2914 3998 Papa
2945 3927 3069 3997 per

501 3995 952 4086 semetipsum
1001 3994 1218 4066 voluit
1265 3994 1563 4065 visitare.
1622 3996 1748 4066 Ubi
1795 4018 1838 4065 a
1888 3996 2316 4087 pauperibus
2363 3997 2639 4077 Christi,
2706 4017 2844 4067 non
2900 4017 3068 4087 pur-

499 4086 677 4241 ssura
706 4097 774 4155 et
811 4085 1018 4175 bysso
1066 4083 1354 4165 ornatis,
1411 4106 1536 4155 nec
1584 4106 1748 4155 cum
1786 4083 2140 4156 deauratis
2187 4084 2578 4176 Evangeliis
2632 4086 3069 4157 occurrenti-

549 4193 656 4254 us,
713 4172 833 4243 sed
886 4173 1215 4263 pannosis
1243 4174 1644 4265 agminibus
1701 4173 2137 4264 scopulosam
2192 4173 2668 4263 baJulantibus
2717 4179 3054 4245 Crucem:

502 4282 640 4330 non
702 4261 1277 4333 tumultuantium
1325 4261 1778 4334 classicorum
1848 4263 2185 4343 tonitruo,
2250 4283 2387 4333 non
2447 4263 2752 4335 clamosa
2789 4262 3063 4353 jubila-

502 4348 710 4433 tione,
734 4350 852 4420 sed
888 4373 1262 4442 suppressa
1289 4351 1759 4423 modulatione
1790 4352 2357 4424 affectuosissime
2378 4365 2741 4443 susceptus
2758 4365 2887 4422 est.
2914 4350 3062 4421 Fle-

500 4438 673 4509 bant
700 4438 1046 4530 Episcopi,
1090 4440 1296 4511 flebat
1330 4441 1477 4533 ipse
1506 4464 1829 4515 summus
1867 4441 2194 4525 Pontifex,
2231 4454 2299 4513 et
2343 4462 2586 4513 omnes
2619 4441 3056 4514 mirabantur
