3308 5004
696 316 825 383 460
1620 329 1700 378 or
1749 329 1805 380 s.
1859 327 2165 380 nonnum
2875 308 3059 382 Ana.
3103 312 3138 386 t

602 435 883 502 aquam,
937 411 1012 481 in
1061 410 1299 480 vinum
1349 408 1546 482 valde
1571 409 1833 480 bonum
1887 419 2248 490 mutatam,
2294 406 2384 479 ad
2431 407 2837 490 satietatem,
2868 409 3143 496 Domino

603 502 863 595 gratias
910 513 1214 603 agentes.
1256 498 1746 589 Superfuitque
1793 497 1880 568 de
1910 497 2110 582 vino,
2162 496 2346 586 quod
2397 509 2544 569 erat
2588 497 2690 572 eis
2741 496 2990 585 Christi
3034 498 3144 571 be-

603 590 854 662 neficio
902 589 1400 661 ministratum.

691 683 729 770 ξ
774 684 916 753 14.
996 684 1046 749 Α
1092 676 1332 747 Tolosa
1381 675 1830 767 proficiscens
1902 675 2237 748 Lutetiam
2287 673 2417 775 vir·
2464 686 2749 748 sanctus
2777 730 2794 758 ,
2848 696 3007 750 cum
3063 675 3145 749 ad

603 775 871 860 Rupem
913 767 1326 839 Amatoriam
1362 765 1685 845 venisset,
1741 763 1998 834 ibidem
2050 764 2120 835 in
2173 762 2464 835 ecclesia
2523 764 2961 838 beatissimae
3017 770 3150 837 Ma·

605 859 729 930 tris
778 857 893 929 Dei
926 855 1225 948 vigilans
1274 853 1722 946 pernoctavit,
1774 865 1841 924 et
1887 852 2179 932 itineris,
2232 864 2299 923 et
2348 853 2618 943 pietatis
2664 853 2983 925 comitem
3031 855 3152 926 ha·

602 947 776 1018 bens
815 952 884 1016 F.
939 943 1420 1025 Bertrandum,
1474 943 1699 1013 virum
1736 956 2082 1023 sanctum,
2116 942 2239 1030 qui
2287 940 2416 1011 fuit
2452 943 2852 1015 Provinciae
2890 942 3153 1033 primus

603 1036 797 1108 Prior
825 1032 1298 1106 Provincialis.
1331 1031 1555 1102 Altera
1604 1032 1758 1104 luce
1804 1031 1933 1101 iter
1979 1052 2217 1122 agens,
2269 1030 2506 1101 obvios
2534 1030 2775 1102 habuit
2820 1031 3153 1119 quosdam

652 1125 1005 1216 eregrinos
1055 1125 1430 1193 Teutones:
1495 1120 1616 1208 qui
1674 1119 2036 1193 audientes
2082 1141 2245 1191 eum
2285 1141 2446 1190 cum
2497 1121 2684 1192 socio
2741 1120 3046 1211 psalmos
3089 1133 3153 1191 et

629 1214 930 1286 ectiones
955 1211 1196 1283 crebro
1231 1210 1540 1291 recitare,
1586 1209 1697 1300 pie
1730 1208 2109 1282 admodum
2145 1230 2217 1281 se
2252 1208 2392 1278 illis
2427 1207 2851 1299 adiunxere:
2903 1221 3153 1284 etcum

603 1303 690 1373 ad
744 1324 1003 1395 pagum
1053 1298 1425 1387 quemdam
1480 1299 1849 1380 venissent,
1911 1298 2291 1368 invitarunt
2347 1312 2647 1379 sanctos,
2684 1310 2750 1369 et
2798 1318 2986 1370 more
3032 1319 3156 1372 suo

606 1393 790 1465 laute
821 1413 939 1461 eos
971 1398 1410 1478 acceperunt,
1441 1387 1680 1458 eodem
1733 1387 1940 1458 modo
1971 1387 2219 1458 diebus
2264 1397 2566 1475 quatuor
2611 1408 2729 1458 eos
2764 1398 3153 1460 tractantes.

604 1482 867 1563 Quarto
915 1491 1144 1548 autem
1186 1477 1300 1546 die
1346 1476 1813 1567 ingemiscens
1846 1476 2091 1548 beatus
2139 1476 2262 1558 vir,
2308 1475 2481 1545 dixit
2526 1475 2613 1550 ad
2661 1475 2956 1550 sociumz
2986 1481 3158 1549 «Re-

603 1590 786 1648 vera,
838 1566 1068 1649 frater,
1122 1566 1345 1636 sentio
1396 1587 1502 1636 me
1542 1565 1808 1638 laesum
1857 1567 1927 1635 in
1968 1565 2415 1646 conscientia,
2454 1564 2639 1652 quod
2675 1565 2922 1640 horum
2965 1587 3162 1656 pere·

654 1658 967 1727 rinorum
1017 1654 1324 1726 carnalia
1370 1655 1718 1736 metimus,
1765 1676 1926 1725 cum
1976 1657 2077 1725 eis
2123 1652 2465 1744 spiritalia
2516 1675 2650 1724 non
2703 1653 3153 1728 seminemus.

604 1680 677 1818 {j
726 1745 949 1838 placet
993 1766 1180 1836 ergo,
1220 1744 1414 1814 flexis
1460 1744 1759 1835 genibus
1821 1765 2147 1835 rogemus
2200 1742 2592 1823 Dominum,
2648 1755 2727 1815 ut
2783 1742 2898 1813 det
2958 1743 3161 1816 nobis

603 1835 1067 1927 cognitionem
1118 1833 1458 1902 sermonis
1503 1854 1770 1913 eorum,
1826 1845 1892 1903 et
1937 1844 2016 1903 ut
2079 1831 2432 1923 possimus
2488 1832 2894 1902 Germanice
2941 1830 3157 1990 lotLuL

605 1938 671 1996 et
705 1924 1072 1996 Dominum
1106 1921 1341 1991 Jesum
1383 1921 1483 1992 eis
1517 1922 2022 1992 annunciare.»
2070 1920 2339 1991 Oranti
2394 1920 2555 1999 itur,
2604 1932 2671 1990 et
2721 1921 3022 2010 stupenti
3082 1944 3164 1994 us

607 2012 1040 2104 peregriniS,
1116 2010 1498 2097 loquuntur
1546 2013 1957 2082 Teutonice:
2038 2010 2248 2097 idque
2307 2031 2345 2079 a
2380 2009 2466 2081 iis
2511 2009 2759 2081 diebus
2806 2021 3112 2097 quatuor
3143 2065 3161 2093 ,

606 2101 865 2189 quibus
912 2121 1073 2170 cum
1123 2100 1227 2169 eis
1261 2098 1781 2189 gradiebantur,
1833 2111 1900 2170 et
1945 2098 2032 2168 de
2081 2098 2368 2169 Domino
2417 2097 2764 2169 Salvatore
2811 2120 3168 2174 sermones

609 2190 1016 2261 miscebant.
1078 2187 1379 2257 Tandem
1444 2187 1566 2259 ubi
1630 2187 1973 2259 Aureliam
2026 2200 2305 2258 ventum
2362 2198 2487 2267 est,
2544 2190 2880 2258 Teutones
2926 2187 3015 2257 ab
3064 2188 3170 2259 eis

608 2290 1061 2358 recesserunt,
1117 2276 1395 2347 illorum
1449 2276 1772 2368 precibus
1808 2299 1878 2350 se
1911 2276 2270 2347 humiliter
2315 2275 2906 2348 commendantes.
2942 2275 3170 2349 Altero

608 2367 722 2438 die
771 2368 1012 2438 beatus
1062 2365 1463 2437 Dominicus
1496 2365 1669 2440 dixit
1717 2366 1947 2437 fratri:
1985 2388 2020 2433 a
2047 2371 2202 2435 Jam
2242 2364 2452 2434 frater
2500 2364 2934 2455 ingredimur
2965 2370 3170 2438 Lute-

609 2456 801 2539 tiam,
837 2468 903 2527 et
958 2455 1016 2526 si
1070 2455 1518 2547 cognoverint
1562 2454 1830 2538 fratres,
1882 2454 2217 2525 divinitus
2265 2475 2391 2527 nos
2447 2455 2796 2545 accepisse
2844 2454 3169 2545 peritiam

606 2545 815 2618 alieni
866 2546 1231 2625 sermonis,
1291 2568 1414 2616 nos
1464 2558 1740 2616 sanctos
1802 2545 2187 2636 putabunt,
2240 2565 2402 2614 cum
2446 2544 2668 2614 simus
2720 2556 3164 2634 peccatores:

607 2635 694 2707 ad
746 2634 1092 2706 seculares
1141 2656 1298 2705 vero
1345 2633 1402 2704 si
1453 2632 1889 2725 divulgatum
1929 2633 2080 2713 erit,
2114 2633 2372 2704 multae
2420 2634 2814 2723 patebimus
2852 2633 3166 2707 vanitati.

610 2725 1067 2808 Quamobrem
1132 2723 1483 2814 praecipio
1532 2723 1700 2804 tibi,
1770 2744 1854 2795 ne
1892 2723 2221 2809 cuiquam
2275 2721 2669 2792 mortalium
2721 2734 2879 2791 ante
2929 2743 3170 2799 meum

607 2814 873 2884 obitum
925 2812 993 2882 id
1043 2811 1392 2884 reveles.»
1443 2815 1546 2882 lta
1594 2811 1794 2881 latuit
1843 2832 1974 2892 reS,
2021 2810 2237 2880 donec
2302 2825 2539 2881 sancto
2589 2810 2733 2883 viro
2784 2809 3117 2883 defuncto
3149 2866 3168 2894 ,

609 2923 734 2992 per
767 2906 836 2971 F.
881 2900 1332 2970 Bertrandum
1376 2899 1461 2970 ad
1511 2899 1809 2971 aliorum
1849 2900 2163 2970 notitiam
2262 2898 2476 2969 erlata
2524 2912 2650 2971 est.

698 2992 735 3077 ξ
781 2995 926 3063 15.
979 2992 1113 3058 Iste
1147 2992 1215 3058 F.
1269 2987 1692 3059 Bertrandus
1741 2988 1844 3057 vir
1877 2998 2158 3060 sanctus
2222 2987 2348 3068 uit,
2399 3000 2467 3057 et
2516 2987 2808 3079 primus,
2865 2999 2944 3058 ut
2990 2987 3180 3059 dixi-

612 3099 794 3157 mus,
840 3076 1235 3147 Provinciae
1282 3076 1733 3149 Provincialis
1769 3077 1985 3159 Prior,
2025 3075 2424 3161 solebatque
2471 3075 2609 3149 fere
2648 3075 2960 3164 quotidie
3011 3079 3181 3148 Mis-

612 3187 759 3236 sam
812 3187 936 3257 pro
1017 3165 1267 3238 eccatis
1313 3165 1681 3235 celebrare.
1717 3166 2117 3236 Sciscitante
2154 3176 2383 3236 autem
2424 3184 2504 3235 ex
2551 3187 2631 3235 eo
2662 3170 2732 3235 F.
2769 3164 3173 3249 Benedicto,

612 3254 759 3324 viro
857 3277 939 3325 ru
988 3266 1182 3334 ente,
1238 3277 1367 3324 cur
1432 3275 1586 3323 raro
1635 3276 1761 3345 pro
1807 3253 2174 3335 defunctiS,
2232 3253 2638 3343 saepissime
2686 3276 2811 3344 pro
2864 3255 3180 3344 peccatis

614 3277 1055 3422 sacrificaret,
1111 3342 1227 3413 ille
1256 3342 1644 3433 respondit:
1677 3343 1824 3415 vita
1873 3343 2203 3421 defuncti,
2238 3341 2323 3411 de
2362 3365 2489 3412 sua
2525 3342 2744 3413 salute
2768 3342 2936 3413 certi
2969 3357 3172 3417 sunt:

615 3452 740 3501 nos
783 3433 850 3500 in
894 3431 1221 3532 periculis
1277 3432 1724 3504 fluctuamus.
1778 3433 1881 3502 Ait
1945 3432 2044 3502 illi
2081 3436 2149 3501 F.
2204 3430 2654 3502 Benedictus:
2709 3431 2781 3503 Si
2840 3431 2978 3503 sint
3024 3432 3182 3504 duo

616 3519 939 3600 mendici,
977 3520 1149 3590 alter
1194 3520 1383 3592 sanis
1425 3521 1792 3602 membriS,
1833 3520 2007 3593 alter
2052 3520 2137 3590 iis
2191 3541 2472 3592 carens:
2527 3519 2663 3591 utri
2724 3519 3183 3611 potissimum

613 3608 1111 3697 opitulaberis?
1155 3608 1562 3700 Respondit:
1621 3610 1723 3681 illi
1773 3631 1978 3690 sane,
2035 3609 2158 3696 qui
2218 3630 2290 3678 se
2342 3607 2575 3681 minus
2619 3609 2866 3699 juvare
2914 3623 3171 3700 potest.

614 3701 783 3767 Tum
835 3697 1286 3768 Benedictus:
1340 3698 1707 3782 Nimirum,
1764 3698 2011 3786 inquit,
2068 3698 2117 3767 ii
2165 3708 2329 3768 sunt
2375 3695 2705 3778 defuncti,
2749 3697 3012 3785 quibus
3043 3719 3189 3768 neo

611 3808 691 3856 os
736 3787 954 3857 estad
1004 3786 1504 3868 confitendum,
1562 3809 1685 3857 nec
1734 3810 1985 3859 manus
2032 3788 2115 3857 ad
2166 3785 2639 3878 operandum:
2685 3786 2804 3856 sed
2859 3798 3184 3857 nostram

612 3896 814 3966 opem
867 3874 1241 3967 postulant.
1294 3874 1440 3945 Vivi
1488 3889 1719 3946 autem
1774 3889 2163 3967 peccatores
2210 3887 2275 3945 ct
2325 3897 2402 3946 os
2447 3885 2513 3944 et
2564 3897 2815 3945 manus
2861 3874 3182 3961 habeut,

613 3974 679 4034 et
730 3977 1019 4053 possunt
1071 3964 1156 4034 iis
1196 3963 1332 4036 sibi
1362 3964 1745 4036 consulere.
1786 3965 1911 4035 Sed
1947 3986 2107 4035 cum
2148 3987 2183 4034 a
2237 3964 2570 4034 sententia
2601 3986 2728 4034 sua
2764 3985 2896 4033 non
2948 3963 3199 4035 dedu-

614 4065 884 4124 ceretur
932 4054 1392 4135 Bertrandus,
1454 4054 1768 4141 sequenti
1817 4064 2015 4126 nocte
2072 4053 2358 4140 quidam
2414 4052 2738 4124 terribilis
2797 4051 3197 4125 defunctus

616 4143 942 4231 apparuit
987 4142 1074 4221 ei,
1109 4155 1176 4212 et
1207 4141 1392 4213 fasce
1424 4141 1773 4234 lignorum
1828 4142 2001 4212 mire
2028 4164 2186 4212 eum
2224 4141 2655 4232 compressit,
2697 4154 2904 4228 atque
2937 4140 3196 4213 decies

616 4241 682 4299 et
726 4250 806 4300 eo
853 4230 1158 4321 amplius
1193 4230 1310 4302 illa
1346 4245 1541 4302 nocte
1566 4253 1726 4302 eum
1778 4232 2083 4302 excitans
2118 4230 2484 4321 perterruit
2506 4241 2572 4299 et
2619 4230 2906 4300 vexavit.
2944 4231 3202 4321 Igitur

620 4318 999 4409 prodeunte
1044 4323 1295 4391 aurora
1345 4324 1413 4390 F.
1469 4321 1911 4391 Benedictum
1963 4320 2049 4390 ad
2099 4342 2172 4391 se
2215 4333 2445 4400 vocat,
2501 4333 2735 4389 narrat
2784 4319 2991 4390 totius
3043 4341 3197 4391 no·-

617 4407 746 4478 ctis
775 4407 1128 4479 historiam
1158 4431 1173 4476 :
1205 4408 1365 4478 inde
1406 4408 1725 4500 religiose
1748 4421 1814 4480 et
1840 4407 2435 4500 lacrymabundus
2461 4408 2546 4478 ad
2577 4430 2766 4481 aram
2796 4407 3183 4491 accedenS,
