3308 5004
754 337 885 402 7⁴0
1280 350 1349 400 nt
1395 349 1589 398 usto
1636 349 1975 399 amatur.
2029 350 2085 397 ε.
2138 347 2366 398 som.
2417 347 2600 395 aut.
2917 329 3147 396 ΑΗΕ.
3199 331 3257 394 29

664 462 707 509 a
755 437 1069 528 patribus
1113 437 1201 506 de
1246 457 1326 504 eo
1374 434 1621 505 tradita
1678 448 1858 505 tenet
1905 434 2205 505 narratio
2234 487 2251 515 ,
2302 455 2469 504 cum
2521 431 2728 502 vitam
2790 432 3257 522 produxisset

664 548 888 616 usque
933 525 1016 596 ad
1063 525 1291 617 ipsum
1322 524 1437 595 Dei
1469 537 1537 594 et
1584 523 1954 595 salvatoris
1988 522 2205 593 nostri
2234 534 2462 593 ortum
2494 521 2892 592 secundum
2930 544 3257 600 carnem.

666 628 735 686 et
781 637 939 686 curn
997 615 1325 685 maternis
1372 613 1562 683 ulnis
1614 635 1774 684 eum
1833 613 2115 684 vidisset
2161 611 2448 705 gestari,
2501 623 2568 681 et
2614 612 2714 682 sic
2763 610 2860 681 ab
2909 633 3003 681 ea
3063 633 3257 701 saepe

664 706 736 775 in
787 703 1131 793 templum'
1196 701 1564 785 introduci,
1617 714 1685 773 et
1746 724 1905 773 eum
1950 723 2102 773 esse
2167 709 2374 772 Deum
2435 700 2721 770 minime
2793 700 3256 790 ignorasset.

668 816 792 884 pro
869 815 1027 862 erea
1072 793 1137 861 ei
1184 791 1521 874 concedit,
1584 804 1664 862 ut
1713 791 2146 882 ingrediatur
2192 790 2263 859 in
2312 802 2552 859 sancta
2589 801 3050 870 sanctorum,
3101 814 3256 860 cum

665 807 1100 972 cogffilvisset
1144 903 1299 951 eam
1347 902 1497 952 esse
1535 875 1936 970 'Deiparam,
1988 893 2056 949 et
2103 891 2183 954 ut
2235 877 2380 948 illic
2425 889 2578 959 stet,
2632 878 2698 947 ei
2739 877 2851 948 lar
2913 879 3076 949 itur
3119 902 3254 969 pro

669 985 819 1063 pter
862 968 1361 1045 excellentiam.
1419 969 1545 1040 Sed
1600 971 1770 1052 haec
1822 968 2103 1058 quidem
2150 969 2244 1037 ita
2290 989 2365 1038 se
2411 966 2785 1038 habebant.
3019 983 3250 1038 autem

667 1082 777 1132 res
822 1060 1151 1130 clariores
1197 1080 1277 1128 ex
1321 1057 1608 1129 ludaeis
1650 1059 1780 1148 (ita
1825 1059 2011 1127 enim
2068 1056 2237 1138 vult,
2284 1076 2465 1144 quae
2513 1055 2836 1136 traditur,
2910 1058 3250 1127 narratio]

666 1149 752 1221 ad
805 1149 978 1219 iram
1031 1146 1370 1229 accendit,
1423 1160 1489 1217 et
1534 1147 1767 1230 efficit,
1823 1159 1898 1216 ut
1947 1147 2015 1215 in
2064 1168 2296 1216 senem
2357 1145 2654 1235 graviter
2710 1145 3126 1216 insaniant.
3182 1151 3248 1215 Et

665 1240 853 1308 enim
904 1237 1303 1317 audiebant,
1357 1237 1604 1324 inquit,
1661 1236 1750 1306 ab
1804 1257 1884 1305 eo
1929 1241 2181 1326 Regem
2235 1249 2504 1305 creatae
2542 1247 2838 1304 naturae
2872 1235 2972 1304 ad
3015 1236 3230 1305 huma

669 1349 830 1397 nam
884 1327 1151 1397 venisse
1198 1325 1737 1416 generationem.
1793 1330 1970 1394 Metu
2015 1347 2203 1425 ergo,
2257 1345 2344 1394 ne
2391 1324 2558 1425 Regi
2603 1325 2972 1413 parerent,
3019 1326 3242 1394 conci·

666 1416 871 1506 piunt
920 1415 1249 1504 laborem,
1304 1426 1382 1484 ut
1428 1414 1524 1483 ait
1569 1415 1810 1495 lsaias,
1854 1427 1920 1483 et
1958 1427 2240 1503 pariunt
2285 1412 2761 1499 iniquitatem:
2816 1425 2893 1483 et
2934 1437 3120 1485 cum
3152 1437 3239 1484 es-

668 1518 820 1575 sent
871 1504 1203 1593 proclives
1250 1502 1334 1572 ad
1407 1501 1743 1572 malitiam
1775 1557 1792 1584 ‚
1857 1515 1922 1571 et
1976 1500 2478 1572 effundendum
2544 1501 2988 1590 sanguinem
3020 1557 3044 1584 ,
3123 1525 3230 1572 non

669 1594 905 1663 minus
952 1615 1160 1679 quam
1212 1612 1462 1679 aquam
1513 1613 1551 1660 e
1599 1612 1840 1672 manu,
1889 1613 2026 1660 una
2075 1602 2272 1661 nocte
2321 1589 2391 1659 in
2444 1589 2786 1679 templum
2841 1590 3232 1681 irrumpen-

669 1695 791 1761 teS,
848 1683 916 1750 in
950 1694 1326 1770 conspectu
1358 1678 1597 1750 altaris
1624 1680 1954 1750 occidunt
1986 1679 2410 1749 Zachariam.
2447 1678 2704 1748 Deinde
2731 1700 2914 1749 cum
2957 1682 3228 1770 sanguis

669 1770 895 1841 locum
948 1769 1324 1838 admodum
1375 1780 1843 1850 cruentasset,
1894 1782 1962 1838 et
2007 1769 2287 1840 caedem
2330 1767 2574 1837 factam
2614 1768 2824 1858 plane
2861 1786 3220 1870 argueret.

669 1862 852 1930 terra
898 1859 1141 1928 effossa
1190 1857 1629 1928 abscondunt
1670 1868 2021 1927 mortuum
2061 1857 2472 1948 parricidae,
2518 1856 2743 1944 utqui
2789 1859 3053 1928 caedis
3082 1881 3222 1947 quo-

667 1970 802 2036 que
851 1946 1077 2018 scelus
1128 1947 1375 2016 vellent
1421 1945 1870 2017 abscondere.
1926 1951 2068 2017 Hoc
2115 1959 2344 2016 autem
2385 1958 2450 2015 et
2489 1967 2720 2016 revera
2753 1945 3092 2019 difficile.
3131 1954 3214 2018 &a

666 2037 851 2105 enim
905 2034 1133 2107 scelus
1181 2034 1365 2105 factu
1412 2034 1694 2124 quidem
1746 2035 1990 2105 facile:
2046 2048 2406 2126 postquam
2471 2046 2700 2104 autem
2759 2034 3051 2107 factum
3109 2039 3208 2112 sit.

665 2125 892 2196 celatu
921 2123 1226 2194 difficile.
1263 2129 1341 2193 Et
1370 2125 1470 2194 sic
1500 2123 1780 2212 quidem
1819 2138 2140 2195 narratur
2169 2124 2384 2196 fuisse
2413 2123 2686 2194 occisus
2715 2124 3130 2197 Zacharias.

753 2217 789 2301 ξ
825 2221 955 2286 n.
997 2213 1192 2284 Aliud
1223 2235 1503 2372 auoque
1536 2213 1834 2286 traditur
1867 2236 2003 2283 non
2042 2214 2278 2284 minus
2310 2226 2686 2301 receptum,
2723 2214 2930 2300 quod
2969 2229 3204 2305 propter

669 2324 1042 2393 puerorum
1100 2325 1220 2372 cae
1272 2325 1380 2372 em
1438 2304 1527 2372 ab
1581 2302 1847 2372 Herode
1886 2302 2163 2382 factam,
2207 2303 2269 2372 is
2305 2323 2581 2390 quoque
2619 2300 2864 2382 suerit,
2916 2305 3200 2373 interem-

664 2406 847 2482 ptus.
901 2397 1269 2478 Postquam
1305 2391 1492 2462 enim
1529 2390 1600 2460 in
1636 2413 1912 2461 omnem
1968 2403 2232 2482 partem
2258 2391 2609 2493 persuasit
2652 2389 3014 2474 edictum,
3051 2391 3189 2480 quod
3255 2457 3256 2470 ,

659 2480 951 2569 jubebat
1000 2479 1294 2551 interfici
1347 2501 1598 2571 pueros
1644 2481 1716 2551 in
1767 2479 2111 2552 Bethleem
2145 2535 2160 2562 ,
2215 2479 2426 2550 simul
2478 2492 2544 2550 et
2595 2479 2661 2549 in
2719 2484 3098 2563 montanis,
3129 2490 3183 2546 at

664 2570 1023 2640 communi
1070 2569 1281 2639 caede
1325 2571 1573 2650 horum
1627 2592 2030 2660 puerorum,-
2082 2590 2241 2639 eum
2290 2571 2494 2640 etiam
2551 2572 2695 2638 una
2744 2569 3165 2645 interimet.

662 2658 783 2747 qui
832 2671 977 2729 erat
1031 2660 1492 2729 suscitaturus
1528 2672 1887 2729 mortuos:
1938 2672 2005 2729 et
2062 2659 2161 2731 sic
2212 2659 2361 2749 ipse
2411 2671 2666 2729 metum
2718 2676 3022 2731 exueret
3042 2656 3172 2751 priu-

666 2749 992 2836 cipatus:
1042 2769 1121 2816 ea
1170 2748 1354 2816 enim
1406 2749 1491 2818 de
1538 2770 1752 2818 causa
1798 2770 2039 2819 omnes
2129 2769 2330 2818 ueros
2381 2747 2601 2818 fuerat
2664 2769 3057 2839 aggressus
3096 2767 3176 2815 ae·

666 2836 897 2907 cidere
945 2835 1080 2921 (ad
1131 2836 1527 2928 cujusmodi
1576 2850 1819 2927 coepta
1869 2837 2075 2927 impel
2114 2849 2327 2906 untur
2373 2836 2688 2907 homines
2745 2854 3037 2929 propter
3071 2835 3180 2926 glo-

663 2926 807 2995 riae
853 2924 1382 3014 cupiditatem):
1437 2938 1604 2995 tunc
1650 2926 2115 3014 quaerebatur
2165 2924 2448 3012 quidem
2514 2924 2708 2995 filius
2771 2948 3053 3016 quoque
3087 2929 3175 2993 22·

661 3014 940 3083 chariae
987 3014 1072 3083 ad
1124 3013 1429 3095 caedem,
1485 3026 1561 3084 ut
1607 3015 1731 3102 qui
1785 3036 2007 3104 nuper
2049 3027 2227 3084 esset
2260 3027 2508 3083 natus:
2564 3035 2701 3082 non
2743 3015 3170 3087 inveniebatur

666 3116 925 3172 autem.
980 3105 1245 3173 Etenim
1295 3102 1645 3189 quomodo
1697 3104 1963 3192 Joseph
2004 3104 2384 3192 jubebatur
2427 3101 2666 3193 fugere
2714 3104 2792 3172 in
2853 3110 3162 3197 Aegyptum

662 3214 822 3260 cum
875 3192 1087 3260 Maria
1119 3204 1185 3261 et
1218 3213 1457 3280 puer0,
1494 3191 1588 3261 ita
1627 3192 1831 3262 etiam
1868 3192 2214 3263 Elisabeth
2243 3192 2617 3280 quamdam
2669 3192 3052 3282 speluncam
3073 3208 3165 3286 tn-

663 3299 901 3370 gressa
948 3300 1106 3349 cum
1161 3280 1445 3361 iniante,
1486 3280 1553 3347 in
1605 3303 1685 3350 ea
1737 3281 2114 3352 habitabat.
2150 3282 2490 3364 Quoniam
2539 3301 2706 3371 ergo
2738 3277 3181 3353 infansabeis

660 3389 703 3436 a
763 3367 1094 3455 prehendi
1145 3389 1278 3437 non
1378 3380 1615 3450 oterat‚
1675 3380 1880 3439 totam
1935 3371 2108 3439 iram
2143 3370 2215 3449 ii,
2267 3370 2389 3456 qui
2439 3391 2733 3459 puerum
2769 3369 3187 3459 quaerebant.

662 3477 698 3525 e
755 3454 1034 3525 undunt
1082 3456 1152 3526 in
1203 3390 1646 3527 Zachariam:
1700 3470 1767 3527 et
1814 3481 1972 3528 cum
2027 3459 2096 3527 in
2149 3458 2404 3559 templo
2452 3457 2899 3531 invenissent
2978 3457 3190 3531 etenim

665 3566 913 3615 rursus
962 3545 1106 3614 vice
1135 3545 1721 3616 ‘suaattendebat
1769 3545 1968 3617 altari
2036 3546 2356 3637 incensi)
2401 3546 2841 3620 interficiunt
2889 3562 3196 3620 ceantem

662 3633 915 3715 fllium,
969 3647 1045 3702 ut
1092 3635 1417 3721 quiteurn
1472 3636 1685 3705 nollet
1728 3636 1831 3705 eis
1878 3635 1966 3706 ad
2016 3635 2295 3705 caedem
2362 3635 2647 3706 tradere.
2705 3642 2785 3707 Et
2837 3639 2952 3709 sic
3003 3634 3200 3726 dupli·

667 3744 815 3792 cem
881 3724 1278 3810 assequitur
1338 3744 1714 3804 coronam,
1786 3725 1969 3811 quod
2021 3737 2086 3793 et
2150 3730 2282 3794 Deo
2350 3724 2804 3805 ministrans,
2893 3734 3250 3799 mactatur}

661 3811 848 3968 ap‘tsi'd
906 3812 1132 3902 ipsum
1184 3812 1398 3881 altare
1427 3865 1443 3894 ,
1495 3827 1563 3884 et
1607 3813 1796 3902 quod
1844 3836 2009 3884 cum
2060 3812 2443 3884 infantibus
2494 3813 2768 3904 primus
2797 3816 3084 3888 Christo
3126 3836 3204 3886 sa·

665 3922 763 3969 cri
794 3913 1041 3969 icatur.
1496 3930 1501 3937 ·

748 3990 787 4076 ξ
835 3996 985 4061 12.
1034 3994 1206 4058 ›Cum
1270 3990 1442 4060 haec
1501 3990 1599 4060 sic
1650 3991 2198 4081 processissent,
2274 4002 2340 4061 et
2405 4003 2558 4081 post
2617 3990 2886 4062 multos
2945 3993 3204 4082 quidem

660 4099 882 4149 annos
928 4100 965 4146 e
1022 4077 1193 4150 vivis
1245 4079 1621 4149 monarcha
1685 4080 2089 4150 excessisset
2145 4085 2542 4171 Augustus,
2593 4080 2923 4152 Tiberius
2970 4098 3203 4156 autem

660 4167 781 4253 qui
836 4168 1279 4237 monarchiae
1327 4168 1414 4237 ab
1462 4168 1585 4237 illo
1651 4182 2050 4258 susceperat
2109 4169 2572 4249 dominatum,
2626 4169 3053 4255 quindecim
3090 4174 3206 4265 jam
3247 4182 3248 4209 l

660 4276 883 4325 annos
933 4256 1003 4325 in
1058 4255 1350 4346 imperio
1417 4257 1907 4348 transegisset:
1961 4259 2128 4345 quin
2180 4256 2385 4327 etiam
2436 4258 2729 4328 Herodis
2790 4257 3204 4363 alienigenae

662 4365 874 4432 regno
923 4344 992 4413 in
1041 4359 1340 4432 quatuor
1391 4347 1824 4436 principatus
1855 4346 2099 4426 diviso,
2147 4360 2226 4417 et·
2248 4346 2527 4417 totidem
2582 4348 3094 4422 numemfitiis
3127 4350 3205 4418 di·

661 4432 978 4515 stributo,
1033 4434 1156 4521 qui
1203 4434 1486 4522 quidem
1535 4447 1734 4506 erant
1777 4434 2175 4519 ArchelauS,
2219 4448 2286 4506 et
2334 4434 2661 4519 Herodes,
2714 4449 2782 4507 et
2819 4438 3199 4533 Philippus,
