3308 5004
634 353 721 419 90
1245 370 1325 418 m:
1373 370 1432 419 s,
1483 369 1807 419 summo
1854 370 2015 418 uu
2061 369 2252 420 naar.
2813 350 2999 417 AUG.
3047 349 3087 415 2

548 453 744 525 Sedis
781 453 967 544 jura3
1020 452 1163 524 sive
1201 454 1286 526 ad
1321 453 1658 524 Fidelium
1687 456 1958 525 animos
1987 454 2070 525 ad
2125 455 2440 545 pietatem
2478 452 2900 525 excitandos.
2953 458 3090 523 Hoc

546 564 751 635 porro
787 542 1168 633 praedicari
1200 543 1552 614 verissime
1587 556 1829 634 potest,
1871 543 2142 614 nullum
2178 565 2328 613 esse
2362 540 2463 611 vel
2501 556 2891 613 nostrorum
2923 554 3091 612 tem-

550 654 795 722 porum
844 653 1141 702 errorem
1171 688 1187 715 ,
1238 633 1405 721 qui,
1461 634 1759 702 maxima
1833 631 2074 703 saltem
2123 653 2205 702 ex
2275 643 2487 722 parte,
2543 653 2678 701 non
2723 630 2812 701 sit
2858 632 2946 701 ab
2983 629 3089 700 Al·

548 721 816 812 phonso
866 720 1221 792 refutatus.
1275 721 1453 805 Quid
1510 721 1695 808 quod
1730 742 1833 804 ea,
1869 742 2047 810 quae
2095 727 2242 791 tum
2290 721 2377 791 de
2426 719 2878 790 Immaculata
2925 725 3093 791 San-

546 821 696 879 ctae
742 809 856 879 Dei
906 811 1268 882 Genitricis
1328 810 1828 900 conceptione,
1881 823 2025 880 tum
2078 809 2162 880 de
2234 809 2525 881 Romani
2589 808 2941 879 Pontificis
3014 829 3092 877 ex

549 897 882 968 Cathedra
927 899 1236 969 docentis
1282 898 1818 978 Infallibilitate‚
1880 898 2252 990 plaudente
2299 897 2677 971 christiano
2725 896 2981 988 populo
3029 906 3093 965 et

548 985 1103 1075 frequentissimo
1132 988 1436 1060 universi
1461 987 1785 1057 catholici
1817 988 2017 1059 Orbis
2053 988 2445 1059 Antistitum
2483 990 2816 1057 Consessu
2846 1006 3094 1076 appro-

549 1076 777 1157 bante,
816 1099 857 1145 a
902 1077 1108 1148 Nobis
1157 1076 1417 1147 sancita
1452 1089 1636 1157 sunt,
1681 1077 1752 1145 in
1804 1076 2132 1167 Alpbonsi
2168 1076 2508 1166 Operibus
2556 1076 3000 1166 reperiuntur
3028 1083 3092 1142 et

549 1164 966 1235 nitidissime
1009 1166 1353 1255 exposita,
1414 1178 1479 1234 et
1546 1164 1997 1235 validissimis
2070 1165 2501 1267 argumentis
2576 1162 3091 1233 demonstrata?

549 1253 1006 1335 Quamobrem
1059 1254 1128 1321 in
1180 1259 1380 1324 Hunc
1431 1253 1731 1345 perbelle
1778 1253 1962 1324 cadit
2012 1254 2525 1325 nob11issimum
2592 1251 2762 1323 illud
2815 1251 3089 1321 divinae

549 1342 935 1432 Sapientiae
978 1343 1456 1432 praeconium:
1507 1348 1650 1413 Non
1686 1343 1943 1413 recedet
1973 1346 2300 1414 memoria
2328 1344 2513 1433 Ejus.
2553 1353 2617 1412 et
2649 1364 2887 1412 nomen
2929 1342 3094 1431 Ejus

546 1435 930 1589 rezuiretur
959 1455 1005 1501 a
1045 1433 1470 1522 generatione
1514 1433 1585 1501 in
1621 1434 2145 1523 generationem.
2202 1432 2622 1523 Sapientiam
2675 1432 2842 1523 Ejus
2898 1452 3097 1501 enar-

544 1543 631 1589 ra
673 1530 793 1589 unt
817 1530 1070 1610 qenteS,
1115 1530 1178 1590 et
1225 1522 1497 1591 laudem
1526 1523 1694 1612 Ejus
1741 1523 2117 1592 enuntiabit
2160 1522 2535 1591 Ecclesia.»

864 1803 1589 1905 MARTYRNJM
1689 1802 2082 1904 PAPAE
2177 1801 2784 1903 STEPHANI

692 2043 792 2109 ET
856 2041 1141 2109 EORUM
1207 2043 1350 2122 QUI
1414 2043 1573 2109 UNA
1639 2042 1805 2108 CUM
1872 2041 2061 2109 ILLO
2122 2041 2401 2109 ROMAE
2466 2042 2690 2108 PASSI
2758 2040 2966 2108 SUNT

555 2273 850 2323 AUCTORE
898 2276 1171 2324 smssomz
1211 2273 1689 2334 HETAPHRASTE,
1737 2275 1847 2333 Qut
1896 2276 1978 2322 EA
2031 2275 2297 2323 vlnnwu
2346 2275 2424 2323 Ex
2471 2272 2720 2323 LATINIS
2774 2273 3109 2324 Comcnws

645 2381 887 2430 GRAECO
933 2382 1123 2431 STYLO
1170 2381 1366 2430 PROPB.
1413 2383 1495 2429 Al)
1544 2381 1796 2429 VERBUM
1844 2381 2301 2432 DESCRIPSISSE.
2345 2359 2381 2395 ⁴*

1240 2580 1439 2635 Anno
1480 2580 1600 2636 257
1642 2607 1719 2617 —
1760 2574 1991 2635 Patria
2028 2579 2401 2634 Romanus.

638 2763 677 2849 ξ
721 2765 798 2832 ¹.
851 2766 998 2845 Quo
1030 2773 1335 2852 tempore
1365 2762 1767 2832 Valerianus
1796 2771 1862 2829 et
1894 2758 2245 2830 Gallienus
2295 2760 2389 2830 im
2446 2757 2668 2830 ietatis
2715 2769 3098 2831 sectatores

551 2849 1007 2939 imperabant,
1061 2850 1603 2921 Christianorum
1645 2847 2174 2939 quamplurimi,
2227 2870 2385 2918 acer
2440 2848 2713 2918 issimos
2740 2852 3108 2936 'tyrannos

553 2936 1019 3021 declinantes,
1072 2938 1456 3009 latitabant.
1511 2944 1650 3010 Non
1703 2937 1987 3007 deerant
2034 2948 2261 3006 tamen
2296 2991 2312 3018 ,
2365 2937 2488 3024 qui
2536 2935 2697 3006 fidei
2745 2947 3105 3007 certamen

550 3026 949 3104 subeuntes,
1007 3028 1314 3116 martyrii
1353 3027 1652 3119 palmam
1689 3037 2243 3113 assequerentur.
2283 3029 2441 3096 Erat
2477 3025 2663 3095 enim
2709 3024 2814 3095 lex
2897 3046 3109 3115 ropo·

551 3115 706 3193 sita,
763 3128 838 3185 ut
882 3115 1305 3203 quicumque
1353 3116 1815 3187 Christianum
1868 3113 2220 3184 hominem
2272 3114 2650 3184 latitantem
2684 3112 2848 3184 detu
2881 3113 3052 3185 isset
3087 3169 3106 3198 ,

552 3224 796 3273 omnes
846 3202 996 3290 ejus
1055 3202 1410 3274 facultates
1470 3207 1616 3295 ipse
1680 3204 1982 3283 haberet,
2034 3216 2100 3272 et
2146 3224 2624 3291 quoscumque
2671 3202 2967 3273 honores
3019 3203 3100 3275 in

550 3290 853 3361 exercitu
888 3292 1212 3383 petiisset,
1258 3293 1564 3364 obtinere
1615 3305 1859 3383 posset.
1900 3291 2026 3362 Illo
2076 3292 2289 3383 igitur
2322 3304 2628 3382 ternpore
2667 3291 2908 3362 beatus
2956 3295 3103 3363 Ro-

553 3401 799 3450 manae
846 3380 1040 3450 urbis
1086 3381 1468 3472 Episcopus
1518 3382 1903 3473 Stephanus
1933 3435 1948 3461 ,
1999 3402 2160 3450 cum
2213 3394 2427 3452 totum
2487 3380 2749 3451 clerum
2800 3401 3103 3471 congre-

552 3482 826 3560 gasset,
881 3469 979 3539 sic
1026 3492 1184 3540 eum
1232 3470 1481 3540 affatus
1527 3483 1675 3541 est:
1730 3491 1767 3537 «
1796 3468 2099 3541 Audistis
2160 3468 2405 3540 fratres
2463 3480 2529 3539 et
2578 3468 3100 3542 commilitones

555 3557 716 3639 mei,
759 3556 1318 3629 crudelissimum
1369 3558 1670 3629 edictum
1708 3558 1990 3639 diaboli,
2043 3572 2121 3629 ut
2153 3560 2206 3628 si
2249 3558 2409 3647 quis
2457 3556 2921 3628 Christianum
2971 3556 3105 3628 de-

553 3645 1033 3735 prehenderit,
1086 3669 1326 3718 omnes
1372 3648 1523 3736 ejus
1570 3645 1927 3717 facultates
1976 3647 2125 3738 ipse
2182 3647 2552 3738 possideat.
2605 3651 2843 3717 Moneo
2882 3646 3109 3737 igitur

553 3756 694 3815 voe,
735 3734 997 3817 ἴωπες,
1051 3748 1126 3805 ut
1162 3749 1461 3806 terrenas
1493 3736 1768 3806 divitias
1815 3737 2298 3818 contemnatis,
2350 3758 2488 3824 quo
2536 3735 2852 3806 coelestis
2903 3735 3108 3826 regni

550 3822 1037 3895 haereditatem
1109 3825 1458 3915 percipere
1516 3826 1819 3916 possitis.
1872 3824 2087 3895 Nolite
2149 3826 2366 3913 hujus
2433 3824 2680 3894 mundi
2737 3824 3100 3915 principes

553 3913 1041 3984 extimescere:
1095 3914 1212 3984 sed
1259 3919 1493 3994 Deum,
1534 3914 1708 3984 coeli
1740 3927 1804 3985 et
1838 3926 2055 3985 terrae
2088 3915 2481 3995 Dominum,
2518 3914 2809 4004 ejusque
2849 3913 3107 4004 unige-

554 4000 775 4070 nitum
808 4002 1032 4072 filium
1062 4002 1294 4075 Jesum
1347 4003 1692 4073 Christum
1733 4003 2033 4084 adorate,
2072 4001 2272 4072 illum
2307 4001 2529 4084 colite,
2569 4001 2654 4072 ad
2691 4001 2891 4073 illum
2927 4023 3106 4074 con-

554 4086 813 4180 fugite,
863 4092 983 4178 qui
1046 4104 1264 4181 potest
1324 4113 1448 4162 nos
1507 4114 1749 4162 omnes
1801 4092 2066 4182 eripere
2125 4091 2211 4160 de
2271 4092 2599 4162 manibus
2649 4090 3102 4167 inimicorum

558 4190 991 4335 {ostrorum,
1061 4195 1126 4251 et
1187 4179 1273 4251 de
1325 4180 1586 4251 diaboli
1653 4180 1914 4251 malitia
1966 4180 2336 4262 liberatos,
2402 4201 2532 4251 sua
2595 4179 2819 4271 gratia
2862 4201 3111 4251 corro-

608 4288 826 4336 orare.
874 4291 911 4334 »

552 4430 782 4526 manta
812 4429 927 4469 haec
967 4428 1057 4471 etsi
1092 4440 1185 4473 non
1217 4428 1509 4484 primigenis,
1542 4431 1783 4482 appellare
1810 4441 1906 4472 non
1936 4432 2172 4474 dubitavit
2210 4431 2440 4473 Batonius
2473 4431 2666 4483 leuium
2685 4460 2697 4480 ‚
2724 4444 2938 4484 acra-ana
2956 4460 2969 4480 .
2992 4433 3117 4484 fido·

659 4496 749 4525 ma.
