3308 5004
190 306 335 374 tuo.
379 307 405 371 l
788 324 870 372 nn
915 324 1154 374 surm
1198 322 1556 375 runicus
1601 324 2009 376 monimus
2510 309 2596 377 39

252 410 450 496 §¹²-
514 412 909 480 Recurrunt
969 409 1041 480 in
1094 410 1497 481 memoriam
1558 432 1913 482 sermones
1961 420 2241 481 sanctae
2284 410 2628 484 foeminae
2663 467 2679 495 ,

190 496 427 568 dicentis
465 497 553 566 ad
604 497 824 568 filios:
876 503 1062 590 «Ego
1105 519 1227 569 vos
1274 499 1510 591 genui,
1571 521 1699 591 ego
1731 500 1927 570 vobis
1975 521 2265 570 succum
2316 499 2518 572 lactis
2575 501 2682 572 in-

186 584 325 657 fudi:
370 585 575 657 nolite
605 584 1029 659 nobilitatem
1081 602 1377 658 vestram
1425 589 1737 680 perdere.
1788 617 1813 653 ι
1869 588 1980 659 Sic
2025 588 2208 659 aliae
2252 601 2512 661 matres
2575 611 2688 661 re·-

186 696 376 746 rocare
416 696 457 745 a
505 674 836 765 martyrio
885 675 1109 747 solent
1175 677 1403 760 filios,
1456 699 1595 748 non
1644 698 1913 749 vocare.
1974 682 2051 748 At
2107 679 2240 748 ista
2287 691 2684 750 maternum

182 764 237 835 iti
271 763 386 835 hoc
475 763 729 835 onebat
770 765 1117 848 affectum,
1173 766 1233 837 si
1279 764 1447 838 filiis
1493 767 1702 836 vitam
1755 766 1983 860 magis
2015 779 2423 857 perpetuam
2471 788 2686 861 quam

182 865 437 955 ternpore
464 874 577 924 em
610 852 954 955 suaderet.
1007 854 1371 947 Spectabat
1419 855 1649 944 itaque
1683 855 1800 946 pia
1850 867 2083 957 mater·
2112 854 2418 928 filiorum
2469 869 2688 928 certa-

179 962 351 1024 mina,
397 954 460 1013 et
489 963 809 1030 quamvis
857 955 1330 1015 maternorum
1365 944 1705 1016 viscerum
1737 950 2223 1034 compassione
2258 959 2683 1033 quateretur,

177 1040 363 1101 tamen
408 1030 682 1122 pietatis
727 1030 961 1103 studio
1015 1032 1372 1122 premebat
1416 1034 1753 1105 dolorem.
1809 1038 1888 1103 Et
1933 1033 2261 1104 offerente
2305 1034 2682 1117 Antiocho,

174 1138 301 1189 cum
346 1132 568 1210 posset
613 1119 906 1192 salutem
960 1121 1217 1223 eligere
1262 1121 1593 1205 filiorum,
1648 1121 1952 1194 malebat
1999 1122 2437 1213 periculum:
2490 1146 2685 1196 coiu-

172 1209 526 1298 pressisque
569 1220 861 1281 naturae
914 1211 1291 1312 gemitibus
1321 1265 1337 1293 ,
1405 1232 1663 1302 poenas
1727 1210 1895 1283 filiis
1943 1212 2229 1302 optabat
2271 1212 2514 1303 augeri
2544 1267 2561 1295 ,
2611 1222 2691 1285 ut

173 1316 326 1369 mors
378 1298 587 1369 citius
650 1312 1267 1391 appropinquaret.
1333 1300 1664 1371 Videmus
1733 1321 2064 1372 conversa
2110 1314 2265 1371 vota
2322 1301 2568 1372 matris
2612 1301 2686 1372 in

170 1383 342 1467 filios,
394 1408 476 1458 ne
523 1408 731 1475 quem
806 1389 1245 1480 superstitem
1298 1389 1841 1477 derelinqueret,
1896 1389 2013 1460 sed
2064 1411 2307 1459 omnes
2367 1390 2687 1481 piae-eo-

168 1472 454 1547 haeredes
512 1476 757 1548 mortis
819 1478 1230 1566 acquireret.
1284 1478 1411 1549 Sed
1463 1500 1589 1549 nec
1637 1478 1764 1548 filii
1831 1477 2135 1549 minores
2200 1477 2319 1549 tali
2373 1491 2682 1569 parente,

164 1564 357 1650 quise
386 1565 681 1636 invicem
720 1566 1283 1649 cohortabantur,
1312 1567 1434 1655 qui
1466 1567 1792 1638 dicebant
1815 1588 1959 1638 uno
1996 1566 2250 1648 studio,
2286 1580 2354 1638 et
2382 1567 2686 1656 quadam

165 1653 521 1725 animorum
567 1654 751 1726 acie:
806 1655 1039 1727 Mortis
1094 1655 1423 1727 adversae
1468 1656 1808 1747 impetum
1861 1669 2200 1745 petamus.
2254 1662 2446 1727 Tune
2498 1656 2686 1727 enini

164 1742 459 1826 vivemus,
511 1765 672 1814 cum
722 1742 1062 1816 fuerimus
1103 1745 1381 1816 mortui.
1423 1750 1633 1817 Nemo
1688 1745 1957 1835 pietatis
2014 1745 2329 1816 ordinem
2380 1745 2685 1819 derelin-

162 1845 328 1917 quat,
381 1853 583 1903 nemo
642 1854 717 1904 se
763 1834 1123 1905 subtrahat
1170 1832 1433 1925 praelio
1490 1833 1924 1925 triumphali.
1992 1838 2135 1904 Non
2190 1834 2463 1904 homini
2494 1887 2511 1914 ‚
2564 1833 2688 1905 sed

162 1923 271 1991 Deo
311 1934 580 1993 nostras
604 1921 876 1994 animas
907 1922 1352 1994 devovimus:
1397 1945 1534 1994 non
1578 1923 1871 2003 homini,
1908 1922 2025 1993 sed
2068 1923 2333 1994 auctori
2360 1922 2680 1995 omnium

162 2008 536 2082 militamus.
590 2009 773 2081 Talis
816 2011 987 2082 haec
1037 2033 1271 2103 pugna
1315 2024 1459 2094 est,
1514 2024 1591 2084 ut
1636 2011 1756 2082 ille
1804 2010 2178 2104 gloriosius
2225 2012 2504 2095 vicerit,
2558 2011 2683 2114 qui

160 2097 483 2171 crudelius
529 2099 804 2171 occisus
848 2099 1080 2172 fuerit.
1131 2105 1370 2189 ltaque
1430 2122 1631 2171 nemo
1682 2100 1951 2182 timuit,
2008 2122 2210 2171 nemo
2264 2100 2678 2192 trepidavit,

160 2186 369 2258 nullus
404 2187 493 2258 ad
545 2202 832 2261 mortem
880 2212 962 2262 ex
994 2202 1088 2261 tot
1124 2189 1455 2263 fratribus
1497 2190 1760 2282 pigrior
1805 2188 1982 2261 suit:
2026 2188 2145 2261 sed
2194 2210 2462 2270 omnes,
2509 2202 2690 2260 tam-

94 2300 101 2309 ·
158 2294 334 2361 quam
375 2276 460 2348 ad
503 2277 1043 2350 immortalitatis
1070 2278 1275 2360 viam,
1319 2278 1415 2348 ita
1451 2277 1537 2348 ad
1578 2292 1864 2349 mortem
1902 2300 2021 2369 per
2054 2278 2302 2349 acerba
2331 2277 2686 2371 supplicia

159 2379 633 2448 cucurrerunt,
694 2378 761 2437 et
807 2379 1026 2439 mater
1070 2389 1375 2439 consona
1422 2388 1715 2439 cernens
1758 2367 2068 2439 filiorum
2132 2368 2455 2458 agmina,
2508 2380 2687 2439 tam-

159 2472 334 2540 quam
378 2454 494 2545 pia
544 2454 780 2527 anima
829 2455 938 2528 sui
990 2455 1300 2528 membra
1348 2456 1659 2548 corporis
1698 2457 1768 2527 in
1821 2456 1985 2528 siliis
2035 2456 2394 2538 offerebat,
2452 2470 2517 2527 et
2561 2477 2690 2549 per

159 2556 317 2616 artus
360 2547 684 2637 proprios
732 2543 1090 2616 videbatur
1136 2546 1271 2617 sibi
1309 2547 1543 2616 subire
1572 2559 1932 2616 tormenta.
1970 2545 2316 2616 Cadebant
2364 2545 2494 2615 filii
2540 2558 2687 2616 tor-

158 2632 372 2708 mentis
402 2634 803 2717 exulcerati,
858 2634 1111 2705 mortui
1160 2656 1370 2726 super
1413 2647 1721 2706 mortuos
1759 2634 2335 2717 advolvebantur,
2386 2655 2686 2726 corpora

163 2743 231 2792 su
313 2745 344 2792 r
370 2745 672 2814 corpora
705 2723 1211 2805 volutabantur,
1241 2724 1465 2817 capita
1493 2746 1706 2816 super
1730 2724 1957 2816 capita
1985 2723 2505 2794 exsecabantur.

300 2817 442 2885 18.
518 2811 832 2884 Refertus
877 2827 1023 2884 erat
1095 2812 1292 2884 locus
1352 2812 1806 2884 cadaveribus
1875 2811 2179 2882 filiorum
2215 2866 2232 2895 ,
2287 2834 2424 2883 non
2500 2811 2689 2883 flevit

160 2911 364 2976 mater.
417 2923 561 2972 non
612 2900 984 2974 lamentata
1028 2914 1181 2982 est,
1237 2923 1372 2972 non
1430 2903 1673 2973 oeulos
1717 2901 2134 3004 cujusquam
2170 2902 2488 3003 pressit,
2565 2913 2690 2973 aut

161 3005 255 3057 ora
283 2989 638 3061 morientis
683 2989 955 3074 clausit,
1003 3012 1140 3068 non
1175 2991 1341 3061 lavit
1371 2991 1684 3073 vulnera,
1738 3012 1965 3061 sciens
2011 2989 2453 3081 gloriosiores
2500 3011 2679 3072 esse,

162 3074 209 3143 si
244 3077 595 3151 eviscerati
630 3091 698 3149 et
742 3080 1041 3150 concreti
1094 3080 1357 3171 pariter
1394 3080 1673 3172 pulvere
1717 3092 1785 3151 et
1845 3080 2187 3169 sanguine
2224 3079 2630 3150 viderentur
2662 3132 2679 3161 ,

163 3164 361 3249 quales
392 3168 625 3240 solent
660 3167 746 3239 de
793 3168 974 3242 bello
1020 3168 1247 3241 redire
1295 3169 1606 3251 victoreS,
1658 3168 1895 3257 qualia
1941 3168 2166 3238 solent
2212 3167 2542 3259 trophaea
2599 3188 2678 3238 ex

163 3248 441 3328 hostibus
522 3270 893 3348 reportare.
969 3263 1111 3329 Non
1188 3256 1717 3349 superJaeienda
1787 3257 2168 3338 velamina,
2234 3278 2373 3327 non
2442 3276 2680 3347 prose-

164 3344 436 3441 quendas
479 3347 836 3434 exequias,
882 3346 1015 3418 nisi
1067 3368 1234 3419 suae
1280 3347 1614 3418 comitatu
1656 3346 1897 3418 mortis
1943 3345 2271 3416 arbitrata
2318 3358 2443 3416 est.
2497 3350 2688 3429 Quae

163 3429 385 3504 cithara
430 3434 791 3524 dulciores
835 3436 1066 3506 ederet
1096 3448 1365 3517 eantuS,
1405 3457 1615 3523 quam
1664 3436 2031 3506 morientes
2076 3434 2203 3504 filii
2233 3434 2306 3504 in
2357 3446 2497 3505 tam
2529 3455 2688 3526 gra·

165 3517 330 3614 yibus
369 3522 747 3616 suppliciis
791 3524 1212 3596 ediderunt?
1259 3524 1680 3615 Erumpebat
1709 3523 1892 3593 enim
1927 3534 2211 3596 naturae
2258 3523 2584 3613 gemitus,
2618 3533 2685 3593 et

165 3608 402 3683 invitus.
456 3618 823 3704 spectares
881 3626 1390 3704 peremptorum
1454 3613 1811 3694 cadavera,
1865 3612 2046 3682 sicut
2093 3611 2212 3682 fila
2257 3610 2681 3683 choi-darum

166 3695 403 3772 audires
446 3701 1004 3793 heptachordum
1034 3702 1072 3739 ³*
1120 3701 1522 3804 psalterium
1576 3701 2121 3793 triumphalibus
2168 3701 2547 3802 gemiti-bus
2580 3721 2685 3771 re-
2795 3713 2798 3716 ’

168 3782 402 3860 sultare.
445 3796 599 3863 Non
631 3791 733 3861 sic
758 3790 1143 3862 illecebrosi
1172 3803 1419 3862 cantus
1448 3791 1758 3861 sirenum
1808 3790 2231 3861 attraherent
2254 3788 2681 3860 audientem.

169 3869 253 3972 Illi
288 3878 465 3948 enim
515 3878 608 3951 ad
655 3879 1095 3971 naufragium
1129 3880 1437 3962 trahunt,
1475 3879 1587 3951 isti
1623 3879 1710 3949 ad
1750 3878 2074 3951 sacrificii
2114 3878 2498 3948 victoriam.
2537 3882 2685 3950 Non

171 3978 247 4032 sic
284 3985 483 4048 rauca
533 3982 863 4042 resonant
899 3981 1162 4040 secreto
1203 3969 1273 4038 in
1323 3970 1603 4040 nemore
1638 3966 2123 4038 columbarum
2177 3987 2569 4048 murmura,
2609 3978 2689 4038 ut
2773 4025 2782 4028 -

173 4048 375 4147 ultima
418 4058 631 4130 verba
682 4057 1127 4129 morientium
1161 4078 1322 4128 eum
1373 4078 1651 4129 summa
1690 4058 2026 4128 suavitate
2058 4055 2500 4126 resonabant.
2554 4060 2689 4127 Nee

178 4155 251 4208 tte
287 4140 444 4216 luna
482 4147 668 4218 inter
711 4145 946 4218 stellas
986 4144 1301 4238 refulget,
1356 4160 1432 4216 ut
1486 4146 1666 4216 inter
1712 4145 1894 4216 filios
1942 4159 2200 4215 mater:
2252 4156 2319 4215 et
2368 4166 2528 4216 eum
2571 4165 2690 4217 eos

183 4224 243 4320 {tl
281 4235 682 4325 martyrium
732 4234 1217 4308 illuminatura
1242 4234 1635 4318 deduceret,
1670 4250 1923 4308 etcum
1958 4234 2347 4325 amplexata
2394 4234 2688 4306 victores

190 4330 238 4386 ιιι
272 4323 484 4395 medio
531 4324 838 4396 filiorum
868 4324 1158 4418 jaceret.

225 4440 923 4504 'Mensores-immi».
