3308 5004
637 310 768 376 388
1215 325 1297 373 nn
1342 323 1608 373 lnam
1653 323 1975 373 nnnssmu
2021 324 2085 371 n.
2134 323 2199 372 n.
2253 325 2307 371 J.
2360 322 2421 374 c.
2779 306 2965 373 AUG.
3023 308 3124 373 tf>

542 423 611 482 et
657 409 1159 480 resurrectione
1204 431 1245 479 a
1292 409 1634 490 mortuiS,
1704 421 1771 478 et
1839 407 2316 499 assumptione
2364 409 2437 478 in
2486 408 2747 491 coelos,
2811 408 3124 500 perfecte

543 498 876 581 audisset,
928 511 994 568 et
1039 496 1396 569 confessus
1446 496 1691 569 fuisset
1739 495 2084 568 Christum
2134 518 2372 567 verum
2420 518 2572 569 esse
2620 502 2833 568 Deum
2864 551 2879 582 ,
2933 520 3114 568 eum

545 588 811 679 rogavit
865 586 950 658 de
1010 587 1232 657 forma
1298 585 1369 655 in
1436 586 1651 658 linteo
1714 585 2077 686 impressa,
2143 584 2425 674 quando
2484 585 2766 674 quidem
2817 587 3122 677 propius

544 677 853 759 adstanS,
904 676 1225 768 cognovit
1251 697 1403 745 eam
1457 697 1595 744 non
1645 687 2022 745 consistere
2071 696 2194 765 per
2239 674 2504 746 colores
2554 675 2990 748 materiales:
3048 689 3126 745 et

545 767 864 857 stupebat
908 787 1087 845 eam,
1139 764 1422 852 quaein
1473 765 1629 853 ipsa
1675 774 1843 843 erat,
1884 764 2230 845 virtutem,
2284 785 2461 852 quae
2509 762 2691 845 fecit,
2751 776 2828 834 ut
2878 764 3125 835 admi-

544 854 855 926 rabiliter
899 853 1138 924 electo
1187 864 1525 954 surgeret,
1557 864 1623 922 et
1669 865 2292 922 connumeraretur
2330 853 2510 922 inter
2557 874 2784 923 sanos.
2838 853 3124 924 Adhaec

545 943 959 1014 Thaddaeus
997 941 1370 1012 declaravit
1418 954 1695 1031 tempus
1742 940 2028 1031 angoris
2074 941 2317 1024 animi,
2354 954 2420 1011 et
2450 963 2630 1023 eam,
2665 964 2842 1029 quae
2880 964 2962 1013 ex
2992 965 3124 1013 su-

542 1032 708 1103 dore
755 1033 910 1102 sine
948 1030 1379 1102 colorefacta
1419 1043 1546 1111 est,
1588 1029 2305 1114 transformationem,
2357 1042 2423 1100 et
2458 1043 2537 1100 ut
2582 1035 2670 1099 ad
2722 1031 2953 1121 ipsum
2998 1053 3123 1100 ve-

542 1118 1083 1280 giret‚·jussum
1145 1119 1460 1202 Domini,
1512 1131 1579 1188 et
1626 1118 1764 1189 alia
1820 1140 2303 1207 quaecumque
2351 1119 2767 1211 praecedens
2814 1120 3128 1221 narravit

596 1223 864 1283 istoria.

630 1301 667 1386 ἓ
715 1303 865 1371 12.
920 1302 1290 1384 Postquam
1338 1318 1502 1386 ergo
1543 1308 1608 1367 et
1654 1318 1736 1366 ex
1784 1296 1938 1377 his,
2005 1307 2072 1366 et
2118 1318 2195 1366 ex
2266 1296 2705 1380 impositione
2763 1319 3114 1367 manuum

543 1386 892 1457 Thaddaei
939 1387 1009 1454 in
1062 1385 1343 1454 nomine
1398 1391 1565 1456 Jesu
1615 1385 1865 1455 Christi
1914 1407 2031 1466 ea,
2083 1406 2264 1472 quae
2321 1384 2627 1456 dolorem
2678 1386 3112 1466 afferebant,

545 1486 1022 1554 recesserunt,
1070 1486 1135 1544 et
1181 1495 1359 1560 quae
1406 1485 1604 1543 erant
1651 1473 1992 1545 dissoluta
2023 1529 2038 1556 ‚
2105 1473 2625 1560 quodammodo
2682 1475 3120 1566 constringe-

544 1565 824 1645 bantur,
862 1575 927 1633 et
974 1562 1374 1634 deformitas
1420 1562 1978 1653 dispergebatur,
2031 1573 2097 1632 et
2142 1562 2379 1632 omnia
2427 1562 2744 1634 redibant
2781 1564 2864 1633 ad
2917 1565 3119 1633 sani-

544 1665 794 1723 tatem:
833 1653 1190 1742 Abagarus
1240 1653 1305 1720 in
1360 1651 1735 1721 maximam
1778 1651 1971 1721 omni
2021 1673 2103 1720 ex
2159 1661 2351 1742 parte
2397 1651 2743 1722 adductus
2797 1651 3118 1722 admira-

545 1743 843 1811 tionem:
910 1763 947 1807 «
984 1746 1286 1822 Revera,
1348 1740 1598 1827 inquit,
1664 1761 1865 1811 verus
1912 1761 1986 1810 es
2051 1752 2117 1810 et
2162 1762 2540 1830 germanus
2594 1740 2757 1810 Jesu
2815 1740 2943 1810 filii
2990 1741 3120 1810 Dei

547 1830 963 1921 discipuluS,
996 1830 1118 1917 qui
1166 1829 1453 1899 curabat
1487 1829 1636 1899 sine
1673 1828 2199 1899 medicamentis
2228 1841 2293 1898 et
2344 1828 2616 1899 herbis:
2656 1834 2733 1899 Et
2763 1850 2888 1919 ego
2922 1842 3122 1900 tanta

454 1949 459 1960 ·
546 1920 616 1988 in
667 1941 826 1989 eum
879 1940 1037 1988 sum
1085 1916 1447 1987 devinctus
1477 1916 1810 1988 charitate
1838 1931 1903 1987 et
1952 1915 2111 1999 fide,
2145 1929 2220 1987 ut
2255 1916 2391 1988 nisi
2439 1939 2565 2008 ego
2614 1920 2881 1987 vererer
2908 1940 3116 1988 sum-

545 2028 733 2076 mam
785 2013 1253 2078 Romanorum
1309 2007 1678 2096 potentiam
1716 2060 1736 2086 ,
1791 2005 1913 2094 qui
1963 2028 2099 2077 non
2152 2006 2562 2097 permittunt
2622 2006 2710 2076 iis
2774 2007 2895 2094 qui
2946 2019 3121 2078 sunt

547 2096 839 2186 subjecti
886 2118 1126 2165 eorum
1164 2095 1477 2186 imperiO,
1533 2106 1773 2165 contra
1823 2117 1893 2166 se
1942 2095 2259 2182 invicem}
2282 2117 2477 2164 arma
2523 2117 2793 2184 capere,
2845 2094 3117 2166 fortiter

545 2184 878 2255 adversus
915 2183 1240 2265 sudaeos,
1292 2184 1415 2271 qui
1464 2182 1963 2255 crucifixerunt
2008 2184 2405 2264 Dominum,
2462 2205 2659 2254 arma
2708 2184 3109 2266 movissem,

545 2286 613 2344 et
658 2295 774 2343 eos
822 2274 1280 2362 subegissem.
1342 2278 1537 2343 Nunc
1586 2285 1816 2342 autem
1866 2273 2198 2361 quoniam
2247 2271 2463 2342 didici
2511 2272 2661 2363 ejus
2713 2274 3114 2362 passionem

545 2361 761 2432 fuisse
808 2362 1314 2443 voluntariam,
1367 2372 1433 2430 et
1480 2382 1891 2452 persuasum
1965 2360 2184 2430 habeo
2213 2416 2229 2444 ‚
2292 2361 2476 2449 quod
2531 2361 2666 2432 nisi
2729 2360 3062 2432 voluisset
3094 2417 3112 2444 ,

547 2451 803 2554 ingrati
852 2451 921 2521 in
973 2472 1131 2522 eum
1186 2450 1453 2521 nullam
1507 2451 1912 2523 habuissent
1952 2463 2377 2542 potestatem,
2434 2450 2608 2521 nihil
2658 2472 2913 2539 quaero
2960 2473 3118 2522 arn-

545 2542 758 2632 plius.
813 2546 1000 2632 Rogo
1048 2554 1303 2622 autem,
1356 2555 1435 2610 ut
1480 2540 1798 2609 divinum
1849 2562 1986 2627 quo
2040 2563 2124 2610 ue
2181 2562 2567 2628 consequar
2629 2540 3058 2630 baptismum
3091 2596 3109 2622 ,

544 2643 609 2701 et
645 2652 805 2700 cum
858 2642 996 2701 tota
1026 2630 1232 2700 domo
1285 2630 1571 2700 Domino
1599 2629 1865 2699 Christo
1908 2650 1978 2698 re
2033 2627 2159 2698 dar
2196 2628 2636 2699 familiaris»
2673 2634 2841 2700 Cum
2877 2629 3117 2717 itaque

542 2720 765 2789 multa
813 2719 1007 2810 prius
1055 2718 1391 2789 effecisset
1440 2717 1779 2787 miracula
1817 2717 2089 2786 Domini
2125 2720 2516 2807 Apostolus,
2568 2730 2635 2787 et
2678 2740 2924 2790 omnes
2985 2740 3116 2788 cu-

544 2820 761 2879 rasset
807 2831 845 2877 a
887 2808 1149 2879 morbis
1198 2807 1370 2888 suis,
1425 2807 1604 2876 inter
1634 2827 1810 2893 quos
1858 2806 1918 2876 is
1950 2817 2097 2875 erat
2142 2807 2375 2884 etiam,
2420 2806 2543 2894 qui
2595 2807 2863 2898 primus
2910 2806 2996 2877 de
3023 2829 3112 2878 eo

546 2896 802 2967 famam
855 2895 1088 2967 retulit
1117 2895 1203 2965 ad
1254 2895 1656 2973 barbarum,
1707 2915 1912 2982 quem
1964 2893 2365 2965 liberavita
2412 2895 2760 2986 podagra,
2813 2895 3112 2966 adduxit

548 2984 939 3075 Abagarum
991 2984 1078 3054 ad
1128 2983 1437 3053 divinam
1491 2984 1858 3076 piscinam:
1911 2993 1977 3052 et
2024 3005 2185 3053 cum
2234 2983 2306 3054 in
2354 3005 2434 3055 eo
2466 3008 2548 3055 ea
2611 2984 2884 3056 fecisset
2928 3007 3114 3073 quae

548 3085 712 3143 sunt
738 3072 825 3142 de
876 3095 1087 3153 more,
1145 3073 1515 3163 baptizavit
1561 3094 1749 3153 eum,
1793 3084 1859 3141 et
1888 3094 2197 3153 uxorem,
2235 3084 2301 3142 et
2329 3072 2534 3155 filios,
2579 3086 2644 3144 et
2689 3095 2933 3144 omnes
2980 3074 3111 3162 qui

544 3173 743 3231 erant
789 3162 857 3230 in
908 3163 1061 3252 ejus
1107 3160 1337 3231 domo.
1392 3167 1470 3231 Et
1514 3182 1836 3252 egressus
1901 3173 2005 3231 est
2049 3183 2127 3231 ex
2185 3161 2418 3232 divina
2469 3162 2599 3232 hac
2647 3184 2826 3250 aqua
2874 3163 3115 3253 expia·

546 3249 754 3319 tionis
793 3261 975 3321 totus
1012 3248 1319 3319 mundus
1355 3264 1421 3320 et
1476 3272 1691 3319 sanus
1721 3305 1737 3333 ‚
1792 3262 2069 3340 repente
2116 3250 2358 3321 deletis
2413 3251 2499 3323 iis
2544 3273 2818 3340 quoque
2866 3253 3104 3342 parvis

545 3338 778 3429 leprae
826 3337 1139 3427 reliquiis
1185 3360 1363 3426 quae
1408 3351 1604 3408 erant
1652 3338 1723 3406 in
1781 3337 1931 3428 ejus
1995 3339 2238 3409 fronte.
2297 3339 2474 3410 Hinc
2515 3339 2777 3429 ‚factum
2841 3352 2966 3423 est,
3032 3352 3114 3411 ut

544 3427 875 3498 omnibus
924 3426 1148 3496 modis
1194 3426 1429 3496 colens
1466 3438 1532 3496 et
1578 3426 1875 3496 adorans
1906 3428 2086 3499 hanc
2135 3427 2396 3499 formae
2434 3428 2707 3500 Domini
2752 3428 3048 3520 effigiem
3079 3483 3097 3510 ,

545 3516 678 3586 hoc
726 3537 1002 3603 quoque
1041 3514 1199 3585 aliis
1232 3514 1564 3604 adjecerit
1610 3516 1991 3605 Toparcha.

636 3607 673 3693 ἓ
719 3608 868 3677 13.
919 3608 969 3674 Α
1016 3603 1360 3674 veteribus
1406 3602 1699 3674 Edessae
1746 3604 2251 3676 habitatoribus
2296 3606 2525 3696 imago
2570 3605 2941 3696 cujusdam
2991 3606 3107 3676 dei

546 3694 846 3784 insignis
892 3714 973 3762 ex
1019 3691 1158 3763 diis
1195 3691 1587 3783 gentilium,
1644 3694 2059 3782 positaerat
2096 3706 2254 3764 ante
2295 3708 2560 3787 portam
2655 3694 2960 3766 ublicam
3007 3696 3109 3766 ci-

544 3784 797 3865 vitatis,
860 3803 1073 3870 quam
1126 3802 1405 3852 necesse
1450 3794 1596 3852 erat
1650 3782 1939 3854 adorare
1995 3805 2273 3853 omnem
2339 3783 2459 3872 qui
2514 3805 2597 3853 vo
2627 3785 2784 3856 ebat
2830 3784 3110 3876 ingredi

546 3872 919 3952 civitatem,
971 3883 1037 3940 et
1082 3870 1421 3958 quasdam
1466 3891 1703 3961 preces
1760 3870 2045 3942 reddere
2092 3872 2525 3955 constitutaS,
2578 3885 2645 3943 et
2698 3873 2799 3944 sic
2848 3873 3108 3944 intrare

545 3962 745 4033 urbis
792 3959 939 4031 vias
987 3972 1053 4031 et
1086 3959 1294 4029 vicos,
1348 3963 1540 4030 Hanc
1579 3980 1743 4051 ergo
1791 3982 1953 4031 cum
2011 3971 2177 4032 tunc
2238 3960 2565 4033 diruisset
2610 3964 2989 4055 Abagarus,
3042 3975 3111 4033 et

546 4051 835 4121 omnino
881 4047 1263 4131 delevisset,
1304 4049 1374 4117 in
1403 4070 1483 4118 eo
1530 4048 1704 4131 loc0,
1739 4048 1862 4118 ubi
1899 4071 1979 4120 ea
2003 4061 2150 4120 erat
2198 4051 2443 4142 posita,
2484 4050 2664 4122 banc
2715 4073 2852 4123 non
2890 4073 3109 4122 manu

548 4136 798 4210 factam
834 4138 1105 4210 Domini
1148 4136 1364 4208 nostri
1409 4142 1577 4208 Jesu
1602 4137 1855 4208 Christi
1902 4139 2303 4230 imaginem,
2338 4160 2497 4210 cum
2551 4140 2623 4211 in
2672 4140 2910 4213 tabula
2939 4163 3105 4213 con-

548 4227 981 4385 glutinasset,
1031 4240 1098 4298 et
1143 4226 1295 4307 hoc,
1359 4226 1540 4315 quod
1595 4247 1784 4297 nunc
1832 4226 2127 4312 videtur,
2182 4250 2351 4299 auro
2399 4241 2749 4312 ornasset,
2817 4232 3098 4320 posuit,

601 4337 720 4386 aec
753 4316 960 4387 verba
1004 4315 1074 4384 in
1121 4337 1292 4386 auro
1335 4314 1767 4386 inscribens:
1808 4320 2083 4388 Cnmsrn
2123 4322 2320 4400 Dssus,
2373 4339 2484 4398 om
2528 4339 2597 4388 nv
2644 4341 2720 4388 ‘rt
2767 4338 3028 4400 sunu,
3065 4338 3107 4387 Α

550 4426 665 4476 sn
708 4423 839 4476 non
885 4424 1154 4476 ucimr.
1207 4409 1285 4475 Et
1321 4405 1581 4489 statuit,
1634 4417 1712 4479 ut
1753 4405 2181 4495 quicumque
2222 4429 2343 4499 per
2385 4406 2577 4479 illam
2607 4408 2897 4500 ‘portam
2958 4419 3106 4480 erat
