3308 5004
659 271 790 341 δῦ
1231 288 1313 338 nn
1358 288 1418 339 s.
1468 285 1801 339 nattam
1846 286 1992 337 με.
2040 283 2425 337 mnu.
2491 349 2495 353 ,
2780 264 2971 337 me.
3016 265 3119 340 ¹0

564 373 862 455 virtutis,
880 384 949 447 et
969 372 1215 445 virtute
1237 372 1590 454 orationis,
1624 371 1747 444 ille
1773 372 1846 444 in
1876 370 2233 466 Hispaniis
2259 379 2549 463 repente·
2564 368 2938 453 convaluit,
2960 383 3125 444 tan·

564 484 776 554 quam
826 485 944 536 vas
990 462 1275 554 plenum
1304 464 1488 551 aqua
1518 482 1652 533 suo
1675 461 1982 533 sentiens
2007 460 2219 552 capiti
2250 457 2687 551 sapere-iudi.
2726 463 3117 551 Regressus

565 553 622 625 s'
678 551 908 623 uidem
956 550 1204 634 Abbas,
1254 571 1416 622 cum
1467 548 1898 642 praedictum
1933 547 2211 622 fratrem
2253 547 2669 621 incolumem
2713 547 3111 639 reperisset.

564 641 640 712 di
673 641 937 744 igenter
979 638 1370 712 sciscitatus
1406 640 1498 711 ab
1528 661 1611 710 eo
1639 650 1707 711 et
1739 637 2023 710 modum
2052 651 2121 710 et
2149 650 2287 710 tem
2339 659 2425 708 us
2452 657 2619 710 suae
2652 636 3111 720 liberationis.

566 730 949 802 certissime
993 728 1371 818 comperit,
1421 739 1662 800 orante
1707 727 1780 799 in
1830 725 2072 800 Galliis
2119 727 2237 799 Dei
2309 725 2570 810 amulo,
2620 725 2823 798 illum
2875 726 2948 798 in
2985 726 3119 799 m·

566 818 834 911 spaniis
870 839 1022 889 esse
1057 828 1463 889 curatum...
1496 816 1626 908 (α).

650 909 689 996 ξ
732 912 898 981 82.
950 911 1119 978 Cum
1169 905 1787 978 reverendissimus
1831 908 2017 997 Papa
2062 915 2294 976 noster
2337 902 2691 995 Eugenius
2737 904 2979 977 tertius
3023 924 3118 977 ex

562 995 907 1068 monacho
953 993 1486 1076 claravallensi,
1540 1007 1609 1066 et
1652 994 1908 1066 Abbate
1952 993 2172 1065 sancti
2227 993 2564 1066 Anastasii
2619 994 2694 1064 in
2746 993 2919 1065 urbe
2969 998 3115 1065 Ro-

562 1106 797 1165 mana,
849 1083 934 1156 ad
984 1082 1440 1175 Apostolicam
1486 1096 1894 1174 assumptus
1937 1081 2379 1164 cathedram,
2428 1079 2688 1155 Gallias
2741 1082 3111 1166 intrasset,

562 1173 710 1246 ibat
752 1195 915 1245 cum
961 1193 1045 1244 eo
1093 1172 1195 1243 vir
1240 1185 1570 1244 sanctus:
1625 1194 1752 1242 nec
1800 1172 2036 1244 minus
2082 1170 2467 1262 Apostolica
2523 1170 2743 1243 virtus
2796 1171 2866 1242 in
2928 1170 3054 1243 illo
3086 1225 3108 1254 ,

561 1284 774 1352 quam
823 1260 1127 1354 dignitas
1171 1261 1244 1332 in
1292 1260 1413 1332 illo
1463 1260 1960 1352 praeminebat.
2011 1265 2270 1332 Tantus
2313 1259 2501 1331 enim
2548 1259 2640 1331 ad
2686 1259 2962 1333 beatum
3004 1260 3113 1330 vi·

564 1374 723 1423 rum
790 1364 937 1421 erat
995 1371 1380 1423 concursus
1443 1348 1906 1420 incommodis
1953 1349 2162 1420 variis
2227 1346 2689 1421 laborantium
2721 1403 2738 1432 ,
2808 1362 2886 1420 ut
2939 1370 3108 1420 eum

564 1439 942 1529 aliquando
987 1461 1311 1511 summus
1355 1437 1662 1510 Pontifex
1709 1438 2094 1519 basilicam,
2148 1436 2271 1509 ubi
2300 1436 2417 1508 ille
2454 1437 2819 1510 Hissarum
2852 1438 3111 1510 solem-

564 1530 684 1600 nia
729 1528 1153 1610 celebrabat,
1204 1527 1491 1600 devotus
1534 1527 1896 1609 intrasset,
1947 1526 2218 1618 expleto
2261 1525 2628 1609 sacrificio,
2675 1540 2745 1599 et
2786 1549 2871 1598 ex
2918 1547 3113 1599 more

562 1617 1054 1690 accedentibus
1095 1617 1197 1689 eis
1241 1617 1364 1706 qui
1408 1638 1646 1687 curam
1680 1616 2189 1697 desiderabant,
2230 1613 2677 1706 paulominus
2706 1615 2887 1687 idem
2923 1621 3112 1708 Papa

561 1707 1252 1888 sffctfl'fiffigffiffints
1272 1705 1791 1882 ἒξὲῗῆιὲἑέἒξ
1827 1705 2142 1885 5,·ῗῖἓέἔὲ
2171 1703 3111 1884 {sszsalssssm'izffizffi

562 1884 919 1965 comitatu,
972 1882 1112 1954 duo
1158 1882 1555 1965 scribimus,
1607 1904 1786 1970 quae
1833 1904 1961 1957 nos
2005 1881 2320 1954 oblivisci
2368 1881 2520 1972 ipsa
2553 1903 2766 1971 quam
2798 1881 3109 1955 vidimus

564 1972 974 2064 magnitudo
1021 1971 1317 2043 laetitiae
1362 1993 1498 2041 non
1641 1971 1903 2043 rmittit.
1959 1971 2233 2056 chaleta
2294 1969 2553 2042 dicitur
2622 1970 2815 2044 vicus
2842 2027 2861 2053 ,
2926 1971 3110 2042 inter

562 2062 980 2154 Provignum
1028 2073 1329 2132 castrum
1378 2072 1447 2130 et
1626 2081 1879 2132 uanam
1930 2060 2219 2132 fluvium
2266 2060 2706 2145 constitutus,
2756 2060 2881 2133 ubi
2930 2080 3109 2152 puer

561 2149 776 2221 ferme
820 2150 1151 2220 decennis
1197 2149 1288 2220 ab
1331 2169 1516 2219 anno
1564 2150 1792 2239 priore
1839 2147 2262 2239 paralyticus
2309 2148 2410 2220 sic
2456 2149 2778 2241 jacebat,
2839 2161 2920 2221 ut
2977 2170 3107 2220 uec

562 2238 794 2332 ipsum
843 2251 1055 2329 caput
1099 2239 1419 2319 flecteret,
1473 2238 1608 2308 nisi
1657 2237 1745 2309 ab
1789 2238 2004 2309 altero
2044 2250 2449 2309 moveretur.
2494 2243 2710 2323 Quem
2742 2238 3108 2310 afferentes

560 2329 635 2398 in
683 2328 972 2399 culcitra
1021 2339 1236 2398 mater
1278 2328 1429 2418 ejus
1474 2327 1861 2415 caeterique
1910 2325 2305 2418 propinqui,
2354 2325 2732 2399 offerebant
2764 2328 2908 2399 viro
2940 2347 3105 2398 san·

560 2429 693 2499 cto,
748 2437 960 2511 prope
1003 2416 1324 2488 eumdem
1377 2416 1604 2486 locum
1656 2437 1777 2507 per
1823 2427 2105 2488 stratam
2159 2413 2510 2507 publicam
2561 2415 2973 2488 transeunti.
3028 2420 3107 2487 At

559 2505 678 2577 ille
718 2521 1035 2578 sanatum
1084 2507 1383 2609 erigens,
1435 2506 1674 2577 statuit
1721 2526 1932 2596 supra
1980 2502 2188 2597 pedes
2235 2525 2423 2587 suos,
2471 2517 2540 2578 et
2584 2506 2684 2577 ire
2723 2506 3098 2598 praecepit.

559 2600 694 2668 Nec
742 2616 979 2666 mora:
1031 2595 1248 2666 exiliit
1296 2616 1490 2687 puer,
1542 2606 1610 2665 et
1654 2592 2102 2675 ambulabat,
2162 2593 2620 2684 magnificans
2665 2599 2908 2666 Deum.
2968 2593 3103 2680 Qui

557 2683 803 2756 tandiu
849 2697 1165 2757 sanctum
1218 2694 1624 2776 prosecutus
1668 2696 1773 2755 est
1818 2683 2212 2764 abeuntem,
2248 2680 2469 2754 donec
2509 2681 2650 2763 ille,
2689 2683 2983 2756 invitum
3018 2683 3099 2753 li·

556 2787 666 2844 cet
709 2785 776 2844 et
824 2774 1268 2857 renitentem,
1324 2771 1545 2842 redire
1596 2771 1963 2875 praecepit.
2031 2771 2157 2843 Ubi
2204 2791 2341 2841 non
2409 2771 2755 2845 immerito
2812 2772 3095 2862 quidem

556 2883 812 2954 magna
858 2861 1238 2933 admodum
1284 2860 1465 2932 facta
1508 2874 1613 2931 est
1657 2860 2049 2942 admiratio,
2107 2881 2361 2964 magna
2405 2860 2736 2935 exultatio
2778 2859 3085 2933 omnium

556 2950 679 3039 qui
727 2948 1087 3021 videbant:
1139 2949 1258 3020 sed
1311 2970 1474 3041 prae
1517 2950 1805 3020 caeteris
1848 2948 2058 3021 frater
2094 2948 2337 3039 junior
2375 2949 2449 3021 in
2478 2949 2731 3041 ipsius,
2766 2963 3086 3037 tanquam

556 3039 868 3121 redivivi,
918 3038 1155 3109 oscula
1204 3060 1436 3120 ruens,
1492 3039 1747 3109 multos
1791 3059 2031 3110 eorum
2066 3037 2151 3108 ad
2188 3038 2533 3128 lacrymas
2565 3061 2789 3132 usque
2816 3054 3090 3128 permo-

556 3127 677 3197 vit.
730 3131 930 3198 Hunc
974 3126 1258 3216 quidem
1309 3146 1602 3217 puerum
1646 3140 1717 3197 et
1765 3140 1915 3217 post
1960 3148 2181 3197 annos
2225 3137 2525 3216 quatuor
2568 3128 2640 3199 in
2672 3126 2909 3200 eodem
2940 3123 3093 3194 vico

556 3214 887 3297 vidimus,
938 3237 1142 3305 quem
1193 3215 1391 3286 beato
1437 3215 1582 3285 viro
1629 3228 1848 3285 mater
1892 3215 2208 3297 offerens,
2260 3236 2494 3289 sacros
2542 3217 2865 3288 monebat
2893 3235 3096 3285 oscu-

559 3304 689 3375 lari
739 3304 978 3463 ρθάιεθε
1031 3305 1156 3376 Hic
1199 3316 1324 3385 est,
1376 3302 1724 3393 inquiens,
1765 3316 1955 3395 pater
1983 3317 2170 3386 tuus,
2203 3305 2326 3394 qui
2359 3304 2483 3375 tibi
2522 3304 2732 3387 vitam
2764 3301 3090 3386 reddidit,

557 3404 626 3465 et
657 3403 722 3464 te
751 3414 847 3463 mt
877 3415 948 3463 n.

599 3568 602 3571 ¹
647 3484 685 3571 ξ
731 3486 896 3554 88.
949 3478 1201 3552 Eodem
1250 3501 1436 3551 anno
1480 3479 1668 3571 apud
1718 3480 2119 3555 cistercium
2159 3480 2359 3572 juxta
2408 3501 2665 3553 morem
2716 3480 3098 3553 Abbatibus

557 3571 1016 3664 congregatis,
1073 3568 1462 3662 praedictus
1508 3575 1690 3661 Papa
1739 3570 2152 3642 venerabilis
2187 3568 2433 3653 adfuit,
2472 3591 2607 3641 non
2641 3582 2779 3642 tam
2811 3575 3101 3662 Aposto-

559 3659 693 3732 lica
740 3659 1143 3731 auctoritate
1181 3658 1602 3751 praesidens,
1636 3681 1846 3762 quam
1878 3659 2180 3730 fraterna
2207 3659 2542 3731 charitate
2571 3658 2883 3732 residens
2918 3659 3101 3731 inter

556 3770 719 3832 eos,
770 3749 971 3838 quasi
1018 3768 1207 3819 unus
1248 3769 1331 3819 ex
1375 3748 1501 3819 eis.
1555 3749 1682 3819 Ub1
1728 3769 1891 3820 cum
1939 3747 2024 3818 ad
2074 3748 2397 3819 cellulam
2452 3748 2525 3819 in
2586 3770 2727 3836 qua
2769 3748 3093 3840 jacebat,

556 3837 735 3910 facto
785 3859 1061 3930 vespere
1104 3849 1172 3908 et
1207 3851 1550 3909 conventu
1579 3835 1826 3919 soluto,
1865 3836 1979 3907 Dei
2019 3836 2327 3908 famulus
2356 3835 2762 3919 divertisset,
2800 3837 3098 3907 surdum

556 3928 622 3997 ei
673 3949 965 4018 puerum
1013 3926 1440 3998 obtulerunte
1490 3930 1647 3996 Erat
1692 3937 1922 3996 autem
1976 3947 2147 4018 puer
2177 3924 2295 3996 illc
2324 3925 2411 3997 de
2442 3925 2694 3997 vicinia
2723 3925 2993 4008 eadem,
3025 3934 3099 3997 et

557 4016 740 4088 sicut
786 4029 1019 4109 postea
1065 4014 1468 4096 didicimus,
1519 4036 1601 4085 ex
1649 4013 1856 4104 longo
1901 4027 2061 4085 ante
2092 4027 2398 4106 tempore
2432 4014 2732 4108 vigilans
2761 4015 2832 4085 in
2863 4026 3100 4087 custo-

556 4103 671 4175 dia
705 4105 934 4197 gregis
965 4105 1100 4188 sui,
1126 4103 1355 4176 subito
1381 4117 1635 4176 terrore
1666 4124 2059 4194 percussuS,
2084 4104 2409 4175 amiserat
2434 4123 2721 4196 prorsus
2745 4103 3094 4177 auditum.

610 4245 679 4298 (a)
708 4249 947 4289 Nonnulla
974 4249 1018 4289 s.
1045 4245 1236 4289 Abbati·
1263 4244 1492 4289 miracula
1519 4244 1818 4289 sanationum
1844 4244 2221 4298 praeterivimus.
2240 4256 2349 4289 cun
2367 4248 2487 4289 satis
2503 4249 2656 4289 mult·
2674 4249 2768 4290 ant
2787 4245 3011 4298 superius
3028 4257 3102 4289 n-

555 4302 749 4342 een-tta.
779 4302 954 4343 Verum
982 4301 1108 4343 enlm
1135 4310 1264 4348 vero,
1287 4298 1419 4351 qaia.
1444 4301 1618 4343 nedum
1643 4310 1766 4351 quae
1793 4299 2073 4347 annuimus,
2099 4302 2183 4342 aad
2207 4304 2444 4352 quotquot
2469 4301 2549 4343 hta
2573 4300 2783 4353 quinque
2795 4300 2935 4344 nm
2950 4301 3104 4343 aad·

556 4357 745 4400 nentur,
772 4356 897 4401 sunt,
923 4356 965 4396 sl
993 4354 1207 4395 conteras
1234 4365 1342 4396 cnm
1362 4351 1639 4404 praegrandi
1659 4364 1856 4396 numero
1875 4356 2132 4405 signorum.
2149 4362 2256 4404 qno.
2275 4358 2328 4396 ut
2347 4353 2502 4398 min·
2519 4352 2792 4399 cumbunt
2805 4357 2977 4401 um
2991 4364 3101 4405 arn·

558 4404 722 4448 curcul
742 4409 972 4455 amores.
990 4402 1218 4449 Bet-nardi
1235 4407 1425 4458 ungula
1440 4416 1562 4458 pene
1577 4408 1707 4450 vitae
1730 4410 1967 4451 momenta·
1985 4407 2229 4450 clai-mn
