3308 5004
724 335 854 401 722
1247 349 1314 398 nt
1358 347 1553 398 πετο
1597 347 1934 396 nacotur.
1989 349 2045 396 s.
2097 346 2324 397 :oann-
2375 346 2556 419 narr.
2859 327 3075 394 AUG.
3122 328 3201 392 29

682 456 979 507 uaenam
1052 446 1229 506 esset
1301 434 1557 505 somnii
1631 433 2070 535 significatio.
2135 431 2510 502 Videbatur
2586 442 2815 501 autem
2892 430 3046 500 hoc
3128 430 3202 500 ab

636 525 759 596 ilo
790 523 1013 594 visum
1048 545 1198 593 csse
1246 545 1383 593 non
1420 523 1569 593 sine
1617 527 1734 592 Dei
1768 522 2079 604 numine,
2145 542 2368 609 neque
2430 519 2647 591 solam
2696 519 2770 589 in
2817 541 2902 588 se
2940 517 3202 589 nudam

636 613 985 684 continere
1035 612 1392 682 visionem.
1443 610 1694 682 Deinde
1730 612 2082 701 Baptistae
2131 609 2445 680 divinum
2481 609 2569 679 ad
2631 631 2757 679 nos
2811 607 3200 679 adventum

639 703 896 793 aperio,
931 705 1118 784 Quae
1141 724 1299 771 cum
1334 700 1692 779 audiisset,
1734 699 2169 770 vehementer
2196 720 2302 769 me
2334 698 2618 787 rogavit,
2657 711 2733 767 ut
2767 697 2935 767 visu
2980 697 3201 767 locum

637 790 1205 882 apprehenderet.
1260 794 1397 880 Ego
1447 812 1602 858 vero
1638 787 1834 858 illum
1872 788 2101 859 statim
2150 788 2212 857 ei
2263 785 2557 857 ostendi.
2610 785 2959 856 Posthaec
3012 785 3200 855 nobis

635 902 673 950 e
719 879 1052 970 spelunca
1098 878 1308 947 simul
1344 877 1779 959 exeuntibuS,
1826 878 1973 969 ipse
2020 876 2573 955 considerabam,
2617 873 2977 962 quidnam
3036 887 3201 944 esset

639 969 840 1039 nobis
887 966 1321 1059 faciendum:
1357 978 1422 1036 et
1464 966 1633 1035 mihi
1667 965 2005 1057 optimum
2041 966 2267 1035 visum
2306 976 2430 1047 est,
2467 963 2635 1033 haec
2682 964 2901 1033 etiam
2939 964 3197 1055 aperire
3270 968 3271 1003 ¹

641 1057 985 1149 Stephano
1014 1056 1190 1214 {erat
1237 1069 1465 1133 autem
1502 1056 1564 1124 is
1611 1054 2163 1124 Archimandrita
2212 1052 2596 1143 Daromnii)
2636 1064 2712 1122 ut
2759 1052 2949 1123 haec
3001 1053 3090 1123 ab
3130 1074 3195 1120 eo

638 1168 886 1218 rursus
933 1145 1016 1215 de
1047 1152 1364 1214 errentur
1396 1143 1482 1215 ad
1533 1144 1977 1235 Episcopum.
2030 1141 2437 1214 Accedentes
2479 1163 2684 1233 ergo,
2737 1141 3000 1232 ipsum
3065 1141 3191 1229 qui·

637 1235 795 1305 dem
845 1257 983 1305 non
1014 1234 1410 1304 invenimus
1460 1246 1925 1324 praesentem:
1957 1232 2171 1302 iverat
2215 1231 2400 1301 enim
2433 1229 2519 1300 ad
2557 1231 2996 1301 monasteria
3041 1251 3191 1319 quae

641 1337 805 1397 sunt
855 1324 922 1393 in
974 1324 1276 1414 regione.
1321 1327 1487 1393 Cum
1537 1323 1768 1410 itaque
1815 1343 1893 1389 co
1950 1323 2251 1401 itassem,
2306 1333 2617 1411 oportere
2654 1342 3035 1391 accersere
3063 1319 3189 1388 dia-

638 1434 891 1483 conum
945 1414 1305 1503 Cyriacum
1341 1466 1357 1494 ,
1421 1413 1541 1499 qui
1603 1423 1749 1480 erat
1796 1414 1919 1480 Arc
1980 1409 2350 1480 imandrita
2395 1430 2662 1490 eorum,
2713 1430 2913 1496 quae
2990 1409 3063 1478 in
3124 1430 3185 1476 ea

639 1502 917 1592 regione
955 1514 1172 1581 erant,
1229 1500 1831 1580 monasteriorum,
1868 1514 1934 1569 et
1980 1498 2455 1569 Praecursoris
2494 1519 2603 1567 res
2647 1498 2713 1567 ei
2760 1499 3075 1588 aperire,
3105 1497 3181 1567 sic

637 1590 792 1661 feci.
848 1588 973 1659 Ille
1002 1605 1231 1660 autem
1284 1589 1511 1660 statim
1558 1588 1741 1658 venit
1778 1588 2176 1658 accersitus,

724 1681 762 1768 ξ
809 1683 968 1752 ίθ.
1022 1683 1477 1749 consecutum
1518 1699 1794 1765 quoque
1831 1690 1935 1748 est
1963 1675 2154 1747 aliud
2196 1674 2547 1765 pertinens
2578 1674 2662 1744 ad
2693 1696 2779 1745 ea
2828 1686 3178 1763 quaesunt
3270 1720 3271 1731 κ

637 1767 1013 1859 proposita.
1066 1772 1306 1838 Narrat
1353 1768 1534 1836 enim
1590 1767 1607 1835 i
1666 1788 1738 1835 se
1769 1787 2043 1853 quoque
2094 1764 2292 1835 nobis
2340 1762 2689 1833 somnium
2742 1765 2943 1851 quod
3002 1777 3171 1834 noctu

636 1857 924 1927 viderat.
978 1860 1134 1925 Erat
1182 1868 1407 1924 autem
1460 1790 1660 1924 illudJ
1684 1876 1957 1942 quoque
2020 1853 2214 1923 valde
2260 1874 2650 1922 consonans
2691 1853 2961 1924 visioni
3030 1858 3171 1923 Gen-

639 1945 855 2015 nadii.
902 1949 1267 2032 Postquam
1317 1965 1475 2014 vero
1507 1944 1593 2013 ad
1622 1965 1779 2012 eum
1831 1942 2095 2012 delatae
2143 1952 2307 2011 sunt
2352 1963 2462 2012 res
2486 1944 3005 2024 Praecursoris,
3055 1942 3162 2011 ille:

638 2033 816 2118 Quid
866 2054 1053 2123 ergo,
1111 2031 1361 2120 inquit,
1417 2032 1616 2103 nobis
1663 2044 1766 2102 est
1814 2031 2259 2102 faciendum?
2304 2036 2382 2100 Et
2426 2052 2592 2120 ego:
2658 2031 3033 2122 Episcopo,
3083 2031 3163 2099 in-

636 2144 875 2210 quam,
921 2134 1023 2191 est
1071 2119 1658 2212 significandum:
1704 2121 1977 2222 expedit
2008 2121 2217 2190 enim.
2273 2124 2427 2189 Post
2480 2140 2641 2189 uam
2704 2135 2949 2190 autem
3001 2116 3162 2188 intel-

637 2209 958 2291 leximus,
997 2232 1132 2280 non
1168 2209 1399 2279 adhuc
1446 2207 1688 2280 adesse
1735 2208 1995 2279 dictum
2054 2207 2417 2278 Archiman
2477 2208 2677 2277 ritam
2732 2209 3151 2300 Stephanum.

637 2321 760 2390 per
791 2320 997 2386 quem
1033 2298 1435 2370 volebamus
1467 2310 1544 2368 ut
1594 2298 1661 2366 id
1711 2299 1773 2367 ei
1823 2296 2356 2389 significaretur,
2407 2295 2723 2384 quinque
2760 2298 2915 2367 dies
2960 2307 3154 2387 postea

636 2386 1170 2478 expectavimus.
1224 2388 1401 2471 Quid
1453 2386 1704 2456 deinde
1734 2384 2230 2474 consequitur?
2277 2390 2433 2454 Erat
2482 2384 2765 2485 quidem
2823 2386 3144 2456 sabbatum

637 2498 947 2568 vespere:
1002 2476 1207 2547 Nobis
1256 2489 1484 2562 autem
1520 2475 1859 2546 ambobus
1909 2474 2331 2556 sedentibus,
2368 2485 2434 2545 et
2471 2473 2683 2544 simul
2720 2474 3140 2545 sermocinan-

636 2566 847 2646 tibus,
903 2564 1338 2635 vehementer
1373 2587 1747 2657 percussus
1796 2565 1862 2634 in
1902 2586 2125 2656 genua
2153 2618 2168 2646 ‚
2239 2575 2424 2634 tanta
2474 2563 2539 2632 vi
2586 2563 2902 2640 inflectat,
2951 2572 3011 2628 ut
3051 2576 3125 2625 ne

637 2676 910 2745 possem
961 2654 1240 2742 quidem
1295 2655 1575 2735 moveri,
1618 2676 1839 2741 neque
1871 2654 2154 2725 omnino
2187 2652 2448 2740 aliquid
2500 2650 2700 2722 aliud
2748 2652 2959 2722 facere.
2988 2645 3130 2715 Dia-

637 2765 857 2814 conus
902 2764 1066 2833 ergo
1114 2743 1536 2825 Gennadius,
1574 2743 1814 2813 videus
1846 2764 1954 2813 me
2004 2756 2139 2812 tam
2178 2741 2358 2811 male
2382 2742 2736 2811 affectum:
2770 2738 2933 2824 Quid
2956 2736 3135 2805 νει-οἳ

636 2838 779 2904 Non
833 2832 956 2902 tibi
1005 2832 1171 2913 dixi,
1223 2833 1472 2913 a'ebat,
1524 2845 1836 2922 oportere
1875 2831 1959 2901 ad
2013 2831 2428 2931 Episcopum
2478 2829 2884 2902 accedentes
2925 2848 3042 2898 nos
3082 2845 3150 2894 ea

636 2921 738 2992 illi
786 2921 1015 2991 statim
1066 2922 1245 3012 signi
1279 2942 1485 3002 lcare,
1538 2920 1870 3008 quoniam
1935 2943 2073 2991 non
2133 2919 2448 2990 veniebat
2493 2940 2674 3010 papa
2745 2916 3151 3010 Stephanus?

632 3015 846 3097 Atque
893 3010 1042 3100 ipse
1096 3010 1375 3098 quidem
1428 3010 1681 3090 mansi,
1737 3007 1940 3100 plaga
2014 3007 2245 3079 adhuc
2304 3007 2523 3098 magis
2573 3008 2943 3099 magisque
2985 3003 3147 3076 casti·

637 3114 877 3190 gatus:
932 3098 1330 3169 Gennadius
1375 3112 1605 3168 autem
1661 3109 1726 3167 et
1774 3098 2145 3188 Cyriacus,
2204 3109 2644 3187 posteaquam
2718 3095 3149 3168 ministerium

637 3209 842 3257 suum
895 3187 979 3256 ad
1031 3186 1238 3257 finem
1289 3187 1775 3266 deduxerunt,
1829 3186 2042 3257 simul
2104 3184 2191 3255 ad
2257 3207 2365 3255 me
2425 3184 2767 3255 accedunt
2833 3188 2961 3257 ubi
3005 3202 3154 3256 eram

626 3277 896 3368 jacenS,
948 3287 1014 3344 et
1047 3275 1323 3346 dicunt:
1366 3282 1520 3346 Jam
1575 3287 1636 3345 te
1685 3276 1862 3345 scire
1908 3286 2193 3366 oportet,
2244 3273 2427 3361 quod
2479 3273 2713 3343 divino
2759 3275 3024 3347 Joanni
3072 3293 3165 3343 su·

636 3386 797 3434 mus
847 3362 1157 3453 polliciti,
1213 3387 1338 3435 nos
1379 3365 1546 3435 haec
1594 3364 1932 3454 Episcopo
1983 3385 2132 3435 esse
2183 3362 2720 3453 significaturOS,
2778 3367 3170 3454 priusquam

638 3453 739 3523 sol
780 3452 1097 3523 oriretur.
1148 3458 1288 3544 Ego
1335 3476 1533 3524 vero:
1587 3458 1831 3535 Recte,
1884 3452 2073 3534 dixi,
2126 3452 2289 3522 estis
2356 3451 2664 3543 polliciti.
2748 3455 3076 3525 Nondum
3116 3447 3174 3519 id

636 3541 818 3701 qpod
853 3541 1186 3625 dixeram,
1224 3542 1433 3612 finem
1476 3554 1856 3632 acceperat,
1911 3553 1977 3613 et
2022 3540 2199 3611 mihi
2229 3541 2539 3623 cessavit,
2581 3550 2648 3610 et
2694 3539 3056 3616 dissoluta
3095 3547 3178 3610 est

714 3653 749 3700 a
806 3653 869 3700 a.

638 3653 683 3722 p
725 3653 944 3808 §git
998 3721 1163 3789 Cum
1216 3719 1448 3790 statim
1507 3741 1671 3811 ergo
1718 3719 1832 3789 die
1878 3718 2191 3807 sequenti
2237 3741 2397 3802 cum
2460 3717 2745 3808 Cyriaco
2802 3733 2882 3791 et
2929 3719 3181 3791 Juliano

636 3807 978 3878 monacho
1015 3809 1571 3890 accessissemus,
1617 3808 2099 3900 significamus
2128 3808 2363 3879 omnia
2397 3806 2645 3878 Uranio
2667 3807 3051 3900 Episcopo,
3084 3806 3183 3896 qui

627 3896 775 3987 jam
824 3895 1307 3998 egrediebatur
1344 3918 1422 3966 ex
1445 3897 1821 3978 Matutinis,
1848 3896 2192 3968 dicentes:
2230 3902 2520 3987 Magnus
2550 3896 2875 3969 ‘loannes
2904 3898 3187 3990 Baptista

634 3984 1040 4055 ostenditur.
1093 3987 1170 4055 Ei
1206 3998 1461 4067 autem,
1517 4009 1678 4055 cum
1713 3985 2071 4067 audiisset,
2115 3985 2461 4057 succurrit
2498 3983 2889 4057 admirari:
2944 4001 3187 4059 etcum

637 4073 927 4165 propius
989 4074 1420 4175 accessisset:
1475 4074 1602 4145 Sed
1652 4096 1879 4154 nemo,
1931 4074 2199 4163 inquit,
2265 4074 2479 4157 sciat,
2534 4096 2757 4163 neque
2804 4078 2988 4165 quis
3048 4096 3186 4147 eum

636 4173 873 4253 tangat
925 4184 1233 4233 omnino.
1287 4167 1454 4234 Cum
1504 4185 1663 4233 vero
1733 4175 2039 4254 rogasset
2112 4163 2478 4254 Cyriacus:
2540 4165 2840 4248 Quando
2913 4189 3089 4258 ergo
3132 4175 3189 4234 tu

633 4273 911 4341 quoque
945 4251 1219 4322 venies?
1251 4252 1368 4321 Die
1414 4253 1739 4334 crastino,
1794 4253 2040 4340 inquit.
2094 4257 2260 4324 Cum
2304 4253 2535 4341 itaque
2575 4254 2922 4344 postridie
2976 4254 3187 4326 venis·

637 4350 760 4439 set,
806 4353 887 4410 ut
927 4339 1151 4441 fuerat
1196 4340 1565 4433 pollicitus,
1623 4341 1834 4412 simul
1874 4365 2032 4413 cum
2084 4341 2505 4444 presbyteris
2550 4354 2614 4412 et
2665 4342 3031 4426 diaconiS‚
3085 4340 3187 4412 ubi

635 4425 903 4498 fuimus
957 4450 1030 4497 in
1079 4427 1228 4499 loco
1257 4483 1274 4512 ,
1350 4430 1498 4520 ipsi,
1552 4429 1838 4518 quidem
1910 4430 2343 4523 procidentes
2413 4430 2848 4503 adorabant:
2931 4432 3187 4505 Malcho
