<?xml version="1.0" encoding="UTF-8"?>
<!DOCTYPE html PUBLIC "-//W3C//DTD XHTML 1.0 Transitional//EN"
    "http://www.w3.org/TR/xhtml1/DTD/xhtml1-transitional.dtd">
<html xmlns="http://www.w3.org/1999/xhtml" xml:lang="en" lang="en">
 <head>
  <title>
</title>
<meta http-equiv="Content-Type" content="text/html;charset=utf-8" />
  <meta name='ocr-system' content='tesseract 3.04.00' />
  <meta name='ocr-capabilities' content='ocr_page ocr_carea ocr_par ocr_line ocrx_word'/>
</head>
<body>
  <div class='ocr_page' id='page_1' title='image "./historiaeseuvit01lippgoog_0862.png"; bbox 0 0 3308 5004; ppageno 0'>
   <div class='ocr_carea' id='block_1_1' title="bbox 739 327 3211 397">
    <p class='ocr_par' dir='ltr' id='par_1_1' title="bbox 739 327 3211 397">
     <span class='ocr_line' id='line_1_1' title="bbox 739 327 3211 397; baseline -0.003 -1"><span class='ocrx_word' id='word_1_1' title='bbox 739 332 866 397; x_wconf 80' lang='lat'>758</span> <span class='ocrx_word' id='word_1_2' title='bbox 920 351 930 359; x_wconf 91' lang='lat'><strong>·</strong></span> <span class='ocrx_word' id='word_1_3' title='bbox 1490 347 1568 393; x_wconf 74' lang='lat' dir='ltr'>nn</span> <span class='ocrx_word' id='word_1_4' title='bbox 1615 346 1668 394; x_wconf 92' lang='lat' dir='ltr'>s.</span> <span class='ocrx_word' id='word_1_5' title='bbox 1725 343 1887 394; x_wconf 69' lang='lat' dir='ltr'>nosA</span> <span class='ocrx_word' id='word_1_6' title='bbox 1936 345 2106 392; x_wconf 75' lang='lat' dir='ltr'>vmc..</span> <span class='ocrx_word' id='word_1_7' title='bbox 2159 346 2287 392; x_wconf 72' lang='lat' dir='ltr'>Lm.</span> <span class='ocrx_word' id='word_1_8' title='bbox 2883 327 3091 392; x_wconf 79' lang='lat' dir='ltr'><strong>AUG.</strong></span> <span class='ocrx_word' id='word_1_9' title='bbox 3144 328 3211 392; x_wconf 81' lang='lat'>30</span> 
     </span>
    </p>
   </div>
   <div class='ocr_carea' id='block_1_2' title="bbox 654 429 3273 525">
    <p class='ocr_par' dir='ltr' id='par_1_2' title="bbox 654 429 3273 525">
     <span class='ocr_line' id='line_1_2' title="bbox 654 429 3273 525; baseline -0.001 -22"><span class='ocrx_word' id='word_1_10' title='bbox 654 433 951 525; x_wconf 70' lang='lat' dir='ltr'>pretiosa</span> <span class='ocrx_word' id='word_1_11' title='bbox 998 433 1378 502; x_wconf 74' lang='lat' dir='ltr'>consutura</span> <span class='ocrx_word' id='word_1_12' title='bbox 1425 430 1676 522; x_wconf 88' lang='lat' dir='ltr'>dignas</span> <span class='ocrx_word' id='word_1_13' title='bbox 1723 453 1957 502; x_wconf 91' lang='lat' dir='ltr'>amore</span> <span class='ocrx_word' id='word_1_14' title='bbox 2006 429 2349 501; x_wconf 81' lang='lat' dir='ltr'>infantulo</span> <span class='ocrx_word' id='word_1_15' title='bbox 2406 441 2633 502; x_wconf 77' lang='lat' dir='ltr'>vestes,</span> <span class='ocrx_word' id='word_1_16' title='bbox 2672 429 2954 520; x_wconf 89' lang='lat' dir='ltr'>pluries</span> <span class='ocrx_word' id='word_1_17' title='bbox 3027 452 3214 521; x_wconf 79' lang='lat' dir='ltr'>prae·</span> <span class='ocrx_word' id='word_1_18' title='bbox 3264 476 3273 485; x_wconf 96' lang='lat'><em>-</em></span> 
     </span>
    </p>
   </div>
   <div class='ocr_carea' id='block_1_3' title="bbox 651 518 3216 968">
    <p class='ocr_par' dir='ltr' id='par_1_3' title="bbox 651 518 3216 968">
     <span class='ocr_line' id='line_1_3' title="bbox 652 518 3215 614; baseline -0.002 -21"><span class='ocrx_word' id='word_1_19' title='bbox 652 523 982 614; x_wconf 88' lang='lat' dir='ltr'>parabat;</span> <span class='ocrx_word' id='word_1_20' title='bbox 1033 541 1328 608; x_wconf 89' lang='lat' dir='ltr'>quarum</span> <span class='ocrx_word' id='word_1_21' title='bbox 1382 518 1555 603; x_wconf 91' lang='lat' dir='ltr'>loco,</span> <span class='ocrx_word' id='word_1_22' title='bbox 1608 520 2063 592; x_wconf 77' lang='lat' dir='ltr'><strong>substituerat</strong></span> <span class='ocrx_word' id='word_1_23' title='bbox 2102 520 2385 602; x_wconf 84' lang='lat' dir='ltr'>rosaria,</span> <span class='ocrx_word' id='word_1_24' title='bbox 2425 518 2752 591; x_wconf 85' lang='lat' dir='ltr'>stationes</span> <span class='ocrx_word' id='word_1_25' title='bbox 2791 519 2887 590; x_wconf 87' lang='lat' dir='ltr'>ad</span> <span class='ocrx_word' id='word_1_26' title='bbox 2923 521 3215 592; x_wconf 81' lang='lat' dir='ltr'>sanctis-</span> 
     </span>
     <span class='ocr_line' id='line_1_4' title="bbox 652 608 3216 700; baseline -0.001 -20"><span class='ocrx_word' id='word_1_27' title='bbox 652 611 903 681; x_wconf 81' lang='lat' dir='ltr'>simam</span> <span class='ocrx_word' id='word_1_28' title='bbox 963 608 1496 691; x_wconf 83' lang='lat' dir='ltr'>Eucbaristiam,</span> <span class='ocrx_word' id='word_1_29' title='bbox 1538 610 1853 700; x_wconf 85' lang='lat' dir='ltr'>je&#39;unia‚</span> <span class='ocrx_word' id='word_1_30' title='bbox 1905 631 2197 680; x_wconf 89' lang='lat' dir='ltr'>coronas</span> <span class='ocrx_word' id='word_1_31' title='bbox 2246 608 2541 690; x_wconf 89' lang='lat' dir='ltr'>Domini,</span> <span class='ocrx_word' id='word_1_32' title='bbox 2595 608 2956 680; x_wconf 88' lang='lat' dir='ltr'>orationes</span> <span class='ocrx_word' id='word_1_33' title='bbox 2999 609 3216 680; x_wconf 88' lang='lat' dir='ltr'>domi-</span> 
     </span>
     <span class='ocr_line' id='line_1_5' title="bbox 652 632 3216 790; baseline -0.001 -21"><span class='ocrx_word' id='word_1_34' title='bbox 652 700 869 781; x_wconf 89' lang='lat' dir='ltr'>nicas,</span> <span class='ocrx_word' id='word_1_35' title='bbox 926 697 1374 771; x_wconf 88' lang='lat' dir='ltr'>salutationes</span> <span class='ocrx_word' id='word_1_36' title='bbox 1418 632 1796 789; x_wconf 63' lang='lat' dir='ltr'>angeiicas,</span> <span class='ocrx_word' id='word_1_37' title='bbox 1856 698 2155 788; x_wconf 87' lang='lat' dir='ltr'>symboli</span> <span class='ocrx_word' id='word_1_38' title='bbox 2202 697 2562 790; x_wconf 88' lang='lat' dir='ltr'>apostolici</span> <span class='ocrx_word' id='word_1_39' title='bbox 2621 698 3113 779; x_wconf 87' lang='lat' dir='ltr'>recitationes,</span> <span class='ocrx_word' id='word_1_40' title='bbox 3162 714 3216 767; x_wconf 85' lang='lat' dir='ltr'>et</span> 
     </span>
     <span class='ocr_line' id='line_1_6' title="bbox 651 785 3214 879; baseline -0.001 -20"><span class='ocrx_word' id='word_1_41' title='bbox 651 788 962 878; x_wconf 89' lang='lat' dir='ltr'>plurium</span> <span class='ocrx_word' id='word_1_42' title='bbox 1012 786 1309 858; x_wconf 87' lang='lat' dir='ltr'>aliarum</span> <span class='ocrx_word' id='word_1_43' title='bbox 1363 808 1694 879; x_wconf 91' lang='lat' dir='ltr'>precum,</span> <span class='ocrx_word' id='word_1_44' title='bbox 1748 786 2287 878; x_wconf 90' lang='lat' dir='ltr'>flagellationes,</span> <span class='ocrx_word' id='word_1_45' title='bbox 2342 785 2720 876; x_wconf 81' lang='lat' dir='ltr'>lacrymas,</span> <span class='ocrx_word' id='word_1_46' title='bbox 2777 788 3214 857; x_wconf 67' lang='lat' dir='ltr'>interventus</span> 
     </span>
     <span class='ocr_line' id='line_1_7' title="bbox 653 876 3210 968; baseline -0.001 -21"><span class='ocrx_word' id='word_1_47' title='bbox 653 877 1045 957; x_wconf 81' lang='lat' dir='ltr'>Missarum,</span> <span class='ocrx_word' id='word_1_48' title='bbox 1097 889 1162 946; x_wconf 91' lang='lat' dir='ltr'>et</span> <span class='ocrx_word' id='word_1_49' title='bbox 1201 876 1684 947; x_wconf 81' lang='lat' dir='ltr'>sanctissimae</span> <span class='ocrx_word' id='word_1_50' title='bbox 1714 876 2232 947; x_wconf 83' lang='lat' dir='ltr'>communionis</span> <span class='ocrx_word' id='word_1_51' title='bbox 2267 876 2719 968; x_wconf 71' lang='lat' dir='ltr'>sumptiones»,</span> <span class='ocrx_word' id='word_1_52' title='bbox 2755 897 2951 965; x_wconf 86' lang='lat' dir='ltr'>quae</span> <span class='ocrx_word' id='word_1_53' title='bbox 2985 877 3210 947; x_wconf 78' lang='lat' dir='ltr'>omnia</span> 
     </span>
    </p>
   </div>
   <div class='ocr_carea' id='block_1_4' title="bbox 651 963 3203 1142">
    <p class='ocr_par' dir='ltr' id='par_1_4' title="bbox 651 963 3203 1142">
     <span class='ocr_line' id='line_1_8' title="bbox 651 963 1615 1056; baseline -0.001 -20"><span class='ocrx_word' id='word_1_54' title='bbox 651 963 1212 1054; x_wconf 82' lang='lat' dir='ltr'>frequentissime</span> <span class='ocrx_word' id='word_1_55' title='bbox 1245 966 1615 1056; x_wconf 88' lang='lat' dir='ltr'>repetebat.</span> 
     </span>
     <span class='ocr_line' id='line_1_9' title="bbox 737 1053 3203 1142; baseline -0.001 -15"><span class='ocrx_word' id='word_1_56' title='bbox 737 1057 774 1142; x_wconf 68' lang='grc' dir='ltr'><strong>ξ</strong></span> <span class='ocrx_word' id='word_1_57' title='bbox 822 1059 966 1127; x_wconf 70' lang='lat'>15.</span> <span class='ocrx_word' id='word_1_58' title='bbox 1019 1054 1276 1141; x_wconf 86' lang='lat' dir='ltr'>Hisque</span> <span class='ocrx_word' id='word_1_59' title='bbox 1316 1056 1537 1124; x_wconf 89' lang='lat' dir='ltr'>sancti</span> <span class='ocrx_word' id='word_1_60' title='bbox 1578 1054 1838 1125; x_wconf 88' lang='lat' dir='ltr'>amoris</span> <span class='ocrx_word' id='word_1_61' title='bbox 1866 1053 2206 1124; x_wconf 82' lang='lat' dir='ltr'>exercitiis</span> <span class='ocrx_word' id='word_1_62' title='bbox 2244 1053 2344 1124; x_wconf 89' lang='lat' dir='ltr'>sic</span> <span class='ocrx_word' id='word_1_63' title='bbox 2382 1053 2687 1123; x_wconf 82' lang='lat' dir='ltr'>animam</span> <span class='ocrx_word' id='word_1_64' title='bbox 2728 1066 2799 1124; x_wconf 90' lang='lat' dir='ltr'>et</span> <span class='ocrx_word' id='word_1_65' title='bbox 2837 1077 2973 1125; x_wconf 91' lang='lat' dir='ltr'>cor</span> <span class='ocrx_word' id='word_1_66' title='bbox 3004 1077 3203 1126; x_wconf 90' lang='lat' dir='ltr'>suum</span> 
     </span>
    </p>
   </div>
   <div class='ocr_carea' id='block_1_5' title="bbox 648 1142 3291 1235">
    <p class='ocr_par' dir='ltr' id='par_1_5' title="bbox 648 1142 3291 1235">
     <span class='ocr_line' id='line_1_10' title="bbox 648 1142 3291 1235; baseline 0 -22"><span class='ocrx_word' id='word_1_67' title='bbox 648 1142 751 1213; x_wconf 92' lang='lat' dir='ltr'>illi</span> <span class='ocrx_word' id='word_1_68' title='bbox 802 1154 1213 1224; x_wconf 76' lang='lat' dir='ltr'>sacraverat,</span> <span class='ocrx_word' id='word_1_69' title='bbox 1267 1155 1343 1213; x_wconf 91' lang='lat' dir='ltr'>ut</span> <span class='ocrx_word' id='word_1_70' title='bbox 1392 1156 1528 1214; x_wconf 88' lang='lat' dir='ltr'>tota</span> <span class='ocrx_word' id='word_1_71' title='bbox 1567 1144 1792 1235; x_wconf 89' lang='lat' dir='ltr'>ipsius</span> <span class='ocrx_word' id='word_1_72' title='bbox 1822 1143 2032 1214; x_wconf 90' lang='lat' dir='ltr'>veluti</span> <span class='ocrx_word' id='word_1_73' title='bbox 2078 1142 2531 1213; x_wconf 89' lang='lat' dir='ltr'>dilectissima</span> <span class='ocrx_word' id='word_1_74' title='bbox 2576 1165 2839 1234; x_wconf 89' lang='lat' dir='ltr'>sponsa</span> <span class='ocrx_word' id='word_1_75' title='bbox 2890 1157 3110 1225; x_wconf 86' lang='lat' dir='ltr'>esset,</span> <span class='ocrx_word' id='word_1_76' title='bbox 3151 1161 3203 1214; x_wconf 85' lang='lat' dir='ltr'>et</span> <span class='ocrx_word' id='word_1_77' title='bbox 3290 1176 3291 1189; x_wconf 51' lang='lat'>³</span> 
     </span>
    </p>
   </div>
   <div class='ocr_carea' id='block_1_6' title="bbox 609 1231 3203 4350">
    <p class='ocr_par' dir='ltr' id='par_1_6' title="bbox 609 1231 3203 4350">
     <span class='ocr_line' id='line_1_11' title="bbox 650 1231 3198 1334; baseline 0 -33"><span class='ocrx_word' id='word_1_78' title='bbox 650 1231 827 1303; x_wconf 88' lang='lat' dir='ltr'>nihil</span> <span class='ocrx_word' id='word_1_79' title='bbox 877 1232 1012 1301; x_wconf 90' lang='lat' dir='ltr'>sibi</span> <span class='ocrx_word' id='word_1_80' title='bbox 1061 1244 1458 1314; x_wconf 88' lang='lat' dir='ltr'>reservaret,</span> <span class='ocrx_word' id='word_1_81' title='bbox 1494 1232 1680 1321; x_wconf 90' lang='lat' dir='ltr'>quod</span> <span class='ocrx_word' id='word_1_82' title='bbox 1717 1237 2028 1324; x_wconf 91' lang='lat' dir='ltr'>Sponsus</span> <span class='ocrx_word' id='word_1_83' title='bbox 2074 1233 2227 1334; x_wconf 84' lang='lat' dir='ltr'>ejus</span> <span class='ocrx_word' id='word_1_84' title='bbox 2275 1232 2559 1303; x_wconf 88' lang='lat' dir='ltr'>omnino</span> <span class='ocrx_word' id='word_1_85' title='bbox 2595 1254 2730 1302; x_wconf 91' lang='lat' dir='ltr'>non</span> <span class='ocrx_word' id='word_1_86' title='bbox 2788 1234 3198 1323; x_wconf 77' lang='lat' dir='ltr'>possideret.</span> 
     </span>
     <span class='ocr_line' id='line_1_12' title="bbox 653 1320 3199 1412; baseline 0.002 -22"><span class='ocrx_word' id='word_1_87' title='bbox 653 1326 733 1390; x_wconf 95' lang='lat' dir='ltr'>In</span> <span class='ocrx_word' id='word_1_88' title='bbox 782 1320 1187 1391; x_wconf 85' lang='lat' dir='ltr'>connubiali</span> <span class='ocrx_word' id='word_1_89' title='bbox 1235 1321 1521 1403; x_wconf 89' lang='lat' dir='ltr'>annulo,</span> <span class='ocrx_word' id='word_1_90' title='bbox 1572 1321 1902 1408; x_wconf 75' lang='lat' dir='ltr'>quem,in</span> <span class='ocrx_word' id='word_1_91' title='bbox 1953 1334 2120 1392; x_wconf 76' lang='lat' dir='ltr'>tanti</span> <span class='ocrx_word' id='word_1_92' title='bbox 2170 1322 2407 1411; x_wconf 89' lang='lat' dir='ltr'>sponsi</span> <span class='ocrx_word' id='word_1_93' title='bbox 2457 1342 2980 1412; x_wconf 85' lang='lat' dir='ltr'>mnemosynon</span> <span class='ocrx_word' id='word_1_94' title='bbox 3055 1345 3199 1393; x_wconf 89' lang='lat' dir='ltr'>cum</span> 
     </span>
     <span class='ocr_line' id='line_1_13' title="bbox 647 1408 3198 1502; baseline 0 -22"><span class='ocrx_word' id='word_1_95' title='bbox 647 1410 874 1501; x_wconf 87' lang='lat' dir='ltr'>ipsius</span> <span class='ocrx_word' id='word_1_96' title='bbox 924 1408 1208 1481; x_wconf 89' lang='lat' dir='ltr'>infantis</span> <span class='ocrx_word' id='word_1_97' title='bbox 1244 1417 1411 1481; x_wconf 82' lang='lat' dir='ltr'>Jesu</span> <span class='ocrx_word' id='word_1_98' title='bbox 1457 1409 1684 1501; x_wconf 83' lang='lat' dir='ltr'>effigie</span> <span class='ocrx_word' id='word_1_99' title='bbox 1716 1409 2014 1480; x_wconf 89' lang='lat' dir='ltr'>laborari</span> <span class='ocrx_word' id='word_1_100' title='bbox 2058 1411 2522 1490; x_wconf 88' lang='lat' dir='ltr'>mandaverat,</span> <span class='ocrx_word' id='word_1_101' title='bbox 2569 1408 2763 1482; x_wconf 79' lang='lat' dir='ltr'>fratri</span> <span class='ocrx_word' id='word_1_102' title='bbox 2811 1413 3007 1502; x_wconf 79' lang='lat' dir='ltr'>ejuS,</span> <span class='ocrx_word' id='word_1_103' title='bbox 3049 1413 3198 1482; x_wconf 90' lang='lat' dir='ltr'>dum</span> 
     </span>
     <span class='ocr_line' id='line_1_14' title="bbox 647 1496 3193 1592; baseline -0 -23"><span class='ocrx_word' id='word_1_104' title='bbox 647 1500 719 1569; x_wconf 94' lang='lat' dir='ltr'>in</span> <span class='ocrx_word' id='word_1_105' title='bbox 751 1519 832 1569; x_wconf 93' lang='lat' dir='ltr'>eo</span> <span class='ocrx_word' id='word_1_106' title='bbox 861 1496 1276 1569; x_wconf 89' lang='lat' dir='ltr'>delineando</span> <span class='ocrx_word' id='word_1_107' title='bbox 1307 1500 1673 1581; x_wconf 89' lang='lat' dir='ltr'>incumbit,</span> <span class='ocrx_word' id='word_1_108' title='bbox 1708 1500 2025 1587; x_wconf 89' lang='lat' dir='ltr'>quamvis</span> <span class='ocrx_word' id='word_1_109' title='bbox 2066 1499 2236 1569; x_wconf 91' lang='lat' dir='ltr'>tanti</span> <span class='ocrx_word' id='word_1_110' title='bbox 2270 1498 2580 1588; x_wconf 84' lang='lat' dir='ltr'>mysterii</span> <span class='ocrx_word' id='word_1_111' title='bbox 2614 1499 2907 1588; x_wconf 86' lang='lat' dir='ltr'>penitus</span> <span class='ocrx_word' id='word_1_112' title='bbox 2936 1502 3193 1592; x_wconf 81' lang='lat' dir='ltr'>ignaro.</span> 
     </span>
     <span class='ocr_line' id='line_1_15' title="bbox 654 1587 3193 1691; baseline 0.001 -34"><span class='ocrx_word' id='word_1_113' title='bbox 654 1608 778 1679; x_wconf 91' lang='lat' dir='ltr'>pro</span> <span class='ocrx_word' id='word_1_114' title='bbox 826 1588 1150 1679; x_wconf 74' lang='lat' dir='ltr'>lemmate</span> <span class='ocrx_word' id='word_1_115' title='bbox 1195 1587 1430 1659; x_wconf 89' lang='lat' dir='ltr'>divino</span> <span class='ocrx_word' id='word_1_116' title='bbox 1458 1589 1793 1659; x_wconf 88' lang='lat' dir='ltr'>instinctu</span> <span class='ocrx_word' id='word_1_117' title='bbox 1840 1588 1962 1658; x_wconf 91' lang='lat' dir='ltr'>illa</span> <span class='ocrx_word' id='word_1_118' title='bbox 1993 1587 2233 1657; x_wconf 90' lang='lat' dir='ltr'>eadem</span> <span class='ocrx_word' id='word_1_119' title='bbox 2284 1588 2465 1691; x_wconf 84' lang='lat' dir='ltr'>regis</span> <span class='ocrx_word' id='word_1_120' title='bbox 2506 1610 2749 1679; x_wconf 89' lang='lat' dir='ltr'>regum</span> <span class='ocrx_word' id='word_1_121' title='bbox 2795 1590 3193 1680; x_wconf 81' lang='lat' dir='ltr'>sponsalitia</span> 
     </span>
     <span class='ocr_line' id='line_1_16' title="bbox 649 1678 3191 1768; baseline 0.001 -23"><span class='ocrx_word' id='word_1_122' title='bbox 649 1678 856 1746; x_wconf 89' lang='lat' dir='ltr'>verba</span> <span class='ocrx_word' id='word_1_123' title='bbox 908 1689 1398 1747; x_wconf 83' lang='lat' dir='ltr'>occurrerunt:</span> <span class='ocrx_word' id='word_1_124' title='bbox 1451 1683 1624 1748; x_wconf 83' lang='lat' dir='ltr'>Rosa</span> <span class='ocrx_word' id='word_1_125' title='bbox 1653 1678 1870 1747; x_wconf 83' lang='lat' dir='ltr'>cordis</span> <span class='ocrx_word' id='word_1_126' title='bbox 1906 1679 2062 1758; x_wconf 81' lang='lat' dir='ltr'>mei,</span> <span class='ocrx_word' id='word_1_127' title='bbox 2098 1687 2172 1747; x_wconf 77' lang='lat' dir='ltr'>tu</span> <span class='ocrx_word' id='word_1_128' title='bbox 2200 1678 2370 1747; x_wconf 65' lang='lat' dir='ltr'>mila</span> <span class='ocrx_word' id='word_1_129' title='bbox 2395 1700 2636 1768; x_wconf 78' lang='lat' dir='ltr'>sponsa</span> <span class='ocrx_word' id='word_1_130' title='bbox 2666 1689 2833 1747; x_wconf 76' lang='lat' dir='ltr'>este.</span> <span class='ocrx_word' id='word_1_131' title='bbox 2892 1680 3191 1750; x_wconf 73' lang='lat' dir='ltr'>Annulus</span> 
     </span>
     <span class='ocr_line' id='line_1_17' title="bbox 650 1765 3184 1857; baseline 0.002 -23"><span class='ocrx_word' id='word_1_132' title='bbox 650 1767 778 1835; x_wconf 89' lang='lat' dir='ltr'>iste</span> <span class='ocrx_word' id='word_1_133' title='bbox 825 1787 977 1836; x_wconf 91' lang='lat' dir='ltr'>eam</span> <span class='ocrx_word' id='word_1_134' title='bbox 1006 1765 1092 1835; x_wconf 92' lang='lat' dir='ltr'>ab</span> <span class='ocrx_word' id='word_1_135' title='bbox 1134 1766 1286 1857; x_wconf 88' lang='lat' dir='ltr'>ipso</span> <span class='ocrx_word' id='word_1_136' title='bbox 1320 1766 1583 1835; x_wconf 88' lang='lat' dir='ltr'>Christo</span> <span class='ocrx_word' id='word_1_137' title='bbox 1616 1767 1905 1835; x_wconf 88' lang='lat' dir='ltr'>Domino</span> <span class='ocrx_word' id='word_1_138' title='bbox 1952 1767 2089 1835; x_wconf 89' lang='lat' dir='ltr'>vim</span> <span class='ocrx_word' id='word_1_139' title='bbox 2124 1788 2496 1857; x_wconf 88' lang='lat' dir='ltr'>supernam</span> <span class='ocrx_word' id='word_1_140' title='bbox 2544 1766 2854 1837; x_wconf 86' lang='lat' dir='ltr'>obtinuit</span> <span class='ocrx_word' id='word_1_141' title='bbox 2908 1783 3013 1849; x_wconf 87' lang='lat' dir='ltr'>ut,</span> <span class='ocrx_word' id='word_1_142' title='bbox 3047 1790 3184 1838; x_wconf 84' lang='lat' dir='ltr'>eum</span> 
     </span>
     <span class='ocr_line' id='line_1_18' title="bbox 649 1854 3181 1946; baseline 0.002 -25"><span class='ocrx_word' id='word_1_143' title='bbox 649 1855 751 1924; x_wconf 91' lang='lat' dir='ltr'>vir</span> <span class='ocrx_word' id='word_1_144' title='bbox 798 1855 1124 1946; x_wconf 87' lang='lat' dir='ltr'>probatae</span> <span class='ocrx_word' id='word_1_145' title='bbox 1173 1855 1444 1924; x_wconf 90' lang='lat' dir='ltr'>virtutis</span> <span class='ocrx_word' id='word_1_146' title='bbox 1493 1866 1883 1937; x_wconf 81' lang='lat' dir='ltr'>attrectanS,</span> <span class='ocrx_word' id='word_1_147' title='bbox 1913 1855 2203 1926; x_wconf 84' lang='lat' dir='ltr'>eximias</span> <span class='ocrx_word' id='word_1_148' title='bbox 2251 1854 2467 1924; x_wconf 91' lang='lat' dir='ltr'>divini</span> <span class='ocrx_word' id='word_1_149' title='bbox 2515 1857 2778 1925; x_wconf 87' lang='lat' dir='ltr'>amoris</span> <span class='ocrx_word' id='word_1_150' title='bbox 2827 1859 3181 1928; x_wconf 79' lang='lat' dir='ltr'>immissio-</span> 
     </span>
     <span class='ocr_line' id='line_1_19' title="bbox 652 1942 3179 2035; baseline 0.001 -24"><span class='ocrx_word' id='word_1_151' title='bbox 652 1965 798 2025; x_wconf 90' lang='lat' dir='ltr'>nes,</span> <span class='ocrx_word' id='word_1_152' title='bbox 851 1942 1121 2013; x_wconf 83' lang='lat' dir='ltr'>excelsa</span> <span class='ocrx_word' id='word_1_153' title='bbox 1167 1942 1437 2012; x_wconf 89' lang='lat' dir='ltr'>lumina</span> <span class='ocrx_word' id='word_1_154' title='bbox 1484 1956 1550 2014; x_wconf 89' lang='lat' dir='ltr'>et</span> <span class='ocrx_word' id='word_1_155' title='bbox 1612 1944 1917 2016; x_wconf 89' lang='lat' dir='ltr'>insuetos</span> <span class='ocrx_word' id='word_1_156' title='bbox 1990 1945 2286 2035; x_wconf 87' lang='lat' dir='ltr'>Spiritus</span> <span class='ocrx_word' id='word_1_157' title='bbox 2350 1944 2580 2014; x_wconf 90' lang='lat' dir='ltr'>Sancti</span> <span class='ocrx_word' id='word_1_158' title='bbox 2645 1944 2943 2015; x_wconf 87' lang='lat' dir='ltr'>ardores</span> <span class='ocrx_word' id='word_1_159' title='bbox 2992 1967 3179 2032; x_wconf 67' lang='lat' dir='ltr'>usque</span> 
     </span>
     <span class='ocr_line' id='line_1_20' title="bbox 647 2031 3175 2124; baseline 0.004 -24"><span class='ocrx_word' id='word_1_160' title='bbox 647 2031 733 2100; x_wconf 87' lang='lat' dir='ltr'>ad</span> <span class='ocrx_word' id='word_1_161' title='bbox 785 2032 1062 2101; x_wconf 89' lang='lat' dir='ltr'>animae</span> <span class='ocrx_word' id='word_1_162' title='bbox 1108 2031 1492 2118; x_wconf 85' lang='lat' dir='ltr'>deliquium</span> <span class='ocrx_word' id='word_1_163' title='bbox 1543 2045 1886 2124; x_wconf 89' lang='lat' dir='ltr'>expertus,</span> <span class='ocrx_word' id='word_1_164' title='bbox 1926 2032 2130 2103; x_wconf 87' lang='lat' dir='ltr'>suerit</span> <span class='ocrx_word' id='word_1_165' title='bbox 2161 2055 2446 2123; x_wconf 88' lang='lat' dir='ltr'>corpore</span> <span class='ocrx_word' id='word_1_166' title='bbox 2487 2054 2777 2123; x_wconf 88' lang='lat' dir='ltr'>prorsus</span> <span class='ocrx_word' id='word_1_167' title='bbox 2827 2034 3175 2109; x_wconf 76' lang='lat' dir='ltr'>immobili,</span> 
     </span>
     <span class='ocr_line' id='line_1_21' title="bbox 648 2119 3172 2213; baseline 0.002 -25"><span class='ocrx_word' id='word_1_168' title='bbox 648 2142 773 2189; x_wconf 91' lang='lat' dir='ltr'>nec</span> <span class='ocrx_word' id='word_1_169' title='bbox 828 2120 960 2189; x_wconf 91' lang='lat' dir='ltr'>nisi</span> <span class='ocrx_word' id='word_1_170' title='bbox 1009 2119 1270 2190; x_wconf 90' lang='lat' dir='ltr'>annulo</span> <span class='ocrx_word' id='word_1_171' title='bbox 1320 2120 1631 2212; x_wconf 89' lang='lat' dir='ltr'>deposito</span> <span class='ocrx_word' id='word_1_172' title='bbox 1682 2122 1980 2213; x_wconf 90' lang='lat' dir='ltr'>potuerit</span> <span class='ocrx_word' id='word_1_173' title='bbox 2016 2144 2298 2212; x_wconf 85' lang='lat' dir='ltr'>surgere</span> <span class='ocrx_word' id='word_1_174' title='bbox 2347 2121 2542 2203; x_wconf 89' lang='lat' dir='ltr'>liber,</span> <span class='ocrx_word' id='word_1_175' title='bbox 2595 2123 2720 2210; x_wconf 91' lang='lat' dir='ltr'>qui</span> <span class='ocrx_word' id='word_1_176' title='bbox 2769 2123 3172 2193; x_wconf 80' lang='lat' dir='ltr'>sensibiliter</span> 
     </span>
     <span class='ocr_line' id='line_1_22' title="bbox 649 2209 3170 2301; baseline 0 -25"><span class='ocrx_word' id='word_1_177' title='bbox 649 2209 720 2276; x_wconf 91' lang='lat' dir='ltr'>in</span> <span class='ocrx_word' id='word_1_178' title='bbox 771 2210 1163 2299; x_wconf 86' lang='lat' dir='ltr'>captivitate</span> <span class='ocrx_word' id='word_1_179' title='bbox 1211 2222 1348 2279; x_wconf 90' lang='lat' dir='ltr'>tam</span> <span class='ocrx_word' id='word_1_180' title='bbox 1399 2223 1679 2281; x_wconf 82' lang='lat' dir='ltr'>sanctae</span> <span class='ocrx_word' id='word_1_181' title='bbox 1728 2211 2059 2301; x_wconf 87' lang='lat' dir='ltr'>nuptialis</span> <span class='ocrx_word' id='word_1_182' title='bbox 2098 2210 2392 2281; x_wconf 87' lang='lat' dir='ltr'>laetitiae</span> <span class='ocrx_word' id='word_1_183' title='bbox 2442 2210 2828 2281; x_wconf 89' lang='lat' dir='ltr'>tenebatur.</span> <span class='ocrx_word' id='word_1_184' title='bbox 2895 2212 3081 2295; x_wconf 84' lang='lat' dir='ltr'>Quod</span> <span class='ocrx_word' id='word_1_185' title='bbox 3126 2214 3170 2278; x_wconf 85' lang='lat' dir='ltr'>si</span> 
     </span>
     <span class='ocr_line' id='line_1_23' title="bbox 649 2298 3166 2391; baseline -0 -23"><span class='ocrx_word' id='word_1_186' title='bbox 649 2310 914 2368; x_wconf 90' lang='lat' dir='ltr'>tantum</span> <span class='ocrx_word' id='word_1_187' title='bbox 968 2299 1036 2368; x_wconf 89' lang='lat' dir='ltr'>in</span> <span class='ocrx_word' id='word_1_188' title='bbox 1090 2298 1340 2380; x_wconf 70' lang='lat' dir='ltr'>aliena,</span> <span class='ocrx_word' id='word_1_189' title='bbox 1395 2313 1737 2388; x_wconf 88' lang='lat' dir='ltr'>quantum</span> <span class='ocrx_word' id='word_1_190' title='bbox 1788 2299 1857 2368; x_wconf 90' lang='lat' dir='ltr'>in</span> <span class='ocrx_word' id='word_1_191' title='bbox 1908 2300 2059 2390; x_wconf 73' lang='lat' dir='ltr'>ipsa</span> <span class='ocrx_word' id='word_1_192' title='bbox 2095 2321 2389 2391; x_wconf 90' lang='lat' dir='ltr'>sponsae</span> <span class='ocrx_word' id='word_1_193' title='bbox 2434 2299 2675 2370; x_wconf 70' lang='lat' dir='ltr'>anima</span> <span class='ocrx_word' id='word_1_194' title='bbox 2722 2300 2997 2371; x_wconf 83' lang='lat' dir='ltr'>divinae</span> <span class='ocrx_word' id='word_1_195' title='bbox 3027 2300 3166 2369; x_wconf 85' lang='lat' dir='ltr'>illae</span> 
     </span>
     <span class='ocr_line' id='line_1_24' title="bbox 646 2387 1394 2457; baseline -0.003 -2"><span class='ocrx_word' id='word_1_196' title='bbox 646 2408 744 2457; x_wconf 91' lang='lat' dir='ltr'>nu</span> <span class='ocrx_word' id='word_1_197' title='bbox 801 2388 929 2456; x_wconf 84' lang='lat' dir='ltr'>tiae</span> <span class='ocrx_word' id='word_1_198' title='bbox 977 2387 1394 2457; x_wconf 77' lang='lat' dir='ltr'>valuerunt?</span> 
     </span>
     <span class='ocr_line' id='line_1_25' title="bbox 609 2409 3145 2575; baseline 0.002 -29"><span class='ocrx_word' id='word_1_199' title='bbox 609 2546 621 2559; x_wconf 77' lang='lat'>‚</span> <span class='ocrx_word' id='word_1_200' title='bbox 733 2409 791 2563; x_wconf 58' lang='grc' dir='ltr'><em>ξ</em></span> <span class='ocrx_word' id='word_1_201' title='bbox 810 2480 959 2548; x_wconf 71' lang='grc'>16.</span> <span class='ocrx_word' id='word_1_202' title='bbox 1013 2477 1358 2548; x_wconf 89' lang='lat' dir='ltr'>Habitavit</span> <span class='ocrx_word' id='word_1_203' title='bbox 1407 2477 1622 2568; x_wconf 90' lang='lat' dir='ltr'>igitur</span> <span class='ocrx_word' id='word_1_204' title='bbox 1661 2476 1828 2547; x_wconf 89' lang='lat' dir='ltr'>haec</span> <span class='ocrx_word' id='word_1_205' title='bbox 1875 2477 2353 2548; x_wconf 86' lang='lat' dir='ltr'>amantissima</span> <span class='ocrx_word' id='word_1_206' title='bbox 2409 2477 2679 2548; x_wconf 89' lang='lat' dir='ltr'>Domini</span> <span class='ocrx_word' id='word_1_207' title='bbox 2739 2477 3145 2575; x_wconf 70' lang='lat' dir='ltr'>confidenter,</span> 
     </span>
     <span class='ocr_line' id='line_1_26' title="bbox 645 2565 3139 2652; baseline -0.002 -17"><span class='ocrx_word' id='word_1_208' title='bbox 645 2578 712 2635; x_wconf 92' lang='lat' dir='ltr'>et</span> <span class='ocrx_word' id='word_1_209' title='bbox 757 2565 959 2652; x_wconf 87' lang='lat' dir='ltr'>quasi</span> <span class='ocrx_word' id='word_1_210' title='bbox 1007 2566 1077 2634; x_wconf 89' lang='lat' dir='ltr'>in</span> <span class='ocrx_word' id='word_1_211' title='bbox 1130 2565 1433 2636; x_wconf 90' lang='lat' dir='ltr'>thalamo</span> <span class='ocrx_word' id='word_1_212' title='bbox 1509 2567 1645 2636; x_wconf 77' lang='lat' dir='ltr'>tota</span> <span class='ocrx_word' id='word_1_213' title='bbox 1693 2567 1805 2636; x_wconf 91' lang='lat' dir='ltr'>die</span> <span class='ocrx_word' id='word_1_214' title='bbox 1878 2568 2275 2637; x_wconf 88' lang='lat' dir='ltr'>morabatur</span> <span class='ocrx_word' id='word_1_215' title='bbox 2339 2568 2409 2636; x_wconf 92' lang='lat' dir='ltr'>in</span> <span class='ocrx_word' id='word_1_216' title='bbox 2487 2588 2615 2636; x_wconf 90' lang='lat' dir='ltr'>eo:</span> <span class='ocrx_word' id='word_1_217' title='bbox 2695 2569 2902 2638; x_wconf 83' lang='lat' dir='ltr'>edocta</span> <span class='ocrx_word' id='word_1_218' title='bbox 2968 2585 3139 2633; x_wconf 87' lang='lat' dir='ltr'>emm</span> 
     </span>
     <span class='ocr_line' id='line_1_27' title="bbox 644 2651 3139 2746; baseline -0 -25"><span class='ocrx_word' id='word_1_219' title='bbox 644 2655 712 2721; x_wconf 89' lang='lat' dir='ltr'>in</span> <span class='ocrx_word' id='word_1_220' title='bbox 792 2653 943 2742; x_wconf 70' lang='lat' dir='ltr'>ipsa</span> <span class='ocrx_word' id='word_1_221' title='bbox 993 2653 1283 2746; x_wconf 67' lang='lat' dir='ltr'>infantia</span> <span class='ocrx_word' id='word_1_222' title='bbox 1353 2655 1642 2725; x_wconf 89' lang='lat' dir='ltr'>interius</span> <span class='ocrx_word' id='word_1_223' title='bbox 1716 2657 1802 2726; x_wconf 91' lang='lat' dir='ltr'>ab</span> <span class='ocrx_word' id='word_1_224' title='bbox 1866 2657 2015 2746; x_wconf 88' lang='lat' dir='ltr'>ipso</span> <span class='ocrx_word' id='word_1_225' title='bbox 2081 2657 2415 2726; x_wconf 82' lang='lat' dir='ltr'>ferventer</span> <span class='ocrx_word' id='word_1_226' title='bbox 2483 2678 2709 2738; x_wconf 88' lang='lat' dir='ltr'>orare,</span> <span class='ocrx_word' id='word_1_227' title='bbox 2762 2657 2943 2725; x_wconf 83' lang='lat' dir='ltr'>etiam</span> <span class='ocrx_word' id='word_1_228' title='bbox 2986 2651 3139 2721; x_wconf 88' lang='lat' dir='ltr'>dor-</span> 
     </span>
     <span class='ocr_line' id='line_1_28' title="bbox 646 2741 3152 2835; baseline 0 -25"><span class='ocrx_word' id='word_1_229' title='bbox 646 2742 867 2811; x_wconf 89' lang='lat' dir='ltr'>miens</span> <span class='ocrx_word' id='word_1_230' title='bbox 937 2741 1366 2833; x_wconf 91' lang='lat' dir='ltr'>deprehensa</span> <span class='ocrx_word' id='word_1_231' title='bbox 1435 2743 1565 2814; x_wconf 88' lang='lat' dir='ltr'>fuit</span> <span class='ocrx_word' id='word_1_232' title='bbox 1640 2766 1759 2814; x_wconf 90' lang='lat' dir='ltr'>ore</span> <span class='ocrx_word' id='word_1_233' title='bbox 1828 2744 2118 2816; x_wconf 90' lang='lat' dir='ltr'>diurnas</span> <span class='ocrx_word' id='word_1_234' title='bbox 2191 2744 2491 2835; x_wconf 87' lang='lat' dir='ltr'>proferre</span> <span class='ocrx_word' id='word_1_235' title='bbox 2570 2768 2836 2835; x_wconf 72' lang='lat' dir='ltr'>preceS,</span> <span class='ocrx_word' id='word_1_236' title='bbox 2905 2755 2971 2811; x_wconf 88' lang='lat' dir='ltr'>et</span> <span class='ocrx_word' id='word_1_237' title='bbox 3039 2763 3152 2812; x_wconf 86' lang='lat' dir='ltr'>cor</span> 
     </span>
     <span class='ocr_line' id='line_1_29' title="bbox 641 2831 3160 2924; baseline 0 -24"><span class='ocrx_word' id='word_1_238' title='bbox 641 2832 795 2920; x_wconf 89' lang='lat' dir='ltr'>ejus</span> <span class='ocrx_word' id='word_1_239' title='bbox 841 2831 913 2900; x_wconf 92' lang='lat' dir='ltr'>in</span> <span class='ocrx_word' id='word_1_240' title='bbox 962 2832 1267 2903; x_wconf 88' lang='lat' dir='ltr'>oratione</span> <span class='ocrx_word' id='word_1_241' title='bbox 1317 2833 1622 2924; x_wconf 86' lang='lat' dir='ltr'>vigilare.</span> <span class='ocrx_word' id='word_1_242' title='bbox 1699 2838 1892 2904; x_wconf 85' lang='lat' dir='ltr'>Anno</span> <span class='ocrx_word' id='word_1_243' title='bbox 1938 2835 2179 2905; x_wconf 90' lang='lat' dir='ltr'>aetatis</span> <span class='ocrx_word' id='word_1_244' title='bbox 2226 2857 2391 2906; x_wconf 88' lang='lat' dir='ltr'>suae</span> <span class='ocrx_word' id='word_1_245' title='bbox 2451 2834 2861 2906; x_wconf 86' lang='lat' dir='ltr'>duodecimo</span> <span class='ocrx_word' id='word_1_246' title='bbox 2920 2831 3160 2903; x_wconf 80' lang='lat' dir='ltr'>elevata</span> 
     </span>
     <span class='ocr_line' id='line_1_30' title="bbox 645 2920 3161 3014; baseline 0 -25"><span class='ocrx_word' id='word_1_247' title='bbox 645 2920 775 2991; x_wconf 85' lang='lat' dir='ltr'>fuit</span> <span class='ocrx_word' id='word_1_248' title='bbox 822 2920 907 2990; x_wconf 87' lang='lat' dir='ltr'>ad</span> <span class='ocrx_word' id='word_1_249' title='bbox 971 2920 1343 2991; x_wconf 90' lang='lat' dir='ltr'>sublimem</span> <span class='ocrx_word' id='word_1_250' title='bbox 1417 2922 1614 2993; x_wconf 90' lang='lat' dir='ltr'>illum</span> <span class='ocrx_word' id='word_1_251' title='bbox 1684 2923 2202 3014; x_wconf 89' lang='lat' dir='ltr'>contemplandi</span> <span class='ocrx_word' id='word_1_252' title='bbox 2265 2923 2587 3014; x_wconf 89' lang='lat' dir='ltr'>gradum,</span> <span class='ocrx_word' id='word_1_253' title='bbox 2641 2946 2850 3011; x_wconf 88' lang='lat' dir='ltr'>quem</span> <span class='ocrx_word' id='word_1_254' title='bbox 2896 2923 3161 3010; x_wconf 74' lang='lat' dir='ltr'>m5stica</span> 
     </span>
     <span class='ocr_line' id='line_1_31' title="bbox 644 3008 3166 3103; baseline 0.001 -25"><span class='ocrx_word' id='word_1_255' title='bbox 644 3008 986 3100; x_wconf 85' lang='lat' dir='ltr'>theologia</span> <span class='ocrx_word' id='word_1_256' title='bbox 1033 3013 1370 3080; x_wconf 75' lang='lat' dir='ltr'>unitivum</span> <span class='ocrx_word' id='word_1_257' title='bbox 1417 3011 1744 3103; x_wconf 90' lang='lat' dir='ltr'>appellat.</span> <span class='ocrx_word' id='word_1_258' title='bbox 1829 3017 2015 3082; x_wconf 91' lang='lat' dir='ltr'>Inter</span> <span class='ocrx_word' id='word_1_259' title='bbox 2061 3012 2419 3083; x_wconf 89' lang='lat' dir='ltr'>manuales</span> <span class='ocrx_word' id='word_1_260' title='bbox 2485 3012 2757 3083; x_wconf 87' lang='lat' dir='ltr'>labores</span> <span class='ocrx_word' id='word_1_261' title='bbox 2807 3012 3166 3082; x_wconf 74' lang='lat' dir='ltr'>intellectus</span> 
     </span>
     <span class='ocr_line' id='line_1_32' title="bbox 642 3099 3167 3192; baseline -0 -25"><span class='ocrx_word' id='word_1_262' title='bbox 642 3099 860 3167; x_wconf 87' lang='lat' dir='ltr'>aciem</span> <span class='ocrx_word' id='word_1_263' title='bbox 898 3099 1345 3170; x_wconf 88' lang='lat' dir='ltr'>immobiliter</span> <span class='ocrx_word' id='word_1_264' title='bbox 1390 3100 1462 3168; x_wconf 91' lang='lat' dir='ltr'>in</span> <span class='ocrx_word' id='word_1_265' title='bbox 1514 3105 1725 3170; x_wconf 89' lang='lat' dir='ltr'>Deum</span> <span class='ocrx_word' id='word_1_266' title='bbox 1779 3101 2055 3191; x_wconf 88' lang='lat' dir='ltr'>figebat,</span> <span class='ocrx_word' id='word_1_267' title='bbox 2109 3101 2280 3172; x_wconf 92' lang='lat' dir='ltr'>itaut</span> <span class='ocrx_word' id='word_1_268' title='bbox 2332 3122 2453 3171; x_wconf 86' lang='lat' dir='ltr'>nec</span> <span class='ocrx_word' id='word_1_269' title='bbox 2503 3102 2570 3169; x_wconf 92' lang='lat' dir='ltr'>in</span> <span class='ocrx_word' id='word_1_270' title='bbox 2626 3100 2892 3192; x_wconf 70' lang='lat' dir='ltr'>vigilia,</span> <span class='ocrx_word' id='word_1_271' title='bbox 2949 3123 3067 3170; x_wconf 91' lang='lat' dir='ltr'>nec</span> <span class='ocrx_word' id='word_1_272' title='bbox 3108 3100 3167 3167; x_wconf 86' lang='lat' dir='ltr'>in</span> 
     </span>
     <span class='ocr_line' id='line_1_33' title="bbox 646 3189 3171 3281; baseline 0.004 -26"><span class='ocrx_word' id='word_1_273' title='bbox 646 3208 914 3267; x_wconf 89' lang='lat' dir='ltr'>somno,</span> <span class='ocrx_word' id='word_1_274' title='bbox 958 3189 1206 3258; x_wconf 88' lang='lat' dir='ltr'>mentis</span> <span class='ocrx_word' id='word_1_275' title='bbox 1235 3189 1386 3278; x_wconf 87' lang='lat' dir='ltr'>ejus</span> <span class='ocrx_word' id='word_1_276' title='bbox 1408 3189 1690 3258; x_wconf 91' lang='lat' dir='ltr'>oculum</span> <span class='ocrx_word' id='word_1_277' title='bbox 1723 3191 2036 3261; x_wconf 90' lang='lat' dir='ltr'>coelestis</span> <span class='ocrx_word' id='word_1_278' title='bbox 2067 3190 2306 3279; x_wconf 90' lang='lat' dir='ltr'>sponsi</span> <span class='ocrx_word' id='word_1_279' title='bbox 2345 3190 2735 3260; x_wconf 89' lang='lat' dir='ltr'>elaberetur</span> <span class='ocrx_word' id='word_1_280' title='bbox 2775 3191 3171 3281; x_wconf 83' lang='lat' dir='ltr'>praesentia,</span> 
     </span>
     <span class='ocr_line' id='line_1_34' title="bbox 641 3276 3185 3368; baseline 0.004 -26"><span class='ocrx_word' id='word_1_281' title='bbox 641 3296 818 3361; x_wconf 90' lang='lat' dir='ltr'>quae</span> <span class='ocrx_word' id='word_1_282' title='bbox 868 3276 960 3344; x_wconf 89' lang='lat' dir='ltr'>ita</span> <span class='ocrx_word' id='word_1_283' title='bbox 1029 3277 1330 3346; x_wconf 77' lang='lat' dir='ltr'>suaviter</span> <span class='ocrx_word' id='word_1_284' title='bbox 1375 3279 1762 3368; x_wconf 90' lang='lat' dir='ltr'>occupabat</span> <span class='ocrx_word' id='word_1_285' title='bbox 1811 3279 2167 3350; x_wconf 88' lang='lat' dir='ltr'>interiores</span> <span class='ocrx_word' id='word_1_286' title='bbox 2243 3281 2516 3349; x_wconf 89' lang='lat' dir='ltr'>animae</span> <span class='ocrx_word' id='word_1_287' title='bbox 2584 3279 2784 3348; x_wconf 84' lang='lat' dir='ltr'>illius</span> <span class='ocrx_word' id='word_1_288' title='bbox 2839 3281 3042 3361; x_wconf 86' lang='lat' dir='ltr'>vires,</span> <span class='ocrx_word' id='word_1_289' title='bbox 3088 3292 3185 3352; x_wconf 62' lang='lat' dir='ltr'>ut,</span> 
     </span>
     <span class='ocr_line' id='line_1_35' title="bbox 642 3362 3190 3456; baseline 0.002 -25"><span class='ocrx_word' id='word_1_290' title='bbox 642 3362 988 3450; x_wconf 90' lang='lat' dir='ltr'>loquendo</span> <span class='ocrx_word' id='word_1_291' title='bbox 1026 3387 1186 3434; x_wconf 89' lang='lat' dir='ltr'>cum</span> <span class='ocrx_word' id='word_1_292' title='bbox 1238 3363 1389 3456; x_wconf 89' lang='lat' dir='ltr'>ipso</span> <span class='ocrx_word' id='word_1_293' title='bbox 1439 3371 1571 3435; x_wconf 88' lang='lat' dir='ltr'>Deo</span> <span class='ocrx_word' id='word_1_294' title='bbox 1621 3368 1833 3449; x_wconf 81' lang='lat' dir='ltr'>intuS,</span> <span class='ocrx_word' id='word_1_295' title='bbox 1889 3367 2099 3438; x_wconf 88' lang='lat' dir='ltr'>simul</span> <span class='ocrx_word' id='word_1_296' title='bbox 2147 3368 2355 3438; x_wconf 87' lang='lat' dir='ltr'>etiam</span> <span class='ocrx_word' id='word_1_297' title='bbox 2403 3368 2540 3437; x_wconf 83' lang='lat' dir='ltr'>alia</span> <span class='ocrx_word' id='word_1_298' title='bbox 2586 3389 2915 3456; x_wconf 87' lang='lat' dir='ltr'>quaeque</span> <span class='ocrx_word' id='word_1_299' title='bbox 2966 3391 3190 3438; x_wconf 88' lang='lat' dir='ltr'>neces·</span> 
     </span>
     <span class='ocr_line' id='line_1_36' title="bbox 641 3452 3188 3556; baseline 0.002 -33"><span class='ocrx_word' id='word_1_300' title='bbox 641 3452 825 3523; x_wconf 88' lang='lat' dir='ltr'>saria</span> <span class='ocrx_word' id='word_1_301' title='bbox 871 3453 1182 3543; x_wconf 85' lang='lat' dir='ltr'>expedite</span> <span class='ocrx_word' id='word_1_302' title='bbox 1226 3454 1393 3524; x_wconf 88' lang='lat' dir='ltr'>foris</span> <span class='ocrx_word' id='word_1_303' title='bbox 1442 3467 1910 3556; x_wconf 85' lang='lat' dir='ltr'>pertractaret.</span> <span class='ocrx_word' id='word_1_304' title='bbox 1986 3463 2111 3527; x_wconf 90' lang='lat' dir='ltr'>Per</span> <span class='ocrx_word' id='word_1_305' title='bbox 2158 3457 2363 3527; x_wconf 86' lang='lat' dir='ltr'>horas</span> <span class='ocrx_word' id='word_1_306' title='bbox 2428 3459 2713 3526; x_wconf 87' lang='lat' dir='ltr'>immota</span> <span class='ocrx_word' id='word_1_307' title='bbox 2778 3472 2949 3528; x_wconf 82' lang='lat' dir='ltr'>ante</span> <span class='ocrx_word' id='word_1_308' title='bbox 3014 3480 3188 3536; x_wconf 77' lang='lat' dir='ltr'>aras,</span> 
     </span>
     <span class='ocr_line' id='line_1_37' title="bbox 639 3545 3191 3640; baseline 0.002 -30"><span class='ocrx_word' id='word_1_309' title='bbox 639 3562 767 3610; x_wconf 88' lang='lat' dir='ltr'>nec</span> <span class='ocrx_word' id='word_1_310' title='bbox 816 3554 1324 3632; x_wconf 87' lang='lat' dir='ltr'>praetereuntes</span> <span class='ocrx_word' id='word_1_311' title='bbox 1395 3545 1585 3627; x_wconf 81' lang='lat' dir='ltr'>v1dit,</span> <span class='ocrx_word' id='word_1_312' title='bbox 1644 3568 1767 3615; x_wconf 84' lang='lat' dir='ltr'>nec</span> <span class='ocrx_word' id='word_1_313' title='bbox 1842 3546 1929 3614; x_wconf 91' lang='lat' dir='ltr'>ad</span> <span class='ocrx_word' id='word_1_314' title='bbox 2000 3547 2393 3640; x_wconf 75' lang='lat' dir='ltr'>repentinos</span> <span class='ocrx_word' id='word_1_315' title='bbox 2463 3546 2799 3638; x_wconf 85' lang='lat' dir='ltr'>strepitus</span> <span class='ocrx_word' id='word_1_316' title='bbox 2873 3548 3191 3618; x_wconf 86' lang='lat' dir='ltr'>animum</span> 
     </span>
     <span class='ocr_line' id='line_1_38' title="bbox 638 3629 3196 3725; baseline 0.002 -26"><span class='ocrx_word' id='word_1_317' title='bbox 638 3629 936 3700; x_wconf 84' lang='lat' dir='ltr'>deflexit.</span> <span class='ocrx_word' id='word_1_318' title='bbox 989 3635 1038 3700; x_wconf 87' lang='grc' dir='ltr'><strong>Α</strong></span> <span class='ocrx_word' id='word_1_319' title='bbox 1081 3654 1282 3702; x_wconf 90' lang='lat' dir='ltr'>mane</span> <span class='ocrx_word' id='word_1_320' title='bbox 1329 3631 1538 3702; x_wconf 87' lang='lat' dir='ltr'>feriae</span> <span class='ocrx_word' id='word_1_321' title='bbox 1583 3635 1866 3722; x_wconf 88' lang='lat' dir='ltr'>quintae</span> <span class='ocrx_word' id='word_1_322' title='bbox 1915 3657 2133 3723; x_wconf 87' lang='lat' dir='ltr'>usque</span> <span class='ocrx_word' id='word_1_323' title='bbox 2180 3635 2265 3705; x_wconf 89' lang='lat' dir='ltr'>ad</span> <span class='ocrx_word' id='word_1_324' title='bbox 2326 3634 2719 3716; x_wconf 90' lang='lat' dir='ltr'>sabbatum,</span> <span class='ocrx_word' id='word_1_325' title='bbox 2771 3636 3196 3725; x_wconf 79' lang='lat' dir='ltr'>quandoque</span> 
     </span>
     <span class='ocr_line' id='line_1_39' title="bbox 639 3719 3194 3813; baseline 0.002 -25"><span class='ocrx_word' id='word_1_326' title='bbox 639 3719 845 3788; x_wconf 89' lang='lat' dir='ltr'>etiam</span> <span class='ocrx_word' id='word_1_327' title='bbox 897 3742 1119 3808; x_wconf 90' lang='lat' dir='ltr'>usque</span> <span class='ocrx_word' id='word_1_328' title='bbox 1165 3722 1250 3791; x_wconf 88' lang='lat' dir='ltr'>ad</span> <span class='ocrx_word' id='word_1_329' title='bbox 1301 3722 1750 3805; x_wconf 89' lang='lat' dir='ltr'>dominicam,</span> <span class='ocrx_word' id='word_1_330' title='bbox 1790 3724 1889 3793; x_wconf 92' lang='lat' dir='ltr'>sic</span> <span class='ocrx_word' id='word_1_331' title='bbox 1940 3724 2236 3813; x_wconf 84' lang='lat' dir='ltr'>genibus</span> <span class='ocrx_word' id='word_1_332' title='bbox 2271 3724 2465 3794; x_wconf 82' lang='lat' dir='ltr'>flexis</span> <span class='ocrx_word' id='word_1_333' title='bbox 2515 3724 2859 3794; x_wconf 87' lang='lat' dir='ltr'>invariata</span> <span class='ocrx_word' id='word_1_334' title='bbox 2908 3727 3194 3804; x_wconf 82' lang='lat' dir='ltr'>mansit,</span> 
     </span>
     <span class='ocr_line' id='line_1_40' title="bbox 639 3810 3202 3902; baseline 0.004 -25"><span class='ocrx_word' id='word_1_335' title='bbox 639 3821 717 3878; x_wconf 91' lang='lat' dir='ltr'>ut</span> <span class='ocrx_word' id='word_1_336' title='bbox 769 3832 891 3878; x_wconf 90' lang='lat' dir='ltr'>nec</span> <span class='ocrx_word' id='word_1_337' title='bbox 939 3831 975 3878; x_wconf 92' lang='lat' dir='ltr'>e</span> <span class='ocrx_word' id='word_1_338' title='bbox 1017 3810 1410 3899; x_wconf 89' lang='lat' dir='ltr'>pavimento</span> <span class='ocrx_word' id='word_1_339' title='bbox 1459 3834 1743 3902; x_wconf 90' lang='lat' dir='ltr'>surgere</span> <span class='ocrx_word' id='word_1_340' title='bbox 1814 3813 2173 3902; x_wconf 87' lang='lat' dir='ltr'>potuisset.</span> <span class='ocrx_word' id='word_1_341' title='bbox 2251 3812 2587 3884; x_wconf 80' lang='lat' dir='ltr'>Attributa</span> <span class='ocrx_word' id='word_1_342' title='bbox 2637 3812 2905 3894; x_wconf 87' lang='lat' dir='ltr'>divina,</span> <span class='ocrx_word' id='word_1_343' title='bbox 2959 3815 3202 3886; x_wconf 83' lang='lat' dir='ltr'>distri·</span> 
     </span>
     <span class='ocr_line' id='line_1_41' title="bbox 639 3898 3203 3992; baseline 0.003 -26"><span class='ocrx_word' id='word_1_344' title='bbox 639 3898 807 3967; x_wconf 92' lang='lat' dir='ltr'>buta</span> <span class='ocrx_word' id='word_1_345' title='bbox 855 3898 923 3966; x_wconf 89' lang='lat' dir='ltr'>in</span> <span class='ocrx_word' id='word_1_346' title='bbox 977 3920 1345 3969; x_wconf 89' lang='lat' dir='ltr'>numerum</span> <span class='ocrx_word' id='word_1_347' title='bbox 1398 3913 1674 3969; x_wconf 88' lang='lat' dir='ltr'>centum</span> <span class='ocrx_word' id='word_1_348' title='bbox 1724 3902 2256 3991; x_wconf 87' lang='lat' dir='ltr'>quinquaginta,</span> <span class='ocrx_word' id='word_1_349' title='bbox 2314 3924 2434 3992; x_wconf 90' lang='lat' dir='ltr'>per</span> <span class='ocrx_word' id='word_1_350' title='bbox 2478 3901 2775 3972; x_wconf 90' lang='lat' dir='ltr'>decades</span> <span class='ocrx_word' id='word_1_351' title='bbox 2825 3902 2907 3972; x_wconf 86' lang='lat' dir='ltr'>ad</span> <span class='ocrx_word' id='word_1_352' title='bbox 2958 3925 3203 3974; x_wconf 81' lang='lat' dir='ltr'>exem-</span> 
     </span>
     <span class='ocr_line' id='line_1_42' title="bbox 643 3985 3199 4088; baseline 0.004 -34"><span class='ocrx_word' id='word_1_353' title='bbox 643 3985 835 4074; x_wconf 89' lang='lat' dir='ltr'>plum</span> <span class='ocrx_word' id='word_1_354' title='bbox 887 3988 1306 4088; x_wconf 77' lang='lat' dir='ltr'>sanctissimi</span> <span class='ocrx_word' id='word_1_355' title='bbox 1358 3990 1648 4072; x_wconf 87' lang='lat' dir='ltr'>Rosarii,</span> <span class='ocrx_word' id='word_1_356' title='bbox 1726 3990 2100 4071; x_wconf 80' lang='lat' dir='ltr'>recitandO,</span> <span class='ocrx_word' id='word_1_357' title='bbox 2155 3990 2615 4061; x_wconf 88' lang='lat' dir='ltr'>daemonibus</span> <span class='ocrx_word' id='word_1_358' title='bbox 2683 3992 2929 4061; x_wconf 89' lang='lat' dir='ltr'>terrori</span> <span class='ocrx_word' id='word_1_359' title='bbox 2981 3991 3199 4065; x_wconf 77' lang='lat' dir='ltr'>fuisse</span> 
     </span>
     <span class='ocr_line' id='line_1_43' title="bbox 638 4087 981 4144; baseline -0.009 0"><span class='ocrx_word' id='word_1_360' title='bbox 638 4096 720 4144; x_wconf 91' lang='lat' dir='ltr'>co</span> <span class='ocrx_word' id='word_1_361' title='bbox 774 4087 981 4144; x_wconf 80' lang='lat' dir='ltr'>novit.</span> 
     </span>
     <span class='ocr_line' id='line_1_44' title="bbox 724 4098 3193 4260; baseline 0.002 -23"><span class='ocrx_word' id='word_1_362' title='bbox 724 4098 769 4251; x_wconf 61' lang='grc' dir='ltr'><em>ξ</em></span> <span class='ocrx_word' id='word_1_363' title='bbox 809 4168 941 4237; x_wconf 66' lang='lat'>12.</span> <span class='ocrx_word' id='word_1_364' title='bbox 996 4163 1396 4235; x_wconf 84' lang='lat' dir='ltr'>Familiares</span> <span class='ocrx_word' id='word_1_365' title='bbox 1445 4166 1671 4258; x_wconf 89' lang='lat' dir='ltr'>ipsius</span> <span class='ocrx_word' id='word_1_366' title='bbox 1700 4189 2055 4239; x_wconf 79' lang='lat' dir='ltr'>sermones</span> <span class='ocrx_word' id='word_1_367' title='bbox 2090 4170 2227 4239; x_wconf 92' lang='lat' dir='ltr'>vim</span> <span class='ocrx_word' id='word_1_368' title='bbox 2262 4168 2617 4251; x_wconf 81' lang='lat' dir='ltr'>orationiS,</span> <span class='ocrx_word' id='word_1_369' title='bbox 2658 4180 2737 4238; x_wconf 93' lang='lat' dir='ltr'>ut</span> <span class='ocrx_word' id='word_1_370' title='bbox 2773 4167 3193 4260; x_wconf 77' lang='lat' dir='ltr'>plurimum.</span> 
     </span>
     <span class='ocr_line' id='line_1_45' title="bbox 637 4252 3197 4350; baseline 0.004 -31"><span class='ocrx_word' id='word_1_371' title='bbox 637 4252 1101 4324; x_wconf 85' lang='lat' dir='ltr'>continebant.</span> <span class='ocrx_word' id='word_1_372' title='bbox 1157 4260 1204 4324; x_wconf 85' lang='grc' dir='ltr'><strong>Α</strong></span> <span class='ocrx_word' id='word_1_373' title='bbox 1254 4260 1506 4326; x_wconf 68' lang='lat' dir='ltr'>canora</span> <span class='ocrx_word' id='word_1_374' title='bbox 1555 4256 1826 4326; x_wconf 65' lang='lat' dir='ltr'>avicula</span> <span class='ocrx_word' id='word_1_375' title='bbox 1875 4258 2165 4327; x_wconf 84' lang='lat' dir='ltr'>excitata</span> <span class='ocrx_word' id='word_1_376' title='bbox 2227 4258 2312 4327; x_wconf 89' lang='lat' dir='ltr'>ad</span> <span class='ocrx_word' id='word_1_377' title='bbox 2369 4258 2481 4327; x_wconf 88' lang='lat' dir='ltr'>Dei</span> <span class='ocrx_word' id='word_1_378' title='bbox 2531 4258 3197 4350; x_wconf 81' lang='lat' dir='ltr'>contemplationem</span> 
     </span>
    </p>
   </div>
   <div class='ocr_carea' id='block_1_7' title="bbox 636 4341 3287 4528">
    <p class='ocr_par' dir='ltr' id='par_1_7' title="bbox 636 4341 3287 4528">
     <span class='ocr_line' id='line_1_46' title="bbox 640 4341 3287 4438; baseline 0.004 -30"><span class='ocrx_word' id='word_1_379' title='bbox 640 4341 860 4410; x_wconf 89' lang='lat' dir='ltr'>tribus</span> <span class='ocrx_word' id='word_1_380' title='bbox 909 4354 1063 4411; x_wconf 90' lang='lat' dir='ltr'>ante</span> <span class='ocrx_word' id='word_1_381' title='bbox 1116 4344 1485 4432; x_wconf 85' lang='lat' dir='ltr'>prandium</span> <span class='ocrx_word' id='word_1_382' title='bbox 1540 4346 1753 4429; x_wconf 87' lang='lat' dir='ltr'>horis,</span> <span class='ocrx_word' id='word_1_383' title='bbox 1801 4358 1867 4415; x_wconf 92' lang='lat' dir='ltr'>et</span> <span class='ocrx_word' id='word_1_384' title='bbox 1915 4348 1983 4416; x_wconf 90' lang='lat' dir='ltr'>in</span> <span class='ocrx_word' id='word_1_385' title='bbox 2036 4348 2322 4417; x_wconf 84' lang='lat' dir='ltr'>extasim</span> <span class='ocrx_word' id='word_1_386' title='bbox 2373 4360 2591 4438; x_wconf 86' lang='lat' dir='ltr'>rapta,</span> <span class='ocrx_word' id='word_1_387' title='bbox 2650 4346 2742 4416; x_wconf 87' lang='lat' dir='ltr'>ab</span> <span class='ocrx_word' id='word_1_388' title='bbox 2790 4350 2877 4417; x_wconf 66' lang='lat' dir='ltr'>ea</span> <span class='ocrx_word' id='word_1_389' title='bbox 2916 4349 3197 4421; x_wconf 84' lang='lat' dir='ltr'>nonnisi</span> <span class='ocrx_word' id='word_1_390' title='bbox 3286 4397 3287 4410; x_wconf 25' lang='grc' dir='ltr'><strong>η</strong></span> 
     </span>
     <span class='ocr_line' id='line_1_47' title="bbox 636 4429 3287 4528; baseline 0.004 -32"><span class='ocrx_word' id='word_1_391' title='bbox 636 4429 723 4496; x_wconf 88' lang='lat' dir='ltr'>ad</span> <span class='ocrx_word' id='word_1_392' title='bbox 774 4451 1124 4520; x_wconf 88' lang='lat' dir='ltr'>vesperam</span> <span class='ocrx_word' id='word_1_393' title='bbox 1196 4455 1268 4501; x_wconf 87' lang='lat' dir='ltr'>se</span> <span class='ocrx_word' id='word_1_394' title='bbox 1316 4434 1667 4524; x_wconf 86' lang='lat' dir='ltr'>explicuit.</span> <span class='ocrx_word' id='word_1_395' title='bbox 1750 4435 1844 4506; x_wconf 77' lang='lat' dir='ltr'>Ad</span> <span class='ocrx_word' id='word_1_396' title='bbox 1895 4437 2228 4507; x_wconf 89' lang='lat' dir='ltr'>orationis</span> <span class='ocrx_word' id='word_1_397' title='bbox 2283 4448 2346 4506; x_wconf 90' lang='lat' dir='ltr'>et</span> <span class='ocrx_word' id='word_1_398' title='bbox 2418 4435 2796 4528; x_wconf 88' lang='lat' dir='ltr'>praecipue</span> <span class='ocrx_word' id='word_1_399' title='bbox 2873 4439 3198 4512; x_wconf 75' lang='lat' dir='ltr'>mentalis</span> <span class='ocrx_word' id='word_1_400' title='bbox 3286 4483 3287 4494; x_wconf 33' lang='grc' dir='ltr'>ι</span> 
     </span>
    </p>
   </div>
   <div class='ocr_carea' id='block_1_8' title="bbox 2108 4697 2127 4726">
    <p class='ocr_par' dir='ltr' id='par_1_8' title="bbox 2108 4697 2127 4726">
     <span class='ocr_line' id='line_1_48' title="bbox 2108 4697 2127 4726; baseline 0 0"><span class='ocrx_word' id='word_1_401' title='bbox 2108 4697 2127 4726; x_wconf 57' lang='lat' dir='ltr'>S</span> 
     </span>
    </p>
   </div>
   <div class='ocr_carea' id='block_1_9' title="bbox 3279 293 3302 2497">
    <p class='ocr_par' dir='ltr' id='par_1_9' title="bbox 3279 293 3302 2497">
     <span class='ocr_line' id='line_1_49' title="bbox 3279 293 3302 2497; baseline 0 0"><span class='ocrx_word' id='word_1_402' title='bbox 3279 293 3302 2497; x_wconf 95' lang='lat' dir='ltr'> </span> 
     </span>
    </p>
   </div>
   <div class='ocr_carea' id='block_1_10' title="bbox 3283 2723 3298 4055">
    <p class='ocr_par' dir='ltr' id='par_1_10' title="bbox 3283 2723 3298 4055">
     <span class='ocr_line' id='line_1_50' title="bbox 3283 2723 3298 4055; baseline 0 0"><span class='ocrx_word' id='word_1_403' title='bbox 3283 2723 3298 4055; x_wconf 95' lang='lat' dir='ltr'> </span> 
     </span>
    </p>
   </div>
  </div>
 </body>
</html>
