3308 5004
219 351 411 434 AUG.
465 368 553 432 255
961 385 1041 431 nit
1088 384 1145 432 s.
1200 380 1469 433 amasio
1516 379 1787 430 Anum.
1840 381 2029 444 tuat.
2557 364 2687 430 605

218 462 527 547 auditus,
579 475 646 534 et
674 464 1079 555 imprimere
1105 463 1284 536 ceris
1313 485 1561 534 manus
1600 473 1842 533 sancta
1874 473 2251 553 respueret.
2291 461 2589 553 Abjectis
2616 484 2779 555 ergo

218 552 480 624 tabulis
526 566 686 624 ante
734 553 943 644 pedes
983 553 1271 644 judicis,
1325 551 1792 624 ministerium
1841 551 2259 643 sacrilegum
2310 563 2578 623 sacrata
2629 550 2781 637 jam

218 643 512 714 Domino
560 664 757 715 mens
805 641 1079 734 refugit.
1134 647 1213 714 Et
1258 653 1335 714 ut
1397 643 1468 712 in
1538 640 1734 711 nullo
1789 662 1831 711 a
1897 641 2280 731 praeceptis
2351 639 2782 730 Evangelicis

214 743 421 802 actus
462 731 789 823 martyris
817 731 1193 813 deviarent,
1230 731 1488 819 quibus
1517 729 1868 801 declinare
1953 730 2405 801 ersecutionis
2443 730 2783 820 impetum

222 819 330 892 vel
381 821 873 911 permittimur,
925 820 1031 891 vel
1070 820 1427 909 jubemur,
1463 819 1602 890 alia
1632 831 1839 907 atque
1866 840 1906 888 a
1939 819 2005 888 ia
2038 840 2175 889 non
2221 818 2446 891 solum
2492 818 2777 899 latebra,

221 909 674 980 verumetiam
726 909 996 980 civitate
1044 920 1330 990 mutata,
1385 931 1547 980 curn
1596 922 1663 978 et
1709 907 1845 978 alio
1893 906 2043 978 loco
2089 907 2430 997 scriptum
2479 908 2591 989 sit,
2641 909 2785 1000 Spi-

222 1000 400 1068 ritus
446 1000 718 1090 quidem
753 1009 1111 1090 promptus
1150 1009 1269 1080 est,
1313 1022 1470 1068 caro
1503 1009 1734 1068 autem
1771 998 2087 1088 infirma:
2129 997 2217 1068 ab
2247 997 2349 1068 ira
2388 1019 2461 1067 se
2491 996 2785 1069 furentis

217 1087 484 1178 judicis
535 1087 892 1179 paulisper
938 1086 1266 1158 occuluit.
1322 1087 1452 1170 Qui
1501 1107 1663 1158 cum
1714 1107 1875 1156 eum
1924 1086 2183 1175 corripi
2231 1085 2548 1177 protinus
2586 1086 2784 1158 offer-

228 1176 428 1265 riqu'e
466 1176 813 1264 jussisset,
868 1198 1093 1265 neque
1140 1175 1578 1268 investigatio
1627 1175 1714 1244 ad
1766 1189 2206 1265 procuratam
2259 1175 2593 1247 latebram
2645 1196 2788 1266 per-

227 1264 513 1348 veniret,
565 1265 1075 1337 crudelissimis
1125 1287 1384 1357 poenae
1433 1263 1799 1346 ministriS,
1850 1275 1928 1335 ut
1974 1264 2101 1336 ubi
2149 1277 2465 1356 repertus
2510 1264 2781 1343 fuisset,

230 1352 465 1446 gladio
511 1377 673 1426 eum
724 1354 1215 1436 interficerent,
1270 1353 1661 1445 imperavit.

317 1445 356 1531 ξ
406 1447 496 1513 2.
553 1441 748 1527 Quod
797 1443 922 1514 ubi
970 1444 1166 1513 beato
1215 1444 1504 1514 Genesio
1549 1441 1654 1513 vel
1704 1442 1994 1513 occultis
2033 1441 2337 1524 nunciis,
2375 1442 2480 1512 vel
2513 1464 2791 1514 rumore

231 1546 665 1622 compertum
715 1546 840 1614 est,
893 1531 1165 1603 diversa
1214 1531 1471 1603 latendi
1521 1531 1696 1612 loca,
1748 1543 1828 1601 ut
1871 1531 2096 1602 exitus
2143 1531 2362 1612 docet,
2420 1553 2559 1603 non
2592 1531 2793 1603 infir-

232 1621 468 1692 mitate
517 1621 831 1712 spiritus,
884 1620 1002 1691 sed
1053 1622 1285 1691 carnis
1348 1621 1829 1711 trepidatione,
1890 1621 2204 1692 mutavit.
2229 1624 2456 1708 0Atque
2484 1621 2787 1702 interim,

234 1710 393 1779 licet
440 1710 816 1799 superssu0‚
855 1709 941 1779 de
974 1723 1461 1801 praesumptae
1493 1709 1656 1779 fidei
1690 1709 2216 1779 confirmatione
2248 1708 2587 1791 solicituS,
2671 1731 2795 1780 uo·

234 1799 425 1868 niam
478 1798 797 1869 nondum
837 1811 982 1868 erat
1028 1821 1109 1869 ex
1158 1820 1334 1887 aqua
1383 1810 1450 1868 et
1498 1798 1762 1888 Spiritu
1810 1803 2057 1868 Sancto
2106 1809 2410 1880 renatus,
2466 1820 2591 1890 per
2669 1798 2796 1871 dos

234 1888 713 1958 internuncios
761 1910 801 1957 a
848 1886 1235 1958 Catholicae
1283 1887 1642 1979 religionis
1690 1887 1997 1959 antistite
2043 1887 2307 1957 donum
2356 1887 2445 1957 ba
2500 1887 2794 1958 tismatis

236 1975 632 2067 postulavit.
688 1975 813 2046 Sed
866 1977 984 2046 ille
1033 1976 1134 2047 vel
1186 1976 1519 2067 temporis
1549 1976 1895 2078 angustiis
1930 1976 2022 2045 im
2081 1976 2331 2057 editus,
2371 1998 2447 2046 ve
2500 1975 2795 2078 juvenili

237 2065 440 2134 aetati
489 2064 835 2147 diffidens,
889 2065 1204 2135 ardentia
1251 2077 1405 2135 vota
1438 2065 1733 2148 distulit,
1778 2088 1860 2136 ac
1890 2064 2026 2136 fide
2060 2066 2185 2135 iter
2217 2065 2573 2145 indicavit,
2610 2064 2797 2154 quod

238 2153 516 2244 plenam
565 2154 1237 2225 consummationem
1285 2155 1490 2225 etiam
1559 2154 1774 2245 hujus
1839 2155 2151 2224 muneris
2217 2154 2411 2224 daret
2474 2165 2799 2245 prompta

242 2264 367 2334 pro
413 2242 681 2314 Christo
729 2243 996 2313 cruoris
1043 2243 1312 2313 effusio.
1367 2248 1447 2314 Et
1494 2242 1624 2312 hac
1671 2242 1955 2330 quidem
2004 2244 2352 2313 ‘cunctatio
2392 2242 2791 2322 sacerdotis,

240 2331 498 2414 divin0,
551 2345 628 2403 ut
674 2332 987 2412 aestimO,
1039 2344 1361 2423 prompta
1395 2342 1595 2412 nutu,
1631 2345 1837 2418 atque
1859 2331 2129 2422 judicio
2171 2345 2536 2422 provocata
2567 2331 2800 2422 dispo-

240 2421 508 2511 sitaque
553 2433 696 2490 est:
755 2433 829 2490 ut
873 2420 1058 2490 circa
1104 2421 1257 2513 ejus
1306 2420 1684 2490 solemnem
1734 2420 2324 2490 consecrationem
2374 2420 2601 2490 officia
2663 2420 2797 2490 hu-

240 2532 446 2580 mana
497 2523 868 2590 cessarent,
921 2510 1034 2580 cui
1082 2512 1299 2582 unius
1330 2509 1770 2601 baptismatis
1803 2508 2061 2599 duplex
2092 2509 2336 2601 gratia,
2381 2532 2461 2579 ex
2501 2521 2800 2598 utroque

234 2600 503 2671 scilicet
531 2598 780 2668 Christi
813 2597 1022 2669 latere
1059 2612 1124 2670 et
1154 2621 1335 2687 aqua
1374 2612 1441 2669 et
1471 2599 1762 2689 sanguis
1788 2599 2195 2699 parabatur.

327 2691 365 2775 ἓ
411 2692 503 2760 8.
558 2685 687 2756 Sed
716 2689 863 2775 jam
901 2689 1258 2770 Dominus,
1295 2688 1419 2775 qui
1462 2709 1582 2778 per
1621 2687 1957 2777 Spiritum
2002 2691 2329 2756 Sanctum
2365 2686 2583 2757 futuri
2614 2708 2800 2757 mar-

239 2777 415 2867 tyris
436 2776 752 2847 servabat
774 2798 1052 2860 arcana,
1087 2776 1495 2861 subeundae
1519 2776 1983 2846 constantiam
2014 2775 2358 2866 passionis
2393 2775 2494 2846 vel
2523 2775 2795 2859 fecerat,

239 2863 346 2934 vel
394 2864 708 2934 videbat:
764 2887 987 2954 neque
1034 2866 1426 2957 patiebatur
1472 2864 1735 2935 differri
1783 2885 2137 2945 coronam,
2191 2886 2352 2935 cum
2387 2864 2646 2935 videret
2680 2887 2803 2957 pa-

237 2966 464 3027 ratam
512 2975 663 3024 esse
710 2954 1093 3026 victoriam.
1146 2959 1385 3043 Itaque
1438 2953 1966 3044 percussoribus
2014 2954 2163 3025 suis
2209 2975 2369 3024 eum
2419 2952 2694 3037 obtulit,
2737 2965 2805 3024 et

241 3043 354 3125 iis,
409 3063 713 3131 quorum
759 3044 832 3113 in
880 3043 1205 3115 eumdem
1255 3042 1459 3112 avida
1504 3041 1884 3113 crudelitas
1930 3042 2267 3125 inhiabat,
2321 3042 2644 3113 ostendit.
2696 3046 2804 3113 At-

242 3154 379 3221 que
409 3131 469 3202 is
499 3130 623 3201 ubi
653 3154 727 3202 se
758 3133 1089 3290 persHicit
1122 3132 1664 3224 deprehensum,
1698 3131 2038 3202 instinctu
2069 3132 2343 3201 Domini
2384 3132 2799 3203 Rhodanum

243 3221 462 3312 petiit,
513 3233 580 3290 et
628 3233 868 3292 sancta
969 3220 1126 3291 uvio
1174 3222 1488 3292 membra
1535 3221 1947 3292 committit:
1999 3232 2079 3292 ut
2124 3242 2285 3291 eum
2325 3220 2471 3290 illic
2499 3243 2541 3290 a
2573 3232 2806 3292 conta-

243 3310 450 3402 gione
500 3310 793 3391 mortali,
849 3309 1033 3380 velut
1080 3309 1363 3380 alterius
1410 3309 1740 3380 Jordanis
1786 3310 2023 3393 undis,
2088 3309 2404 3381 occultus
2458 3310 2807 3401 baptisma

245 3410 612 3490 purgaret:
655 3411 722 3468 et
756 3411 1001 3470 mutuo
1032 3398 1435 3487 alternoque
1467 3399 1796 3490 mysterio
1829 3411 1895 3469 et
1922 3399 2125 3487 aquis
2162 3421 2443 3500 corpus,
2487 3414 2553 3469 et
2587 3420 2807 3487 aquas

247 3508 534 3579 corpore
565 3487 1028 3567 consecravit.
1081 3493 1293 3577 Atque
1334 3490 1501 3559 haec
1536 3510 1751 3558 causa
1785 3488 2089 3579 profecto
2120 3487 2362 3569 extitit,
2403 3501 2481 3559 ut
2519 3488 2807 3559 natandi

246 3576 678 3647 adminiculo
728 3577 1137 3667 perveniret,
1188 3578 1311 3666 qui
1356 3576 1673 3668 exemplo
1711 3577 2096 3649 beatissimi
2129 3577 2304 3646 Petri
2337 3576 2425 3646 ad
2456 3577 2804 3649 Christum

215 3664 576 3746 ·tendenS,
630 3687 755 3767 per
803 3688 1083 3737 summa
1229 3666 1488 3757 rgitum
1539 3664 1901 3736 ambulare
1959 3666 2204 3756 potuit.
2267 3670 2804 3757 ‘transgressum

245 3755 577 3825 continuo
624 3776 695 3824 1n
746 3754 1076 3826 ulteriora
1122 3689 1439 3827 ffiiminis
1473 3808 1488 3833 ‚
1561 3767 1628 3825 et
1689 3754 2037 3825 subeundi
2104 3756 2398 3846 praemii
2463 3755 2808 3846 passionis

251 3842 516 3914 Christo
564 3865 897 3934 sponsore
945 3866 1266 3916 securum
1301 3899 1317 3926 ‚
1369 3846 1443 3914 in
1489 3865 1571 3914 eo
1619 3843 1770 3913 loco
1800 3899 1817 3927 ,
1868 3865 2075 3932 quem
2125 3843 2488 3914 effusionis
2533 3843 2807 3934 sangui·

256 3931 361 4002 nis
392 3933 678 4025 gloriosi
720 3934 1073 4004 ‘Dominus
1118 3932 1453 4023 elegerat,
1507 3931 1769 4021 quique
1823 3954 2013 4003 nunc
2059 3933 2367 4004 oratione
2416 3932 2696 4005 assidua
2733 3938 2810 4002 'et

257 4021 426 4092 votis
475 4044 861 4110 numquam
898 4022 1113 4093 irritis
1141 4021 1641 4109 frequentatur,
1680 4043 2049 4112 percussor
2076 4022 2493 4111 assequitur,
2529 4035 2809 4113 exopta-

263 4118 460 4197 toque
506 4111 721 4203 gladii
772 4111 917 4183 ictu
942 4111 1385 4183 festinantem
1426 4111 1513 4181 ad
1545 4115 1760 4180 Deum
1795 4111 2100 4181 animam
2138 4110 2440 4182 vinculis
2472 4111 2804 4203 corporis,

263 4198 511 4297 quibus
559 4201 940 4281 tenebatur,
998 4200 1333 4271 absolvit:
1386 4214 1451 4269 et
1497 4202 1794 4287 utraque
1857 4200 2247 4271 substantia
2304 4202 2625 4293 propriae
2670 4201 2811 4270 ori·

268 4288 438 4437 {¹⁰³⁵
469 4288 802 4360 elementa
848 4301 1215 4381 repetente,
1251 4302 1522 4358 terrena
1557 4286 1834 4358 interim
1866 4288 2065 4359 terris
2102 4291 2414 4361 membra
2459 4310 2811 4361 commen-

315 4385 397 4456 at,
449 4387 517 4446 et
551 4376 912 4449 coelestem
954 4377 1276 4470 spiritum
1327 4377 1577 4447 emittit
1605 4376 1694 4447 ad
1725 4375 2024 4448 coelum.

350 4464 386 4549 ἓ
430 4470 516 4539 4.
596 4466 1045 4540 Providerunt
1093 4479 1321 4538 tamen
1374 4465 1615 4538 fideles
1660 4466 1992 4558 temporis
2061 4466 2254 4541 illius
2309 4466 2429 4540 Dei
2477 4468 2680 4550 servi,
2733 4480 2811 4542 ut
2863 4450 2866 4453 ¹
