3308 5004
628 325 758 392 262
1203 344 1283 391 nn
1328 344 1386 391 s.
1439 342 1794 392 canonico
1839 342 2151 392 exuam.
2203 341 2403 392 msc.
2756 324 2943 392 AUG.
3000 324 3068 388 tt

542 429 842 510 attritus»,
897 427 1252 498 modicum
1300 450 1584 498 sumens
1630 428 1894 508 cibum,
1948 428 2374 499 substentato
2409 427 2665 520 potiuS,
2707 449 2917 517 quam
2950 448 3075 497 nu·

544 518 704 589 trito
732 516 1175 607 corpusculo,
1210 517 1297 586 ad
1334 517 1592 588 similia
1621 539 1696 587 se
1734 517 1966 587 studia
2004 517 2289 589 confert.

629 609 668 695 ξ
716 611 807 679 ².
859 607 982 676 His
1013 605 1295 687 auditis,
1335 605 1769 677 venerandus
1807 607 2116 686 antistes,
2158 607 2441 686 Nostris,
2479 605 2729 694 inquit,
2772 617 3084 677 actutum

541 695 948 767 exhibeatur
990 694 1433 786 adspectibus
1478 694 1904 765 adolescens.
1955 695 2310 767 Adductus
2360 694 2498 776 ille,
2552 694 2806 764 blande
2856 716 2935 765 ac
2991 693 3089 765 le-

542 785 723 854 niter
752 784 839 855 ab
869 783 1203 875 Episcopo
1236 784 1718 875 compellatu3‚
1757 797 1824 854 et
1863 782 2257 874 praeclarae
2288 784 2548 854 indolis
2574 784 2856 855 animus
2887 783 3090 854 suavi

542 874 848 944 oratione
894 873 1348 944 confirmatus
1392 886 1518 943 est.
1575 872 1830 943 Deinde
1877 873 2024 945 suis
2060 896 2218 943 eum
2272 872 2623 953 manibuS‚
2679 871 2832 942 susa
2871 893 3090 962 super

541 983 702 1032 eum
753 961 1254 1043 benedictione,
1299 962 1481 1031 idem
1522 962 1904 1052 Episcopus
1938 963 2251 1040 totondit.
2296 963 2622 1053 regiaque
2653 983 2733 1030 ac
2772 960 3090 1031 sacerdo-

544 1050 661 1120 tali
694 1054 947 1122 corona
974 1051 1263 1121 Domino
1296 1064 1626 1142 perpetuo
1657 1049 2154 1121 famulaturum
2187 1051 2568 1141 insignivit.
2609 1051 2892 1120 Interim
2925 1070 3088 1120 vero

542 1139 988 1231 interrogavit
1034 1161 1222 1220 eum,
1274 1161 1483 1226 quam
1538 1161 1632 1208 nu
1685 1161 1759 1209 er
1792 1139 2321 1230 praelectionem
2353 1162 2394 1209 a
2428 1140 2759 1242 magistro
2792 1139 2897 1208 illi
2927 1137 3090 1208 red—

543 1227 843 1299 dendam
891 1228 1291 1319 accepisset.
1345 1234 1613 1318 Respon
1669 1228 1722 1298 it
1765 1228 2211 1300 adolescens:
2250 1228 2736 1299 Praelectionis
2773 1228 2925 1318 ejus
2956 1228 3090 1296 hoc

543 1330 646 1388 est
692 1316 1052 1388 exordium
1099 1318 1239 1407 (Ps.
1277 1316 1371 1407 2):
1407 1321 1685 1387 Postula
1722 1341 1766 1386 a
1794 1341 1923 1399 me,
1965 1329 2030 1387 et
2061 1318 2228 1387 dabo
2267 1319 2411 1387 tibi.
2451 1322 2766 1387 Laetatus
2800 1337 3085 1386 venera-

544 1405 707 1477 bilis
753 1405 1158 1506 Episcopus,
1194 1404 1324 1475 ait:
1383 1406 1508 1476 Ubi
1549 1406 1633 1476 ad
1686 1405 1877 1476 bunc
1908 1406 2161 1488 locum,
2197 1406 2323 1488 fili,
2361 1406 2651 1487 rediero,
2694 1405 2848 1475 vide
2879 1416 2955 1475 ut
2984 1416 3089 1474 to-

548 1505 696 1563 tum
733 1493 904 1563 m1hi
939 1494 1163 1585 possis
1195 1493 1601 1566 Psalterium
1635 1494 1921 1565 reddere
1959 1496 2377 1566 memoriter.
2417 1496 2593 1566 Dixit
2628 1494 2755 1565 hoc
2782 1492 3083 1586 praesul,

545 1594 625 1651 ut
671 1582 770 1651 rei
818 1596 1051 1673 postea
1082 1581 1412 1673 'probavit
1457 1596 1764 1665 eventus,
1817 1584 1904 1652 ad
1962 1605 2194 1655 sacros
2248 1583 2452 1654 illum
2507 1582 2740 1654 volens
2796 1582 3091 1653 Ordines

544 1691 967 1761 promovere.
1021 1670 1145 1742 Ille
1194 1672 1406 1762 igitur
1451 1672 1912 1743 saluberrimo
1960 1686 2321 1764 praecepto
2368 1674 2775 1751 instructuS‚
2823 1670 2985 1762 vigil
3017 1681 3089 1740 et

544 1759 844 1841 sobriuS,
897 1760 1150 1830 studiis
1194 1772 1261 1830 et
1306 1761 1737 1851 spiritalibus
1783 1762 2126 1832 exercitiis
2173 1763 2514 1834 instanter
2547 1782 2826 1854 operam
2861 1759 3078 1841 dedit,

541 1860 609 1918 et
655 1849 1071 1919 macerando
1117 1862 1374 1931 ventre,
1429 1871 1710 1921 sensum
1756 1862 2027 1921 tenuem
2063 1851 2249 1932 fovit,
2287 1849 2614 1940 quodque
2643 1849 2762 1920 alii
2801 1848 3088 1919 subcre-

542 1936 873 2026 pantibus
920 1938 1160 2009 ferulis
1206 1939 1316 2009 vix
1364 1939 1570 2030 longo
1616 1938 1929 2009 efficiunt
1975 1951 2303 2029 tempore,
2360 1939 2477 2009 ille
2531 1961 2674 2009 una
2727 1937 3091 2007 dumtaxat

542 2023 1144 2097 admonitiuncula
1193 2027 1541 2109 incitatuS,
1594 2028 1786 2098 brevi
1823 2040 2183 2098 assecutus
2219 2041 2343 2109 est,
2384 2029 2477 2098 ita
2509 2041 2585 2097 ut
2616 2029 2793 2097 intra
2828 2047 3091 2118 paucos

541 2113 690 2183 dies
725 2127 942 2185 totum
977 2115 1377 2186 Davidicum
1413 2117 1817 2187 Psalterium
1856 2139 2091 2189 sacrae
2121 2118 2493 2187 memoriae
2540 2115 3085 2186 commendaret.

542 2207 676 2273 Nec
724 2203 907 2274 enim
958 2203 1177 2274 multo
1226 2217 1380 2296 post
1417 2204 1501 2275 ad
1538 2204 1721 2275 idem
1751 2219 2054 2276 castrum
2091 2206 2333 2276 beatus
2361 2206 2699 2276 antistites
2740 2225 3082 2285 reversuS,

541 2312 809 2363 memor
856 2294 1361 2385 praeceptionis
1392 2316 1579 2377 suae,
1620 2298 2078 2386 Gaugericum
2112 2295 2183 2364 in
2222 2315 2385 2367 suos
2425 2294 2638 2365 voluit
2669 2304 3087 2383 conspectus

541 2382 799 2457 venire,
831 2383 1314 2473 praesentique
1347 2384 1721 2465 mandavit,
1756 2396 1832 2453 ut
1860 2383 2044 2472 quod
2074 2384 2320 2473 jussus
2357 2397 2524 2465 erat,
2557 2382 3087 2472 quamprimum

539 2468 861 2561 expleret.
916 2477 1110 2542 Paret
1157 2471 1275 2544 ille
1323 2486 1647 2564 paternae
1694 2472 2053 2555 voluntati,
2114 2485 2493 2562 totumque,
2563 2472 2897 2564 Episcopo
2955 2491 3088 2540 au-

540 2558 793 2643 diente,
839 2561 1243 2651 psalterium
1279 2561 1365 2633 de
1400 2562 1732 2633 memoria
1765 2562 2131 2654 depromit.

626 2650 664 2736 §
710 2653 803 2722 8.
857 2656 1026 2720 Tum
1082 2672 1237 2722 vero
1285 2656 1333 2721 E
1388 2651 1669 2741 iscopus
1703 2652 1816 2741 pio
1847 2673 2007 2721 eum
2049 2650 2283 2721 animo
2314 2648 2805 2740 complectenS,
2855 2670 2937 2719 ne
2973 2647 3085 2717 lu-

540 2758 748 2807 cerna
796 2738 953 2809 talis
984 2739 1223 2810 lateret
1259 2761 1345 2810 su
1427 2741 1682 2815 modio,
1726 2740 1844 2810 sed
1877 2761 2090 2829 super
2124 2739 2623 2809 candelabrum
2665 2737 2910 2829 posita,
2947 2757 3090 2805 om-

540 2825 754 2898 nibus
802 2828 873 2896 in
923 2827 1130 2897 domo
1179 2828 1295 2897 Dei
1344 2850 1381 2897 a
1434 2829 1713 2899 entibus
1751 2828 2032 2910 luceret,
2068 2827 2437 2899 diaconum
2472 2827 2675 2897 illum
2709 2826 3076 2906 ordinavit,

539 2914 800 3003 gratias
832 2937 867 2984 a
922 2938 1046 2986 ens
1073 2923 1230 2987 Deo.
1263 2915 1387 2986 Ille
1440 2918 1683 2987 evitico
1704 2917 2123 2989 sublimatus
2154 2917 2563 2998 ministerio,
2589 2915 2789 2986 facile
2812 2934 3080 2995 omneS,

539 3002 661 3089 qui
709 3004 781 3071 in
832 2938 1023 3075 effero
1069 3015 1288 3086 erant,
1339 3005 1589 3076 virtute
1621 3019 1682 3076 et
1720 3006 1941 3096 gratia
1979 3005 2446 3076 antecedebat.
2492 3010 2799 3092 Cumque
2832 3004 2905 3073 in
2935 3003 3086 3073 dies

542 3111 819 3182 semper
862 3093 1064 3163 bonis
1109 3093 1439 3185 operibus
1484 3117 1574 3164 au
1624 3095 1726 3164 eri
1772 3093 2235 3177 contenderet,
2301 3105 2367 3164 et
2416 3094 2718 3181 quodam
2778 3106 3084 3183 tempore

539 3178 689 3249 loca
736 3182 1067 3252 orationis
1114 3204 1305 3252 more
1354 3204 1480 3253 suo
1527 3206 1567 3252 a
1621 3185 1769 3263 iret,
1821 3182 2190 3270 quemdam
2233 3183 2514 3253 obvium
2562 3182 2806 3252 habuit
2836 3181 3088 3252 utrius·

538 3288 674 3354 que
702 3269 1005 3340 hominis
1037 3270 1227 3361 lepra
1256 3270 1707 3352 laborantem,
1739 3272 2048 3363 corporis
2076 3284 2356 3342 externa
2381 3271 2746 3373 superficie
2771 3269 3083 3340 luridum

542 3369 609 3426 et
654 3356 1042 3442 horridum,
1095 3372 1160 3430 et
1207 3360 1586 3449 gentilismi
1632 3359 1851 3431 foedis
1898 3360 2249 3433 erroribus
2297 3382 2532 3431 animo
2564 3373 2969 3450 corruptum
3002 3379 3084 3427 ac
3199 3378 3202 3381 ·

542 3446 993 3533 squallidum.
1047 3453 1480 3540 cognoscens
1526 3461 1757 3519 autem
1805 3449 1910 3519 vir
1955 3450 2200 3520 beatus
2228 3451 2539 3540 corporis
2571 3448 3084 3519 deformitatem

538 3555 580 3602 a
630 3548 1065 3625 peccatorum
1101 3537 1466 3629 putredine
1499 3538 1897 3628 profectam,
1941 3539 2297 3610 hominem
2330 3538 2759 3630 aggreditur,
2804 3550 2870 3608 et
2902 3533 3082 3604 nihil

538 3621 681 3710 iam
730 3625 1018 3696 mortale
1064 3648 1344 3708 sonans,
1403 3628 1689 3697 verbum
1741 3628 1858 3697 Dei
1896 3627 2002 3697 illi
2044 3628 2388 3719 proponit,
2441 3639 2519 3697 ut
2571 3647 2948 3697 conversus
2994 3622 3083 3693 ad

538 3714 933 3797 Dominum,
987 3728 1136 3785 tum
1186 3739 1227 3785 a
1275 3717 1572 3807 peccatis
1620 3716 1909 3798 absolvi,
1945 3729 2092 3787 tum
2134 3740 2173 3787 a
2215 3717 2443 3807 leprae
2477 3715 2797 3786 foeditate
2835 3734 3082 3815 repar-

536 3801 686 3891 gari
736 3816 1134 3874 mereretur.
1188 3804 1312 3874 Ille
1360 3826 1539 3886 mox,
1592 3805 1913 3876 visitante
1970 3826 2131 3876 eum
2183 3806 2407 3897 gratia
2466 3805 2607 3887 Dei,
2671 3804 2757 3874 ad
2811 3803 2934 3872 viri
2968 3805 3084 3870 Dei

535 3889 1081 3963 adhortationem
1131 3893 1447 3970 credidit,
1499 3906 1565 3964 et
1610 3893 1889 3965 diabolo
1937 3905 2141 3982 atque
2188 3895 2381 3965 omni
2429 3893 2774 3963 idolorum
2811 3890 3088 3982 spurci-

537 3977 649 4048 tiei
680 3982 1125 4063 renuncians,
1158 3983 1623 4054 Christianum
1654 4004 1729 4053 se
1754 3982 1897 4053 fore
1918 3984 2261 4074 promisit.
2292 3988 2529 4069 Itaque
2555 3980 3084 4072 quamprimum

536 4088 693 4137 eum
743 4069 828 4139 ad
880 4070 1328 4153 sacerdotem,
1383 4083 1711 4160 tanquam
1763 4076 2068 4142 Naaman
2130 4072 2216 4142 ad
2272 4071 2689 4152 Jordanem,
2767 4067 3079 4145 adduxit,

535 4155 747 4227 undis
771 4159 1192 4231 salutaribus
1215 4160 1665 4252 expiandum.
1704 4159 1831 4230 Ubi
1865 4160 2286 4249 simulatque
2319 4160 2707 4251 baptizatus
2730 4173 2855 4239 est,
2891 4156 3082 4246 quod

537 4247 837 4333 peccatis
873 4248 1020 4337 jam
1069 4271 1329 4320 vacuus
1376 4262 1575 4330 esset,
1629 4249 1784 4338 ipsa
1829 4262 2109 4321 externa
2137 4249 2448 4339 corporis
2482 4248 2817 4319 habitudo
2847 4259 3083 4318 osten-

537 4330 662 4413 dit,
715 4345 900 4405 tanta
947 4337 1019 4406 in
1069 4337 1189 4407 illo
1239 4338 1585 4410 munditia
1616 4360 1653 4407 a
1712 4352 2014 4429 parente,
2053 4348 2129 4408 ut
2163 4358 2522 4425 nunquam
2559 4337 2750 4428 lepra
2781 4335 3081 4406 infectus

536 4418 751 4493 fuisse
798 4423 1164 4495 videretur.
1208 4432 1379 4497 Eum
1414 4449 1572 4497 vero
1612 4360 1862 4499 Cssristi
1895 4448 2136 4498 servus
2176 4428 2601 4519 Gaugerlcus
2639 4447 2676 4497 e
2712 4425 2899 4495 fonte
2932 4422 3082 4497 suis
