3308 5004
215 337 405 405 AUG.
462 339 533 405 Η
1107 356 1185 404 nii.
1233 356 1290 405 s.
1332 355 1590 415 nomi-io
1637 355 1878 405 Annam
2541 344 2673 409 257

215 440 429 530 patris
496 462 665 509 cura
732 438 1107 531 vigilabat,
1186 461 1326 510 una
1390 462 1680 523 earum,
1755 462 1932 529 quae
1991 442 2189 532 juxta
2249 443 2489 514 carnis
2550 443 2765 515 hu'us

219 528 653 619 putredinem
706 529 1015 619 speciosa
1056 528 1435 611 videbatur,
1488 529 1875 600 febricitare
1924 530 2255 621 inciperet
2286 532 2420 622 (a):
2467 544 2533 603 et
2570 555 2648 603 ve
2702 554 2769 603 e-

211 631 478 687 menter
515 617 805 699 anxiari,
861 617 1270 719 magnisque
1318 618 1601 691 vocibus
1649 641 1811 689 cum
1861 618 2150 690 stridore
2190 619 2523 691 clamare:
2573 621 2768 693 Modo

211 706 549 777 moritura
604 729 785 789 sum,
842 706 976 777 nisi
1025 706 1320 778 Basilius
1368 707 1754 778 monachus
1802 707 2049 789 veniat,
2102 721 2167 777 et
2217 708 2368 799 ipse
2429 709 2601 780 mihi
2651 733 2773 802 pei.-

212 817 376 865 suae
410 797 789 867 curationis
840 795 1151 866 studium
1187 795 1479 866 salutem
1529 796 1792 867 reddat.
1849 795 1974 866 Sed
2027 796 2096 866 in
2150 796 2322 867 tanti
2377 799 2596 888 patris
2653 801 2772 872 ab·

216 885 434 954 sentia
495 884 818 955 accedere
864 886 1215 976 quispiam
1267 885 1764 956 monachorum
1836 886 1906 954 in
1955 885 2566 976 congregationem
2633 889 2771 959 vir-

214 972 455 1062 ginum
502 995 639 1044 non
697 973 1029 1044 audebat:
1082 985 1340 1061 quanto
1389 974 1624 1045 minus
1692 973 1830 1056 ille,
1883 974 2005 1061 qui
2078 996 2299 1045 novus
2351 974 2768 1060 advenerat,

211 1061 501 1152 ejusque
548 1062 777 1132 adhuc
826 1062 1032 1132 vitam
1068 1064 1507 1164 congregatio
1555 1062 1844 1134 fratrum
1882 1062 2286 1134 nesciebat?
2336 1064 2624 1136 Missum
2668 1087 2771 1135 re-

213 1165 418 1251 pente
450 1163 574 1234 est,
618 1165 684 1221 et
733 1151 847 1221 Dei
895 1150 1156 1222 famulo
1190 1152 1458 1240 Equitio
1508 1152 1941 1234 nunciatum,
1981 1152 2164 1239 quod
2212 1152 2767 1225 sanctimonialis

212 1238 331 1309 illa
373 1241 735 1311 immensis
774 1239 1081 1310 febribus
1129 1254 1492 1322 aestuaret,
1545 1254 1610 1312 et
1638 1241 1873 1311 Basilii
1926 1240 2248 1311 monachi
2298 1241 2761 1313 visitationem

213 1329 417 1398 anxie
463 1343 839 1416 quaereret.
894 1334 1038 1412 Quo
1087 1330 1368 1411 audit0,
1424 1331 1525 1400 vir
1572 1343 1854 1401 sanctus
1925 1328 2370 1421 dedignando
2420 1330 2757 1414 subrisit,

211 1430 418 1505 atque
451 1419 584 1488 ait:
647 1445 669 1480 ι
706 1418 1053 1506 Numquid
1105 1440 1241 1488 non
1284 1418 1448 1502 dixi,
1501 1418 1683 1507 quod
1719 1417 2039 1489 diabolus
2087 1432 2189 1489 est
2237 1419 2385 1499 iste,
2445 1441 2580 1489 non
2617 1441 2766 1490 mo-

216 1507 537 1579 nachus?
584 1512 727 1588 Ite,
779 1520 844 1577 et
889 1528 1046 1577 eum
1096 1507 1181 1577 de
1233 1507 1405 1577 cella
1474 1507 1813 1598 expellite.
1875 1512 1964 1577 De
2011 1506 2262 1577 ancilla
2322 1520 2549 1577 autern
2603 1509 2761 1592 Dei,

209 1616 391 1682 quae
424 1596 761 1665 anxietate
808 1595 1103 1666 febrium
1156 1610 1465 1687 urgetur,
1521 1597 1731 1666 nolite
1770 1618 1918 1667 esse
1966 1596 2255 1666 soliciti:
2295 1597 2457 1685 quia
2508 1619 2587 1666 ex
2637 1596 2767 1669 hac

212 1683 383 1754 hora
435 1706 656 1773 neque
703 1684 1013 1756 febribus
1062 1684 1456 1756 laboratura
1485 1699 1607 1766 est,
1647 1707 1870 1773 neque
1909 1684 2239 1755 Basilium
2292 1685 2767 1772 quaesitura.»

214 1777 596 1863 Regressus
628 1788 730 1845 est
767 1773 1188 1846 monachus:
1219 1787 1283 1844 et
1304 1796 1382 1845 ea
1424 1775 1591 1845 hora
1618 1774 1825 1845 saluti
1861 1774 2240 1844 restitutam
2282 1775 2396 1843 Dei
2427 1776 2768 1864 virginem

214 1864 516 1953 agnovit,
570 1884 706 1950 qua
756 1863 1066 1933 eamdem
1106 1862 1395 1935 salutem
1449 1862 1663 1944 illius,
1714 1863 1830 1933 Dei
1878 1861 2187 1934 famulus
2220 1862 2537 1951 Equitius
2566 1863 2768 1954 longe

216 1953 487 2041 positus
518 1952 898 2035 nunciavit,
953 1952 1021 2021 in
1067 1951 1310 2022 virtute
1360 1952 1621 2023 scilicet
1670 1951 2030 2034 miraculi,
2081 1951 2478 2042 exemplum
2531 1964 2767 2023 tenens

216 2041 578 2131 magistri:
609 2041 729 2128 qui
780 2040 1108 2112 invitatus
1138 2041 1222 2110 ad
1253 2040 1481 2112 filiurn
1523 2047 1617 2111 Re
1723 2040 1795 2123 li,
1833 2063 1991 2110 eum
2035 2040 2179 2111 solo
2231 2042 2436 2110 verbo
2470 2041 2767 2113 restituit

215 2128 450 2211 saluti,
508 2143 580 2200 ut
615 2142 957 2200 revertens
994 2142 1184 2219 pater
1229 2152 1306 2199 ea
1355 2129 1524 2200 hora
1564 2130 1606 2200 fi
1644 2153 1786 2200 ium
1843 2129 2230 2200 restitutum
2284 2130 2460 2198 vitae
2511 2152 2766 2221 cogno-

214 2231 470 2300 sceret,
525 2240 663 2307 qua
715 2218 918 2288 vitam
982 2218 1170 2289 illius
1216 2241 1295 2288 ex
1344 2240 1459 2289 ore
1507 2219 1812 2289 veritatis
1862 2218 2188 2288 audisset.
2244 2222 2495 2287 Omnes
2534 2231 2763 2289 autern

215 2307 566 2389 monachi,
613 2307 999 2398 jussionem
1055 2308 1268 2398 patris
1316 2309 1426 2378 sui
1476 2307 1875 2398 implentes,
1935 2306 2254 2377 eumdein
2306 2307 2633 2378 Basilium
2683 2330 2764 2377 ex

215 2396 621 2466 monasterii
651 2395 1071 2466 habitatione
1103 2396 1527 2487 repulerunt.
1574 2397 1700 2481 Qui
1755 2395 2097 2487 repulsuS,
2160 2395 2330 2465 dixit
2370 2394 2763 2483 frequenter

214 2504 289 2553 se
321 2484 568 2556 cellam
620 2485 869 2573 Equitii
907 2485 1196 2577 magicis
1235 2487 1501 2558 artibus
1542 2485 1609 2555 in
1647 2489 1805 2557 aera
1856 2483 2322 2576 suspendisse,
2363 2507 2485 2555 nec
2536 2495 2760 2556 tamen

214 2573 370 2661 ejus
401 2575 801 2665 quempiam
838 2575 1105 2645 laedere
1141 2577 1467 2665 potuisse.
1502 2576 1639 2658 Qui
1690 2597 1824 2646 non
1865 2587 2015 2666 post
2065 2573 2347 2663 longum
2388 2588 2662 2664 tempus
2692 2574 2763 2643 in

212 2663 345 2734 hac
395 2670 704 2735 Romana
744 2663 937 2746 urbe,
982 2664 1461 2736 exardescente
1507 2664 1651 2734 zelo
1701 2662 2068 2735 Christiani
2118 2661 2380 2753 populi,
2420 2663 2580 2753 igne
2620 2684 2769 2732 cre-

212 2767 446 2823 matus
491 2765 615 2823 est.

301 2845 339 2930 §
387 2846 481 2914 8.
534 2841 826 2925 Quidam
867 2863 1021 2912 vero
1070 2841 1252 2911 Felix
1303 2841 1619 2922 nomine,
1683 2841 1970 2911 Nursiae
2020 2839 2410 2930 provinciae
2462 2839 2716 2910 nobilis
2746 2896 2761 2922 ‚

214 2943 410 3021 pater
478 2931 690 3019 huJus
740 2931 1055 3013 Castorii,
1114 2930 1235 3018 qui
1285 2951 1472 3001 nunc
1524 2929 1886 3001 nobiscum
1939 2930 2007 2997 in
2059 2934 2366 2998 Romana
2424 2927 2599 2998 urbe
2647 2928 2767 2998 de-

212 3032 569 3090 moratur:
620 3042 780 3091 cum
842 3019 1165 3090 eumdem
1232 3019 1693 3090 venerabilem
1763 3019 1989 3088 virum
2055 3018 2404 3104 Equitium
2486 3038 2764 3090 sacrum

210 3109 529 3178 ordinem
581 3130 717 3178 non
754 3108 1006 3178 habere
1052 3108 1499 3198 conspiceret,
1528 3120 1594 3177 et
1628 3128 1750 3195 per
1781 3106 2056 3197 singula
2090 3106 2504 3187 discurrere,
2563 3119 2767 3193 atque

212 3197 523 3268 studiose
574 3196 1009 3288 praedicare:
1063 3217 1222 3267 eum
1272 3196 1573 3285 quadam
1623 3195 1735 3264 die
1784 3194 2274 3266 familiaritatis
2321 3218 2501 3266 ausu
2549 3195 2758 3276 adiit,

210 3286 492 3357 dicens:
531 3287 662 3370 Qui
694 3308 970 3357 sacrum
1020 3285 1332 3356 ordinem
1387 3307 1518 3356 non
1558 3284 1791 3366 habes,
1847 3297 2049 3372 atque
2097 3306 2136 3353 a
2185 3289 2492 3353 Romano
2541 3284 2765 3374 ponti-

212 3375 364 3457 fice,
422 3375 553 3445 sub
601 3397 739 3463 quo
786 3375 1003 3466 degis,
1060 3374 1590 3465 praedicationis
1626 3373 1975 3443 licentiam
2020 3394 2152 3441 non
2180 3372 2530 3463 accepisti,
2571 3393 2764 3463 prae-

216 3463 448 3535 dicare
476 3464 820 3553 quomodo
862 3464 1293 3553 praesumis?
1320 3464 1459 3544 cui,
1515 3463 1666 3551 ejus
1700 3461 2146 3549 inquisitione
2195 3461 2623 3552 compulsus,
2659 3460 2764 3529 vir

216 3566 498 3623 sanctus
556 3553 904 3634 indicavit,
975 3552 1504 3643 praedicationis
1584 3552 1904 3621 icentiam
1953 3550 2246 3637 qualiter
2292 3549 2597 3641 accepit,
2661 3548 2766 3618 di-

214 3663 414 3712 cens:
472 3646 630 3711 «Ea
675 3664 851 3731 quae
916 3641 1087 3710 mihi
1137 3641 1481 3729 loqueriS,
1533 3661 1660 3731 ego
1708 3660 1980 3727 quoque
2027 3651 2250 3709 tecum
2305 3639 2450 3742 ipse
2502 3650 2764 3728 pertra-

218 3741 346 3800 cto.
400 3731 530 3801 Sed
579 3730 882 3819 quadam
920 3742 1113 3800 nocte
1152 3730 1505 3822 speciosus
1551 3729 1723 3797 mihi
1777 3750 1895 3819 per
1943 3727 2272 3797 visionem
2318 3727 2597 3816 Juvenis
2645 3726 2765 3796 ad-

216 3820 435 3901 stitit,
493 3832 696 3907 atque
771 3821 842 3890 in
904 3818 1145 3909 lingua
1195 3841 1346 3889 mea
1411 3817 1819 3889 medicinale
1867 3815 2402 3897 ferramentum,
2464 3814 2530 3884 id
2607 3827 2761 3896 est,

222 3907 740 3996 phlebotomum
794 3908 1044 3999 posuit.
1098 3908 1378 3979 dicens:
1434 3913 1604 3977 Ecce
1654 3905 1854 3997 posui
1903 3904 2108 3975 verba
2155 3927 2308 3975 mea
2348 3906 2417 3974 in
2455 3926 2570 3974 ore
2619 3916 2762 3973 tuo:

216 3997 539 4086 egredere
586 3997 668 4067 ad
725 3996 1290 4089 praedicandum.
1331 4002 1542 4085 Atque
1566 4017 1647 4066 ex
1674 3995 1793 4065 illo
1840 3994 1974 4076 die,
2013 3995 2214 4063 etiam
2249 4015 2407 4063 cum
2456 3991 2760 4073 voluero,

219 4084 307 4155 de
356 4090 482 4157 Deo
524 4098 744 4157 tacere
792 4108 926 4158 non
967 4108 1412 4175 possum....»
1461 4089 1648 4175 Opus
1678 4083 2048 4175 (namque),
2101 4103 2180 4151 ex
2228 4082 2408 4151 dono
2454 4092 2577 4161 est,
2607 4101 2765 4181 ‘non

216 4173 478 4246 donum
506 4198 584 4246 ex
616 4197 856 4267 opere:
904 4175 1211 4263 alioquin
1247 4174 1464 4265 gratia
1485 4175 1631 4265 jam
1667 4195 1803 4242 non
1843 4183 1944 4242 est
1973 4171 2217 4262 gratia.
2249 4174 2463 4240 Omne
2500 4191 2767 4260 quippe

266 4371 332 4424 (a)
362 4374 645 4423 Huiusmodi
673 4371 933 4415 identidem
967 4374 1036 4415 rei
1063 4373 1275 4423 exempla
1309 4370 1604 4420 repetuntur.
1622 4367 1928 4411 mulierculae
1958 4368 2139 4409 scillcet
2157 4368 2387 4427 ‚morbum
2417 4367 2690 4408 simulantis
2709 4368 2762 4407 ut

212 4428 423 4468 erottoae
437 4428 570 4473 tebrt,
591 4428 679 4468 sub
708 4425 949 4477 religionis
971 4428 1140 4477 specie,
1173 4437 1228 4467 ex
1263 4426 1491 4466 accerstto
1522 4422 1606 4464 Dei
1637 4425 1855 4464 Ministro
1885 4422 2086 4483 quodam
2106 4431 2260 4462 minue
2291 4424 2442 4463 aetate
2475 4425 2522 4464 et
2551 4421 2764 4464 moribus

216 4481 353 4529 gravi
378 4482 695 4522 levamentum
715 4480 805 4522 sibi
828 4484 1079 4531 comparet,
1108 4478 1303 4521 incauto
1317 4477 1552 4519 sacerdoti
1580 4476 1742 4528 lapsus
1765 4486 2060 4518 occasionem
2085 4476 2366 4526 praebendo.

386 4565 627 4622 surius
656 4596 673 4608 -
707 4562 870 4624 Vitae
892 4562 1003 4626 SS.
1028 4595 1051 4607 -
1079 4561 1208 4624 Vol.
1240 4559 1397 4622 VIII.
2533 4554 2607 4617 17
