3308 5004
196 335 338 408 Aua.
376 341 409 406 t
1123 358 1203 405 na
1250 357 1307 406 s.
1361 357 1665 407 nomino
2439 343 2576 410 ⁴55

190 491 195 496 -
257 445 459 532 §aa
506 438 603 512 ³111*
628 461 915 533 corpore
957 440 1217 532 degens
1265 442 1370 512 vir
1405 443 1913 525 sanctissimus,
1950 444 2225 515 etinter
2269 458 2662 537 peccatores

189 551 425 621 versans,
468 551 630 601 cum
676 536 814 622 ⁴Deo
864 543 933 601 et
988 530 1266 622 Angelis
1310 530 1545 600 animo
1592 531 1928 622 degebat:
1977 534 2237 621 Deique
2297 545 2662 626 praecepta

177 639 424 702 servans,
457 631 522 690 et
551 619 844 692 consilia
889 633 1318 700 consectans,
1356 621 1669 707 ,totisque
1717 621 1982 690 viribus
2012 620 2117 691 illi
2166 624 2494 702 serviens,
2527 622 2662 692 mi·

174 707 326 778 riflce
365 709 628 779 lucebat
655 709 727 777 in
762 708 974 799 hujus
1005 707 1250 778 mundi
1279 707 1562 779 horrida
1591 707 1912 800 caligine,
1942 722 2010 779 et
2032 710 2382 782 innoxiam
2423 710 2656 792 vitam,

173 798 593 868 sanctissimae
643 815 731 867 ue
799 797 1342 869 conversationis
1412 797 1730 889 exempla
1807 798 1875 867 in
1909 798 2167 889 ‚seipso
2213 801 2656 892 exprimens,

178 885 611 976 diesimpertie
661 899 819 955 atur
863 886 1220 977 proximis,
1279 886 1596 958 noctibus
1658 888 1941 957 vacabat
1989 892 2144 958 Deo.
2198 894 2276 959 In
2321 890 2434 959 die
2486 889 2662 958 enim

176 976 463 1045 mandavit
520 977 837 1045 Dominus
892 976 1424 1045 misericordiam
1477 998 1675 1046 suam
1692 1029 1713 1057 ,
1790 986 1854 1046 et
1898 987 2087 1046 nocte
2131 980 2468 1047 canticam
2515 979 2662 1068 ejus

173 1062 440 1154 (Pseu).
495 1063 805 1134 Interdiu
841 1064 1212 1134 conciones
1262 1064 1554 1134 habebat
1600 1064 1686 1134 ad
1712 1062 1980 1134 Clerum
2031 1077 2097 1135 et
2137 1066 2500 1156 populum,
2535 1087 2661 1134 nec

172 1154 578 1223 revertebatur
593 1152 876 1222 verbum
907 1151 1064 1254 ejus
1092 1174 1416 1234 vacuum,
1460 1152 1579 1223 sed
1611 1153 1865 1224 multos
1891 1153 1979 1223 ab
2005 1153 2369 1242 iniquitate
2393 1154 2656 1224 avertit.

173 1239 539 1312 flirabantur
565 1243 715 1333 ejus
748 1240 1131 1311 doctrinam
1164 1241 1511 1332 permulti.
1559 1241 1854 1325 Quidam
1884 1264 1922 1312 e
1953 1242 2146 1314 Clero
2192 1265 2349 1314 eum
2402 1243 2662 1336 optime

167 1329 632 1401 concionantem
690 1328 1007 1410 audiens,
1060 1345 1127 1400 et
1175 1330 1261 1400 de
1309 1330 1687 1420 Scripturis
1756 1330 2141 1401 luculenter
2184 1344 2251 1402 et
2293 1331 2663 1402 efficaciter

167 1416 580 1501 disserentem,
639 1419 977 1506 quaesivit
1021 1440 1102 1489 ex
1157 1440 1261 1501 eo,
1317 1440 1614 1506 quorum
1671 1419 2008 1490 librorum
2058 1419 2352 1491 lectione
2400 1431 2657 1490 tantam

162 1506 566 1578 eruditionem
634 1507 764 1577 sibi
834 1509 1225 1578 conflasset.
1282 1506 1661 1600 Respondit
1717 1508 1780 1577 ei
1843 1509 2131 1579 comiter
2178 1510 2284 1578 vir
2329 1522 2650 1581 sanctus:

162 1598 339 1685 «EgO,
377 1597 489 1688 fili
522 1651 539 1679 ,
595 1597 920 1686 majorem
971 1596 1132 1667 dedi
1180 1617 1489 1687 operam
1531 1597 1888 1667 charitatis
1938 1597 2309 1668 lectitando
2379 1596 2656 1678 codici,

158 1702 320 1770 quam
368 1685 679 1756 caeteris.
722 1686 783 1755 [s
829 1685 1014 1754 enirn
1059 1684 1236 1755 liber
1279 1685 1474 1755 docet
1518 1685 1602 1755 de
1649 1686 2003 1756 omnibus.
2032 1710 2069 1754 »
2119 1692 2277 1757 Erat
2323 1687 2657 1756 nimirum

157 1772 424 1845 eruditus
474 1773 992 1865 paterfamiliae,
1046 1774 1132 1843 de
1181 1774 1502 1845 thesauro
1558 1775 1916 1846 charitatis
1964 1774 2317 1866 proferens
2377 1798 2549 1846 nova
2594 1786 2662 1845 et

157 1873 354 1933 vetera.
407 1862 827 1933 Circumibat
875 1884 998 1953 per
1041 1863 1250 1944 vicos,
1301 1862 1580 1935 castella
1629 1877 1697 1933 et
1742 1865 1990 1943 urbes,
2059 1865 2465 1954 praedicans
2514 1886 2662 1934 ver-

155 1947 439 2109 bumeei
473 2007 489 2034 ‚
541 1953 830 2022 visitans
878 1963 1235 2042 aegrotoS,
1304 1950 1843 2023 consolationem
1906 1951 2224 2024 adferens
2283 1953 2655 2035 desolatis,

154 2058 274 2107 mor
314 2062 388 2111 os
436 2062 719 2111 sanans.

213 2129 244 2214 ξ
286 2135 424 2200 n.
477 2135 635 2200 Post
672 2129 940 2198 itineris
975 2128 1279 2199 laborem
1323 2129 1704 2220 hospitium
1758 2142 2020 2220 petens,
2078 2129 2164 2199 ad
2218 2129 2474 2200 fontem
2537 2129 2658 2200 ali-

147 2233 312 2300 quem
364 2218 561 2310 prius
593 2217 835 2287 sedare
883 2217 1141 2288 solebat
1174 2217 1386 2298 sitim,
1444 2240 1552 2300 ne,
1605 2219 1781 2308 eJuS,
1825 2240 1906 2288 ex
1947 2218 2179 2288 labore
2227 2219 2494 2289 itineris
2544 2242 2661 2288 ac-

145 2323 392 2389 censae,
444 2308 841 2388 occasione,
895 2306 1160 2397 largius
1208 2306 1507 2377 bibendo
1568 2319 1801 2377 notam
1877 2307 2299 2378 incurreret:
2350 2307 2534 2395 quod
2586 2307 2654 2375 in

149 2394 436 2466 omnibus
484 2417 927 2487 summopere
974 2395 1291 2466 evitabat.
1348 2401 1474 2465 Per
1528 2396 1713 2465 diem
1780 2416 1985 2466 nemo
2032 2396 2219 2485 apud
2269 2398 2494 2467 socios
2540 2409 2661 2466 aut

146 2483 454 2567 proximos
503 2498 622 2556 aut
669 2483 912 2556 fratres
970 2484 1342 2556 humanior
1385 2498 1452 2555 et
1497 2484 1974 2565 communior,
2032 2507 2233 2556 nemo
2275 2484 2658 2575 jucundior

145 2569 220 2637 vel
262 2573 515 2644 utilior.
570 2575 896 2645 Noctibus
943 2575 1203 2644 veroin
1238 2573 1495 2665 vigiliis
1541 2587 1607 2643 et
1654 2574 1977 2664 precibus
2028 2595 2227 2644 nemo
2264 2575 2489 2643 modis
2512 2596 2659 2644 omf-

146 2657 317 2730 nibus
361 2664 752 2733 instantior.
808 2667 910 2733 Ita
957 2664 1048 2732 ad
1104 2685 1454 2753 vesperam
1522 2663 1998 2733 demorabatur
2056 2665 2124 2732 ei
2165 2663 2387 2753 fletu-5,
2446 2673 2510 2732 et
2568 2664 2660 2732 ad

142 2753 512 2822 matutimam
545 2753 811 2822 laetitia
835 2751 979 2841 (Εω
1009 2757 1117 2821 Ps.
1152 2751 1291 2841 29).
1328 2755 1404 2821 In
1440 2751 1751 2821 ecclesiis
1783 2764 2197 2842 pernoctans
2224 2752 2292 2821 in
2323 2752 2653 2833 oratione,

145 2836 309 2907 modo
355 2840 424 2911 in
475 2862 709 2931 genua
756 2840 1279 2930 procumbebat,
1336 2840 1536 2910 modo
1568 2852 1704 2910 toto
1736 2862 2021 2931 corpore
2062 2839 2650 2931 prosternebatur,

144 2942 435 3008 quantum
465 2952 507 2999 a
543 2929 855 3020 corporis
887 2928 1256 3021 fragilitate
1292 2939 1482 2998 extor
1531 2950 1697 2999 uere
1740 2930 1981 3020 potuit.
2020 2934 2330 3016 Cumque
2377 2928 2658 3000 tandem

145 3008 510 3088 lassitudine
552 3018 810 3100 victus,
864 3041 905 3088 a
951 3040 1197 3089 somno
1245 3018 1423 3088 inter
1471 2950 1834 3099 ellat-etur,
1897 3017 2002 3087 vel
2050 3031 2209 3087 ante
2257 3017 2494 3098 altare,
2554 3016 2653 3086 vel

146 3098 245 3197 alio
264 3107 507 3193 quovis
544 3105 716 3188 loco,
762 3120 885 3177 aut
914 3119 1096 3177 certe
1133 3106 1218 3176 ad
1252 3105 1392 3197 lapi
1445 3128 1552 3177 em
1595 3127 1756 3176 cum
1789 3106 2004 3177 Jacob
2034 3106 2424 3207 patriarcha
2448 3118 2659 3197 caput

148 3191 471 3291 inclinans,
531 3195 898 3286 paululum
947 3196 1388 3282 quiescebat:
1445 3216 1826 3283 rursusque
1872 3194 2232 3286 evigilanS‚
2277 3195 2568 3265 orationi
2593 3207 2659 3265 et

147 3282 384 3363 spiritus
412 3283 666 3355 fervori
699 3284 1041 3355 studebat.
1088 3283 1514 3355 circumibat
1553 3297 1695 3353 tum
1732 3283 1979 3354 altaria
2025 3283 2337 3365 visitanS‚
2368 3296 2435 3353 et
2484 3289 2654 3354 San·

147 3377 359 3440 ctorum
391 3373 782 3464 implorans
811 3372 1230 3463 patrocinia:
1270 3386 1478 3460 atque
1507 3373 1600 3442 ita
1634 3394 1708 3442 se
1742 3373 2021 3464 gerebat
2051 3394 2276 3460 usque
2315 3372 2404 3442 ad
2439 3372 2656 3443 noctis

150 3458 430 3553 medium.
470 3461 645 3531 Inde
682 3460 923 3532 fratres
962 3462 1386 3534 dormientes
1432 3483 1589 3530 cum
1625 3483 1900 3531 summa
1943 3461 2271 3532 modestia
2318 3461 2647 3540 invisens,

153 3562 363 3634 Slquos
411 3550 701 3621 vidisset
747 3572 884 3621 non
924 3563 1221 3641 opertos,
1274 3550 1571 3642 operuit,
1625 3563 1693 3618 et
1739 3554 1953 3620 Cruce
1990 3550 2447 3641 consignavit:
2498 3572 2653 3620 mox

154 3631 206 3700 ad
239 3638 613 3710 orationem
665 3638 953 3710 redibat.
994 3644 1206 3727 Atque
1239 3640 1326 3710 iis
1358 3639 1547 3709 horis
1583 3640 1912 3710 excubias
1941 3661 2154 3731 agens
2180 3639 2249 3708 in
2303 3639 2651 3729 precibu3‚

158 3723 349 3797 multas
395 3727 824 3798 daemonum
873 3727 1346 3800 infestationes
1392 3726 1574 3809 tulit,
1631 3727 1890 3798 multos
1933 3750 2207 3816 quoque
2248 3749 2329 3798 ex
2376 3728 2479 3797 eis
2519 3729 2656 3796 vir-

159 3818 249 3899 tute
303 3816 615 3887 nominis
680 3817 929 3887 Christi
986 3816 1375 3908 triumphos
1451 3817 1843 3907 reportavit.
1923 3823 2065 3888 Non
2131 3838 2388 3906 paucae
2436 3817 2651 3886 animi

163 3892 618 4000 ulceratione&
653 3926 995 3995 supernae
1044 3906 1508 3987 visitationeS,
1561 3903 1975 3992 divinaeque
2036 3904 2518 3983 revelationes,
2571 3904 2656 3973 de

162 3991 351 4087 quibus
381 4014 604 4086 supra
637 3994 902 4064 dictum
949 4008 1075 4075 est,
1106 3994 1169 4064 ei
1209 4008 1356 4065 tum
1394 3994 1724 4085 obtigere.
1759 3995 1980 4064 Deum
2010 3994 2196 4063 enim
2241 3993 2657 4063 desideravit

168 4088 329 4150 mma
373 4084 537 4174 ejus
584 4083 654 4152 in
709 4096 924 4164 nocte,
978 4095 1044 4153 et
1091 4083 1173 4153 ad
1211 4106 1372 4154 eum
1410 4084 1567 4154 totis
1614 4081 1999 4153 visceribus
2047 4083 2432 4172 suspiranS‚
2485 4082 2657 4173 vigi-

169 4153 288 4237 htit.
335 4180 558 4261 Atque
602 4172 771 4242 haec
812 4172 911 4242 illi
953 4174 1101 4242 erat
1148 4171 1485 4263 vigilandi
1516 4184 1583 4242 et
1613 4170 1858 4240 orandi
1906 4170 2322 4241 creberrima
2361 4192 2656 4243 consue·

168 4250 293 4326 tudo.
338 4265 417 4331 Et
449 4261 776 4348 quamvis
813 4260 1058 4331 fratres
1091 4260 1180 4331 ad
1227 4261 1526 4349 quietem
1582 4260 1994 4350 capiendam
2047 4259 2443 4335 accuratius
2493 4261 2653 4330 hor-

171 4344 377 4429 latetur,
433 4349 588 4440 ipse
645 4362 868 4420 tamen
925 4350 1031 4423 vix
1080 4371 1390 4437 unquam
1442 4350 1514 4419 in
1581 4349 1832 4419 lectulo
1893 4371 1964 4419 se
2026 4370 2354 4451 reponere
2413 4349 2648 4419 voluit.

169 4423 327 4506 Oratio
360 4437 518 4527 ejus
582 4438 844 4508 munda
881 4452 947 4509 et
984 4452 1260 4529 accepta
1306 4436 1437 4508 fuit
1484 4438 1552 4508 in
1586 4453 1964 4530 conspectu
2011 4442 2167 4519 Det,
2231 4459 2442 4525 quam
2491 4460 2652 4511 cum
