3308 5004
141 318 317 385 ΑΗΕ.
355 317 452 385 5⁴3
951 337 1032 384 ns
1078 336 1133 384 s.
1187 336 1563 385 monuimus
1610 335 1845 385 nucina
2134 366 2137 373 „
2455 319 2584 387 303

141 416 272 489 sale
307 414 687 505 composita
747 414 1067 486 sumebat
1122 415 1191 484 in
1249 416 1524 487 cibum:
1579 438 1814 487 verum
1864 438 1946 486 ex
1992 439 2175 505 aqua
2223 428 2359 489 toto
2399 417 2673 508 jejunio

141 527 256 575 nec
301 526 582 575 sumens
630 503 769 573 duo
817 504 1133 575 sextaria.
1173 505 1349 575 Hinc
1398 517 1585 575 tanta
1636 504 1749 576 siti
1803 504 2182 588 laborabat,
2227 519 2302 577 ut
2350 505 2673 579 faucibus

141 592 507 674 desiccatis,
555 594 662 663 vix
705 593 1052 683 psalmum
1102 593 1359 664 diceret
1405 593 1624 664 arida.
1680 593 1995 669 Cilicium
2044 597 2250 665 etiam
2288 596 2551 668 habens
2584 596 2672 666 ad

141 705 376 773 corpus
428 704 548 773 pro
596 682 805 753 linteo
843 682 1127 774 jugiter,
1181 704 1466 753 cursum
1511 682 1887 754 decantans
1938 685 2307 774 peragebat
2348 679 2665 775 vigilias:

145 784 281 841 ante
313 794 385 841 se
418 771 648 841 cinere
689 784 922 852 strat0,
960 771 1345 862 superjecto
1391 770 1643 852 cilicie,
1688 772 2008 842 utebatur
2050 795 2170 863 pro
2203 772 2475 844 lectulo.
2511 779 2674 865 Ipsa

148 882 272 933 eam
309 860 579 948 requies
611 860 964 950 fatigabat,
1008 860 1122 930 cui
1158 881 1403 950 parum
1435 859 1793 930 videbatur
1832 860 1963 931 hoc
2010 862 2350 932 sustinere
2382 884 2674 953 corpus·-

147 948 384 1020 culum.
440 954 584 1019 Non
635 948 826 1018 illam
877 948 1253 1036 aliquando
1305 948 1533 1021 mollis
1618 949 1810 1019 lurna
1848 948 2135 1031 fulcivit,
2177 971 2397 1038 neque
2427 950 2675 1022 lintea-

147 1038 333 1108 minis
382 1038 565 1108 nitor
596 1038 942 1107 instruxit.
998 1039 1361 1119 Manicam,
1399 1059 1582 1124 qua,
1627 1038 1943 1108 rachium
1979 1038 2319 1121 indueret,
2360 1061 2497 1110 non
2551 1040 2672 1109 ha-

145 1126 347 1207 bebat,
397 1128 535 1197 nisi
564 1126 749 1214 quod
784 1126 868 1196 de
901 1126 1127 1216 caliga
1166 1148 1292 1197 sua
1331 1125 1465 1196 sibi
1498 1126 1677 1198 duas
1710 1126 1867 1197 fecit
1917 1128 2249 1199 manicaS.
2289 1128 2414 1201 Sed
2467 1128 2563 1198 ita
2601 1149 2674 1200 se

146 1217 479 1298 tractabat,
536 1230 610 1286 ut
649 1216 816 1285 haec
867 1237 994 1285 nec
1041 1215 1399 1286 Abbatissa
1432 1216 1738 1287 sentiret.

215 1307 249 1393 ξ
292 1311 425 1379 11.
481 1304 718 1375 Adhuc
767 1305 1243 1375 monachabus
1273 1304 1601 1375 omnibus
1641 1305 2163 1394 soporantibus,
2207 1304 2674 1375 calceamenta

144 1404 394 1484 tergens
427 1406 494 1463 et
526 1415 818 1483 ungenS,
856 1394 1359 1464 transmittebat
1385 1415 1506 1484 per
1535 1393 1873 1483 singulas.
1907 1394 2073 1466 Aliis
2108 1393 2673 1484 Quadragesimis

141 1480 380 1570 aliquid
436 1482 773 1562 relaxans,
807 1482 1052 1569 quinta
1077 1481 1244 1552 feria
1278 1483 1618 1562 sumebat,
1665 1482 1914 1552 deinde
1953 1483 2065 1553 die
2092 1484 2470 1553 Dominica.
2504 1488 2672 1554 Nam

139 1583 194 1639 et
236 1572 494 1659 reliquo
537 1586 861 1661 tempore,
911 1582 1175 1672 praeter
1221 1571 1370 1642 dies
1401 1570 1761 1641 Paschales
1788 1594 1867 1641 ac
1907 1594 2225 1643 summae
2261 1571 2668 1652 festivitatis,

138 1658 335 1731 donec
372 1661 742 1732 infirmitas
783 1661 1118 1751 permisit,
1150 1660 1219 1729 in
1270 1661 1499 1730 cinere
1545 1673 1610 1730 et
1657 1660 1884 1730 cilicio
1915 1682 2186 1750 semper
2222 1662 2425 1731 vitam
2478 1661 2675 1733 duxit
2777 1726 2780 1737 .

137 1762 489 1829 austeram,
549 1749 741 1839 prius
792 1772 862 1820 se
903 1749 1159 1830 levans,
1214 1764 1290 1819 ut
1341 1748 1705 1839 psalleret,
1756 1771 1966 1836 quam
2034 1750 2473 1841 congregatio
2521 1773 2675 1821 sur-

139 1839 423 1909 rexisset.
478 1844 646 1908 Nam
694 1838 778 1907 de
827 1838 1075 1908 officiis
1127 1838 1731 1908 monasterialibus
1785 1838 1955 1907 nihil
2015 1838 2149 1909 sibi
2204 1839 2481 1928 placuit,
2539 1840 2675 1908 nisi

140 1927 347 2014 prima
417 1927 740 1997 serviret:
794 1939 859 1998 et
937 1928 1087 2016 ipsa
1162 1950 1234 1997 se
1281 1928 1708 2017 castigabat,
1762 1927 2129 1998 sibonum
2204 1927 2473 2000 fecisset
2569 1940 2676 1998 ost

138 2013 428 2086 alteram.
474 2022 649 2106 Ergo
698 2017 846 2086 suis
909 2016 1173 2086 vicibus
1233 2038 1528 2107 scopans
1577 2016 1975 2086 monasterii
2030 2015 2288 2105 plateas
2339 2017 2519 2088 simu
2609 2030 2676 2087 et

139 2105 434 2195 anguIOS,
490 2105 824 2192 quicquid
857 2120 1001 2175 erat
1033 2104 1308 2175 foedum
1355 2127 1685 2195 purganS,
1718 2119 1784 2175 et
1829 2117 1987 2175 ante
2017 2127 2090 2174 se
2131 2106 2466 2187 sarcinas,
2497 2128 2675 2193 quas

139 2190 298 2264 alius
326 2194 637 2265 horreret
681 2194 934 2274 videre,
992 2216 1124 2264 non
1176 2194 1589 2264 abhorrebat
1636 2194 1945 2275 evehere;
2003 2193 2195 2285 ligna
2244 2207 2671 2285 supportans

140 2279 445 2364 brachiis,
493 2282 722 2353 focum
775 2283 1052 2353 flatibus
1086 2296 1150 2352 et
1178 2281 1559 2373 forcipibus
1609 2282 2009 2363 admovenS,
2041 2283 2276 2354 calens
2325 2306 2447 2353 nec
2482 2283 2671 2354 laesa

141 2390 204 2438 se
247 2373 649 2444 retrahebat.
690 2377 889 2441 Extra
937 2393 1133 2441 suam
1187 2371 1693 2441 hebdomadam
1755 2372 2277 2442 infirmantibus
2337 2374 2663 2454 servienS,

141 2456 272 2559 ipsa
318 2462 511 2532 eibos
544 2460 961 2549 decoquenS,
1014 2460 1312 2551 aegrotis
1336 2460 1546 2531 facies
1585 2460 1903 2542 abluens,
1963 2461 2127 2552 ipsa'
2161 2460 2465 2532 calidum
2510 2483 2673 2553 por-

142 2570 372 2639 rigens,
427 2550 749 2621 visitabat
778 2572 953 2638 quas
983 2549 1272 2630 fovebat,
1318 2550 1565 2641 jejuna
1611 2550 1888 2620 rediens
1923 2550 1989 2618 in
2028 2550 2377 2621 cellulam.

215 2641 247 2725 §
290 2646 432 2713 12.
520 2645 824 2709 Matrona
874 2639 1228 2710 Gislahadi
1279 2638 1625 2730 proceris,
1684 2639 1962 2708 nomine
2009 2639 2239 2720 Bella,
2296 2639 2412 2709 sed
2465 2640 2673 2730 longa

140 2728 440 2798 caecitate
483 2728 910 2809 miserrima,
968 2728 1230 2819 rogavit
1279 2751 1351 2798 se
1407 2728 1493 2797 de
1542 2727 1828 2798 Francia
1879 2728 2184 2799 Pictavos
2237 2727 2323 2797 ad
2394 2740 2673 2798 sanctae

142 2813 282 2885 duci
325 2817 564 2888 devote
617 2818 1102 2908 praesentiam.
1158 2822 1378 2899 Quam
1431 2817 1591 2887 licet
1641 2816 1832 2886 tarde
1878 2830 2265 2898 exoratam,
2333 2817 2465 2888 sibi
2515 2816 2673 2888 fecit

141 2923 473 3002 occurrere
525 2928 645 2997 per
693 2918 902 2977 tetrae
954 2907 1171 2977 noctis
1220 2906 1520 2976 silentia.
1577 2911 1918 2977 Prostrata
1966 2905 2051 2975 ad
2101 2906 2252 2995 ejus
2300 2929 2549 2996 genua,
2595 2917 2672 2976 ut
2768 2963 2769 2966 ,

141 2989 520 3083 dignaretur
567 2995 806 3067 oculos
854 2996 1009 3083 ejus
1056 2996 1358 3086 signare,
1417 2995 1527 3065 vix
1574 2995 1990 3086 impetravit.
2043 2999 2230 3078 Quae
2271 3018 2426 3065 mox
2473 3009 2551 3066 ut
2599 2996 2670 3065 in

142 3085 395 3180 nomine
428 3085 678 3155 Christi
727 3084 1008 3175 signum
1051 3085 1288 3156 Crucis
1340 3083 1714 3173 impressit,
1768 3085 2063 3154 caecitas
2111 3083 2328 3186 fugit,
2399 3084 2516 3155 lux
2567 3107 2673 3155 re·

144 3166 271 3251 diit,
310 3186 372 3243 et
420 3185 759 3244 nocturno
802 3175 933 3243 sub
972 3186 1275 3264 tempore
1303 3174 1512 3244 orbae
1545 3172 1671 3241 diu
1717 3172 1865 3243 dies
1906 3173 2156 3252 illuxit,
2194 3185 2284 3243 ita
2334 3186 2410 3242 ut
2457 3185 2673 3245 tracta

145 3278 282 3358 puin
329 3263 647 3345 venisset,
714 3262 908 3332 nullo
955 3261 1249 3336 ducente
1297 3263 1665 3333 recederet.
1741 3267 1907 3332 Item
1969 3262 2201 3353 puella
2260 3262 2662 3343 Fraissedis,

149 3350 400 3423 inimico
449 3351 822 3443 instigante
855 3351 1023 3420 dum
1061 3363 1495 3438 torqueretur
1544 3349 1881 3438 nequiter,
1918 3372 2152 3422 sacras
2194 3352 2370 3420 inter
2420 3373 2671 3421 manus

151 3450 413 3521 sanctae,
469 3462 596 3511 nec
643 3440 803 3511 data
855 3439 1207 3521 dilatione,
1264 3440 1497 3510 curari
1566 3439 1968 3529 promeruit.
2026 3440 2334 3530 Florejus
2381 3440 2669 3526 quidam

152 3527 395 3598 nomine
443 3530 675 3609 homo,
720 3527 1031 3619 ejusdem
1082 3541 1359 3599 sanctae
1411 3551 1532 3620 pro
1575 3527 1952 3618 piscatione
2001 3527 2071 3597 in
2126 3529 2300 3597 mari
2345 3527 2515 3599 dum
2563 3550 2669 3600 sa-

155 3620 393 3702 tageret,
440 3620 680 3689 oborto
728 3629 1087 3687 ventorum
1139 3618 1437 3700 turbine,
1491 3617 1833 3690 fluctuum
1883 3630 2210 3708 surgente
2268 3617 2468 3699 mole,
2543 3639 2667 3687 nec

156 3709 271 3770 tam
307 3709 506 3778 nauta
537 3707 948 3787 sentinante,
984 3728 1192 3793 quam
1220 3706 1412 3776 unda
1445 3718 1998 3797 supervergente,
2035 3729 2196 3777 cum
2238 3706 2430 3776 navis
2462 3705 2667 3796 plena

155 3787 397 3888 submer
443 3809 700 3877 eretur,
756 3797 825 3865 in
877 3796 1301 3866 extremitate
1347 3795 1635 3865 clamat:
1677 3801 1926 3865 Sancta
1973 3795 2443 3885 Radegundis,
2496 3794 2666 3863 dum

155 3874 260 3945 tibi
283 3821 654 3978 obedimus
688 3907 824 3956 non
859 3884 1309 3955 subsidamus
1350 3883 1754 3974 naufragio:
1795 3884 1913 3955 sed
1946 3884 2179 3954 obtine
2211 3883 2398 3975 apud
2425 3888 2662 3963 Deum,

151 3974 221 4032 ut
261 3965 615 4045 liberemur
660 3973 743 4044 de
796 3972 1060 4065 pelagO.
1123 3978 1269 4056 Quo
1319 3974 1500 4044 dicto
1532 4027 1547 4054 ,
1604 3996 1759 4043 mox
1808 3972 2043 4131 fihgata
2092 3974 2275 4043 nube
2304 4027 2320 4053 ‚
2397 3970 2667 4071 redd-ita

153 4060 499 4146 serenitate,
555 4063 745 4134 unda
776 4062 1085 4143 cadente,
1127 4085 1329 4153 prora
1381 4063 1700 4132 surrexit.
1758 4066 1853 4132 Go
1906 4085 1946 4132 a
2003 4061 2232 4151 puella
2280 4059 2613 4130 secularis
2644 4114 2660 4141 ,

149 4158 282 4230 post
326 4153 447 4224 Deo
497 4154 839 4223 monacha
869 4152 1197 4231 serviens,
1228 4151 1395 4221 dum
1434 4151 1639 4242 longo
1689 4152 1820 4221 sub
1857 4164 2162 4240 tempore
2192 4149 2364 4219 lecto
2413 4147 2666 4219 flebilis

146 4229 507 4322 decubaret,
563 4254 628 4313 et
675 4243 990 4332 impenso
1047 4241 1265 4310 multo
1316 4239 1777 4309 medicamine
1829 4240 1986 4329 plus
2044 4238 2422 4329 langueret,
2488 4236 2665 4308 sacta

145 4324 408 4422 candela
438 4331 523 4400 ad
577 4351 974 4402 mensuram
1025 4353 1191 4400 suae
1226 4341 1549 4409 staturae,
1604 4328 1891 4399 Domino
1950 4328 2357 4409 miserante,
2416 4328 2486 4396 in
2540 4349 2663 4396 no-

148 4429 317 4483 mine
361 4432 631 4491 sanctae
662 4420 1025 4501 foeminae,
1075 4442 1212 4508 qua
1243 4419 1414 4489 hora
1452 4417 1673 4508 frigus
1706 4430 2030 4509 speraret,
2071 4417 2306 4488 lumen
2347 4416 2661 4488 accendit
