3308 5004
678 353 806 418 692
1149 366 1230 414 nt
1276 366 1336 414 a.
1386 364 1747 414 Aneusmo
1793 365 1991 414 nrisc.
2046 365 2125 414 κι-
2169 363 2342 415 noct.
2394 363 2574 415 noc-r.
2819 347 3038 414 AUG.
3089 349 3162 414 2⁸

592 453 998 546 parentibus
1019 450 1349 523 affinibus
1372 450 1594 542 magis
1613 450 2156 542 possiderentur,
2179 450 2463 538 quibus,
2490 451 2580 521 ab
2598 450 2699 520 eis
2719 449 3165 532 deficientes,

594 544 937 614 dimittere
972 541 1344 611 noluerint.

682 634 719 719 ξ
766 635 939 704 Bo.
994 629 1289 714 Quidam
1338 628 1547 698 etiam
1592 650 1676 698 ex
1722 628 2077 699 honoratis
2123 627 2702 718 Hipponensiurn,
2758 628 2964 718 apud
3013 634 3173 698 Car-

598 722 949 811 thaginem
1005 718 1262 796 vivens,
1312 717 1647 787 ecclesiae
1695 716 2123 808 Hipponensi
2177 717 2680 809 possessionem
2728 717 3018 798 donam
3063 741 3174 787 vo-

596 811 748 891 luit,
804 822 871 879 et
915 807 1263 877 confectas
1294 806 1590 887 tabulaS,
1625 806 1762 875 sibi
1794 805 2164 877 usufructu
2199 819 2481 886 retento,
2513 804 2696 875 ultro
2725 805 2974 876 eidem
3013 829 3175 876 san·

596 913 745 968 ctae
795 897 1166 984 memoriae
1213 895 1594 986 Augustino
1644 894 1856 965 misit.
1922 896 2133 984 Cujus
2195 894 2312 965 ille
2371 894 2790 964 oblationem
2863 895 3177 967 libenter

595 988 879 1077 accepit,
933 984 1428 1077 congratulans
1457 984 1543 1063 ei,
1578 983 1761 1071 quod
1799 997 2120 1054 aeternae
2157 1005 2325 1054 suae
2366 1004 2629 1053 memor
2666 997 2847 1053 esset
2884 985 3169 1054 salutis.

593 1082 845 1146 Verum
896 1084 1049 1166 post
1093 1074 1359 1160 aliquot
1405 1094 1650 1152 annos,
1705 1073 1906 1143 nobis
1951 1071 2126 1142 forte
2168 1095 2329 1143 cum
2363 1072 2600 1142 eodem
2634 1073 2984 1143 cominus
3011 1096 3172 1145 εσυ,

593 1165 874 1245 stitutiS,
926 1186 1084 1234 ecce
1133 1163 1249 1233 ille
1294 1161 1586 1233 donator
1633 1162 1867 1231 literas
1915 1183 2037 1252 per
2085 1161 2306 1231 filium
2351 1183 2553 1231 suum
2600 1163 2913 1242 mittens,
2966 1184 3052 1232 ro

598 1255 692 1323 vit
739 1266 816 1323 ut
863 1253 1023 1323 illae
1069 1251 1524 1322 donationum
1567 1250 1844 1321 tabulae
1871 1273 2001 1322 suo
2035 1250 2181 1321 filio
2214 1249 2686 1330 redderentur,
2726 1186 3172 1341 pauperia

506 1353 517 1362 ‘
599 1365 755 1412 vero
801 1341 1186 1433 erogandos
1234 1339 1483 1410 direxit
1532 1340 1789 1410 solidos
1835 1352 2141 1408 centum.
2188 1345 2334 1422 Quo
2376 1338 2492 1409 ille
2529 1352 2815 1409 sanctus
2841 1343 3165 1432 cognito,

596 1433 983 1523 ingemuit,
1037 1430 1390 1500 bominem
1441 1428 1540 1497 vel
1596 1429 1875 1498 finxisse
1922 1428 2409 1505 donationem,
2467 1428 2564 1496 vel
2614 1449 2774 1497 eum
2827 1428 2928 1502 de
2988 1433 3162 1500 bono
3265 1463 3266 1506 3

596 1541 803 1611 opere
852 1519 1297 1609 poenituisse,
1348 1530 1413 1587 et
1457 1530 1718 1604 quanta
1767 1517 2022 1608 potuit,
2080 1522 2213 1587 Deo
2261 1530 2670 1617 suggerente
2715 1517 2922 1586 cordi
2992 1521 3162 1598 e‘us,
3265 1513 3266 1550 ³

597 1608 1005 1680 condolente
1052 1608 1286 1677 animo
1333 1628 1413 1676 ex
1459 1606 1698 1676 eadem
1756 1606 2246 1696 refragratione
2292 1605 2484 1684 dixit,
2540 1605 2609 1675 in
2651 1603 2848 1676 illius
2892 1609 3012 1677 sci
3052 1612 3164 1677 ieet

600 1698 1137 1787 increpationem
1189 1709 1254 1764 et
1300 1696 1834 1765 correctionem:
1887 1708 1951 1763 et
2000 1694 2296 1774 tabulas,
2349 1716 2522 1782 quas
2574 1694 2685 1764 ille
2737 1709 3012 1784 sponte
3053 1699 3168 1766 mi-

599 1801 802 1867 serat,
850 1808 971 1856 nec
1001 1784 1450 1865 desideratas,
1494 1806 1617 1854 nec
1647 1796 1948 1862 exactas,
1982 1783 2342 1854 confestim
2388 1783 2707 1864 reddidit,
2746 1788 3168 1872 pecuniam·

597 1898 732 1964 que
781 1876 966 1944 illam
1023 1873 1323 1961 respuit:
1375 1885 1581 1959 atque
1629 1874 1983 1963 rescriptis
2028 1872 2349 1942 eumdem
2385 1927 2400 1952 ‚
2454 1873 2633 1942 sicut
2678 1876 3060 1963 oportuit,
3109 1888 3164 1944 et

598 1965 828 2055 arguit
874 1976 939 2032 et
988 1961 1346 2063 corripuit,
1400 1961 1820 2042 admonens,
1861 1974 1939 2031 ut
1981 1961 2070 2030 de
2109 1983 2236 2031 sua
2274 1961 2716 2031 simulatione
2755 1962 2864 2031 vel
2902 1965 3164 2052 iniqui·

599 2066 731 2122 tate
778 2073 939 2121 cum
992 2050 1447 2140 poenitentiae
1497 2051 1886 2121 bumilitate
1937 2055 2070 2121 Deo
2116 2049 2581 2129 satisfaceret,
2638 2071 2723 2120 ne
2768 2072 2947 2120 cum
3028 2067 3160 2122 tam

599 2142 789 2234 gravi
825 2140 1074 2211 delicto
1103 2139 1189 2209 de
1215 2139 1449 2210 seculo
1477 2140 1717 2220 exiret;
1746 2138 2177 2226 frequentius
2204 2161 2479 2226 quoque
2512 2139 2809 2219 dicebat,
2840 2144 3161 2211 securius

598 2253 678 2300 ac
730 2231 944 2299 tutius
991 2228 1350 2299 ecclesiam
1403 2228 1622 2319 legata
1674 2251 1713 2299 a
1761 2228 2106 2298 defunctis
2153 2228 2445 2298 dimissa
2489 2228 2737 2298 debere
2764 2234 3152 2320 suscipere,

512 2395 523 2406 ‚
597 2342 806 2407 quam
860 2317 1313 2388 haereditates
1347 2316 1517 2388 sorte
1550 2317 1856 2390 solicitas
1885 2328 1952 2387 et
1979 2317 2377 2398 damnosas,
2417 2318 2706 2405 ipsaque
2739 2316 2982 2406 legata
3021 2342 3157 2389 rna—

599 2409 706 2511 gis
753 2408 1102 2478 offerenda
1149 2427 1345 2486 esse,
1396 2429 1607 2494 quam
1659 2406 2017 2495 exigenda.
2073 2406 2561 2476 commendata
2616 2428 2778 2476 vero
2836 2429 3153 2495 quaeque

598 2520 747 2589 lpse
779 2519 909 2587 non
939 2496 1386 2585 suscipiebat,
1408 2494 1525 2566 sed
1556 2496 1857 2567 volentes
1883 2495 2236 2586 suscipere
2254 2494 2540 2566 clericos
2557 2518 2690 2565 non
2716 2495 3145 2584 prohibebat

686 2590 722 2675 ξ
768 2591 917 2658 81.
971 2591 1044 2656 In
1100 2586 1209 2655 his
1255 2607 1532 2673 quoque
1577 2607 1757 2672 quae
1801 2584 2092 2656 ecclesia
2143 2584 2437 2655 habebat
2482 2599 2546 2652 et
2580 2585 3017 2674 possidebat,
3058 2590 3146 2655 in·

599 2686 830 2745 tentus
875 2696 1132 2754 amore,
1185 2674 1287 2743 vel
1338 2674 1738 2764 implicatus
1778 2673 2156 2763 cupiditate
2200 2695 2334 2743 non
2375 2686 2555 2744 erat:
2601 2673 2717 2743 sed
2761 2676 3138 2765 majoribus

599 2764 823 2855 magis
863 2776 928 2833 et
960 2762 1394 2853 spiritalibus
1427 2784 1811 2853 suspensus
1849 2775 1915 2833 et
1949 2761 2317 2832 inhaerens
2349 2764 2579 2839 rebus,
2625 2763 2736 2830 vix
2767 2763 3130 2850 aliquando

599 2855 902 2945 seipsum
955 2851 1040 2922 ad
1093 2852 1221 2922 ista
1271 2851 1676 2943 temporalia
1726 2854 1815 2921 ab
1863 2864 2299 2921 aeternorum
2350 2851 2761 2941 cogitatione
2807 2853 3137 2923 relaxabat

596 2955 661 3011 et
706 2942 1117 3033 deponebat.
1171 2941 1438 3023 Quibus
1487 2942 1822 3011 citissime
1870 2940 1987 3010 ille
2034 2939 2389 3030 dispositis
2437 2955 2502 3010 et
2546 2939 2944 3017 ordinatis,
3005 2956 3128 3010 un-

594 3052 803 3117 quam
854 3054 893 3099 a
943 3030 1151 3102 rebus
1203 3028 1645 3100 mordacibus
1693 3043 1759 3098 et
1810 3029 2136 3107 molestis,
2190 3029 2407 3098 animi
2458 3050 2826 3099 recursum
2866 3031 2948 3100 ad
2975 3031 3118 3099 inte—

596 3120 775 3188 riora
829 3120 1077 3189 mentis
1122 3129 1187 3188 et
1235 3119 1593 3208 superiora
1641 3117 1964 3209 faciebat,
1999 3138 2138 3205 quo
2175 3118 2276 3187 vel
2310 3117 2397 3187 de
2430 3118 2876 3189 inveniendis
2901 3113 3114 3189 divinis

596 3211 806 3277 rebus
854 3230 935 3277 co
991 3209 1220 3286 itaret,
1275 3207 1375 3277 vel
1427 3206 1511 3276 de
1550 3208 1697 3296 jam
1751 3207 2047 3276 inventis
2097 3205 2362 3294 aliquid
2412 3205 2751 3287 dictaret,
2805 3221 2918 3278 ant
2951 3215 3121 3275 cate

595 3318 676 3365 ex
719 3296 863 3385 ,iam
968 3297 1197 3366 ictatis‘
1237 3309 1443 3383 atque
1489 3295 1924 3385 transcriptis
1972 3294 2235 3382 aliquid
2286 3295 2732 3365 emendaret.·
2768 3302 2853 3367 Et
2881 3295 2950 3367 ‘ut
2977 3314 3133 3452 ag?—

598 3384 718 3454 bat
764 3384 833 3453 in
885 3384 997 3453 die
1045 3384 1390 3464 laboranS,
1443 3398 1508 3454 et
1557 3385 1626 3454 in
1680 3396 1875 3454 nocte
1923 3384 2324 3454 lucubrans,
2361 3388 2440 3453 Et
2476 3396 2621 3455 erat
2660 3396 2996 3473 tanquam
3029 3383 3144 3454 ila
3263 3456 3264 3461 ,

596 3472 1121 3563 religiosissima
1170 3474 1403 3554 Maria,
1456 3486 1703 3564 typum
1801 3486 2031 3543 estans
2080 3482 2423 3564 supernae
2471 3472 2844 3555 Ecclesiae,
2906 3476 2990 3545 de
3017 3494 3152 3562 qna
3263 3528 3264 3565 Υ

596 3562 932 3662 scriptu-m
982 3574 1106 3643 est,
1158 3562 1341 3649 quod
1390 3562 1657 3633 sederet
1705 3496 1800 3632 ag
1845 3561 2053 3653 pedes
2097 3562 2397 3641 Domini,
2451 3576 2661 3649 atque
2704 3565 2980 3634 intenta
3013 3585 3156 3633 ver-

594 3651 762 3721 bum
811 3672 963 3736 ejus
1009 3651 1318 3720 audiret:
1375 3657 1467 3721 De
1513 3673 1653 3739 qua
1684 3673 1875 3721 soror
1906 3663 2309 3737 conquesta,
2349 3650 2532 3738 quod
2567 3651 2660 3720 ab
2686 3653 2944 3722 eadem
2978 3655 3160 3724 cim

598 3738 905 3810 multum
960 3740 1422 3811 ministerium
1461 3754 1800 3829 occupata
1840 3762 1975 3809 non
2006 3739 2473 3829 adjuvaretur,
2514 3740 2816 3811 audivit:
2860 3744 3161 3823 nanno,

594 3830 884 3925 Martha,
937 3831 1208 3899 solicita
1252 3852 1363 3900 es:
1413 3831 1639 3920 Elegit
1688 3830 2011 3921 optimam
2049 3839 2322 3919 partem
2367 3832 2612 3910 Maria,
2656 3853 2840 3923 quae
2872 3856 3012 3902 non
3043 3856 3168 3903 an·

594 3920 855 4007 seretur
899 3920 983 3988 ab
1027 3940 1128 3990 ea.
1184 3923 1348 3988 Nam
1400 3917 1820 3990 fabricarum
1875 3939 2207 3989 novarum
2251 3938 2612 4005 nunquam
2654 3919 2980 3990 studium
3046 3924 3166 3991 ba·

597 4008 771 4088 buit,
826 4006 1138 4078 devitans
1188 4007 1256 4075 in
1306 4007 1408 4078 eis
1456 4006 1999 4097 implicationem
2051 4006 2158 4077 sui
2210 4005 2453 4088 animi,
2506 4026 2709 4094 quem
2759 4029 3062 4098 semper
3095 4011 3173 4080 li·

596 4094 840 4166 berum
894 4095 1143 4166 habere
1192 4094 1459 4166 volebat
1506 4096 1596 4166 ab
1640 4095 1829 4166 omni
1885 4095 2196 4167 molestia
2248 4095 2633 4187 temporali.
2705 4101 2849 4167 nan
2927 4109 3169 4169 tamen

596 4183 752 4255 illas
802 4183 1102 4255 volentes
1147 4197 1214 4255 et
1260 4185 1706 4256 aedificantes
1754 4185 2186 4275 prohibebat,
2244 4184 2377 4255 nisi
2420 4197 2690 4255 tantum
2728 4186 3176 4257 immodera-

596 4286 723 4342 tos.
779 4277 1042 4344 Interea
1087 4272 1257 4343 dum
1306 4273 1639 4345 ecclesiae
1688 4274 1984 4365 pecunia
2031 4272 2376 4353 deficeret,
2429 4273 2556 4346 hoc
2605 4272 2836 4360 ipsum
2893 4276 3174 4364 populo

598 4360 985 4431 Christiano
1030 4361 1542 4444 denunciabat,
1596 4386 1733 4434 non
1785 4384 1858 4434 se
1905 4363 2188 4445 babere,
2232 4362 2415 4449 quod
2463 4359 2950 4451 indigentibus
2999 4385 3172 4435 ero-

597 4462 810 4539 garet.
838 4455 1004 4520 Nam
1033 4464 1099 4521 et
1127 4450 1213 4521 de
1237 4449 1418 4521 vasis
1442 4453 1824 4523 Dominicis
1855 4464 2135 4543 propter
2167 4452 2473 4540 captivos
2492 4461 2560 4521 et
2579 4446 3170 4540 quamplurimas
