3308 5004
207 333 399 402 Ano.
452 332 542 400 ΞΟ
889 348 971 397 nn
1015 350 1073 398 s.
1096 343 1101 349 ·
1126 348 1459 400 mutiano
1505 350 1650 399 Ana.
1704 349 2090 400 manau..
2310 384 2313 387 >
2552 336 2682 402 495

210 460 253 510 a
301 435 589 508 nemine
624 445 878 526 posset.
929 434 991 507 si
1037 433 1585 506 dimembrarent
1613 455 1838 528 genus
1866 457 2101 518 suum,
2140 448 2207 507 et
2232 457 2396 508 eum
2434 437 2781 526 relinque-

211 535 391 609 rent,
443 521 568 612 qui
597 522 1038 615 cogitationis
1084 544 1256 595 suae
1286 536 1496 615 caput
1542 536 1723 596 esset
1766 541 1834 594 et
1879 523 2232 598 dominus.
2285 526 2540 597 Caeteri
2581 526 2781 616 jura-

216 625 457 685 mento
500 610 856 684 fidelitatis
893 613 1319 685 excusabant
1365 612 1758 706 perfidiam,
1819 633 1945 685 nec
1976 612 2236 703 aliquis
2283 636 2363 685 ex
2411 637 2581 687 sana
2610 636 2782 686 con-

218 701 513 773 scientia
558 701 736 792 parti
771 700 875 771 illi
908 700 1302 788 conferebat
1346 701 1703 793 suffragia.
1759 701 2232 774 Denunciabat
2276 703 2512 792 itaque
2553 704 2780 777 Abbas

215 789 344 874 eis,
394 789 552 862 colli
649 790 874 863 tiones
918 790 1293 882 impietatis
1337 811 1490 862 esse
1535 788 1943 882 sacrilegaS‚
1993 802 2061 862 et
2109 791 2434 884 profanas
2496 794 2780 886 conspi-

217 880 546 962 rationes,
601 878 862 971 egibus-
880 892 946 950 et
978 878 1369 954 canonibus
1397 879 1915 961 condemnatas,
1949 879 2370 971 juramentis
2403 903 2542 953 non
2572 902 2778 973 posse

222 968 535 1040 muniri:
589 990 715 1040 nec
762 989 965 1059 posse
994 1021 1011 1051 ,
1076 989 1205 1040 nec
1251 967 1501 1040 debere
1560 968 1866 1040 veritatis
1927 981 2359 1041 sacramenta
2409 970 2776 1043 mendacio

216 1056 636 1159 suffragari:
688 1056 997 1132 insanire
1042 1069 1274 1129 autem
1308 1078 1449 1140 em,
1483 1056 1606 1147 qui
1656 1079 1800 1128 rem
1850 1055 2166 1129 illicitam
2207 1060 2621 1131 sacramenti
2655 1081 2778 1151 pa-

220 1146 539 1229 trocimo,
593 1157 910 1218 constare
954 1146 1396 1229 existimant,
1448 1168 1613 1216 cum
1662 1158 1971 1238 oporteat
2018 1147 2601 1219 extraordinarias
2648 1168 2771 1240 pa-

215 1235 505 1318 ctiones,
548 1256 994 1325 quocumque
1038 1233 1398 1327 religionis
1444 1235 1728 1306 obtentu
1776 1236 2102 1319 sancitas,
2157 1237 2459 1308 revocari
2507 1238 2576 1307 in
2611 1237 2773 1308 irri-

215 1336 406 1406 tum,
462 1334 531 1394 et
576 1324 980 1395 auctoritate
1015 1323 1254 1394 divina
1302 1323 1612 1395 dissolvi.
1686 1324 1955 1396 Auditis
2002 1325 2114 1396 his
2160 1336 2226 1396 et
2271 1325 2432 1397 aliis
2475 1325 2606 1396 viri
2653 1325 2775 1396 Dei

211 1412 681 1496 sermonibus,
731 1411 1130 1485 defluebant
1176 1435 1219 1482 a
1266 1417 1460 1484 Petro
1491 1467 1507 1493 ,
1557 1424 1623 1483 et
1668 1412 1980 1501 quotidie
2031 1414 2245 1505 partis
2291 1413 2486 1484 illius
2542 1414 2772 1485 disso-

212 1501 416 1575 ciatis
486 1500 893 1593 agminibus
927 1557 945 1585 ,
1010 1500 1289 1573 vincula
1351 1501 1905 1603 rumpebantur:
1976 1502 2203 1594 ipsius
2262 1524 2538 1593 quoque
2593 1503 2774 1574 Petri

211 1590 452 1662 anima
503 1589 913 1667 tabescebat,
963 1591 1131 1678 quia
1165 1612 1239 1660 se
1268 1589 1580 1678 quotidie
1626 1591 1877 1673 minui,
1917 1593 2397 1663 Innocentium
2442 1610 2597 1662 vero
2630 1613 2774 1662 cre-

211 1701 404 1750 scere
442 1679 733 1750 minime
770 1677 1157 1750 dubitabat.
1213 1679 1609 1750 Defecerant
1648 1680 2007 1772 pecuniae,
2051 1682 2501 1752 contabuerat
2536 1681 2776 1752 curiae

212 1766 604 1858 amplitudo
636 1822 654 1850 ‚
719 1770 1047 1839 aruerant
1095 1767 1482 1839 ministeria
1542 1768 1797 1840 domus
1830 1824 1846 1849 ,
1901 1791 2101 1842 rarus
2151 1791 2392 1842 mensa
2435 1771 2591 1859 ejus
2638 1770 2776 1840 fre-

205 1855 594 1946 quentabat
635 1857 968 1939 conviva,
1020 1856 1309 1927 deliciae
1357 1856 1426 1927 in
1482 1857 1750 1948 plebeja
1803 1858 2068 1929 cibaria
2116 1870 2420 1930 mutatae
2448 1912 2470 1941 ,
2534 1858 2772 1931 cultus

213 1946 746 2035 obsequentium
787 1957 1118 2018 vetustate
1141 1945 1506 2025 obscurus,
1549 1946 1765 2017 macri
1803 1959 1869 2017 et
1893 1947 2081 2018 acuti
2120 1947 2582 2038 stipendiarii,
2618 1968 2775 2018 aere

212 2034 440 2105 alieno
477 2034 815 2135 oppressi,
853 2047 920 2106 et
959 2046 1096 2106 tota
1134 2034 1386 2107 domus
1417 2034 1684 2126 effigies
1717 2035 2001 2127 pallida,
2046 2035 2578 2107 dissolutionem
2617 2051 2774 2127 pro·

213 2123 472 2194 ximam
510 2123 887 2195 indicabat.

303 2214 342 2300 5
387 2216 552 2284 80.
607 2217 874 2283 Interea
922 2216 1058 2283 Rex
1108 2211 1382 2283 Siciliae
1429 2217 1762 2303 Rogerus‚
1805 2213 1929 2300 qui
1962 2212 2157 2284 solus
2195 2214 2344 2303 jam
2378 2235 2460 2284 ex
2510 2214 2775 2305 princi-

213 2299 425 2459 pibus
467 2300 749 2372 obedire
780 2307 1005 2392 Papae
1034 2301 1436 2371 Innocentio
1469 2301 1910 2382 detrectabat,
1964 2302 2049 2372 ad
2080 2324 2242 2373 eum
2279 2302 2486 2374 mittit
2517 2304 2775 2393 episto-

241 2412 341 2470 as,
377 2402 640 2480 petens,
675 2402 755 2460 ut
782 2390 1197 2461 Aimerlcum
1237 2389 1739 2462 Cancellarium
1776 2412 1984 2461 suum
2023 2402 2091 2461 et
2120 2391 2448 2461 abbatem
2499 2391 2772 2462 Clarae-

213 2477 412 2553 vallis
437 2477 525 2550 ad
570 2500 644 2551 se
685 2477 1003 2560 mitteret,
1054 2478 1515 2550 nihilominus
1553 2485 1830 2551 aPetro
1877 2479 2121 2551 Leonis
2155 2478 2337 2550 idem
2379 2491 2640 2571 petenS‚
2697 2490 2776 2552 ut

213 2573 485 2639 Petrum
537 2568 676 2639 sibi
705 2568 1036 2639 Pisanum
1076 2591 1119 2639 a
1151 2590 1278 2638 suo
1305 2566 1515 2639 latere
1546 2568 1917 2660 delegaret.
1970 2568 2204 2658 AJebat
2250 2580 2480 2640 autem
2516 2589 2588 2641 se
2625 2569 2775 2640 dis-

212 2656 563 2729 sensionis
600 2657 839 2746 hujus,
891 2679 1070 2746 quae
1092 2658 1239 2748 jam
1292 2656 1417 2728 diu
1464 2658 1899 2739 induruerat,
1952 2657 2124 2728 velle
2172 2658 2351 2728 scire
2398 2658 2768 2749 originem,

208 2760 277 2816 et
303 2769 384 2817 co
437 2747 581 2816 nita
610 2745 912 2829 veritate,
956 2757 1076 2816 aut
1113 2746 1456 2838 corrigere
1483 2768 1812 2828 errorem,
1849 2758 1970 2816 aut
2009 2747 2277 2818 sancire
2324 2747 2767 2817 sententiam.

209 2833 395 2906 Mitte
445 2846 515 2906 at
549 2846 782 2906 autem
818 2835 891 2904 in
939 2834 1138 2906 dolo:
1188 2836 1355 2924 quia
1402 2835 1718 2906 audierat
1749 2840 2026 2906 Petrum
2076 2835 2404 2907 Pisanum
2441 2835 2773 2924 eloquen-

212 2924 569 2996 tissimum
615 2944 788 3000 esse.
839 2924 1005 2994 etin
1057 2923 1290 3015 legum
1342 2924 1517 2995 etin
1550 2929 1903 2995 Canonum
1953 2924 2243 2995 scientia
2292 2923 2469 2996 nulli
2518 2946 2771 2995 secun-

207 3012 430 3084 dum:
485 3012 907 3104 putabatque
954 3013 1013 3084 si
1060 3012 1491 3101 eloquentiae
1550 3014 1705 3115 ejus
1752 3014 1824 3083 in
1878 3012 2159 3104 publico
2202 3014 2610 3085 consistorio
2642 3035 2774 3085 au-

206 3100 473 3171 dientia
544 3101 990 3193 praeberetur
1033 3157 1049 3185 ,
1125 3101 1750 3174 declamationibus
1821 3103 2185 3173 rhetoricis
2253 3101 2770 3194 simplicitatem

205 3189 491 3261 Abbatis
537 3212 741 3293 posse
794 3191 1046 3270 obrui,
1099 3203 1164 3261 et
1212 3191 1565 3263 silentium
1628 3191 1694 3262 ei
1753 3190 1823 3260 in
1880 3192 2243 3262 verborum
2305 3204 2372 3262 et
2417 3192 2769 3263 rationum

207 3278 514 3371 pondere
543 3280 835 3372 imponi.
864 3286 960 3353 Ne
996 3279 1119 3350 diu
1161 3301 1410 3363 morer,
1452 3280 1637 3351 venit
1669 3301 1826 3365 pars
1862 3292 2159 3370 utraque
2190 3279 2554 3352 Salernum
2585 3303 2600 3349 :
2646 3280 2769 3352 sed

207 3366 625 3441 militaverat
676 3368 873 3451 ultio,
927 3381 995 3439 et
1043 3383 1490 3461 praevenerat
1536 3369 1707 3440 tanti
1765 3369 2045 3440 sceleris
2093 3369 2761 3441 machinamentum.

205 3462 451 3528 Parato
500 3479 805 3546 namque
848 3456 937 3528 ad
988 3457 1249 3528 bellum
1311 3457 1810 3530 innumerabili
1857 3458 2161 3529 exercitu
2206 3457 2541 3530 adversus
2579 3463 2769 3537 Ran-

204 3545 558 3637 nulphum
594 3551 875 3630 Ducem,
913 3546 1098 3617 idem
1135 3551 1274 3619 Rex
1321 3548 1394 3616 in
1420 3569 1750 3637 campum
1775 3560 2079 3619 armatas
2110 3547 2526 3639 produxerat
2549 3549 2757 3629 acies,

205 3656 374 3706 cum
415 3635 648 3707 subito
680 3636 828 3707 viso
865 3640 1049 3707 Duce
1095 3634 1426 3706 audacter
1455 3635 1727 3706 obviam
1763 3636 2193 3726 procedente,
2229 3637 2508 3707 territus
2555 3635 2759 3727 fugit,

203 3724 648 3813 effusumque
693 3725 1068 3795 exercitum
1109 3724 1405 3815 praedae
1429 3738 1496 3795 et
1533 3724 1867 3797 caedibus
1895 3725 2234 3817 exposuit,
2271 3738 2339 3795 et
2371 3724 2765 3795 innumeris

204 3812 551 3972 niilitiabus
567 3813 931 3974 b‹imptis-et
979 3812 1354 3885 interfectis
1382 3868 1398 3897 ,
1452 3814 1713 3885 invitus
1759 3818 2013 3884 Ducem
2055 3813 2298 3884 ditavit
2343 3812 2597 3903 opibus
2627 3867 2642 3894 ‚
2695 3821 2764 3882 et

205 3924 252 3992 g
280 3923 385 3972 ori
478 3925 562 3973 su
643 3915 908 3973 imavtt.
1631 3934 1636 3941 ·

295 3992 510 4077 §82
547 3995 736 4075 Quae
763 3989 1046 4080 quidem
1079 3990 1144 4061 ei
1175 3991 1413 4061 omnia
1435 3992 1632 4079 juxta
1665 3990 1950 4061 verbum
1983 3990 2111 4060 viri
2140 3990 2256 4060 Dei
2282 3989 2759 4080 contigerunt.

211 4081 380 4173 Cum
423 4079 612 4151 enim
661 4081 935 4172 primus
979 4094 1248 4163 eorum,
1299 4079 1422 4168 qui
1470 4080 1690 4152 vocati
1728 4078 2023 4160 fuerant,
2060 4078 2286 4151 Abbas
2317 4089 2601 4150 sanctus
2642 4077 2765 4147 ad·

209 4166 513 4251 venienS,
566 4191 797 4261 regem
847 4169 919 4239 in
970 4169 1216 4239 castris
1266 4168 1567 4260 positum
1617 4169 2038 4251 invenisset,
2103 4188 2224 4259 per
2288 4166 2544 4237 multos
2606 4166 2760 4237 dies

206 4255 467 4330 vicinas
509 4258 717 4341 acies,
757 4258 1411 4339 necommitterent,
1455 4257 1838 4349 impedivit,
1882 4256 2318 4328 denuncians
2357 4255 2550 4347 Regi,
2595 4256 2764 4343 quia

206 4367 244 4412 «
297 4344 359 4416 si
405 4347 803 4419 conflictum
853 4348 1139 4430 inieris,
1195 4348 1415 4417 victus
1462 4358 1527 4417 et
1585 4345 1920 4417 confusus
1973 4345 2225 4417 abibis.
2286 4369 2323 4413 »
2380 4345 2764 4418 Novissime

201 4435 436 4518 verbu,
473 4459 635 4509 cum
669 4437 982 4528 ejusdem
1006 4436 1210 4530 Regis
1233 4434 1621 4529 plurimum
1654 4436 1980 4509 crevisset
2002 4436 2365 4519 exercitus,
2402 4435 2754 4528 ignorans,
