3308 5004
215 317 415 386 AUG.
468 319 509 384 7
922 337 1010 386 na
1056 337 1114 386 s.
1166 334 1448 386 Ammo
1493 336 1678 386 conr.
1730 336 2083 387 emuna
2558 320 2690 386 207

215 420 544 496 divinum
593 432 1071 513 expectaretur
1105 420 1506 504 consilium,
1535 442 1919 510 omnesque
1946 426 2159 492 Deum
2205 422 2669 503 obsecrarent,
2705 434 2782 494 ut

210 509 563 582 indicaret
611 510 808 601 ipsis,
859 510 1207 600 quomodo
1240 510 1437 582 vellet
1465 510 1793 581 honorari
1820 522 1887 582 et
1924 509 2158 582 ornari
2185 522 2505 583 sanctum
2533 532 2774 584 suum.

212 599 506 674 Cunctis
540 599 758 701 igitur
786 599 858 669 in
895 622 1131 691 preces
1178 599 1771 681 incumbentibus,
1827 598 2057 671 subito
2103 621 2489 692 apparuere
2520 599 2590 672 in
2625 602 2783 671 aere

205 688 359 760 duo
406 710 631 780 pueri,
686 687 869 761 albis
914 688 1155 760 amicti
1200 687 1420 772 stolis,
1474 688 1701 777 iisque
1745 709 1919 760 auro
1966 687 2266 771 intextis,
2318 688 2782 777 dicebantque

203 776 487 849 excelsa
537 799 701 848 voce
745 777 1173 849 cantandum
1220 799 1397 862 esse,
1434 781 1520 849 Os
1552 778 1734 880 justi
1763 777 2200 848 meditabitur
2227 780 2663 870 sapientiam.
2699 782 2783 853 Et

204 865 328 940 his
375 866 621 952 dictis,
673 887 833 938 mox
896 867 984 938 ab
1030 867 1349 939 omnium
1395 866 1619 938 oculis
1683 865 1897 938 ablati
1946 878 2131 938 sunt.
2200 872 2374 938 Tum
2423 888 2582 937 vero
2634 878 2771 940 tam

204 954 479 1046 insigni
543 967 914 1048 conspecto
969 955 1310 1027 miraculo
1341 1009 1357 1038 ,
1408 955 1985 1048 Archiepiscopus
2044 967 2111 1026 et
2178 959 2317 1026 Rex
2385 955 2777 1044 caeterique

206 1065 461 1115 omnes
512 1055 834 1127 statuere,
887 1043 1205 1116 Officium
1252 1044 1677 1117 confessoris
1722 1042 2283 1136 anteponendum
2349 1065 2504 1118 esse
2548 1043 2778 1118 officio

205 1132 731 1205 defunctorum.
785 1133 1134 1206 Celebrate
1180 1146 1284 1206 est
1329 1133 1354 1203 i
1406 1134 1544 1204 itur
1589 1133 1990 1206 solemniter
2018 1133 2223 1206 Missa
2270 1131 2693 1220 confessoris
2739 1155 2779 1204 a

208 1221 409 1294 Clero
458 1222 805 1294 universo.
860 1224 954 1293 Ea
1000 1222 1222 1305 finita,
1273 1244 1357 1293 su
1454 1221 1698 1295 horam
1735 1244 1990 1293 nonam
2030 1243 2308 1313 corpus,
2362 1241 2440 1293 ea
2481 1243 2619 1310 qua
2656 1242 2780 1312 par

204 1323 358 1384 erat
403 1309 785 1394 devotione,
828 1311 1228 1403 sepulturae
1274 1310 1724 1382 mandarunt.
1780 1310 2033 1384 Deinde
2066 1315 2205 1383 Rex
2250 1322 2318 1382 et
2363 1309 2484 1380 alii
2532 1331 2776 1382 omnes

208 1399 282 1470 id
387 1399 547 1470 lane
591 1401 975 1483 decrevere,
1028 1400 1308 1472 beatum
1357 1400 1586 1471 virum
1632 1399 1945 1501 catalogo
2008 1403 2410 1471 Sanctorum
2461 1399 2549 1470 ab
2587 1403 2772 1488 Apo·

210 1499 317 1559 sto
351 1511 459 1560 ica
507 1489 679 1560 Sede
726 1489 1201 1571 inserendum,
1253 1488 1464 1578 idque
1493 1492 1705 1582 opera
1734 1502 1802 1561 et
1847 1489 2184 1579 impensis
2230 1488 2451 1590 regni.
2487 1487 2583 1559 Ad
2617 1487 2776 1575 ejus

209 1578 401 1648 enim
464 1577 868 1670 sepulcrum
915 1589 1287 1670 properant
1336 1577 1544 1649 etiam
1591 1600 1671 1650 ex
1717 1577 2117 1669 longinquis
2167 1577 2481 1668 partibus
2529 1576 2770 1666 aegri,

207 1666 476 1748 claudi,
530 1667 742 1750 caeci,
795 1667 1072 1760 leprosi,
1128 1666 1513 1769 paralytici,
1564 1678 1631 1737 et
1676 1666 1861 1737 intra
1908 1687 2166 1758 paucos
2212 1665 2360 1738 dies
2404 1680 2767 1738 curantur.

209 1754 460 1828 nodus
525 1768 754 1827 autem
808 1757 1235 1838 curationis,
1295 1755 1640 1846 ejusmodi
1706 1767 1847 1827 est:
1899 1760 2268 1844 Postquam
2333 1754 2418 1826 ad
2472 1754 2598 1825 viri
2652 1757 2767 1824 Dei

212 1843 573 1918 tumulum
615 1845 843 1918 tribus
874 1857 994 1916 aut
1018 1858 1321 1948 quatuor
1350 1844 1598 1916 diebus
1622 1844 1908 1936 jejuniis
1945 1857 2011 1916 et
2045 1844 2366 1935 precibus
2408 1855 2764 1926 vacarunt,

208 1945 277 2004 et
316 1933 500 2004 beati
550 1933 679 2004 viri
730 1935 1112 2025 patrocinia
1157 1932 1646 2035 implorarunt,
1692 1931 1920 2004 media
1967 1946 2163 2005 nocte
2197 1932 2316 2004 lux
2349 1931 2774 2035 splendidis-

211 2023 396 2093 sima
445 2021 603 2096 illos
650 2023 984 2106 ambivit,
1035 2024 1108 2094 in
1157 2044 1365 2114 cujus
1412 2022 1640 2094 medio
1695 2022 2109 2095 cernebatur
2156 2021 2259 2093 vir
2295 2026 2414 2093 Dei
2450 2020 2771 2094 Albertus

210 2110 520 2183 candida
567 2124 748 2183 veste
776 2112 1091 2196 indutus,
1130 2112 1330 2200 isque
1366 2111 1468 2183 eis
1501 2111 1953 2204 vigilantibus
1984 2110 2071 2182 ad
2108 2110 2509 2201 sepulcrum
2541 2110 2774 2200 ipsius

208 2200 557 2292 integram
606 2200 1024 2273 reformabat
1060 2201 1448 2274 sanitatem.
1492 2205 1663 2271 Tum
1721 2200 1824 2271 illi
1875 2223 2035 2271 voce
2084 2221 2338 2290 magna
2385 2199 2769 2278 laudabant

214 2289 763 2380 omnipotentem
833 2294 1091 2372 Deum,
1151 2290 1274 2378 qui
1322 2288 1526 2361 talem
1588 2301 1989 2381 potestatem
2054 2301 2121 2360 et
2166 2288 2460 2379 gratiam
2527 2288 2771 2368 tribuit

209 2376 405 2448 fideli
438 2400 635 2450 servo
682 2400 834 2450 suo.
887 2378 1103 2465 quue
1148 2379 1272 2449 ubi
1318 2378 1593 2449 rescivit
1639 2383 1811 2460 Dux,
1866 2378 2164 2466 itemque
2199 2377 2487 2448 Praelati
2534 2388 2600 2448 et
2650 2398 2768 2467 po.

211 2466 428 2626 galus
474 2467 726 2551 omnis,
779 2467 1025 2560 majori
1067 2489 1233 2561 erga
1273 2487 1439 2540 eum
1485 2466 1844 2541 devotione
1893 2465 2117 2540 affecti
2162 2477 2349 2550 sunt,
2401 2488 2625 2555 usque
2671 2466 2742 2537 in

262 2556 636 2627 odiernum
687 2557 867 2628 diem
919 2557 1450 2629 coruscantibus
1499 2557 1859 2629 miraculis
1913 2558 1984 2627 in
2035 2556 2313 2627 laudem
2364 2568 2430 2627 et
2476 2554 2768 2646 gloriani

212 2645 356 2725 Dei,
394 2646 519 2734 qui
566 2659 670 2716 est
716 2646 1061 2720 mirabilis
1108 2646 1180 2717 in
1230 2645 1490 2718 sanctis
1536 2646 1708 2717 suis.
1762 2645 2189 2718 Obdormivit
2241 2658 2469 2717 autem
2521 2645 2589 2714 in
2642 2649 2770 2715 Do·-

210 2734 405 2894 ffiino
427 2734 560 2893 Avir
605 2735 725 2835 Dei
785 2735 1100 2807 Albertus
1162 2756 1345 2806 anno
1400 2757 1442 2805 a
1503 2749 1709 2826 partu
1755 2734 2057 2826 Virginis
2117 2734 2393 2807 circiter
2421 2753 2675 2815 ncccvi,
2731 2740 2770 2803 7

292 2846 381 2896 us
479 2846 526 2894 u
632 2834 741 2895 sti.

296 2914 337 3000 ξ
390 2846 868 2985 ῡθξυΕοᾱωυ
917 2934 1102 2984 anno
1149 2912 1519 2984 innumera
1568 2912 1932 2983 hominum
1983 2912 2187 2984 turba
2218 2912 2288 2983 in
2333 2934 2546 3003 regno
2600 2911 2768 2981 Sici—

210 3000 344 3072 liae
406 3000 494 3071 ad
557 3023 754 3072 arma
813 3002 1123 3077 cucurrit
1182 3013 1461 3093 propter
1530 3000 1789 3074 bellum
1863 3001 2005 3073 illic
2069 3014 2376 3072 enatum.
2454 3006 2769 3089 Cumque

213 3090 474 3178 ubique
505 3090 626 3161 alii
657 3090 1020 3163 adversum
1070 3091 1246 3163 alios
1288 3091 1740 3171 confluerent,
1798 3091 2000 3162 multi
2029 3101 2095 3160 et
2142 3089 2410 3161 nobiles
2450 3102 2516 3160 et
2566 3089 2766 3190 igno-

212 3178 385 3249 biles
433 3200 587 3249 eam
633 3180 845 3251 castri
901 3192 1161 3271 partem
1194 3235 1211 3263 ,
1267 3202 1479 3268 quam
1543 3184 1683 3250 Rex
1732 3179 1929 3250 beato
1983 3178 2255 3250 Alberto
2315 3192 2381 3250 et
2428 3176 2763 3249 fratribus

210 3267 516 3350 dederat,
574 3267 638 3337 vi
685 3281 1137 3359 occuparunt,
1188 3280 1254 3342 et
1298 3290 1515 3357 equos
1562 3289 1727 3339 suos
1775 3268 1846 3338 in
1897 3281 2030 3339 tem
2088 3266 2178 3348 lc,
2232 3267 2354 3340 ubi
2389 3266 2760 3339 humatum

210 3369 354 3429 erat
402 3356 587 3427 beati
639 3356 770 3427 viri
817 3379 1113 3449 corpuS‚
1165 3357 1615 3430 collocarunt.
1672 3356 1750 3426 Id
1796 3378 1958 3429 cum
2008 3291 2114 3427 ifii
2165 3361 2254 3427 ad
2302 3355 2452 3428 dies
2499 3355 2764 3442 aliquot

212 3444 561 3527 facerent,
615 3458 681 3516 et
727 3468 888 3517 cum
935 3447 1134 3547 equis
1178 3447 1329 3518 suis
1373 3461 1440 3518 et
1484 3447 1748 3518 exirent
1801 3459 1870 3516 et
1919 3446 2265 3527 redirent,
2317 3445 2478 3533 equi
2527 3444 2763 3516 subito

211 3534 489 3606 extincti
533 3547 723 3617 sunt,
759 3547 827 3606 et
860 3534 1114 3608 milites
1162 3536 1370 3608 variis
1415 3535 1713 3627 correpti
1762 3535 2047 3616 morbis,
2100 3535 2195 3605 ita
2241 3547 2317 3605 ut
2358 3534 2564 3625 pauci
2603 3556 2762 3604 eva-

209 3623 470 3695 derent.
526 3623 821 3707 Quidam
854 3645 1012 3694 vero
1056 3646 1138 3695 ex
1182 3624 1270 3696 iis
1367 3624 1443 3696 ui
1486 3623 1830 3717 fugerant,
1882 3623 1988 3695 ira
2036 3623 2341 3705 incensi,
2394 3643 2558 3695 cum
2612 3623 2762 3694 suis

211 3714 408 3801 equis
456 3712 956 3804 permolestae
1003 3712 1328 3785 habitacu
1357 3734 1399 3783 a
1444 3712 1974 3795 discurrebant,
2025 3724 2091 3784 et
2138 3712 2320 3786 beati
2368 3712 2496 3784 viri
2544 3734 2703 3782 arca
2740 3765 2754 3790 ,

210 3801 277 3871 in
308 3824 454 3890 qua
490 3822 748 3893 corpus
792 3802 945 3892 ejus
982 3801 1339 3875 conditum
1379 3814 1548 3885 erat,
1585 3802 1832 3873 cecidit
1863 3802 1933 3872 in
1969 3802 2190 3874 imum
2224 3800 2553 3892 sepulcri.
2588 3800 2761 3869 Inde

212 3913 364 3961 vero
402 3890 728 3963 extractis
758 3912 960 3962 arcae
992 3891 1185 3963 illius
1224 3891 1562 3982 partibuS,
1600 3904 1666 3962 et
1698 3891 1920 3962 sancti
1950 3890 2079 3963 viri
2125 3911 2412 3981 corpore
2457 3888 2748 3987 detectO,

209 3980 431 4051 visum
480 3993 587 4051 est
614 3979 790 4051 illud
825 3980 895 4050 in
991 4002 1173 4052 enua
1225 3980 1675 4071 procumbere
1709 4035 1726 4063 ,
1780 3993 2133 4067 tamquam
2181 4001 2223 4050 a
2271 3977 2563 4049 Domino
2612 3998 2761 4045 vin-

215 4068 463 4139 dictam
515 4081 778 4161 petens.
856 4073 949 4140 Ea
999 4091 1110 4140 em
1175 4081 1405 4140 autem
1456 4068 1622 4139 hora
1693 4089 1936 4139 omnes
2000 4062 2103 4138 illi
2164 4064 2509 4137 horrenda
2571 4080 2759 4155 peste

218 4157 485 4229 extincti
535 4169 721 4230 sunt.
778 4157 853 4228 1d
903 4158 1048 4241 alii,
1082 4160 1204 4247 qui
1232 4157 1400 4228 foris
1444 4171 1664 4240 erant,
1717 4156 2119 4247 conspicati,
2174 4176 2534 4243 nunquam
2564 4154 2760 4225 dein-

217 4267 367 4337 ceps
414 4246 563 4317 illic
608 4246 922 4318 habitare
953 4248 1111 4320 ausi
1149 4258 1336 4319 sunt.
1376 4252 1643 4319 Fratres
1681 4268 1840 4317 vero
1886 4268 1967 4317 ex
2012 4267 2092 4316 eo
2140 4244 2289 4315 loco
2330 4242 2748 4325 recedentes,

214 4356 463 4427 corpus
511 4335 1005 4429 absportarunt
1033 4337 1105 4407 in
1148 4358 1313 4408 eum
1362 4335 1619 4418 locum,
1652 4333 1777 4408 ub'i
1812 4356 1999 4405 nunc
2042 4345 2296 4406 manet.
2336 4334 2527 4404 Prior
2564 4335 2751 4403 enim

212 4423 396 4499 locus
427 4449 675 4517 parum
716 4438 1152 4519 opportunus
1180 4438 1346 4497 erat.
1410 4424 1714 4497 Tandem
1764 4437 1991 4497 tamen
2033 4423 2543 4497 communicato
2577 4423 2755 4494 inter
