<?xml version="1.0" encoding="UTF-8"?>
<!DOCTYPE html PUBLIC "-//W3C//DTD XHTML 1.0 Transitional//EN"
    "http://www.w3.org/TR/xhtml1/DTD/xhtml1-transitional.dtd">
<html xmlns="http://www.w3.org/1999/xhtml" xml:lang="en" lang="en">
 <head>
  <title>
</title>
<meta http-equiv="Content-Type" content="text/html;charset=utf-8" />
  <meta name='ocr-system' content='tesseract 3.04.00' />
  <meta name='ocr-capabilities' content='ocr_page ocr_carea ocr_par ocr_line ocrx_word'/>
</head>
<body>
  <div class='ocr_page' id='page_1' title='image "./historiaeseuvit01lippgoog_0312.png"; bbox 0 0 3308 5004; ppageno 0'>
   <div class='ocr_carea' id='block_1_1' title="bbox 703 337 3179 422">
    <p class='ocr_par' dir='ltr' id='par_1_1' title="bbox 703 337 3179 422">
     <span class='ocr_line' id='line_1_1' title="bbox 703 337 3179 422; baseline -0.001 -15"><span class='ocrx_word' id='word_1_1' title='bbox 703 341 832 407; x_wconf 77' lang='lat'><strong>298</strong></span> <span class='ocrx_word' id='word_1_2' title='bbox 1436 357 1515 405; x_wconf 70' lang='lat' dir='ltr'><strong>na</strong></span> <span class='ocrx_word' id='word_1_3' title='bbox 1563 354 1618 403; x_wconf 82' lang='lat' dir='ltr'><strong>S.</strong></span> <span class='ocrx_word' id='word_1_4' title='bbox 1672 355 2047 405; x_wconf 56' lang='lat' dir='ltr'><strong>asnncmmn</strong></span> <span class='ocrx_word' id='word_1_5' title='bbox 2093 353 2327 403; x_wconf 62' lang='lat' dir='ltr'><strong>ascum</strong></span> <span class='ocrx_word' id='word_1_6' title='bbox 2854 337 3053 422; x_wconf 76' lang='lat' dir='ltr'><strong>AUG.</strong></span> <span class='ocrx_word' id='word_1_7' title='bbox 3109 338 3179 404; x_wconf 72' lang='lat'><strong>⁴3</strong></span> 
     </span>
    </p>
   </div>
   <div class='ocr_carea' id='block_1_2' title="bbox 605 438 3183 4534">
    <p class='ocr_par' dir='ltr' id='par_1_2' title="bbox 611 438 3183 1332">
     <span class='ocr_line' id='line_1_2' title="bbox 615 438 3183 542; baseline -0.001 -29"><span class='ocrx_word' id='word_1_8' title='bbox 615 463 785 534; x_wconf 88' lang='lat' dir='ltr'><strong>pace</strong></span> <span class='ocrx_word' id='word_1_9' title='bbox 843 442 1097 513; x_wconf 90' lang='lat' dir='ltr'><strong>florens</strong></span> <span class='ocrx_word' id='word_1_10' title='bbox 1148 439 1444 512; x_wconf 79' lang='lat' dir='ltr'><strong>Ecclesia</strong></span> <span class='ocrx_word' id='word_1_11' title='bbox 1478 495 1493 520; x_wconf 90' lang='lat'>‚</span> <span class='ocrx_word' id='word_1_12' title='bbox 1547 440 1700 531; x_wconf 89' lang='lat' dir='ltr'><strong>ipsa</strong></span> <span class='ocrx_word' id='word_1_13' title='bbox 1747 452 1850 511; x_wconf 90' lang='lat' dir='ltr'><strong>est</strong></span> <span class='ocrx_word' id='word_1_14' title='bbox 1896 462 1937 510; x_wconf 88' lang='lat' dir='ltr'><strong>a</strong></span> <span class='ocrx_word' id='word_1_15' title='bbox 1983 438 2380 510; x_wconf 81' lang='lat' dir='ltr'><strong>domesticis</strong></span> <span class='ocrx_word' id='word_1_16' title='bbox 2437 439 2979 542; x_wconf 81' lang='lat' dir='ltr'><strong>persecutiones</strong></span> <span class='ocrx_word' id='word_1_17' title='bbox 3036 461 3183 542; x_wconf 89' lang='lat' dir='ltr'><strong>per-</strong></span> 
     </span>
     <span class='ocr_line' id='line_1_3' title="bbox 615 527 3183 688; baseline -0.002 -85"><span class='ocrx_word' id='word_1_18' title='bbox 615 554 861 633; x_wconf 88' lang='lat' dir='ltr'><strong>pessa:</strong></span> <span class='ocrx_word' id='word_1_19' title='bbox 911 531 1230 621; x_wconf 86' lang='lat' dir='ltr'><strong>jamtunc</strong></span> <span class='ocrx_word' id='word_1_20' title='bbox 1279 530 1348 599; x_wconf 90' lang='lat' dir='ltr'><strong>id</strong></span> <span class='ocrx_word' id='word_1_21' title='bbox 1398 551 1612 688; x_wconf 55' lang='lat' dir='ltr'><strong>aperis</strong></span> <span class='ocrx_word' id='word_1_22' title='bbox 1643 529 2009 611; x_wconf 84' lang='lat' dir='ltr'><strong>infantula,</strong></span> <span class='ocrx_word' id='word_1_23' title='bbox 2047 542 2126 599; x_wconf 87' lang='lat' dir='ltr'><strong>ut</strong></span> <span class='ocrx_word' id='word_1_24' title='bbox 2170 527 2502 617; x_wconf 79' lang='lat' dir='ltr'><strong>quicquid</strong></span> <span class='ocrx_word' id='word_1_25' title='bbox 2547 528 2684 599; x_wconf 89' lang='lat' dir='ltr'><strong>sibi</strong></span> <span class='ocrx_word' id='word_1_26' title='bbox 2725 542 3183 631; x_wconf 71' lang='lat' dir='ltr'><strong>remanslsset</strong></span> 
     </span>
     <span class='ocr_line' id='line_1_4' title="bbox 614 617 3182 719; baseline -0.001 -29"><span class='ocrx_word' id='word_1_27' title='bbox 614 643 686 690; x_wconf 83' lang='grc' dir='ltr'><strong>ιη</strong></span> <span class='ocrx_word' id='word_1_28' title='bbox 732 642 995 703; x_wconf 90' lang='lat' dir='ltr'><strong>mensa,</strong></span> <span class='ocrx_word' id='word_1_29' title='bbox 1041 618 1345 690; x_wconf 81' lang='lat' dir='ltr'><strong>collectis</strong></span> <span class='ocrx_word' id='word_1_30' title='bbox 1392 640 1429 688; x_wconf 91' lang='lat' dir='ltr'><strong>a</strong></span> <span class='ocrx_word' id='word_1_31' title='bbox 1466 617 1550 689; x_wconf 89' lang='lat' dir='ltr'><strong>iis</strong></span> <span class='ocrx_word' id='word_1_32' title='bbox 1601 618 1910 710; x_wconf 88' lang='lat' dir='ltr'><strong>parvulis</strong></span> <span class='ocrx_word' id='word_1_33' title='bbox 1940 673 1956 700; x_wconf 92' lang='lat'><strong>‚</strong></span> <span class='ocrx_word' id='word_1_34' title='bbox 2011 617 2250 689; x_wconf 87' lang='lat' dir='ltr'><strong>lavans</strong></span> <span class='ocrx_word' id='word_1_35' title='bbox 2297 618 2526 719; x_wconf 90' lang='lat' dir='ltr'><strong>capita</strong></span> <span class='ocrx_word' id='word_1_36' title='bbox 2572 618 2898 709; x_wconf 75' lang='lat' dir='ltr'><strong>singulis</strong></span> <span class='ocrx_word' id='word_1_37' title='bbox 2932 675 2949 703; x_wconf 95' lang='lat'><strong>,</strong></span> <span class='ocrx_word' id='word_1_38' title='bbox 3003 641 3182 690; x_wconf 87' lang='lat' dir='ltr'><strong>com-</strong></span> 
     </span>
     <span class='ocr_line' id='line_1_5' title="bbox 616 707 3182 801; baseline -0.001 -22"><span class='ocrx_word' id='word_1_39' title='bbox 616 709 861 801; x_wconf 86' lang='lat' dir='ltr'><strong>positis</strong></span> <span class='ocrx_word' id='word_1_40' title='bbox 916 708 1208 790; x_wconf 88' lang='lat' dir='ltr'><strong>sellulis,</strong></span> <span class='ocrx_word' id='word_1_41' title='bbox 1266 709 1627 799; x_wconf 82' lang='lat' dir='ltr'><strong>porrigens</strong></span> <span class='ocrx_word' id='word_1_42' title='bbox 1676 729 1926 796; x_wconf 90' lang='lat' dir='ltr'><strong>aquam</strong></span> <span class='ocrx_word' id='word_1_43' title='bbox 1980 707 2328 792; x_wconf 89' lang='lat' dir='ltr'><strong>manibus,</strong></span> <span class='ocrx_word' id='word_1_44' title='bbox 2374 728 2526 798; x_wconf 78' lang='lat' dir='ltr'><strong>ipsa</strong></span> <span class='ocrx_word' id='word_1_45' title='bbox 2572 707 2935 778; x_wconf 88' lang='lat' dir='ltr'><strong>inferebat</strong></span> <span class='ocrx_word' id='word_1_46' title='bbox 2970 763 2987 791; x_wconf 89' lang='lat'><strong>,</strong></span> <span class='ocrx_word' id='word_1_47' title='bbox 3042 710 3182 800; x_wconf 87' lang='lat' dir='ltr'><strong>ipsa</strong></span> 
     </span>
     <span class='ocr_line' id='line_1_6' title="bbox 616 796 3179 887; baseline -0.001 -20"><span class='ocrx_word' id='word_1_48' title='bbox 616 798 949 871; x_wconf 83' lang='lat' dir='ltr'><strong>miscebat</strong></span> <span class='ocrx_word' id='word_1_49' title='bbox 974 797 1359 868; x_wconf 81' lang='lat' dir='ltr'><strong>infantulis:</strong></span> <span class='ocrx_word' id='word_1_50' title='bbox 1388 797 1517 868; x_wconf 93' lang='lat' dir='ltr'><strong>hoc</strong></span> <span class='ocrx_word' id='word_1_51' title='bbox 1549 797 1754 868; x_wconf 91' lang='lat' dir='ltr'><strong>etiam</strong></span> <span class='ocrx_word' id='word_1_52' title='bbox 1791 796 2303 887; x_wconf 88' lang='lat' dir='ltr'><strong>praemeditans</strong></span> <span class='ocrx_word' id='word_1_53' title='bbox 2328 818 2488 866; x_wconf 91' lang='lat' dir='ltr'><strong>cum</strong></span> <span class='ocrx_word' id='word_1_54' title='bbox 2520 796 2860 867; x_wconf 90' lang='lat' dir='ltr'><strong>Samuele</strong></span> <span class='ocrx_word' id='word_1_55' title='bbox 2898 796 3179 887; x_wconf 88' lang='lat' dir='ltr'><strong>parvulo</strong></span> 
     </span>
     <span class='ocr_line' id='line_1_7' title="bbox 613 884 3177 981; baseline -0.001 -25"><span class='ocrx_word' id='word_1_56' title='bbox 613 886 888 971; x_wconf 88' lang='lat' dir='ltr'><strong>clerico,</strong></span> <span class='ocrx_word' id='word_1_57' title='bbox 927 887 1103 959; x_wconf 81' lang='lat' dir='ltr'><strong>sacta</strong></span> <span class='ocrx_word' id='word_1_58' title='bbox 1130 891 1344 957; x_wconf 86' lang='lat' dir='ltr'><strong>Cruce</strong></span> <span class='ocrx_word' id='word_1_59' title='bbox 1377 886 1629 977; x_wconf 85' lang='lat' dir='ltr'><strong>lignea,</strong></span> <span class='ocrx_word' id='word_1_60' title='bbox 1673 885 2191 976; x_wconf 86' lang='lat' dir='ltr'><strong>praecedentem</strong></span> <span class='ocrx_word' id='word_1_61' title='bbox 2226 885 2661 973; x_wconf 90' lang='lat' dir='ltr'><strong>subsequens</strong></span> <span class='ocrx_word' id='word_1_62' title='bbox 2690 885 3074 981; x_wconf 90' lang='lat' dir='ltr'><strong>psallendo</strong></span> <span class='ocrx_word' id='word_1_63' title='bbox 3103 884 3177 955; x_wconf 91' lang='lat' dir='ltr'><strong>ad</strong></span> 
     </span>
     <span class='ocr_line' id='line_1_8' title="bbox 611 974 3180 1067; baseline -0.001 -21"><span class='ocrx_word' id='word_1_64' title='bbox 611 979 987 1047; x_wconf 89' lang='lat' dir='ltr'><strong>oratorium</strong></span> <span class='ocrx_word' id='word_1_65' title='bbox 1055 975 1387 1067; x_wconf 84' lang='lat' dir='ltr'><strong>gravitate</strong></span> <span class='ocrx_word' id='word_1_66' title='bbox 1447 987 1742 1045; x_wconf 87' lang='lat' dir='ltr'><strong>matura.</strong></span> <span class='ocrx_word' id='word_1_67' title='bbox 1818 974 2035 1045; x_wconf 91' lang='lat' dir='ltr'><strong>Simul</strong></span> <span class='ocrx_word' id='word_1_68' title='bbox 2151 974 2375 1044; x_wconf 84' lang='lat' dir='ltr'><strong>arvuli</strong></span> <span class='ocrx_word' id='word_1_69' title='bbox 2443 975 2973 1064; x_wconf 85' lang='lat' dir='ltr'><strong>properabant:</strong></span> <span class='ocrx_word' id='word_1_70' title='bbox 3040 976 3180 1066; x_wconf 87' lang='lat' dir='ltr'><strong>ipsa</strong></span> 
     </span>
     <span class='ocr_line' id='line_1_9' title="bbox 615 1062 3175 1144; baseline -0.002 -10"><span class='ocrx_word' id='word_1_71' title='bbox 615 1076 844 1134; x_wconf 88' lang='lat' dir='ltr'><strong>tamen</strong></span> <span class='ocrx_word' id='word_1_72' title='bbox 898 1087 1057 1135; x_wconf 90' lang='lat' dir='ltr'><strong>cum</strong></span> <span class='ocrx_word' id='word_1_73' title='bbox 1111 1087 1241 1135; x_wconf 86' lang='lat' dir='ltr'><strong>sua</strong></span> <span class='ocrx_word' id='word_1_74' title='bbox 1288 1074 1468 1134; x_wconf 87' lang='lat' dir='ltr'><strong>veste</strong></span> <span class='ocrx_word' id='word_1_75' title='bbox 1550 1062 1894 1134; x_wconf 85' lang='lat' dir='ltr'><strong>avimenta</strong></span> <span class='ocrx_word' id='word_1_76' title='bbox 1938 1063 2062 1133; x_wconf 91' lang='lat' dir='ltr'><strong>niti</strong></span> <span class='ocrx_word' id='word_1_77' title='bbox 2117 1085 2285 1144; x_wconf 90' lang='lat' dir='ltr'><strong>ans,</strong></span> <span class='ocrx_word' id='word_1_78' title='bbox 2333 1062 2517 1133; x_wconf 90' lang='lat' dir='ltr'><strong>circa</strong></span> <span class='ocrx_word' id='word_1_79' title='bbox 2549 1063 2777 1134; x_wconf 90' lang='lat' dir='ltr'><strong>altare</strong></span> <span class='ocrx_word' id='word_1_80' title='bbox 2813 1086 2983 1135; x_wconf 86' lang='lat' dir='ltr'><strong>vero</strong></span> <span class='ocrx_word' id='word_1_81' title='bbox 3028 1084 3175 1135; x_wconf 89' lang='lat' dir='ltr'><strong>cum</strong></span> 
     </span>
     <span class='ocr_line' id='line_1_10' title="bbox 614 1150 3175 1259; baseline -0 -37"><span class='ocrx_word' id='word_1_82' title='bbox 614 1152 968 1246; x_wconf 82' lang='lat' dir='ltr'><strong>facitergio</strong></span> <span class='ocrx_word' id='word_1_83' title='bbox 1005 1154 1351 1245; x_wconf 90' lang='lat' dir='ltr'><strong>jacentem</strong></span> <span class='ocrx_word' id='word_1_84' title='bbox 1402 1174 1497 1244; x_wconf 94' lang='lat' dir='ltr'><strong>pu</strong></span> <span class='ocrx_word' id='word_1_85' title='bbox 1531 1171 1754 1222; x_wconf 90' lang='lat' dir='ltr'><strong>verem</strong></span> <span class='ocrx_word' id='word_1_86' title='bbox 1806 1150 2164 1259; x_wconf 79' lang='lat' dir='ltr'><strong>colligenS,</strong></span> <span class='ocrx_word' id='word_1_87' title='bbox 2217 1152 2384 1225; x_wconf 82' lang='lat' dir='ltr'><strong>foris</strong></span> <span class='ocrx_word' id='word_1_88' title='bbox 2430 1174 2591 1224; x_wconf 90' lang='lat' dir='ltr'><strong>cum</strong></span> <span class='ocrx_word' id='word_1_89' title='bbox 2641 1153 3048 1224; x_wconf 87' lang='lat' dir='ltr'><strong>reverentia</strong></span> <span class='ocrx_word' id='word_1_90' title='bbox 3083 1172 3175 1222; x_wconf 92' lang='lat' dir='ltr'><strong>re-</strong></span> 
     </span>
     <span class='ocr_line' id='line_1_11' title="bbox 613 1241 1886 1332; baseline -0.004 -19"><span class='ocrx_word' id='word_1_91' title='bbox 613 1241 953 1314; x_wconf 86' lang='lat' dir='ltr'><strong>condebat</strong></span> <span class='ocrx_word' id='word_1_92' title='bbox 1003 1243 1256 1332; x_wconf 90' lang='lat' dir='ltr'><strong>potius,</strong></span> <span class='ocrx_word' id='word_1_93' title='bbox 1301 1263 1509 1330; x_wconf 88' lang='lat' dir='ltr'><strong>quam</strong></span> <span class='ocrx_word' id='word_1_94' title='bbox 1554 1241 1886 1312; x_wconf 88' lang='lat' dir='ltr'><strong>verrebat.</strong></span> 
     </span>
    </p>

    <p class='ocr_par' dir='ltr' id='par_1_3' title="bbox 609 1328 3174 3199">
     <span class='ocr_line' id='line_1_12' title="bbox 700 1328 3174 1423; baseline -0.003 -19"><span class='ocrx_word' id='word_1_95' title='bbox 700 1334 746 1420; x_wconf 70' lang='grc' dir='ltr'><strong>ξ’</strong></span> <span class='ocrx_word' id='word_1_96' title='bbox 790 1338 877 1405; x_wconf 64' lang='grc' dir='ltr'><strong>ῡ.</strong></span> <span class='ocrx_word' id='word_1_97' title='bbox 930 1336 1149 1415; x_wconf 89' lang='lat' dir='ltr'><strong>Quam</strong></span> <span class='ocrx_word' id='word_1_98' title='bbox 1202 1352 1362 1422; x_wconf 90' lang='lat' dir='ltr'><strong>prae</strong></span> <span class='ocrx_word' id='word_1_99' title='bbox 1416 1329 1624 1401; x_wconf 80' lang='lat' dir='ltr'><strong>aratis</strong></span> <span class='ocrx_word' id='word_1_100' title='bbox 1672 1328 2035 1421; x_wconf 85' lang='lat' dir='ltr'><strong>expensis,</strong></span> <span class='ocrx_word' id='word_1_101' title='bbox 2089 1350 2246 1398; x_wconf 90' lang='lat' dir='ltr'><strong>cum</strong></span> <span class='ocrx_word' id='word_1_102' title='bbox 2316 1328 2645 1400; x_wconf 89' lang='lat' dir='ltr'><strong>voluisset</strong></span> <span class='ocrx_word' id='word_1_103' title='bbox 2696 1334 2850 1400; x_wconf 87' lang='lat' dir='ltr'><strong>Rex</strong></span> <span class='ocrx_word' id='word_1_104' title='bbox 2918 1328 3174 1423; x_wconf 90' lang='lat' dir='ltr'><strong>praedi-</strong></span> 
     </span>
     <span class='ocr_line' id='line_1_13' title="bbox 612 1352 3172 1511; baseline -0.002 -21"><span class='ocrx_word' id='word_1_105' title='bbox 612 1430 767 1490; x_wconf 91' lang='lat' dir='ltr'><strong>ctus</strong></span> <span class='ocrx_word' id='word_1_106' title='bbox 814 1421 1146 1511; x_wconf 89' lang='lat' dir='ltr'><strong>accipere,</strong></span> <span class='ocrx_word' id='word_1_107' title='bbox 1200 1441 1325 1511; x_wconf 92' lang='lat' dir='ltr'><strong>per</strong></span> <span class='ocrx_word' id='word_1_108' title='bbox 1368 1352 1698 1489; x_wconf 58' lang='lat' dir='ltr'><strong>garcham</strong></span> <span class='ocrx_word' id='word_1_109' title='bbox 1750 1419 1836 1488; x_wconf 91' lang='lat' dir='ltr'><strong>ab</strong></span> <span class='ocrx_word' id='word_1_110' title='bbox 1869 1418 2140 1509; x_wconf 76' lang='lat' dir='ltr'><strong>AtheJas</strong></span> <span class='ocrx_word' id='word_1_111' title='bbox 2186 1429 2385 1489; x_wconf 88' lang='lat' dir='ltr'><strong>nocte</strong></span> <span class='ocrx_word' id='word_1_112' title='bbox 2421 1440 2584 1489; x_wconf 91' lang='lat' dir='ltr'><strong>cum</strong></span> <span class='ocrx_word' id='word_1_113' title='bbox 2628 1418 2902 1511; x_wconf 90' lang='lat' dir='ltr'><strong>puellis</strong></span> <span class='ocrx_word' id='word_1_114' title='bbox 2952 1419 3172 1510; x_wconf 86' lang='lat' dir='ltr'><strong>elapsa</strong></span> 
     </span>
     <span class='ocr_line' id='line_1_14' title="bbox 612 1506 3169 1598; baseline -0.001 -20"><span class='ocrx_word' id='word_1_115' title='bbox 612 1521 739 1578; x_wconf 87' lang='lat' dir='ltr'><strong>est.</strong></span> <span class='ocrx_word' id='word_1_116' title='bbox 797 1508 1049 1578; x_wconf 88' lang='lat' dir='ltr'><strong>Deinde</strong></span> <span class='ocrx_word' id='word_1_117' title='bbox 1098 1508 1488 1579; x_wconf 87' lang='lat' dir='ltr'><strong>Suessionis</strong></span> <span class='ocrx_word' id='word_1_118' title='bbox 1532 1508 1894 1598; x_wconf 79' lang='lat' dir='ltr'><strong>(Soissons)</strong></span> <span class='ocrx_word' id='word_1_119' title='bbox 1937 1528 2097 1577; x_wconf 90' lang='lat' dir='ltr'><strong>cum</strong></span> <span class='ocrx_word' id='word_1_120' title='bbox 2146 1528 2295 1577; x_wconf 90' lang='lat' dir='ltr'><strong>eam</strong></span> <span class='ocrx_word' id='word_1_121' title='bbox 2348 1506 2738 1591; x_wconf 84' lang='lat' dir='ltr'><strong>direxisset,</strong></span> <span class='ocrx_word' id='word_1_122' title='bbox 2798 1521 2883 1578; x_wconf 90' lang='lat' dir='ltr'><strong>ut</strong></span> <span class='ocrx_word' id='word_1_123' title='bbox 2932 1509 3004 1577; x_wconf 91' lang='lat' dir='ltr'><strong>in</strong></span> <span class='ocrx_word' id='word_1_124' title='bbox 3055 1513 3169 1577; x_wconf 88' lang='lat' dir='ltr'><strong>Re-</strong></span> 
     </span>
     <span class='ocr_line' id='line_1_15' title="bbox 613 1596 3171 1698; baseline 0 -33"><span class='ocrx_word' id='word_1_125' title='bbox 613 1596 851 1687; x_wconf 90' lang='lat' dir='ltr'><strong>ginam</strong></span> <span class='ocrx_word' id='word_1_126' title='bbox 900 1597 986 1667; x_wconf 92' lang='lat' dir='ltr'><strong>eli</strong></span> <span class='ocrx_word' id='word_1_127' title='bbox 1039 1610 1203 1679; x_wconf 91' lang='lat' dir='ltr'><strong>eret,</strong></span> <span class='ocrx_word' id='word_1_128' title='bbox 1258 1596 1456 1687; x_wconf 84' lang='lat' dir='ltr'><strong>fugit,</strong></span> <span class='ocrx_word' id='word_1_129' title='bbox 1509 1596 1773 1667; x_wconf 88' lang='lat' dir='ltr'><strong>evitans</strong></span> <span class='ocrx_word' id='word_1_130' title='bbox 1821 1618 2147 1689; x_wconf 86' lang='lat' dir='ltr'><strong>pompam</strong></span> <span class='ocrx_word' id='word_1_131' title='bbox 2198 1596 2525 1698; x_wconf 80' lang='lat' dir='ltr'><strong>regalem,</strong></span> <span class='ocrx_word' id='word_1_132' title='bbox 2579 1618 2667 1667; x_wconf 91' lang='lat' dir='ltr'><strong>ne</strong></span> <span class='ocrx_word' id='word_1_133' title='bbox 2729 1597 2981 1668; x_wconf 93' lang='lat' dir='ltr'><strong>seculo</strong></span> <span class='ocrx_word' id='word_1_134' title='bbox 3039 1617 3171 1667; x_wconf 90' lang='lat' dir='ltr'><strong>cre-</strong></span> 
     </span>
     <span class='ocr_line' id='line_1_16' title="bbox 613 1620 3167 1777; baseline -0.002 -20"><span class='ocrx_word' id='word_1_135' title='bbox 613 1697 853 1757; x_wconf 86' lang='lat' dir='ltr'><strong>sceret.</strong></span> <span class='ocrx_word' id='word_1_136' title='bbox 908 1620 1039 1756; x_wconf 56' lang='lat' dir='ltr'><strong>Sefi</strong></span> <span class='ocrx_word' id='word_1_137' title='bbox 1069 1687 1184 1756; x_wconf 87' lang='lat' dir='ltr'><strong>cui</strong></span> <span class='ocrx_word' id='word_1_138' title='bbox 1219 1685 1619 1768; x_wconf 91' lang='lat' dir='ltr'><strong>debebatur,</strong></span> <span class='ocrx_word' id='word_1_139' title='bbox 1658 1699 1724 1755; x_wconf 92' lang='lat' dir='ltr'><strong>et</strong></span> <span class='ocrx_word' id='word_1_140' title='bbox 1763 1684 2070 1755; x_wconf 89' lang='lat' dir='ltr'><strong>humana</strong></span> <span class='ocrx_word' id='word_1_141' title='bbox 2118 1684 2338 1777; x_wconf 77' lang='lat' dir='ltr'><strong>gloria</strong></span> <span class='ocrx_word' id='word_1_142' title='bbox 2386 1707 2523 1755; x_wconf 91' lang='lat' dir='ltr'><strong>non</strong></span> <span class='ocrx_word' id='word_1_143' title='bbox 2562 1699 2918 1757; x_wconf 90' lang='lat' dir='ltr'><strong>mutatur.</strong></span> <span class='ocrx_word' id='word_1_144' title='bbox 2963 1685 3167 1756; x_wconf 82' lang='lat' dir='ltr'><strong>Nubet</strong></span> 
     </span>
     <span class='ocr_line' id='line_1_17' title="bbox 611 1773 3166 1866; baseline -0.002 -22"><span class='ocrx_word' id='word_1_145' title='bbox 611 1796 775 1865; x_wconf 85' lang='lat' dir='ltr'><strong>ergo</strong></span> <span class='ocrx_word' id='word_1_146' title='bbox 822 1788 1090 1844; x_wconf 90' lang='lat' dir='ltr'><strong>terreno</strong></span> <span class='ocrx_word' id='word_1_147' title='bbox 1145 1775 1494 1866; x_wconf 89' lang='lat' dir='ltr'><strong>principi,</strong></span> <span class='ocrx_word' id='word_1_148' title='bbox 1550 1796 1674 1844; x_wconf 90' lang='lat' dir='ltr'><strong>nec</strong></span> <span class='ocrx_word' id='word_1_149' title='bbox 1723 1786 1952 1845; x_wconf 90' lang='lat' dir='ltr'><strong>tamen</strong></span> <span class='ocrx_word' id='word_1_150' title='bbox 2006 1785 2366 1865; x_wconf 89' lang='lat' dir='ltr'><strong>separatur</strong></span> <span class='ocrx_word' id='word_1_151' title='bbox 2412 1797 2453 1844; x_wconf 92' lang='lat' dir='ltr'><strong>a</strong></span> <span class='ocrx_word' id='word_1_152' title='bbox 2498 1774 2815 1846; x_wconf 91' lang='lat' dir='ltr'><strong>coelesti.</strong></span> <span class='ocrx_word' id='word_1_153' title='bbox 2874 1780 2955 1845; x_wconf 83' lang='lat' dir='ltr'><strong>At</strong></span> <span class='ocrx_word' id='word_1_154' title='bbox 3013 1773 3166 1843; x_wconf 89' lang='lat' dir='ltr'><strong>dum</strong></span> 
     </span>
     <span class='ocr_line' id='line_1_18' title="bbox 613 1863 3159 1956; baseline -0.001 -23"><span class='ocrx_word' id='word_1_155' title='bbox 613 1864 749 1933; x_wconf 90' lang='lat' dir='ltr'><strong>sibi</strong></span> <span class='ocrx_word' id='word_1_156' title='bbox 783 1864 1070 1934; x_wconf 90' lang='lat' dir='ltr'><strong>accessit</strong></span> <span class='ocrx_word' id='word_1_157' title='bbox 1115 1863 1449 1934; x_wconf 88' lang='lat' dir='ltr'><strong>secularis</strong></span> <span class='ocrx_word' id='word_1_158' title='bbox 1499 1876 1819 1953; x_wconf 90' lang='lat' dir='ltr'><strong>potestas,</strong></span> <span class='ocrx_word' id='word_1_159' title='bbox 1870 1863 2095 1954; x_wconf 89' lang='lat' dir='ltr'><strong>magis</strong></span> <span class='ocrx_word' id='word_1_160' title='bbox 2131 1886 2338 1951; x_wconf 90' lang='lat' dir='ltr'><strong>quam</strong></span> <span class='ocrx_word' id='word_1_161' title='bbox 2376 1864 2808 1954; x_wconf 88' lang='lat' dir='ltr'><strong>permitteret</strong></span> <span class='ocrx_word' id='word_1_162' title='bbox 2839 1863 3159 1956; x_wconf 85' lang='lat' dir='ltr'><strong>dignitas,</strong></span> 
     </span>
     <span class='ocr_line' id='line_1_19' title="bbox 613 1951 3164 2043; baseline -0.002 -22"><span class='ocrx_word' id='word_1_163' title='bbox 613 1973 687 2021; x_wconf 90' lang='lat' dir='ltr'><strong>se</strong></span> <span class='ocrx_word' id='word_1_164' title='bbox 727 1952 886 2043; x_wconf 91' lang='lat' dir='ltr'><strong>plus</strong></span> <span class='ocrx_word' id='word_1_165' title='bbox 936 1952 1291 2022; x_wconf 88' lang='lat' dir='ltr'><strong>inclinavit</strong></span> <span class='ocrx_word' id='word_1_166' title='bbox 1339 1952 1679 2034; x_wconf 88' lang='lat' dir='ltr'><strong>voluntas,</strong></span> <span class='ocrx_word' id='word_1_167' title='bbox 1733 1951 2011 2023; x_wconf 89' lang='lat' dir='ltr'><strong>subdita</strong></span> <span class='ocrx_word' id='word_1_168' title='bbox 2060 1973 2334 2043; x_wconf 89' lang='lat' dir='ltr'><strong>semper</strong></span> <span class='ocrx_word' id='word_1_169' title='bbox 2385 1958 2537 2034; x_wconf 91' lang='lat' dir='ltr'><strong>De0,</strong></span> <span class='ocrx_word' id='word_1_170' title='bbox 2577 1967 2866 2024; x_wconf 89' lang='lat' dir='ltr'><strong>sectans</strong></span> <span class='ocrx_word' id='word_1_171' title='bbox 2922 1951 3164 2020; x_wconf 87' lang='lat' dir='ltr'><strong>monita</strong></span> 
     </span>
     <span class='ocr_line' id='line_1_20' title="bbox 613 2039 3155 2132; baseline -0.002 -21"><span class='ocrx_word' id='word_1_172' title='bbox 613 2040 1094 2111; x_wconf 85' lang='lat' dir='ltr'><strong>sacerdotum:</strong></span> <span class='ocrx_word' id='word_1_173' title='bbox 1160 2042 1319 2132; x_wconf 84' lang='lat' dir='ltr'><strong>plus</strong></span> <span class='ocrx_word' id='word_1_174' title='bbox 1379 2041 1786 2132; x_wconf 89' lang='lat' dir='ltr'><strong>participata</strong></span> <span class='ocrx_word' id='word_1_175' title='bbox 1837 2042 2103 2111; x_wconf 88' lang='lat' dir='ltr'><strong>Christo</strong></span> <span class='ocrx_word' id='word_1_176' title='bbox 2137 2096 2153 2122; x_wconf 92' lang='lat'><strong>,</strong></span> <span class='ocrx_word' id='word_1_177' title='bbox 2219 2062 2429 2128; x_wconf 89' lang='lat' dir='ltr'><strong>quam</strong></span> <span class='ocrx_word' id='word_1_178' title='bbox 2487 2042 2749 2113; x_wconf 91' lang='lat' dir='ltr'><strong>sociata</strong></span> <span class='ocrx_word' id='word_1_179' title='bbox 2817 2039 3155 2132; x_wconf 88' lang='lat' dir='ltr'><strong>conjugio.</strong></span> 
     </span>
     <span class='ocr_line' id='line_1_21' title="bbox 613 2129 3163 2232; baseline -0.002 -33"><span class='ocrx_word' id='word_1_180' title='bbox 613 2129 743 2199; x_wconf 93' lang='lat' dir='ltr'><strong>Illo</strong></span> <span class='ocrx_word' id='word_1_181' title='bbox 792 2152 949 2202; x_wconf 91' lang='lat' dir='ltr'><strong>vero</strong></span> <span class='ocrx_word' id='word_1_182' title='bbox 982 2129 1112 2199; x_wconf 88' lang='lat' dir='ltr'><strong>sub</strong></span> <span class='ocrx_word' id='word_1_183' title='bbox 1151 2143 1458 2221; x_wconf 90' lang='lat' dir='ltr'><strong>tempore</strong></span> <span class='ocrx_word' id='word_1_184' title='bbox 1492 2142 1840 2200; x_wconf 89' lang='lat' dir='ltr'><strong>tentamus</strong></span> <span class='ocrx_word' id='word_1_185' title='bbox 1890 2130 2269 2232; x_wconf 85' lang='lat' dir='ltr'><strong>patefacere</strong></span> <span class='ocrx_word' id='word_1_186' title='bbox 2307 2129 2393 2199; x_wconf 93' lang='lat' dir='ltr'><strong>de</strong></span> <span class='ocrx_word' id='word_1_187' title='bbox 2427 2129 2667 2201; x_wconf 89' lang='lat' dir='ltr'><strong>multis</strong></span> <span class='ocrx_word' id='word_1_188' title='bbox 2719 2153 2959 2222; x_wconf 89' lang='lat' dir='ltr'><strong>pauca</strong></span> <span class='ocrx_word' id='word_1_189' title='bbox 3005 2146 3163 2217; x_wconf 90' lang='lat' dir='ltr'><strong>quae</strong></span> 
     </span>
     <span class='ocr_line' id='line_1_22' title="bbox 613 2219 3157 2310; baseline -0.002 -22"><span class='ocrx_word' id='word_1_190' title='bbox 613 2220 923 2309; x_wconf 85' lang='lat' dir='ltr'><strong>gesserit.</strong></span> <span class='ocrx_word' id='word_1_191' title='bbox 964 2219 1187 2310; x_wconf 85' lang='lat' dir='ltr'><strong>Igitur</strong></span> <span class='ocrx_word' id='word_1_192' title='bbox 1209 2219 1453 2307; x_wconf 89' lang='lat' dir='ltr'><strong>juncta</strong></span> <span class='ocrx_word' id='word_1_193' title='bbox 1493 2219 1818 2310; x_wconf 86' lang='lat' dir='ltr'><strong>principi,</strong></span> <span class='ocrx_word' id='word_1_194' title='bbox 1858 2232 2108 2289; x_wconf 77' lang='lat' dir='ltr'><strong>timens</strong></span> <span class='ocrx_word' id='word_1_195' title='bbox 2143 2241 2227 2288; x_wconf 91' lang='lat' dir='ltr'><strong>ne</strong></span> <span class='ocrx_word' id='word_1_196' title='bbox 2260 2241 2299 2288; x_wconf 98' lang='lat' dir='ltr'><strong>a</strong></span> <span class='ocrx_word' id='word_1_197' title='bbox 2330 2223 2462 2289; x_wconf 89' lang='lat' dir='ltr'><strong>Deo</strong></span> <span class='ocrx_word' id='word_1_198' title='bbox 2493 2219 2977 2310; x_wconf 88' lang='lat' dir='ltr'><strong>degradasset,</strong></span> <span class='ocrx_word' id='word_1_199' title='bbox 3017 2236 3157 2287; x_wconf 90' lang='lat' dir='ltr'><strong>cum</strong></span> 
     </span>
     <span class='ocr_line' id='line_1_23' title="bbox 613 2303 3159 2400; baseline -0.002 -23"><span class='ocrx_word' id='word_1_200' title='bbox 613 2308 861 2377; x_wconf 84' lang='lat' dir='ltr'><strong>mundi</strong></span> <span class='ocrx_word' id='word_1_201' title='bbox 901 2308 1125 2399; x_wconf 86' lang='lat' dir='ltr'><strong>gradu</strong></span> <span class='ocrx_word' id='word_1_202' title='bbox 1175 2307 1557 2399; x_wconf 83' lang='lat' dir='ltr'><strong>proficeret,</strong></span> <span class='ocrx_word' id='word_1_203' title='bbox 1603 2329 1675 2379; x_wconf 91' lang='lat' dir='ltr'><strong>se</strong></span> <span class='ocrx_word' id='word_1_204' title='bbox 1722 2329 1884 2377; x_wconf 91' lang='lat' dir='ltr'><strong>cum</strong></span> <span class='ocrx_word' id='word_1_205' title='bbox 1935 2330 2059 2378; x_wconf 87' lang='lat' dir='ltr'><strong>sua</strong></span> <span class='ocrx_word' id='word_1_206' title='bbox 2109 2306 2431 2378; x_wconf 87' lang='lat' dir='ltr'><strong>facultate</strong></span> <span class='ocrx_word' id='word_1_207' title='bbox 2462 2307 2955 2400; x_wconf 82' lang='lat' dir='ltr'><strong>eleemosynae</strong></span> <span class='ocrx_word' id='word_1_208' title='bbox 2984 2303 3159 2375; x_wconf 84' lang='lat' dir='ltr'><strong>dedi-</strong></span> 
     </span>
     <span class='ocr_line' id='line_1_24' title="bbox 610 2395 3152 2485; baseline 0.002 -20"><span class='ocrx_word' id='word_1_209' title='bbox 610 2398 810 2467; x_wconf 87' lang='lat' dir='ltr'><strong>cavit.</strong></span> <span class='ocrx_word' id='word_1_210' title='bbox 864 2402 1030 2467; x_wconf 83' lang='lat' dir='ltr'><strong>Nam</strong></span> <span class='ocrx_word' id='word_1_211' title='bbox 1081 2419 1241 2467; x_wconf 89' lang='lat' dir='ltr'><strong>cum</strong></span> <span class='ocrx_word' id='word_1_212' title='bbox 1294 2397 1426 2469; x_wconf 91' lang='lat' dir='ltr'><strong>sibi</strong></span> <span class='ocrx_word' id='word_1_213' title='bbox 1476 2397 1743 2485; x_wconf 87' lang='lat' dir='ltr'><strong>aliquid</strong></span> <span class='ocrx_word' id='word_1_214' title='bbox 1790 2396 1881 2466; x_wconf 93' lang='lat' dir='ltr'><strong>de</strong></span> <span class='ocrx_word' id='word_1_215' title='bbox 1923 2398 2201 2468; x_wconf 89' lang='lat' dir='ltr'><strong>tributis</strong></span> <span class='ocrx_word' id='word_1_216' title='bbox 2249 2396 2611 2481; x_wconf 88' lang='lat' dir='ltr'><strong>accideret,</strong></span> <span class='ocrx_word' id='word_1_217' title='bbox 2669 2420 2755 2467; x_wconf 83' lang='lat' dir='ltr'><strong>ex</strong></span> <span class='ocrx_word' id='word_1_218' title='bbox 2811 2395 3152 2469; x_wconf 83' lang='lat' dir='ltr'><strong>omnibus,</strong></span> 
     </span>
     <span class='ocr_line' id='line_1_25' title="bbox 609 2479 3162 2579; baseline -0.003 -23"><span class='ocrx_word' id='word_1_219' title='bbox 609 2507 787 2573; x_wconf 90' lang='lat' dir='ltr'><strong>quae</strong></span> <span class='ocrx_word' id='word_1_220' title='bbox 837 2487 1181 2557; x_wconf 88' lang='lat' dir='ltr'><strong>venissent</strong></span> <span class='ocrx_word' id='word_1_221' title='bbox 1220 2485 1304 2557; x_wconf 92' lang='lat' dir='ltr'><strong>ad</strong></span> <span class='ocrx_word' id='word_1_222' title='bbox 1341 2510 1517 2569; x_wconf 92' lang='lat' dir='ltr'><strong>eam,</strong></span> <span class='ocrx_word' id='word_1_223' title='bbox 1555 2500 1710 2556; x_wconf 89' lang='lat' dir='ltr'><strong>ante</strong></span> <span class='ocrx_word' id='word_1_224' title='bbox 1744 2485 1932 2555; x_wconf 90' lang='lat' dir='ltr'><strong>dedit</strong></span> <span class='ocrx_word' id='word_1_225' title='bbox 1979 2485 2311 2570; x_wconf 88' lang='lat' dir='ltr'><strong>decimas,</strong></span> <span class='ocrx_word' id='word_1_226' title='bbox 2348 2508 2559 2575; x_wconf 87' lang='lat' dir='ltr'><strong>quam</strong></span> <span class='ocrx_word' id='word_1_227' title='bbox 2593 2487 2886 2579; x_wconf 87' lang='lat' dir='ltr'><strong>recepit.</strong></span> <span class='ocrx_word' id='word_1_228' title='bbox 2919 2479 3162 2555; x_wconf 86' lang='lat' dir='ltr'><strong>Deinde</strong></span> 
     </span>
     <span class='ocr_line' id='line_1_26' title="bbox 610 2574 3154 2669; baseline -0.002 -25"><span class='ocrx_word' id='word_1_229' title='bbox 610 2575 794 2662; x_wconf 91' lang='lat' dir='ltr'><strong>quod</strong></span> <span class='ocrx_word' id='word_1_230' title='bbox 850 2589 1250 2666; x_wconf 89' lang='lat' dir='ltr'><strong>superaret,</strong></span> <span class='ocrx_word' id='word_1_231' title='bbox 1304 2577 1744 2647; x_wconf 88' lang='lat' dir='ltr'><strong>monasteriis</strong></span> <span class='ocrx_word' id='word_1_232' title='bbox 1792 2575 2285 2667; x_wconf 87' lang='lat' dir='ltr'><strong>dispensabat:</strong></span> <span class='ocrx_word' id='word_1_233' title='bbox 2337 2587 2403 2646; x_wconf 90' lang='lat' dir='ltr'><strong>et</strong></span> <span class='ocrx_word' id='word_1_234' title='bbox 2448 2598 2588 2663; x_wconf 88' lang='lat' dir='ltr'><strong>quo</strong></span> <span class='ocrx_word' id='word_1_235' title='bbox 2644 2577 2750 2647; x_wconf 89' lang='lat' dir='ltr'><strong>ire</strong></span> <span class='ocrx_word' id='word_1_236' title='bbox 2803 2574 2978 2669; x_wconf 89' lang='lat' dir='ltr'><strong>pede</strong></span> <span class='ocrx_word' id='word_1_237' title='bbox 3033 2590 3154 2640; x_wconf 90' lang='lat' dir='ltr'><strong>non</strong></span> 
     </span>
     <span class='ocr_line' id='line_1_27' title="bbox 613 2661 3156 2755; baseline -0.002 -22"><span class='ocrx_word' id='word_1_238' title='bbox 613 2676 895 2755; x_wconf 92' lang='lat' dir='ltr'><strong>poterat,</strong></span> <span class='ocrx_word' id='word_1_239' title='bbox 952 2665 1164 2735; x_wconf 90' lang='lat' dir='ltr'><strong>misso</strong></span> <span class='ocrx_word' id='word_1_240' title='bbox 1204 2686 1491 2735; x_wconf 89' lang='lat' dir='ltr'><strong>munere</strong></span> <span class='ocrx_word' id='word_1_241' title='bbox 1546 2664 1909 2735; x_wconf 88' lang='lat' dir='ltr'><strong>circuibat.</strong></span> <span class='ocrx_word' id='word_1_242' title='bbox 1962 2669 2010 2735; x_wconf 86' lang='grc' dir='ltr'><strong>Α</strong></span> <span class='ocrx_word' id='word_1_243' title='bbox 2058 2665 2260 2755; x_wconf 89' lang='lat' dir='ltr'><strong>cujus</strong></span> <span class='ocrx_word' id='word_1_244' title='bbox 2310 2665 2796 2736; x_wconf 85' lang='lat' dir='ltr'><strong>munificentia</strong></span> <span class='ocrx_word' id='word_1_245' title='bbox 2847 2686 2979 2734; x_wconf 91' lang='lat' dir='ltr'><strong>nec</strong></span> <span class='ocrx_word' id='word_1_246' title='bbox 3024 2661 3156 2751; x_wconf 86' lang='lat' dir='ltr'><strong>ipse</strong></span> 
     </span>
     <span class='ocr_line' id='line_1_28' title="bbox 611 2750 3149 2844; baseline 0.001 -22"><span class='ocrx_word' id='word_1_247' title='bbox 611 2774 683 2823; x_wconf 92' lang='lat' dir='ltr'><strong>se</strong></span> <span class='ocrx_word' id='word_1_248' title='bbox 731 2754 1154 2824; x_wconf 84' lang='lat' dir='ltr'><strong>abscondere</strong></span> <span class='ocrx_word' id='word_1_249' title='bbox 1217 2755 1438 2843; x_wconf 90' lang='lat' dir='ltr'><strong>potuit</strong></span> <span class='ocrx_word' id='word_1_250' title='bbox 1504 2754 1825 2824; x_wconf 90' lang='lat' dir='ltr'><strong>Eremita.</strong></span> <span class='ocrx_word' id='word_1_251' title='bbox 1881 2754 2038 2834; x_wconf 91' lang='lat' dir='ltr'><strong>Sic,</strong></span> <span class='ocrx_word' id='word_1_252' title='bbox 2112 2774 2195 2821; x_wconf 89' lang='lat' dir='ltr'><strong>ne</strong></span> <span class='ocrx_word' id='word_1_253' title='bbox 2266 2765 2696 2844; x_wconf 90' lang='lat' dir='ltr'><strong>premeretur</strong></span> <span class='ocrx_word' id='word_1_254' title='bbox 2746 2777 2786 2824; x_wconf 91' lang='lat' dir='ltr'><strong>a</strong></span> <span class='ocrx_word' id='word_1_255' title='bbox 2846 2750 3149 2824; x_wconf 76' lang='lat' dir='ltr'><strong>sarcina,</strong></span> 
     </span>
     <span class='ocr_line' id='line_1_29' title="bbox 609 2841 3154 2933; baseline -0.004 -21"><span class='ocrx_word' id='word_1_256' title='bbox 609 2843 792 2928; x_wconf 93' lang='lat' dir='ltr'><strong>quod</strong></span> <span class='ocrx_word' id='word_1_257' title='bbox 844 2854 1223 2933; x_wconf 87' lang='lat' dir='ltr'><strong>acceperat,</strong></span> <span class='ocrx_word' id='word_1_258' title='bbox 1277 2865 1392 2913; x_wconf 91' lang='lat' dir='ltr'><strong>ero</strong></span> <span class='ocrx_word' id='word_1_259' title='bbox 1443 2844 1624 2913; x_wconf 88' lang='lat' dir='ltr'><strong>abat.</strong></span> <span class='ocrx_word' id='word_1_260' title='bbox 1679 2841 1869 2932; x_wconf 81' lang='lat' dir='ltr'><strong>Apud</strong></span> <span class='ocrx_word' id='word_1_261' title='bbox 1906 2863 2115 2929; x_wconf 90' lang='lat' dir='ltr'><strong>quam</strong></span> <span class='ocrx_word' id='word_1_262' title='bbox 2153 2864 2277 2911; x_wconf 91' lang='lat' dir='ltr'><strong>nec</strong></span> <span class='ocrx_word' id='word_1_263' title='bbox 2325 2843 2523 2933; x_wconf 87' lang='lat' dir='ltr'><strong>egeni</strong></span> <span class='ocrx_word' id='word_1_264' title='bbox 2561 2864 2687 2912; x_wconf 81' lang='lat' dir='ltr'><strong>vox</strong></span> <span class='ocrx_word' id='word_1_265' title='bbox 2728 2842 3031 2912; x_wconf 89' lang='lat' dir='ltr'><strong>inaniter</strong></span> <span class='ocrx_word' id='word_1_266' title='bbox 3061 2856 3154 2906; x_wconf 91' lang='lat' dir='ltr'><strong>so-</strong></span> 
     </span>
     <span class='ocr_line' id='line_1_30' title="bbox 613 2930 3154 3022; baseline -0.001 -25"><span class='ocrx_word' id='word_1_267' title='bbox 613 2932 817 3014; x_wconf 90' lang='lat' dir='ltr'><strong>nuit,</strong></span> <span class='ocrx_word' id='word_1_268' title='bbox 873 2952 996 3001; x_wconf 93' lang='lat' dir='ltr'><strong>nec</strong></span> <span class='ocrx_word' id='word_1_269' title='bbox 1045 2931 1200 3022; x_wconf 92' lang='lat' dir='ltr'><strong>ipsa</strong></span> <span class='ocrx_word' id='word_1_270' title='bbox 1245 2954 1366 3001; x_wconf 90' lang='lat' dir='ltr'><strong>sur</strong></span> <span class='ocrx_word' id='word_1_271' title='bbox 1417 2955 1457 3001; x_wconf 89' lang='lat' dir='ltr'><strong>a</strong></span> <span class='ocrx_word' id='word_1_272' title='bbox 1506 2931 1878 3021; x_wconf 84' lang='lat' dir='ltr'><strong>praeteriit,</strong></span> <span class='ocrx_word' id='word_1_273' title='bbox 1934 2952 2137 3021; x_wconf 90' lang='lat' dir='ltr'><strong>saepe</strong></span> <span class='ocrx_word' id='word_1_274' title='bbox 2184 2930 2453 3000; x_wconf 91' lang='lat' dir='ltr'><strong>donans</strong></span> <span class='ocrx_word' id='word_1_275' title='bbox 2509 2931 2970 3012; x_wconf 89' lang='lat' dir='ltr'><strong>indumenta,</strong></span> <span class='ocrx_word' id='word_1_276' title='bbox 3021 2944 3154 2995; x_wconf 84' lang='lat' dir='ltr'><strong>cre-</strong></span> 
     </span>
     <span class='ocr_line' id='line_1_31' title="bbox 609 3017 3151 3111; baseline -0.002 -24"><span class='ocrx_word' id='word_1_277' title='bbox 609 3017 804 3100; x_wconf 79' lang='lat' dir='ltr'><strong>denS‚</strong></span> <span class='ocrx_word' id='word_1_278' title='bbox 841 3021 973 3090; x_wconf 89' lang='lat' dir='ltr'><strong>sub</strong></span> <span class='ocrx_word' id='word_1_279' title='bbox 1005 3020 1312 3111; x_wconf 89' lang='lat' dir='ltr'><strong>corporis</strong></span> <span class='ocrx_word' id='word_1_280' title='bbox 1357 3034 1560 3101; x_wconf 89' lang='lat' dir='ltr'><strong>veste,</strong></span> <span class='ocrx_word' id='word_1_281' title='bbox 1602 3020 1849 3090; x_wconf 89' lang='lat' dir='ltr'><strong>Christi</strong></span> <span class='ocrx_word' id='word_1_282' title='bbox 1888 3041 1961 3090; x_wconf 92' lang='lat' dir='ltr'><strong>se</strong></span> <span class='ocrx_word' id='word_1_283' title='bbox 1994 3019 2300 3089; x_wconf 91' lang='lat' dir='ltr'><strong>membra</strong></span> <span class='ocrx_word' id='word_1_284' title='bbox 2350 3032 2623 3110; x_wconf 84' lang='lat' dir='ltr'><strong>tegere:</strong></span> <span class='ocrx_word' id='word_1_285' title='bbox 2679 3021 2814 3092; x_wconf 85' lang='lat' dir='ltr'><strong>hoc</strong></span> <span class='ocrx_word' id='word_1_286' title='bbox 2851 3041 2925 3090; x_wconf 91' lang='lat' dir='ltr'><strong>se</strong></span> <span class='ocrx_word' id='word_1_287' title='bbox 2964 3033 3151 3106; x_wconf 91' lang='lat' dir='ltr'><strong>repu-</strong></span> 
     </span>
     <span class='ocr_line' id='line_1_32' title="bbox 612 3108 2482 3199; baseline 0.001 -24"><span class='ocrx_word' id='word_1_288' title='bbox 612 3117 764 3177; x_wconf 88' lang='lat' dir='ltr'><strong>tans</strong></span> <span class='ocrx_word' id='word_1_289' title='bbox 845 3108 1106 3190; x_wconf 88' lang='lat' dir='ltr'><strong>erdere,</strong></span> <span class='ocrx_word' id='word_1_290' title='bbox 1144 3108 1476 3196; x_wconf 90' lang='lat' dir='ltr'><strong>quicquid</strong></span> <span class='ocrx_word' id='word_1_291' title='bbox 1514 3108 1940 3199; x_wconf 89' lang='lat' dir='ltr'><strong>pauperibus</strong></span> <span class='ocrx_word' id='word_1_292' title='bbox 1972 3131 2106 3178; x_wconf 91' lang='lat' dir='ltr'><strong>non</strong></span> <span class='ocrx_word' id='word_1_293' title='bbox 2158 3108 2482 3178; x_wconf 90' lang='lat' dir='ltr'><strong>dedisset.</strong></span> 
     </span>
    </p>

    <p class='ocr_par' dir='ltr' id='par_1_4' title="bbox 605 3130 3148 4534">
     <span class='ocr_line' id='line_1_33' title="bbox 698 3130 3148 3289; baseline -0.005 -20"><span class='ocrx_word' id='word_1_294' title='bbox 698 3197 733 3283; x_wconf 69' lang='grc' dir='ltr'>ξ</span> <span class='ocrx_word' id='word_1_295' title='bbox 780 3130 873 3269; x_wconf 58' lang='lat' dir='ltr'><strong>g.</strong></span> <span class='ocrx_word' id='word_1_296' title='bbox 926 3196 1163 3267; x_wconf 81' lang='lat' dir='ltr'><strong>Adhuc</strong></span> <span class='ocrx_word' id='word_1_297' title='bbox 1212 3198 1445 3266; x_wconf 90' lang='lat' dir='ltr'><strong>animo</strong></span> <span class='ocrx_word' id='word_1_298' title='bbox 1478 3197 1765 3267; x_wconf 90' lang='lat' dir='ltr'><strong>tendens</strong></span> <span class='ocrx_word' id='word_1_299' title='bbox 1813 3197 1894 3266; x_wconf 91' lang='lat' dir='ltr'><strong>ad</strong></span> <span class='ocrx_word' id='word_1_300' title='bbox 1934 3219 2111 3287; x_wconf 90' lang='lat' dir='ltr'><strong>opus</strong></span> <span class='ocrx_word' id='word_1_301' title='bbox 2159 3197 2699 3279; x_wconf 89' lang='lat' dir='ltr'><strong>misericordiae,</strong></span> <span class='ocrx_word' id='word_1_302' title='bbox 2740 3196 3013 3285; x_wconf 82' lang='lat' dir='ltr'><strong>Athejas</strong></span> <span class='ocrx_word' id='word_1_303' title='bbox 3038 3188 3148 3289; x_wconf 79' lang='lat' dir='ltr'><strong>do·</strong></span> 
     </span>
     <span class='ocr_line' id='line_1_34' title="bbox 615 3285 3145 3445; baseline -0 -93"><span class='ocrx_word' id='word_1_304' title='bbox 615 3304 805 3354; x_wconf 89' lang='lat' dir='ltr'><strong>mum</strong></span> <span class='ocrx_word' id='word_1_305' title='bbox 862 3286 1194 3357; x_wconf 88' lang='lat' dir='ltr'><strong>instruit:</strong></span> <span class='ocrx_word' id='word_1_306' title='bbox 1247 3307 1409 3372; x_wconf 85' lang='lat' dir='ltr'><strong>q-uo,</strong></span> <span class='ocrx_word' id='word_1_307' title='bbox 1465 3285 1659 3357; x_wconf 87' lang='lat' dir='ltr'><strong>lectis</strong></span> <span class='ocrx_word' id='word_1_308' title='bbox 1704 3286 1886 3356; x_wconf 86' lang='lat' dir='ltr'><strong>culte</strong></span> <span class='ocrx_word' id='word_1_309' title='bbox 1934 3286 2359 3445; x_wconf 67' lang='lat' dir='ltr'><strong>compositis,</strong></span> <span class='ocrx_word' id='word_1_310' title='bbox 2412 3287 2855 3378; x_wconf 85' lang='lat' dir='ltr'><strong>congregatis</strong></span> <span class='ocrx_word' id='word_1_311' title='bbox 2902 3296 3145 3383; x_wconf 73' lang='lat' dir='ltr'><strong>egenis,</strong></span> 
     </span>
     <span class='ocr_line' id='line_1_35' title="bbox 610 3371 3141 3467; baseline 0 -27"><span class='ocrx_word' id='word_1_312' title='bbox 610 3371 947 3445; x_wconf 85' lang='lat' dir='ltr'><strong>foeminas</strong></span> <span class='ocrx_word' id='word_1_313' title='bbox 978 3375 1127 3465; x_wconf 91' lang='lat' dir='ltr'><strong>ipsa</strong></span> <span class='ocrx_word' id='word_1_314' title='bbox 1180 3373 1419 3446; x_wconf 90' lang='lat' dir='ltr'><strong>lavans</strong></span> <span class='ocrx_word' id='word_1_315' title='bbox 1466 3375 1535 3443; x_wconf 93' lang='lat' dir='ltr'><strong>in</strong></span> <span class='ocrx_word' id='word_1_316' title='bbox 1574 3375 1886 3457; x_wconf 87' lang='lat' dir='ltr'><strong>thermis,</strong></span> <span class='ocrx_word' id='word_1_317' title='bbox 1941 3397 2092 3444; x_wconf 90' lang='lat' dir='ltr'><strong>mor</strong></span> <span class='ocrx_word' id='word_1_318' title='bbox 2143 3398 2341 3446; x_wconf 88' lang='lat' dir='ltr'><strong>orum</strong></span> <span class='ocrx_word' id='word_1_319' title='bbox 2392 3398 2651 3446; x_wconf 89' lang='lat' dir='ltr'><strong>curans</strong></span> <span class='ocrx_word' id='word_1_320' title='bbox 2702 3371 3141 3467; x_wconf 72' lang='lat' dir='ltr'><strong>putredines,</strong></span> 
     </span>
     <span class='ocr_line' id='line_1_36' title="bbox 608 3462 3142 3554; baseline -0 -25"><span class='ocrx_word' id='word_1_321' title='bbox 608 3462 914 3532; x_wconf 85' lang='lat' dir='ltr'><strong>virorum</strong></span> <span class='ocrx_word' id='word_1_322' title='bbox 966 3464 1192 3554; x_wconf 90' lang='lat' dir='ltr'><strong>capita</strong></span> <span class='ocrx_word' id='word_1_323' title='bbox 1232 3463 1534 3546; x_wconf 87' lang='lat' dir='ltr'><strong>diluens,</strong></span> <span class='ocrx_word' id='word_1_324' title='bbox 1581 3463 2044 3535; x_wconf 89' lang='lat' dir='ltr'><strong>ministerium</strong></span> <span class='ocrx_word' id='word_1_325' title='bbox 2086 3463 2371 3547; x_wconf 87' lang='lat' dir='ltr'><strong>faciens,</strong></span> <span class='ocrx_word' id='word_1_326' title='bbox 2429 3486 2605 3552; x_wconf 89' lang='lat' dir='ltr'><strong>quos</strong></span> <span class='ocrx_word' id='word_1_327' title='bbox 2643 3477 2806 3534; x_wconf 91' lang='lat' dir='ltr'><strong>ante</strong></span> <span class='ocrx_word' id='word_1_328' title='bbox 2857 3462 3142 3553; x_wconf 75' lang='lat' dir='ltr'><strong>laverat,</strong></span> 
     </span>
     <span class='ocr_line' id='line_1_37' title="bbox 608 3550 3143 3648; baseline -0 -29"><span class='ocrx_word' id='word_1_329' title='bbox 608 3550 868 3621; x_wconf 84' lang='lat' dir='ltr'><strong>eisdem</strong></span> <span class='ocrx_word' id='word_1_330' title='bbox 921 3573 1046 3621; x_wconf 90' lang='lat' dir='ltr'><strong>sua</strong></span> <span class='ocrx_word' id='word_1_331' title='bbox 1090 3574 1306 3622; x_wconf 91' lang='lat' dir='ltr'><strong>manu</strong></span> <span class='ocrx_word' id='word_1_332' title='bbox 1362 3553 1740 3629; x_wconf 83' lang='lat' dir='ltr'><strong>miscebat,</strong></span> <span class='ocrx_word' id='word_1_333' title='bbox 1794 3564 1873 3623; x_wconf 90' lang='lat' dir='ltr'><strong>ut</strong></span> <span class='ocrx_word' id='word_1_334' title='bbox 1919 3552 2135 3624; x_wconf 83' lang='lat' dir='ltr'><strong>sessos</strong></span> <span class='ocrx_word' id='word_1_335' title='bbox 2183 3553 2268 3623; x_wconf 90' lang='lat' dir='ltr'><strong>de</strong></span> <span class='ocrx_word' id='word_1_336' title='bbox 2317 3553 2591 3634; x_wconf 91' lang='lat' dir='ltr'><strong>sudore,</strong></span> <span class='ocrx_word' id='word_1_337' title='bbox 2645 3563 2928 3643; x_wconf 89' lang='lat' dir='ltr'><strong>sumpta</strong></span> <span class='ocrx_word' id='word_1_338' title='bbox 2977 3554 3143 3648; x_wconf 82' lang='lat' dir='ltr'><strong>p0t10</strong></span> 
     </span>
     <span class='ocr_line' id='line_1_38' title="bbox 609 3632 3144 3734; baseline -0.004 -24"><span class='ocrx_word' id='word_1_339' title='bbox 609 3651 968 3710; x_wconf 87' lang='lat' dir='ltr'><strong>recrearet.</strong></span> <span class='ocrx_word' id='word_1_340' title='bbox 1024 3641 1133 3712; x_wconf 89' lang='lat' dir='ltr'><strong>Sic</strong></span> <span class='ocrx_word' id='word_1_341' title='bbox 1180 3641 1420 3712; x_wconf 86' lang='lat' dir='ltr'><strong>devota</strong></span> <span class='ocrx_word' id='word_1_342' title='bbox 1454 3640 1778 3723; x_wconf 85' lang='lat' dir='ltr'><strong>foemina,</strong></span> <span class='ocrx_word' id='word_1_343' title='bbox 1835 3655 1994 3712; x_wconf 90' lang='lat' dir='ltr'><strong>nata</strong></span> <span class='ocrx_word' id='word_1_344' title='bbox 2042 3654 2108 3713; x_wconf 91' lang='lat' dir='ltr'><strong>et</strong></span> <span class='ocrx_word' id='word_1_345' title='bbox 2156 3655 2373 3734; x_wconf 89' lang='lat' dir='ltr'><strong>nupta</strong></span> <span class='ocrx_word' id='word_1_346' title='bbox 2421 3643 2708 3734; x_wconf 87' lang='lat' dir='ltr'><strong>Regina,</strong></span> <span class='ocrx_word' id='word_1_347' title='bbox 2765 3637 3002 3733; x_wconf 75' lang='lat' dir='ltr'><strong>palatii</strong></span> <span class='ocrx_word' id='word_1_348' title='bbox 3031 3632 3144 3701; x_wconf 88' lang='lat' dir='ltr'><strong>do-</strong></span> 
     </span>
     <span class='ocr_line' id='line_1_39' title="bbox 607 3727 3141 3824; baseline -0.002 -26"><span class='ocrx_word' id='word_1_349' title='bbox 607 3729 824 3811; x_wconf 89' lang='lat' dir='ltr'><strong>mina,</strong></span> <span class='ocrx_word' id='word_1_350' title='bbox 863 3730 1290 3820; x_wconf 88' lang='lat' dir='ltr'><strong>pauperibus</strong></span> <span class='ocrx_word' id='word_1_351' title='bbox 1323 3730 1660 3801; x_wconf 88' lang='lat' dir='ltr'><strong>serviebat</strong></span> <span class='ocrx_word' id='word_1_352' title='bbox 1692 3731 1969 3801; x_wconf 90' lang='lat' dir='ltr'><strong>ancilla.</strong></span> <span class='ocrx_word' id='word_1_353' title='bbox 2015 3735 2091 3800; x_wconf 92' lang='lat' dir='ltr'><strong>In</strong></span> <span class='ocrx_word' id='word_1_354' title='bbox 2133 3753 2371 3801; x_wconf 90' lang='lat' dir='ltr'><strong>mensa</strong></span> <span class='ocrx_word' id='word_1_355' title='bbox 2413 3754 2568 3801; x_wconf 90' lang='lat' dir='ltr'><strong>vero</strong></span> <span class='ocrx_word' id='word_1_356' title='bbox 2606 3727 3029 3824; x_wconf 78' lang='lat' dir='ltr'><strong>subocculte,</strong></span> <span class='ocrx_word' id='word_1_357' title='bbox 3066 3737 3141 3786; x_wconf 80' lang='lat' dir='ltr'><strong>ne</strong></span> 
     </span>
     <span class='ocr_line' id='line_1_40' title="bbox 606 3817 3144 3911; baseline -0.003 -23"><span class='ocrx_word' id='word_1_358' title='bbox 606 3831 1139 3909; x_wconf 86' lang='lat' dir='ltr'><strong>cognosceretur</strong></span> <span class='ocrx_word' id='word_1_359' title='bbox 1184 3819 1272 3888; x_wconf 89' lang='lat' dir='ltr'><strong>ab</strong></span> <span class='ocrx_word' id='word_1_360' title='bbox 1319 3819 1577 3907; x_wconf 86' lang='lat' dir='ltr'><strong>aliqu0,</strong></span> <span class='ocrx_word' id='word_1_361' title='bbox 1631 3821 2014 3911; x_wconf 89' lang='lat' dir='ltr'><strong>anteposito</strong></span> <span class='ocrx_word' id='word_1_362' title='bbox 2059 3842 2218 3890; x_wconf 91' lang='lat' dir='ltr'><strong>cum</strong></span> <span class='ocrx_word' id='word_1_363' title='bbox 2255 3820 2606 3911; x_wconf 89' lang='lat' dir='ltr'><strong>legumine</strong></span> <span class='ocrx_word' id='word_1_364' title='bbox 2654 3817 2937 3895; x_wconf 83' lang='lat' dir='ltr'><strong>ferculo,</strong></span> <span class='ocrx_word' id='word_1_365' title='bbox 2981 3820 3144 3880; x_wconf 76' lang='lat' dir='ltr'><strong>inter</strong></span> 
     </span>
     <span class='ocr_line' id='line_1_41' title="bbox 606 3900 3141 4000; baseline -0.005 -24"><span class='ocrx_word' id='word_1_366' title='bbox 606 3907 852 3996; x_wconf 88' lang='lat' dir='ltr'><strong>epulas</strong></span> <span class='ocrx_word' id='word_1_367' title='bbox 901 3913 1190 3999; x_wconf 87' lang='lat' dir='ltr'><strong>Regum,</strong></span> <span class='ocrx_word' id='word_1_368' title='bbox 1246 3930 1433 3978; x_wconf 91' lang='lat' dir='ltr'><strong>more</strong></span> <span class='ocrx_word' id='word_1_369' title='bbox 1466 3909 1675 3978; x_wconf 89' lang='lat' dir='ltr'><strong>trium</strong></span> <span class='ocrx_word' id='word_1_370' title='bbox 1721 3930 2121 4000; x_wconf 91' lang='lat' dir='ltr'><strong>puerorum,</strong></span> <span class='ocrx_word' id='word_1_371' title='bbox 2177 3908 2334 3979; x_wconf 73' lang='lat' dir='ltr'><strong>faba</strong></span> <span class='ocrx_word' id='word_1_372' title='bbox 2364 3909 2465 3978; x_wconf 89' lang='lat' dir='ltr'><strong>vel</strong></span> <span class='ocrx_word' id='word_1_373' title='bbox 2502 3907 2831 3979; x_wconf 77' lang='lat' dir='ltr'><strong>lenticula</strong></span> <span class='ocrx_word' id='word_1_374' title='bbox 2868 3900 3141 3997; x_wconf 78' lang='lat' dir='ltr'><strong>delecta-</strong></span> 
     </span>
     <span class='ocr_line' id='line_1_42' title="bbox 605 3994 3138 4080; baseline -0.004 -14"><span class='ocrx_word' id='word_1_375' title='bbox 605 3996 840 4067; x_wconf 87' lang='lat' dir='ltr'><strong>biliter</strong></span> <span class='ocrx_word' id='word_1_376' title='bbox 898 3997 1321 4067; x_wconf 88' lang='lat' dir='ltr'><strong>vescebatur.</strong></span> <span class='ocrx_word' id='word_1_377' title='bbox 1378 4003 1751 4069; x_wconf 91' lang='lat' dir='ltr'><strong>Decursum</strong></span> <span class='ocrx_word' id='word_1_378' title='bbox 1818 4018 1974 4067; x_wconf 89' lang='lat' dir='ltr'><strong>vero</strong></span> <span class='ocrx_word' id='word_1_379' title='bbox 2021 3996 2453 4068; x_wconf 87' lang='lat' dir='ltr'><strong>decantando</strong></span> <span class='ocrx_word' id='word_1_380' title='bbox 2488 4052 2503 4080; x_wconf 94' lang='lat'><strong>,</strong></span> <span class='ocrx_word' id='word_1_381' title='bbox 2565 3998 2692 4068; x_wconf 88' lang='lat' dir='ltr'><strong>etsi</strong></span> <span class='ocrx_word' id='word_1_382' title='bbox 2764 3994 3024 4066; x_wconf 90' lang='lat' dir='ltr'><strong>sederet</strong></span> <span class='ocrx_word' id='word_1_383' title='bbox 3075 4001 3138 4051; x_wconf 84' lang='lat' dir='ltr'><strong>m</strong></span> 
     </span>
     <span class='ocr_line' id='line_1_43' title="bbox 609 4080 3132 4178; baseline -0.004 -24"><span class='ocrx_word' id='word_1_384' title='bbox 609 4085 929 4177; x_wconf 90' lang='lat' dir='ltr'><strong>prandi0,</strong></span> <span class='ocrx_word' id='word_1_385' title='bbox 981 4108 1320 4156; x_wconf 84' lang='lat' dir='ltr'><strong>excusans</strong></span> <span class='ocrx_word' id='word_1_386' title='bbox 1354 4107 1424 4156; x_wconf 88' lang='lat' dir='ltr'><strong>se</strong></span> <span class='ocrx_word' id='word_1_387' title='bbox 1464 4088 1632 4178; x_wconf 90' lang='lat' dir='ltr'><strong>Regi</strong></span> <span class='ocrx_word' id='word_1_388' title='bbox 1683 4086 1916 4174; x_wconf 90' lang='lat' dir='ltr'><strong>aliquo</strong></span> <span class='ocrx_word' id='word_1_389' title='bbox 1964 4109 2156 4167; x_wconf 91' lang='lat' dir='ltr'><strong>casu,</strong></span> <span class='ocrx_word' id='word_1_390' title='bbox 2192 4100 2270 4157; x_wconf 89' lang='lat' dir='ltr'><strong>ut</strong></span> <span class='ocrx_word' id='word_1_391' title='bbox 2303 4088 2430 4156; x_wconf 91' lang='lat' dir='ltr'><strong>Deo</strong></span> <span class='ocrx_word' id='word_1_392' title='bbox 2471 4086 2783 4157; x_wconf 91' lang='lat' dir='ltr'><strong>redderet</strong></span> <span class='ocrx_word' id='word_1_393' title='bbox 2814 4080 3132 4176; x_wconf 78' lang='lat' dir='ltr'><strong>debitum,</strong></span> 
     </span>
     <span class='ocr_line' id='line_1_44' title="bbox 610 4175 3134 4267; baseline -0.006 -23"><span class='ocrx_word' id='word_1_394' title='bbox 610 4195 682 4244; x_wconf 89' lang='lat' dir='ltr'><strong>se</strong></span> <span class='ocrx_word' id='word_1_395' title='bbox 711 4175 1143 4245; x_wconf 88' lang='lat' dir='ltr'><strong>subducebat</strong></span> <span class='ocrx_word' id='word_1_396' title='bbox 1173 4176 1508 4259; x_wconf 87' lang='lat' dir='ltr'><strong>convivio,</strong></span> <span class='ocrx_word' id='word_1_397' title='bbox 1546 4196 1684 4264; x_wconf 90' lang='lat' dir='ltr'><strong>quo</strong></span> <span class='ocrx_word' id='word_1_398' title='bbox 1731 4198 2029 4267; x_wconf 89' lang='lat' dir='ltr'><strong>egressa,</strong></span> <span class='ocrx_word' id='word_1_399' title='bbox 2085 4176 2372 4246; x_wconf 88' lang='lat' dir='ltr'><strong>Domino</strong></span> <span class='ocrx_word' id='word_1_400' title='bbox 2407 4175 2750 4267; x_wconf 89' lang='lat' dir='ltr'><strong>psalleret,</strong></span> <span class='ocrx_word' id='word_1_401' title='bbox 2788 4184 2852 4242; x_wconf 92' lang='lat' dir='ltr'><strong>et</strong></span> <span class='ocrx_word' id='word_1_402' title='bbox 2882 4176 3134 4239; x_wconf 76' lang='lat' dir='ltr'><strong>curiose</strong></span> 
     </span>
     <span class='ocr_line' id='line_1_45' title="bbox 611 4264 3133 4356; baseline -0.004 -26"><span class='ocrx_word' id='word_1_403' title='bbox 611 4264 1007 4349; x_wconf 90' lang='lat' dir='ltr'><strong>requireret,</strong></span> <span class='ocrx_word' id='word_1_404' title='bbox 1060 4264 1252 4352; x_wconf 91' lang='lat' dir='ltr'><strong>quali</strong></span> <span class='ocrx_word' id='word_1_405' title='bbox 1300 4266 1455 4335; x_wconf 90' lang='lat' dir='ltr'><strong>cibo</strong></span> <span class='ocrx_word' id='word_1_406' title='bbox 1503 4287 1841 4356; x_wconf 84' lang='lat' dir='ltr'><strong>pauperes</strong></span> <span class='ocrx_word' id='word_1_407' title='bbox 1871 4264 2036 4337; x_wconf 83' lang='lat' dir='ltr'><strong>foris</strong></span> <span class='ocrx_word' id='word_1_408' title='bbox 2071 4264 2487 4335; x_wconf 88' lang='lat' dir='ltr'><strong>refecissent.</strong></span> <span class='ocrx_word' id='word_1_409' title='bbox 2531 4265 2771 4335; x_wconf 88' lang='lat' dir='ltr'><strong>Itidem</strong></span> <span class='ocrx_word' id='word_1_410' title='bbox 2817 4267 3133 4329; x_wconf 86' lang='lat' dir='ltr'><strong>nocturno</strong></span> 
     </span>
     <span class='ocr_line' id='line_1_46' title="bbox 612 4349 3130 4445; baseline -0.004 -27"><span class='ocrx_word' id='word_1_411' title='bbox 612 4363 940 4441; x_wconf 89' lang='lat' dir='ltr'><strong>tempore,</strong></span> <span class='ocrx_word' id='word_1_412' title='bbox 999 4375 1158 4422; x_wconf 91' lang='lat' dir='ltr'><strong>cum</strong></span> <span class='ocrx_word' id='word_1_413' title='bbox 1211 4353 1573 4424; x_wconf 89' lang='lat' dir='ltr'><strong>reclinaret</strong></span> <span class='ocrx_word' id='word_1_414' title='bbox 1619 4375 1781 4424; x_wconf 90' lang='lat' dir='ltr'><strong>cum</strong></span> <span class='ocrx_word' id='word_1_415' title='bbox 1832 4355 2187 4445; x_wconf 88' lang='lat' dir='ltr'><strong>principe,</strong></span> <span class='ocrx_word' id='word_1_416' title='bbox 2245 4376 2498 4444; x_wconf 88' lang='lat' dir='ltr'><strong>rogans</strong></span> <span class='ocrx_word' id='word_1_417' title='bbox 2546 4376 2618 4423; x_wconf 94' lang='lat' dir='ltr'><strong>se</strong></span> <span class='ocrx_word' id='word_1_418' title='bbox 2670 4374 2790 4445; x_wconf 90' lang='lat' dir='ltr'><strong>pro</strong></span> <span class='ocrx_word' id='word_1_419' title='bbox 2840 4349 3130 4436; x_wconf 74' lang='lat' dir='ltr'><strong>humana</strong></span> 
     </span>
     <span class='ocr_line' id='line_1_47' title="bbox 615 4426 3129 4534; baseline -0.004 -26"><span class='ocrx_word' id='word_1_420' title='bbox 615 4442 1015 4512; x_wconf 86' lang='lat' dir='ltr'><strong>necessitate</strong></span> <span class='ocrx_word' id='word_1_421' title='bbox 1064 4441 1234 4511; x_wconf 86' lang='lat' dir='ltr'><strong>velle</strong></span> <span class='ocrx_word' id='word_1_422' title='bbox 1281 4465 1724 4534; x_wconf 89' lang='lat' dir='ltr'><strong>consurgere,</strong></span> <span class='ocrx_word' id='word_1_423' title='bbox 1766 4457 1832 4513; x_wconf 90' lang='lat' dir='ltr'><strong>et</strong></span> <span class='ocrx_word' id='word_1_424' title='bbox 1879 4442 2136 4525; x_wconf 56' lang='lat' dir='ltr'><strong>levans</strong></span> <span class='ocrx_word' id='word_1_425' title='bbox 2174 4464 2449 4534; x_wconf 87' lang='lat' dir='ltr'><strong>egressa</strong></span> <span class='ocrx_word' id='word_1_426' title='bbox 2495 4440 2840 4520; x_wconf 88' lang='lat' dir='ltr'><strong>cubiculo,</strong></span> <span class='ocrx_word' id='word_1_427' title='bbox 2881 4426 3129 4505; x_wconf 81' lang='lat' dir='ltr'><strong>tamdm</strong></span> 
     </span>
    </p>
   </div>
  </div>
 </body>
</html>
