3308 5004
671 360 803 427 406
1380 377 1460 424 »Β
1507 377 1563 425 s.
1617 374 1867 424 namu
1913 372 2334 422 munumcx
2802 354 2988 421 AUG.
3043 356 3129 420 ⁴8

564 467 775 547 Quae
804 461 1113 551 quidem,
1156 460 1316 532 licet
1342 459 1687 552 ejusmodi
1717 461 1925 531 rebus
1952 469 2131 530 esset
2161 456 2529 549 insigniter
2572 455 2952 540 nobilitata,
2992 455 3133 526 alia

587 565 817 623 tamen
868 551 938 621 in
990 555 1201 621 Deum
1303 550 1525 621 ietatis
1573 569 1866 620 munera
1915 548 2206 619 minime
2252 546 2573 638 neglexit.
2635 553 2803 619 Nam
2866 546 3134 634 ubique

589 640 1000 718 cernebatur
1045 640 1115 709 in
1148 661 1265 710 ecc
1296 639 1509 709 esiam
1561 639 1680 709 Dei
1727 639 2006 719 intrare,
2063 636 2454 728 templaque
2500 634 2885 728 splendidis
2933 657 3135 705 exor-

588 750 755 801 nare
802 728 1294 799 monimentis:
1346 728 1631 816 inquam
1685 727 1889 799 aedes
1938 748 2168 798 sacras
2218 726 2319 795 vel
2371 726 2441 794 in
2489 724 2802 796 minimis
2835 724 3135 796 urbibus

586 830 958 900 extructas,
1021 839 1221 888 suam
1270 817 1764 908 benignitatem
1823 815 2182 887 ostendere
2232 813 2524 885 licebat:
2587 827 2934 906 praeterea
2977 834 3133 883 eam

583 919 652 978 et
682 907 929 978 decoro
975 906 1365 994 eximioque
1402 917 1742 996 apparatu
1782 903 2262 974 admirabilem
2287 956 2302 983 ,
2345 902 2575 973 videre
2622 924 2826 995 saepe
2872 902 3133 973 versari

583 1018 745 1068 cum
776 995 1245 1077 multitudine,
1290 1007 1356 1066 et
1385 1017 1623 1065 verum
1666 993 1931 1065 cultum
1973 1015 2134 1084 erga
2170 997 2382 1062 Deum
2424 992 2752 1064 omnibus
2783 991 2917 1084 piis
2956 991 3134 1061 vitae

582 1084 831 1156 officiis
869 1085 1241 1155 declarare.

671 1177 707 1263 ξ
755 1176 839 1245 4.
892 1178 1182 1244 Demum
1231 1193 1411 1250 vero,
1468 1192 1627 1243 cum
1680 1183 2001 1241 naturam
2036 1171 2342 1241 satietate
2380 1168 2650 1239 vivendi
2689 1168 3123 1260 explevisset,

580 1275 648 1334 et
694 1263 778 1333 ad
833 1262 1187 1333 meliorem
1236 1273 1489 1332 statum
1539 1271 1962 1340 evocaretur,
2016 1259 2657 1351 octogesimumque
2710 1257 2849 1329 fere
2888 1257 3132 1327 aetatis

583 1373 750 1424 suae
778 1373 1041 1421 annum
1090 1350 1517 1432 confecisset,
1557 1362 1621 1419 et
1670 1349 1757 1419 ad
1796 1361 2177 1419 extremum
2235 1348 2411 1417 vitae
2449 1348 2705 1417 exitum
2805 1369 2969 1437 rope
3015 1368 3133 1416 ve-

582 1441 844 1511 nisset:
899 1439 1195 1510 decrevit
1244 1460 1520 1520 secum,
1580 1437 1956 1526 statuitque
2002 1457 2232 1506 coram
2284 1441 2705 1528 Imperatore
2805 1436 2897 1506 lio
2955 1457 3126 1516 suo,

581 1529 794 1600 unico
841 1529 1154 1631 principe
1194 1528 1439 1599 mundi
1475 1527 1974 1618 potentissimo,
2030 1526 2382 1614 hujusque
2421 1525 2657 1596 liberis
2691 1525 3125 1599 caesaribus,

582 1617 948 1708 nepotibus
996 1640 1141 1690 suls
1174 1672 1190 1699 ‚
1245 1629 1726 1688 testamentum
1779 1638 1986 1687 suum
2037 1614 2301 1684 facere:
2353 1626 2420 1685 et
2466 1614 2868 1705 singulatim
2922 1635 3135 1704 nepo-

581 1707 771 1778 tibus
812 1728 997 1788 suas,
1042 1727 1219 1794 quae
1260 1707 1392 1777 sibi
1419 1706 1488 1774 in
1525 1717 1662 1775 toto
1696 1705 1859 1775 orbe
1900 1716 2237 1776 terrarum
2265 1716 2731 1794 suppeterent,
2769 1702 3137 1773 facultates

582 1796 972 1887 dispertire.
1024 1796 1289 1878 Quibus
1338 1794 1545 1865 rebus
1592 1794 1677 1863 ad
1733 1795 1919 1864 hunc
1970 1792 2257 1864 modum
2305 1793 2720 1874 constitutis,
2774 1814 2901 1862 suo
2948 1791 3127 1871 filio,

583 1898 772 1956 tanto
820 1895 1098 1972 tamque
1143 1884 1394 1954 eximio
1441 1889 1541 1954 Im
1597 1895 1884 1965 emtore,
1939 1881 2075 1973 ipsi
2127 1894 2394 1972 praesto
2440 1882 2824 1959 assistente,
2884 1880 3135 1951 sedulo

582 1973 1019 2054 inserviente,
1072 1984 1138 2043 et
1187 1994 1434 2042 manus
1490 1973 1535 2042 il
1571 1973 1681 2044 ius
1729 1983 2021 2053 tenente,
2077 1971 2286 2042 finem
2337 1971 2429 2040 ita
2479 1970 2749 2040 vivendi
2798 1968 2996 2051 fecit,
3051 1983 3135 2040 ut

581 2062 982 2133 beatissima
1013 2062 1292 2150 quidem
1324 2062 1486 2153 jure
1531 2062 1792 2153 optimo
1843 2082 1977 2131 non
2032 2061 2208 2130 mori
2306 2059 2715 2130 rudentibus
2756 2058 3130 2140 videretur,

584 2151 701 2223 sed
753 2151 959 2221 vitam
1022 2152 1358 2221 caducam
1424 2163 1491 2220 et
1535 2150 1848 2241 fragilem
1905 2170 2065 2219 cum
2128 2171 2247 2219 coe
2278 2148 2403 2217 esti
2452 2161 2515 2218 et
2563 2161 2839 2217 aeterna
2890 2168 3128 2217 revera

581 2253 1033 2311 commutare.
1086 2240 1374 2311 Animus
1421 2239 1636 2331 igitur
1666 2240 1974 2330 corporis
2003 2260 2251 2329 compa
2306 2238 2462 2308 ibus
2510 2236 2804 2318 solutuS‚
2858 2236 2945 2306 ad
3000 2236 3132 2304 im-

585 2329 946 2400 mortalem
994 2341 1059 2399 et
1104 2329 1496 2420 Angelicam
1549 2339 1895 2409 naturam,
1952 2341 2157 2415 atque
2203 2349 2242 2396 a
2295 2348 2375 2396 eo
2408 2326 2495 2395 ad
2536 2326 2767 2419 ipsum
2822 2329 3133 2396 Servato-

582 2439 729 2488 rem
768 2429 1171 2510 assumptus
1217 2431 1320 2488 est
1361 2418 1490 2509 (a).

670 2511 711 2598 ξ
754 2513 840 2579 5.
895 2508 1062 2597 Ejus
1108 2521 1336 2579 autem
1388 2505 1940 2588 tabernaculum,
1995 2505 2382 2595 splendidis
2429 2516 2531 2575 est
2577 2502 2884 2591 exequiis
2928 2501 3136 2573 deco—

581 2610 837 2668 ratum.
890 2602 1057 2668 Nam
1112 2598 1411 2667 maxima
1461 2596 1830 2667 satellitum
1884 2595 2086 2665 turba
2134 2594 2221 2663 ad
2271 2594 2649 2675 civitatem,
2709 2614 2886 2680 quae
2938 2592 3138 2683 prin—

582 2687 806 2778 cipem
842 2686 1068 2756 locum
1099 2699 1278 2756 tenet
1311 2685 1609 2776 imperii,
1646 2684 2078 2774 deportatum
2107 2682 2261 2763 fuit,
2292 2683 2529 2772 ibique
2562 2682 2774 2773 regali
2805 2680 3135 2772 sepulcro

532 2848 537 2851 .
579 2774 965 2847 conditum.
1005 2776 1115 2845 Sic
1155 2775 1366 2866 igitur
1394 2774 1839 2864 Imperatoris
1879 2784 2095 2841 mater
2119 2772 2305 2841 diem
2339 2793 2546 2842 suum
2583 2770 2900 2861 (Romae)
2929 2770 3128 2840 obiit:

582 2886 761 2953 quae
789 2863 1069 2950 quidem
1103 2877 1205 2933 est
1233 2862 1606 2933 immortali
1642 2862 1845 2952 plane
1886 2861 2217 2930 memoria
2265 2860 2701 2941 celebranda,
2746 2882 2885 2929 non
2926 2858 3135 2929 modo

584 2964 865 3043 propter
913 2952 1025 3043 pia
1071 2953 1246 3022 vitae
1293 2951 1541 3033 officia,
1595 2949 1713 3020 sed
1763 2950 1968 3020 etiam
2022 2961 2302 3040 propter
2329 2950 2661 3020 eximium
2696 2947 2870 3019 illud
2908 2960 2975 3018 et
3004 2947 3136 3017 ad-

584 3040 905 3111 mirabile
950 3062 1230 3132 germen
1279 3041 1367 3110 ab
1416 3041 1565 3130 ipsa
1595 3039 1883 3121 editum,
1921 3039 2443 3110 Constantinum
2494 3038 2650 3109 dico
2683 3062 2697 3106 :
2735 3058 2943 3125 quem
2974 3036 3134 3123 qui-

583 3129 740 3199 dem
775 3151 936 3199 cum
983 3130 1071 3201 ob
1103 3143 1406 3200 caeteras
1456 3151 1565 3198 res
1612 3149 1854 3199 omnes
1883 3183 1898 3209 ,
1952 3139 2097 3197 tum
2147 3127 2235 3197 ob
2285 3127 2603 3218 pietatem
2653 3127 2723 3196 iu
2775 3138 3132 3216 parentem

581 3231 650 3288 et
683 3219 1204 3309 procreatricem
1238 3240 1462 3299 suam,
1506 3217 1785 3287 beatum
1820 3215 2138 3304 judicare
2180 3237 2303 3307 par
2340 3229 2488 3286 est:
2531 3216 2652 3304 qui
2700 3214 2922 3296 illam,
2966 3235 3132 3285 cum

577 3306 728 3396 jam
777 3318 974 3377 antea
1026 3308 1272 3399 pietate
1320 3306 1609 3376 minime
1654 3317 1832 3376 esset
1880 3305 2190 3387 imbuta,
2242 3305 2337 3375 ita
2377 3306 2561 3395 piam
2614 3303 2915 3375 reddidit
2959 3316 3040 3373 ut
3083 3325 3126 3371 a

586 3394 814 3486 primo
861 3407 1165 3486 tempore
1212 3396 1498 3475 aetatis,
1566 3394 1653 3463 ab
1710 3394 1861 3484 ipso
1921 3394 2314 3463 communis
2373 3393 2687 3464 omnium
2747 3392 3130 3463 servatoris

584 3506 704 3554 ore
749 3484 1059 3555 instituta
1108 3483 1322 3554 fuisse
1370 3482 1760 3553 videretur:
1813 3483 1908 3553 ita
1952 3483 2156 3552 etiarn
2209 3483 2467 3552 honore
2516 3482 2703 3572 regio
2751 3480 3124 3559 exornavit,

584 3584 666 3643 ut
709 3594 870 3643 cum
920 3571 1105 3663 apud
1155 3594 1395 3642 omnes
1442 3583 1723 3663 genteS,
1779 3584 1923 3642 tum
1981 3570 2166 3662 apud
2215 3593 2379 3653 eoS,
2434 3570 2556 3657 qui
2604 3571 2839 3658 aliquo
2905 3568 3130 3660 gradu

585 3661 873 3731 militari
919 3661 1232 3733 collocati
1279 3674 1507 3730 essent
1540 3716 1555 3741 ,
1608 3666 1917 3752 Augusta
1962 3674 2028 3730 et
2075 3659 2483 3750 Imperatrix
2544 3672 3071 3749 nuncuparetur
3104 3713 3119 3739 ,

586 3772 934 3838 aureaque
982 3750 1404 3820 numismata
1449 3750 1601 3838 ejus
1650 3750 2216 3840 imprimerentur
2261 3747 2510 3840 effigie.
2564 3748 2713 3817 Jam
2774 3770 2929 3817 vero
2980 3747 3130 3816 the-

588 3861 796 3912 sauro
836 3840 1025 3930 regio
1124 3862 1197 3910 ro
1244 3839 1581 3909 arbitratu
1628 3839 1895 3920 utendi,
1952 3859 2210 3928 proque
2255 3837 2473 3906 animi
2533 3837 2890 3917 sententia,
2943 3849 3010 3905 et
3056 3848 3130 3903 ut

586 3929 723 3999 sibi
772 3862 1418 3999 commodissimum
1476 3927 1618 3998 fore
1660 3939 1981 4018 putaret,
2044 3926 2321 4018 singula
2372 3925 2582 3996 libere
2619 3924 3124 4016 dispensandi,

584 4019 778 4090 filius
824 4017 1110 4087 liberam
1161 4018 1221 4087 ei
1271 4017 1428 4087 fecit
1478 4028 1904 4108 potestatem,
1946 4036 2084 4102 quo
2114 4015 2316 4085 etiam
2370 4015 2438 4084 in
2475 4014 2583 4086 his
2617 4015 2948 4084 omnibus
2977 4034 3127 4085 eam

635 4182 699 4228 (a)
729 4181 866 4231 Viget
895 4181 939 4222 Β.
967 4182 1174 4222 Helenae
1202 4178 1427 4223 memoria
1453 4180 1738 4231 praesertim
1765 4180 1941 4219 Bomte
1969 4179 2021 4219 in
2040 4176 2336 4219 nobilissimo
2354 4178 2460 4226 ejus
2480 4177 2679 4223 swano.
2696 4176 2778 4218 ubi
2801 4178 2966 4219 endem
2987 4179 3032 4219 S.
3053 4175 3134 4217 ali·

582 4235 770 4283 quando
797 4232 1033 4275 habitasse
1060 4237 1226 4282 fertur.
1256 4234 1304 4275 in
1334 4233 1467 4275 Atrio
1497 4234 1772 4275 sessoriano
1789 4234 1915 4273 infra
1934 4230 2184 4272 Basilicam
2207 4233 2246 4273 Β.
2270 4228 2432 4272 crucis
2454 4229 2501 4272 in
2520 4232 2801 4277 Jerusalem.
2820 4229 3130 4272 Belenianam

582 4284 697 4327 olim
725 4288 1019 4337 appell-tam.
1049 4289 1095 4329 S.
1123 4289 1435 4338 imperatricis
1464 4287 1710 4338 Reliquiae
1739 4297 1764 4327 e
1792 4285 2087 4336 sarcophago
2114 4283 2446 4336 porphyretico
2475 4285 2557 4325 ubi
2586 4295 2690 4325 eam
2718 4282 2999 4325 condiderat
3016 4288 3129 4326 Cou-

584 4338 823 4381 staminas
839 4338 917 4381 via
931 4339 1166 4382 Las-ioan&
1178 4345 1236 4382 ad
1253 4344 1367 4382 duas
1385 4343 1576 4387 Lauros,
1595 4342 1645 4380 in
1664 4341 1840 4389 templo
1862 4340 1919 4380 ab
1941 4340 2042 4379 eod.
2062 4341 2264 4379 excit-to
2286 4339 2362 4379 SS.
2381 4336 2640 4379 Marcellini
2659 4341 2706 4377 et
2723 4335 2866 4383 Petri,
2884 4336 3133 4389 dispersae

582 4393 643 4432 od
668 4391 1019 4452 {onerationem
1045 4398 1159 4435 sunt
1186 4397 1319 4436 varia
1347 4393 1396 4435 in
1424 4392 1589 4435 Italiae
1617 4395 1665 4433 et
1698 4394 1878 4435 Gaui-e
1908 4404 1961 4433 ac
1991 4391 2244 4442 Hispaniae
2273 4393 2387 4432 ioca.
2417 4392 2615 4443 Egregia
2632 4392 2959 4441 compluribus
2982 4394 3034 4433 in
3052 4394 3129 4433 Ec-

582 4446 746 4487 clesiis
774 4444 945 4487 indicia
972 4449 1130 4489 cultus
1151 4449 1195 4488 8.
1215 4450 1422 4489 Helenae
1441 4450 1759 4497 reperiuntur.
1778 4451 1825 4488 et
1844 4445 2092 4488 literarum
2112 4443 2432 4487 monumentis
2453 4443 2725 4498 consignata
2745 4445 2982 4486 habentur
3000 4457 3131 4497 prse-

583 4499 740 4541 cltrac
759 4501 1002 4541 miraculis
1020 4505 1266 4550 pontumue
1285 4503 1389 4551 eju·
1410 4502 1586 4552 gloriae
1604 4499 1891 4544 testimonia.
