3308 5004
809 352 938 421 742
1594 372 1673 419 nn
1722 372 1778 419 s.
1830 369 2106 420 bonomo
2154 371 2396 419 annua
2970 352 3159 419 AUG.
3196 354 3239 418 311
3282 408 3285 417 .

725 455 974 527 deinde
1006 454 1310 548 plurima
1343 467 1696 546 reputans,
1738 478 1859 546 per
1882 478 2060 543 quae
2092 467 2329 527 coetus
2353 454 2865 528 monachorum
2902 442 3285 531 distribuit·l

722 545 1015 617 Abbates
1063 544 1441 623 constituit,
1476 565 1731 631 eosque
1759 544 2143 615 secundum
2179 566 2220 615 a
2269 549 2343 615 D.
2379 545 2740 617 Benedicto
2776 546 3241 637 praescriptam

725 657 796 705 re
900 633 1036 704 lam
1080 635 1288 704 vitam
1333 632 1649 724 religiose
1683 634 2042 704 traducere
2065 633 2302 724 jussit.

893 728 987 796 8.
1039 728 1196 814 Ipse
1242 735 1499 803 autern,
1533 744 1667 792 non
1720 721 1792 792 in
1843 744 1980 792 uno
2030 721 2181 793 loco
2211 722 2620 803 consistens,
2653 726 3069 824 Aegyptum
3108 744 3243 814 perr

722 812 1014 903 grabat,
1082 811 1272 881 verbi
1314 811 1428 881 Dei
1478 811 1747 881 semina
1793 810 2055 900 ubique
2102 832 2483 903 spargens,
2542 833 2624 881 ex
2660 815 2942 899 qulbus
3006 833 3243 902 magnus

724 900 1156 971 credentium
1214 922 1549 970 numerus
1597 900 1960 983 succrevit,
2012 922 2095 970 ac
2151 915 2502 988 tamquam
2545 922 2708 991 ager
2754 902 3011 988 quivis
3058 900 3243 971 fertilis

724 1012 1017 1061 messem
1061 989 1410 1081 copiosam
1468 988 1911 1077 fructumque
1957 1002 2022 1060 et
2068 990 2548 1069 centesimum,
2598 1001 2666 1058 et
2710 990 3241 1081 sexagesimum.
3282 1004 3285 1037 ³

718 1091 785 1149 et
818 1076 1248 1170 trigesimum
1284 1077 1647 1180 produxit:
1701 1100 1859 1148 cum
1914 1078 2133 1165 signis
2192 1077 2396 1148 etiam
2460 1090 2664 1166 atque
2719 1077 3103 1149 miraculis
3141 1077 3242 1147 edi·

724 1169 834 1249 tis,
887 1188 1128 1238 eorum
1184 1187 1455 1237 animos
1503 1165 1591 1241 ad
1641 1189 1845 1237 aures
1893 1166 2325 1237 adhibendas
2376 1164 2768 1254 frequenter
2817 1177 3233 1258 permoveret

725 1257 835 1328 Sic
885 1278 1046 1326 cum
1097 1254 1267 1331 sorte
1314 1256 1384 1323 in
1435 1255 1595 1324 navi
1642 1256 1991 1346 Aegyptiis
2040 1255 2559 1338 mercatoribus,
2602 1255 2877 1344 quibus
2934 1278 3097 1326 cum
3136 1255 3237 1324 Ale-

722 1345 1084 1415 xandriam
1128 1344 1270 1414 una
1320 1344 1711 1434 navigabat,
1766 1344 2112 1416 Christum
2146 1344 2651 1426 annunciaret,
2703 1357 2773 1414 et
2822 1344 3073 1417 subita
3115 1357 3236 1414 tem·

728 1449 956 1524 pestas
995 1446 1226 1503 exorta
1260 1433 1330 1502 in
1378 1447 1644 1503 certum
1695 1455 1936 1505 omnes
1982 1433 2158 1502 vitae
2188 1433 2562 1503 discrimen
2596 1434 3014 1525 conjiceret,
3054 1433 3231 1519 illique

722 1522 1042 1602 attoniti,
1097 1534 1162 1591 et
1214 1521 1407 1591 omni
1477 1521 1614 1591 alia
1664 1543 1785 1612 spe
1852 1521 2183 1602 destituti,
2241 1527 2450 1592 Deum
2499 1543 2702 1609 quem
2767 1522 2961 1613 ipsis
3018 1543 3230 1592 annun·

722 1613 948 1682 ciabat
979 1633 1051 1680 se
1082 1609 1360 1681 credere
1400 1609 1715 1701 professi,
1756 1610 1842 1679 ad
1878 1610 2032 1699 ejus
2068 1632 2268 1702 opem
2307 1610 2780 1702 confugerent,
2817 1612 3220 1683 obtestantes,

720 1715 797 1772 ut
834 1722 957 1792 pro
993 1699 1214 1769 salute
1260 1700 1576 1769 omnium
1629 1704 1842 1769 Deum
1895 1720 2102 1770 suum
2152 1699 2660 1790 deprecaretur.
2716 1713 3126 1790 nuncupato
3154 1699 3224 1766 in·

722 1812 936 1879 super
983 1800 1136 1858 voto
1184 1788 1569 1859 Christiana
1620 1809 1816 1859 sacra
1864 1810 1937 1858 se
1969 1800 2438 1878 suscepturoS,
2477 1788 2535 1858 si
2586 1810 2930 1878 praesens
2976 1789 3112 1877 ejus
3138 1808 3216 1853 nu·

726 1901 884 1948 men
946 1876 1208 1968 experti
1258 1875 1428 1947 salvi
1475 1877 1889 1959 evaderent,
1944 1889 2307 1968 postquam
2358 1875 2441 1946 ad
2497 1899 2784 1968 precum
2849 1876 3210 1980 praesidium

729 1979 1013 2038 sanctus
1062 1987 1134 2035 se
1180 1966 1513 2036 convertit
1574 1966 1972 2046 BononiuS,
2029 1977 2397 2068 tempestas
2464 1978 2740 2057 repente
2791 1966 3205 2044 discussam

725 2055 1057 2125 serenitas
1094 2053 1360 2124 reddita
1392 2067 1515 2134 est,
1553 2067 1620 2125 et
1657 2054 2131 2125 Alexandriam
2169 2054 2553 2125 incolumes
2590 2053 2678 2124 ad
2730 2070 3010 2145 portum
3037 2070 3208 2146 omne}

725 2144 1249 2235 applicuerunt;
1305 2164 1426 2212 nec
1478 2164 1691 2224 mora,
1745 2166 1920 2231 quos
1965 2141 2053 2212 ad
2102 2143 2119 2211 i
2177 2147 2324 2213 sius
2374 2165 2608 2233 preces
2655 2166 2736 2213 ex
2792 2145 3028 2214 mortis
3066 2159 3209 2228 quast

724 2231 1046 2303 saucibus
1096 2236 1273 2301 Deus
1305 2232 1676 2323 eripuerat,
1723 2232 1794 2301 in
1827 2233 1928 2302 eis
1977 2253 2099 2322 per
2174 2231 2452 2323 aptismi
2487 2232 2789 2323 gratiam
2841 2234 2981 2326 ipse
3017 2247 3205 2300 noram

720 2324 930 2392 vitam
986 2332 1346 2390 restaurat.

809 2414 846 2499 ἓ
896 2414 982 2483 4.
1035 2413 1217 2479 Haec
1264 2408 1483 2478 aliave
1529 2407 1838 2499 ejusdem
1889 2408 2160 2499 generis
2207 2409 2619 2480 admiranda
2668 2432 2874 2501 opera
2915 2407 3199 2479 celebrem
3284 2414 3285 2481 l

722 2523 883 2570 eum
936 2521 1057 2589 per
1103 2497 1579 2568 Alexandriam
1646 2498 1930 2569 effecere
1964 2554 1979 2580 ,
2031 2521 2328 2587 quorum
2396 2499 2651 2570 civium
2720 2524 2806 2569 ne
2858 2497 3024 2568 favor
3058 2515 3195 2562 eum

726 2588 1023 2657 nimium
1073 2586 1422 2657 extolleret
1479 2610 1560 2658 ac
1621 2599 2088 2658 transversum
2154 2599 2407 2679 ageret,
2478 2587 2659 2659 clam
2711 2587 2850 2658 inde
2887 2600 3193 2682 θςζθξεῃδ,

722 2675 1095 2767 Babylonis
1142 2676 1228 2746 ad
1278 2677 1572 2745 amicam
1623 2677 2067 2748 solitudinem
2130 2677 2379 2748 iterum
2445 2680 2744 2760 secessit,
2787 2674 2898 2744 ubi
2935 2667 3195 2771 rig-llys,

713 2766 1031 2856 jejuniiS,
1086 2765 1516 2836 orationibus
1547 2819 1562 2847 ,
1618 2766 1889 2855 piisque
1926 2766 2084 2836 aliis
2133 2767 2472 2837 bonorum
2537 2787 2819 2859 operum
2859 2772 3200 2834 exercitus,

719 2879 879 2926 curn
926 2856 1075 2945 ipse
1124 2855 1365 2926 sedulo
1411 2876 1692 2945 operam
1744 2855 1976 2937 daret,
2032 2867 2178 2925 tum
2238 2854 2396 2925 aliis
2442 2856 2620 2925 vitae
2678 2856 2856 2926 viam
2909 2847 3201 2944 praeibat,

720 2944 1499 3037 praemonstrabatque:
1552 2965 1776 3031 neque
1825 2944 2216 3035 potentibus
2279 2943 2681 3025 blanditus,
2732 2957 2805 3015 et
2858 2961 3074 3013 eorum
3110 2955 3204 3026 per

721 3046 992 3124 turpem
1041 3032 1505 3102 adulationem
1557 3033 1936 3103 amicitiam
1987 3054 2067 3103 ac
2114 3031 2410 3102 favorem
2462 3033 2673 3104 nimis
2726 3032 2992 3125 abjecte
3034 3045 3199 3125 appe-
3280 3111 3281 3118 ἵ

720 3134 893 3203 tens,
937 3142 1156 3209 neque
1196 3134 1424 3191 tamen
1455 3142 1570 3190 eos
1603 3121 1923 3208 quamvis
1954 3121 2289 3212 superbos
2318 3133 2384 3190 et
2413 3120 2794 3194 insolentes
2830 3145 2949 3214 per
2975 3120 3205 3189 nimiam
3280 3127 3281 3140 ¹

719 3211 1186 3281 austeritatem
1223 3208 1696 3301 negligendos,
1724 3209 2197 3301 aspernandos
2219 3232 2299 3279 ac
2329 3210 2785 3280 fastidiendos
2819 3211 2956 3283 sibi
2980 3208 3215 3278 ducens:

719 3299 849 3369 hoc
877 3298 1185 3386 quidem,
1238 3311 1315 3369 ut
1361 3298 1690 3369 omnibus
1730 3299 1962 3368 omnia
2010 3297 2233 3369 factus
2279 3320 2520 3370 omnes
2567 3298 3048 3371 lucrifaceret:
3084 3289 3222 3363 illud

718 3400 974 3469 autem,
1028 3387 1303 3457 divinae
1365 3386 1555 3457 illius
1605 3409 1741 3457 non
1792 3387 2157 3458 immemor
2213 3388 2775 3458 comminationis
2842 3382 3222 3460 Ezechielis·-

729 3481 858 3546 Vae
890 3477 1072 3547 vobis
1101 3478 1226 3567 qui
1267 3475 1585 3545 consilicis
1624 3478 1953 3567 pulvillos
1990 3487 2052 3546 et
2090 3479 2457 3548 cervicalia
2495 3478 2616 3547 sub
2668 3480 2859 3547 omni
2911 3479 3124 3548 cubitu
3168 3467 3235 3538 ad

718 3564 1146 3655 decipiendas
1194 3566 1483 3635 animas,
1536 3570 1702 3635 Ecce
1749 3588 1871 3658 eqo
1920 3565 2339 3659 disrumpam
2385 3589 2532 3648 eos,
2594 3577 2672 3636 ut
2720 3590 2852 3636 non
2914 3570 3099 3637 ultra
3154 3580 3235 3628 cn·

719 3656 931 3746 piatis
978 3656 1246 3723 animas
1287 3656 1610 3724 volantes.
1640 3649 1784 3745 (Em
1811 3679 1960 3745 cap.
1995 3654 2166 3745 1111).
2209 3658 2356 3726 Non
2417 3654 2534 3725 ille
2586 3659 2953 3746 prosperis
2986 3652 3236 3745 nimiutn

714 3744 1149 3825 efferebatur,
1203 3742 1490 3812 adversa
1537 3766 1699 3814 eum
1748 3743 2045 3814 deficere
2080 3765 2214 3813 non
2255 3756 2588 3834 poterant.
2640 3749 2782 3814 Pau
2836 3766 3050 3815 erum
3100 3738 3236 3811 indt-

718 3833 1022 3924 gentiam
1076 3854 1212 3901 non
1265 3843 1530 3901 tantum
1567 3832 1715 3922 ipse
1749 3854 1833 3903 su
1886 3831 2174 3913 levabat,
2220 3831 2339 3902 sed
2372 3831 2461 3903 ad
2494 3855 2694 3924 opem
2737 3833 2784 3903 il
2823 3834 2887 3904 is
2924 3830 3237 3904 ferendam
3274 3887 3275 3892 ,

718 3922 926 3992 etiam
981 3920 1226 3993 divites
1280 3920 1521 3991 sedulo
1567 3921 2080 4003 exhortabatur,
2132 3944 2213 3991 ac
2269 3921 2621 3992 incitabat.
2676 3927 2754 3992 Et
2805 3936 2949 3993 tam
3003 3918 3235 4012 quidem

721 4032 884 4101 erga
924 4009 1097 4080 alios
1126 4009 1464 4080 solicitam
1506 4030 1747 4079 curam
1782 4010 2102 4100 gerebat:
2150 4011 2171 4079 i
2226 4032 2298 4080 se
2329 4024 2558 4082 autem
2589 4011 2657 4080 in
2695 4025 3043 4104 suscepta
3077 4002 3235 4081 semel

721 4100 900 4168 vitae
947 4099 1341 4168 austeritate
1375 4119 1843 4189 perseverans,
1899 4120 2022 4190 pro
2059 4033 2250 4169 mofli
2282 4097 2454 4169 lecto
2485 4097 2735 4169 duram
2776 4100 3118 4182 humum,
3158 4113 3233 4187 pm
3272 4171 3273 4174 ,

720 4187 1032 4258 delicatis
1066 4186 1586 4258 linteaminibus
1626 4209 1950 4277 asperum
1993 4187 2327 4269 cilicium,
2382 4210 2506 4279 pro
2544 4188 2874 4259 cervicali
2918 4182 3265 4278 commode·

721 4276 1050 4366 lapidem,
1104 4276 1221 4345 cui
1267 4287 1475 4366 caput
1521 4275 1912 4359 inclinaret,
1948 4276 2440 4358 commutabat,
2478 4298 2558 4346 ac
2593 4277 2691 4348 sic
2774 4279 3261 4368 uiescereoea,

722 4377 1057 4447 sueverat,
1105 4366 1165 4434 si
1213 4365 1408 4452 quies
1454 4365 1750 4435 dicenda
1795 4377 1943 4446 est,
2014 4387 2192 4453 quae
2220 4366 2513 4457 jugibus
2562 4387 2685 4467 per
2785 4366 2884 4438 ies
2944 4382 3020 4440 et
3068 4375 3229 4438 noct&

719 4452 1148 4526 orationibus
1180 4453 1619 4545 fatigabatur,
1674 4455 1769 4524 ita
1794 4453 2102 4542 quidem,
2149 4467 2226 4526 ut
2262 4453 2534 4525 Davidis
2566 4453 2747 4527 illud
2774 4456 2917 4528 sibi
2954 4478 3133 4531 usur
