3308 5004
711 333 843 399 404
1423 351 1503 398 na
1550 351 1607 399 s.
1661 349 1909 398 naemu
1955 345 2371 397 inmanium
2838 326 3012 393 ΑΗΕ.
3062 327 3133 392 18

620 430 891 502 manetis
919 484 935 513 ,
999 431 1339 501 extinctus
1391 443 1515 501 est.
1578 435 1658 500 Et
1726 430 1898 500 dum
1948 429 2228 520 saepius
2279 439 2644 500 renovatur
2697 426 3135 497 nutrientibus

622 519 923 610 pabulis,
959 519 1207 590 iterum
1250 532 1370 678 atq

617 629 801 677 rum.
853 613 930 680 Et
973 631 1134 679 cum
1168 609 1319 678 exin
1375 630 1412 679 e
1443 608 1670 698 magis
1701 627 2040 698 tyrannus
2081 607 2313 677 furore
2346 605 2557 678 simul
2598 617 2777 677 esset
2802 618 2866 675 et
2913 605 3139 675 rubore

615 696 942 787 repletus,
975 698 1189 788 jussit
1234 719 1349 768 eos
1392 718 1740 768 remorum
1777 696 2092 767 vectibus
2124 697 2421 777 enecari,
2473 707 2540 765 et
2588 694 2684 766 ita
2730 694 3032 796 singulos
3074 696 3135 762 in

618 784 902 857 modum
961 809 1217 858 canum
1286 787 1588 857 cerebris
1646 785 2097 856 comminutis
2162 785 2496 875 extingui.
2552 784 2685 868 Qui
2752 783 2869 854 tali
2915 803 3137 875 genere

618 875 881 956 mortiS,
933 874 1246 946 debitum
1296 876 1619 966 spiritum
1667 874 1958 945 feliciter
2006 875 2296 945 Domino
2359 873 2834 945 reddiderunt.
2886 877 3010 943 Nec
3043 893 3137 941 ex-

623 976 956 1054 paverunt
1004 965 1213 1055 lignis
1252 966 1726 1053 quatientibus
1768 963 2193 1046 mortificari,
2238 964 2497 1052 quibus
2532 985 2806 1053 semper
2842 961 2967 1032 fuit
2997 982 3135 1051 spes

618 1052 848 1122 omnis
896 1053 983 1122 in·
1015 1053 1208 1144 ligno
1236 1056 1294 1123 ⁴⁸.
1349 1053 1479 1124 Sed
1509 1076 1671 1124 cum
1701 1054 1771 1123 in
1823 1054 2000 1124 mari
2038 1052 2464 1123 venerabilia
2491 1074 2782 1143 corpora
2819 1053 3133 1142 jactaren-

621 1154 756 1223 tur,
808 1140 1028 1233 ilico(
1082 1141 1213 1212 uod
1263 1155 1501 1212 contra
1542 1156 1862 1213 naturam
1893 1155 1996 1213 est
2041 1142 2394 1231 aequoris)
2438 1144 2680 1212 eadem
2728 1142 2896 1212 hora
2929 1138 3136 1209 illaesa

618 1252 908 1320 corpora
969 1165 1260 1332 pelagus
1307 1230 1488 1302 litori
1556 1231 1842 1302 reddere
1893 1232 2300 1302 maturavit:
2366 1253 2496 1301 nec
2541 1253 2794 1301 ausum
2841 1229 3003 1312 fuit,
3074 1238 3137 1296 ut

620 1319 835 1389 moris
877 1331 1001 1401 est,
1059 1321 1381 1391 triduana
1427 1319 1764 1391 dilatione
1806 1322 1876 1391 in
1916 1319 2260 1410 profundo
2314 1321 2630 1402 retinere,
2674 1342 2760 1390 ne
2809 1329 3135 1410 praecepto

622 1408 981 1478 Dominico
1063 1409 1346 1479 minime
1419 1410 1782 1500 paruisset.
1858 1409 1952 1480 Ad
2020 1410 2203 1497 quod
2262 1409 2581 1480 miraculi
2629 1431 2852 1500 genus
2891 1421 2957 1477 et
3011 1407 3137 1496 ipse

621 1509 982 1587 tyrannus,
1038 1495 1192 1568 licet
1239 1498 1726 1586 impoenitens,
1781 1512 1859 1569 ut
1905 1498 2146 1579 fertur,
2184 1498 2539 1589 expiravit.
2588 1498 2909 1569 Gaudens
2937 1510 3136 1593 autent

620 1606 801 1672 quae
843 1585 1080 1656 aderat
1120 1586 1560 1669 ,multitud0‚
1626 1610 1917 1678 corpora
1967 1600 2361 1659 sanctorum
2424 1600 2807 1677 martyrum
2858 1586 3138 1676 diligenti

625 1674 906 1747 tradidit
952 1675 1370 1767 sepulturae,
1427 1691 1799 1768 praeeunte
1828 1678 2011 1747 clero
2059 1676 2432 1747 venerabili
2472 1676 3019 1768 carthaginensis
3053 1695 3138 1742 ec-

623 1762 896 1835 clesiae.
952 1765 1080 1835 Ubi
1111 1766 1319 1835 etiam
1352 1777 1418 1836 et
1468 1766 2290 1857 praedicandidiaconeS‚
2323 1766 2517 1837 tertio
2551 1767 2700 1858 jam
2751 1764 3139 1837 confessores

621 1853 867 1935 effecti,
924 1853 1263 1924 Salutaris
1329 1867 1394 1925 et
1442 1856 1764 1936 Mur-itta,
1821 1857 2045 1946 geruli
2107 1856 2559 1944 reliquiarum
2608 1854 2973 1925 affuerunt.
3022 1855 3139 1919 Hu-

624 1952 849 2011 matae
895 1955 1059 2013 sunt
1106 1944 1320 2034 igitur
1352 1965 1513 2015 cum
1558 1944 1841 2034 hymnis
1892 1944 2322 2015 solemnibus
2371 1945 2685 2046 lipsanae
2732 1946 2962 2015 beatae
3004 1960 3137 2010 san-

624 2041 922 2117 ctorum,
981 2032 1051 2100 in
1105 2034 1521 2104 monasterio
1567 2035 1641 2103 Bi
1746 2055 1861 2115 ae,
1916 2034 2245 2126 contiguo
2285 2033 2643 2114 basilicae,
2699 2055 2875 2122 quae
2919 2030 3138 2101 dicitur

626 2118 1043 2190 Celebrinae.
1097 2126 1174 2190 Et
1213 2122 1311 2192 sic
1378 2122 1448 2192 in
1499 2144 1627 2192 con
1661 2123 1929 2194 essione
1974 2123 2325 2193 Trinitatis
2394 2123 2774 2193 beatissimi
2843 2130 3136 2207 martyres

629 2209 816 2310 passi
867 2224 1052 2289 sunt,
1098 2221 1171 2280 et
1218 2212 1608 2302 speciosum
1658 2233 1945 2283 cursum
1995 2213 2397 2282 certaminis
2443 2213 2578 2294 sui,
2632 2223 2995 2282 coronante
3037 2211 3136 2275 Do·

623 2318 841 2455 anino,
898 2298 1367 2390 perfecerunt:
1421 2302 1543 2371 Cui
1582 2313 1686 2371 est
1731 2300 1953 2372 honor
2000 2314 2065 2372 et
2111 2302 2332 2394 gloria
2365 2302 2434 2371 in
2468 2301 2705 2372 secula
2754 2299 3130 2372 seculorum,

679 2406 862 2456 men.
1693 2403 1698 2410 ·

1422 2546 1574 2646 DE
1670 2547 1750 2647 s
1848 2545 2386 2648 HELENA

1207 2781 1483 2849 MATRE
1532 2783 2068 2883 CONSTANTINI
2117 2781 2375 2851 MAGNI
2423 2786 2592 2852 IMP.

622 2962 705 3008 Ex
748 2957 1003 3008 EUSEBII
1050 2959 1515 3009 CAESAREENSIS
1561 2960 1844 3011 Et’lscol’t
1879 2963 1958 3009 ΒΕ
1997 2961 2141 3009 VITA
2176 2959 2456 3011 EJUsnEu
2496 2962 2936 3023 CONSTANTINI,
2970 2960 3078 3008 Lm.
3107 2936 3138 3000 3
3265 2916 3266 2983 1

919 3061 1302 3110 muraenam
1346 3063 1589 3137 sommi
1635 3062 2231 3114 CHRISTOPHORSONO
2278 3066 2550 3115 maman
2596 3066 2892 3117 EPISCOPO

1251 3201 1442 3259 Obiit
1478 3202 1662 3259 circa.
1702 3202 1825 3259 32¹7
1865 3229 1947 3242 —-
1985 3199 2215 3261 Patr-16
2255 3204 2543 3265 incerta.

713 3345 751 3431 ἓ
798 3349 875 3417 1.
930 3346 1188 3417 Helena
1236 3357 1455 3417 mater
1492 3348 1947 3430 Constantini,
2000 3371 2158 3420 cum
2195 3355 2328 3420 Deo
2364 3353 2683 3423 omnium
2733 3340 3137 3445 gubernatori

627 3432 941 3504 debitum
993 3435 1147 3525 piae
1218 3436 1469 3505 mentis
1520 3449 1589 3507 et
1649 3438 2035 3509 affectionis
2084 3460 2344 3510 munus
2401 3441 2754 3531 impertire
2816 3443 2888 3512 in
2938 3436 3139 3508 animo
3265 3460 3266 3467 ¹

627 3522 932 3623 liaberet,
958 3535 1032 3626 ‚et
1064 3545 1189 3614 pro
1223 3523 1371 3593 filio
1395 3546 1544 3607 suo,
1576 3539 1759 3596 tanto
1792 3540 2025 3598 ettam
2069 3528 2420 3618 praeclaro
2445 3534 2887 3621 Imperatore,
2915 3541 3140 3620 proque

626 3612 867 3683 liberis
912 3633 1065 3699 ejus
1113 3613 1541 3696 Caesaribus,
1597 3620 1730 3686 Deo
1761 3616 2221 3699 charissimiS,
2276 3618 2425 3689 suis
2478 3621 2880 3710 nepotibus»,
2917 3612 3138 3709 gratias

625 3722 753 3792 per
791 3721 1026 3802 preces
1071 3723 1224 3773 esse
1260 3703 1566 3794 agendas
1616 3718 1922 3796 putaret:
1974 3718 2189 3776 aetate
2227 3707 2375 3798 jam
2440 3708 2967 3800 ingravescente,
3019 3700 3139 3771 sin·-

627 3789 860 3891 gulari
925 3789 1229 3878 quodam
1307 3792 1597 3863 consilio
1644 3807 1711 3864 et
1759 3794 2046 3885 provida
2091 3796 2312 3867 animi
2377 3799 2828 3888 cogitatione,
2886 3807 3138 3877 vereque

626 3901 842 3970 regia,
894 3879 1217 3964 adducta,
1273 3902 1562 3972 propere
1611 3883 1832 3954 instar
1874 3883 2427 3956 adolescentulae
2476 3887 2701 3969 venit,
2754 3899 2895 3958 tum
2939 3897 3137 3953 sacm-

628 3981 940 4040 sanctam
992 3980 1243 4040 terram
1290 3972 1512 4044 oculis
1545 3971 1944 4053 lustratum,
2001 3986 2148 4044 tum
2189 3987 2430 4066 gentes
2481 3976 2820 4047 Orientem
2872 3968 3137 4043 incolen-

627 4068 753 4140 teS‚
809 4056 1218 4149 plebemque
1266 4060 1521 4150 pariter
1567 4083 1649 4131 ac
1697 4061 1935 4154 populi
1986 4062 2506 4135 multitudinem
2560 4074 3019 4157 conspectura.
3059 4057 3136 4155 pc

628 4160 1077 4248 posteaquam
1109 4148 1180 4217 in
1228 4148 1423 4231 loeiS,
1459 4150 1532 4219 in
1559 4150 1824 4237 quibus
1849 4153 2224 4224 Servatoris
2259 4166 2459 4224 erant
2486 4154 2821 4246 impressa
2854 4147 3128 4245 vestigia,

627 4233 930 4306 debitam
981 4238 1483 4310 venerationem
1520 4239 1954 4323 adhibuerat,
2000 4240 2211 4329 idque
2238 4244 2722 4315 convenienter
2767 4238 3129 4334 prophetico

628 4324 957 4407 sermoni,
1004 4326 1306 4398 dicenti:
1383 4330 1828 4400 Arbor-abimus
1887 4332 1960 4401 in
1999 4333 2178 4413 loco,
2228 4334 2350 4402 ubi
2388 4342 2712 4405 steterunt
2758 4329 2948 4424 pedes
3005 4323 3129 4413 ejus

684 4443 711 4466 ⁰
736 4444 872 4493 Quod
888 4447 984 4489 est:
1002 4444 1053 4489 ln
1071 4449 1220 4492 cruce
1234 4448 1438 4493 nomint.

1370 540 1456 589 ue
1492 519 1744 590 iterum
1785 519 2318 610 extinguebatur
2363 539 2574 620 rogus
2615 516 2818 608 globo
2846 516 3138 586 flamma·
3265 479 3266 554 Ῐ
