3308 5004
658 331 789 396 582
1336 346 1417 395 ιιι
1462 346 1522 396 s.
1573 342 2079 395 ammomum
2124 344 2344 396 trost.
2794 326 2985 396 Λυσι.
3035 328 3138 396 2⁸

569 432 814 524 legalis
847 454 929 502 ex
974 429 1525 522 imputribilibus
1564 429 1777 521 lignis
1815 429 2065 501 sethim
2119 454 2182 500 m
2238 430 2414 505 stica
2458 429 2683 501 fuerat
2731 444 2875 501 arte
2930 451 3142 501 com—

570 522 818 623 posita,
871 543 1043 592 auro
1088 541 1365 608 quoque
1414 519 1789 610 purissimo
1822 519 2181 610 resplende
2233 513 2324 600 at',
2378 520 2568 590 intus
2597 533 2667 589 et
2697 521 3146 590 extrinsecus

571 624 914 692 inaurata;
968 611 1063 680 ita
1108 610 1212 679 vir
1278 610 1404 679 iste
1460 608 1847 690 mirabilis,
1899 609 2022 696 qui
2094 630 2289 699 spem
2339 630 2538 679 suam
2585 609 2655 678 in
2727 610 3146 680 aeternitate

574 713 919 790 posuerat,
963 713 1030 769 et
1059 698 1358 769 exterius
1414 697 1730 769 radiabat
1777 697 2150 768 imitandae
2200 699 2375 768 vitae
2439 697 2830 788 splendore,
2905 712 2973 769 et
3015 700 3142 768 in·

572 789 916 860 trinsecus
957 787 1396 879 praelucebat
1440 787 1716 858 divinae
1744 787 2123 877 sapientiae
2168 785 2501 857 claritate.
2541 792 2618 857 In
2673 786 2792 858 illa
2850 809 3146 876 quoque

571 899 730 947 arca
779 889 925 947 erat
965 899 1141 948 urna
1181 897 1415 956 aurea,
1461 876 1533 945 in
1573 898 1713 964 qua
1761 898 2017 946 manna
2071 877 2496 957 servabatur,
2554 876 2827 947 tabulae
2874 877 3148 948 nihilo·

571 967 809 1038 minus
857 965 1291 1047 testamenti,
1367 979 1435 1035 et
1487 967 1682 1056 virga
1727 969 1945 1036 Aaron
1982 1020 1999 1041 .
2064 986 2244 1053 quae
2314 964 2741 1036 fronduerat.
2793 965 2974 1049 Quid
3028 981 3148 1037 est

570 1069 798 1125 autem
836 1078 1014 1126 urna
1062 1076 1295 1137 aurea,
1350 1054 1484 1125 nisi
1543 1076 1705 1125 caro
1752 1054 1998 1125 Christi
2041 1054 2349 1136 munda,
2403 1055 2713 1135 sincera,
2785 1069 2994 1142 atque
3046 1056 3146 1126 ab

570 1145 761 1214 omni
837 1159 1066 1215 reatus
1153 1143 1562 1234 contagione
1639 1144 2072 1232 purissima?
2141 1147 2328 1227 Quae
2406 1144 2837 1214 reconditum
2921 1144 3147 1215 habet

573 1256 854 1315 manna,
908 1234 1309 1324 Angelicum
1361 1231 1678 1303 videlicet
1726 1254 2000 1323 panem,
2053 1233 2183 1303 hoc
2231 1244 2333 1303 est
2378 1232 2761 1302 divinitatis
2806 1245 3145 1303 aeternae

569 1321 1037 1393 dulcedinem.
1095 1327 1278 1392 Duae
1325 1342 1482 1392 vero
1534 1321 1845 1411 lapideae
1909 1321 2184 1392 tabulae
2232 1319 2698 1392 inviolabilem
2762 1321 3147 1410 utriusque

571 1412 959 1481 testamenti
1018 1411 1418 1503 significant
1450 1409 1871 1481 firmitatem.
1925 1411 2101 1493 Quid
2150 1423 2378 1481 autem
2430 1415 2649 1481 Aaron
2704 1411 2936 1502 virga,
2991 1412 3142 1481 nisi

570 1501 832 1569 summi
886 1500 1163 1588 verique
1210 1499 1563 1570 Pontificis
1611 1499 1825 1571 nostri
1889 1499 2194 1570 salutare
2251 1498 2612 1581 vexillum,
2692 1514 2758 1570 et
2817 1500 3145 1571 vivificae

572 1589 807 1660 Crucis
839 1589 1163 1679 exprimit
1200 1600 1715 1659 sacramentum
1743 1591 1775 1657 ‘l
1821 1593 2008 1671 Quae
2053 1589 2262 1659 etiam
2324 1589 2393 1657 in
2443 1611 2562 1665 eo.
2616 1588 2800 1676 quod
2863 1591 3139 1690 germi-

569 1700 774 1748 nasse
823 1678 1246 1770 perhibetur,
1305 1678 1797 1768 praefiguravit
1848 1678 2120 1748 beatam
2174 1681 2459 1749 Crucem
2509 1676 2923 1749 immortalis
2982 1701 3142 1749 me·

572 1767 831 1837 moriae
878 1767 1223 1860 viriditate
1260 1780 1683 1837 vernantem.

658 1858 695 1943 §
740 1860 822 1929 S.
875 1861 1055 1926 Haec
1104 1868 1269 1925 sunt
1313 1868 1747 1926 sacramenta
1792 1854 2208 1926 universalis
2255 1855 2628 1937 Ecclesiae,
2699 1854 2867 1926 haec
2914 1857 3136 1927 etiam

569 1943 894 2014 salutaris
932 1944 1295 2015 instructio
1339 1945 1846 2033 cujuscumque
1885 1943 2109 2015 fidelis
2146 1946 2421 2014 animae
2441 1944 2895 2015 Christianae.
2929 1945 3134 2028 Quod

565 2033 755 2103 enim
810 2055 970 2104 arca
1021 2055 1142 2123 per
1186 2032 1673 2110 adumbratam
1735 2033 2222 2123 praetendebat
2271 2033 2647 2125 imaginem
2681 2088 2696 2114 ‚
2751 2033 2881 2103 hoc
2936 2057 3135 2105 nuuc

569 2121 897 2204 Ecclesia,
953 2122 1051 2193 vel
1083 2143 1397 2210 quaeque
1437 2145 1634 2192 mens
1675 2121 1851 2210 ,iusti
1901 2145 2022 2212 per
2065 2122 2648 2203 efficacissimam,
2700 2134 2767 2192 et
2812 2137 3132 2213 apertam

569 2211 875 2300 possidet
925 2213 1298 2282 veritatem.
1357 2215 1538 2282 Haec
1597 2211 1773 2282 beati
1826 2209 2127 2302 Apostoli
2177 2212 2508 2300 mysticae
2557 2211 2949 2282 refectionis
2998 2211 3136 2282 ali·

569 2314 801 2370 menta
852 2303 1239 2392 portabant,
1276 2300 1446 2370 haec
1472 2315 1824 2388 tamquam
1865 2321 2110 2389 panem
2166 2301 2471 2390 parvulis
2503 2300 2911 2389 exponendo
2943 2300 3138 2371 fran-

571 2390 847 2478 gebant.
888 2396 1054 2460 Nam
1097 2402 1462 2481 postquam
1505 2394 1685 2458 Evan
1739 2389 1958 2459 elicus
1998 2388 2113 2458 ille
2139 2393 2375 2459 Sermo
2411 2390 2751 2479 prorupit,
2789 2391 3128 2476 quoniam

566 2479 842 2568 aperuit
878 2479 1020 2552 illis
1050 2501 1358 2560 sensum,
1412 2490 1489 2549 ut
1538 2412 1996 2569 inteffigerent
2043 2478 2458 2569 Scripturas,
2517 2478 2916 2570 prophetica
2963 2499 3137 2568 que-

567 2567 712 2643 rela
757 2570 1069 2650 cessavit,
1106 2590 1246 2658 qua
1293 2568 1593 2639 dicitur:
1632 2567 1906 2639 Parvuli
2005 2568 2302 2638 etierunt
2350 2589 2637 2656 panem,
2689 2580 2755 2638 et
2798 2590 2933 2638 non
2986 2580 3136 2639 erat

566 2657 689 2744 qui
738 2657 1082 2750 frangeret
1135 2659 1259 2728 eis.
1324 2656 1451 2727 Hic
1496 2672 1600 2728 est
1672 2657 1872 2747 panis
1921 2656 2037 2727 ile
2099 2657 2589 2744 quotidianuS,
2648 2656 2895 2727 fratres
2944 2659 3120 2735 mei,

456 2794 467 2805 .
567 2767 773 2833 quem
826 2770 952 2823 nos
996 2748 1246 2818 veritas
1290 2745 1531 2816 docuit
1577 2746 1929 2817 inhianter
1954 2761 2288 2837 expetere;
2326 2745 2455 2817 hoc
2487 2743 2803 2816 eoelestis
2851 2748 3127 2836 sapien·

571 2836 1097 2925 tiaepabulum,
1131 2834 1313 2923 quod
1351 2835 1687 2906 debemus
1725 2836 1988 2927 Jugiter
2031 2835 2321 2905 esurire.
2734 2868 2740 2873 ·

658 2926 695 3012 ξ
741 2929 837 2996 9.
908 2925 1289 2996 Audiamus
1338 2924 1570 3012 itaque
1624 2946 1744 3013 per
1789 2946 1867 2995 os
1931 2922 2318 2995 Salomonis
2373 2924 2789 3014 sapientiam
2861 2945 2982 2993 nos
3022 2920 3106 2990 ad

570 3035 881 3084 mensam
933 3011 1319 3103 spiritualis
1343 3012 1715 3083 alimoniae
1742 3013 1950 3085 claris
1981 3013 2265 3084 vocibus
2292 3014 2723 3084 invitantem.
2770 3044 2796 3077 ι
2838 3010 3110 3101 Sapien-

570 3102 689 3183 tia,
743 3103 992 3189 inquit‚
1033 3102 1414 3172 immolavit
1440 3102 1755 3173 victimas
1802 3124 1989 3180 suas,
2049 3102 2330 3172 miscuit
2362 3103 2626 3181 vinum,
2658 3115 2726 3172 et
2768 3100 3121 3193 proposuit

571 3210 881 3261 mensam
926 3213 1167 3272 suam;
1235 3191 1423 3288 misit
1469 3189 1763 3263 ancillas
1819 3212 2006 3270 suas,
2062 3204 2141 3261 ut
2190 3205 2548 3271 vocarent,
2616 3191 2708 3260 ad
2769 3211 3003 3260 arcem
3059 3201 3130 3259 et

569 3280 853 3349 moenia'
874 3280 1193 3350 civitatis:
1248 3279 1317 3350 Si
1348 3280 1507 3368 quis
1553 3293 1656 3350 est
1705 3280 2059 3370 parvulu5‚
2100 3282 2326 3351 veniat
2361 3282 2446 3351 ad
2500 3301 2650 3361 me;
2714 3280 2962 3358 venite,
3013 3301 3131 3348 co-

568 3367 822 3438 medite
871 3390 1115 3459 panem
1154 3390 1411 3451 meum,
1448 3382 1515 3439 et
1545 3368 1759 3440 bibite
1794 3368 2059 3449 vinum,
2096 3369 2280 3456 quod
2325 3368 2576 3439 miscui
2628 3368 2896 3439 vobis.»
2930 3368 3127 3439 Chri·

567 3469 718 3527 stus
764 3459 977 3538 enim,
1026 3457 1146 3545 qui
1181 3457 1521 3546 sapientia
1556 3459 1774 3528 Patris
1819 3471 1946 3539 est,
1992 3458 2306 3528 victimas
2353 3456 2765 3539 immolavit,
2827 3480 2989 3527 cum
3041 3455 3126 3526 ad

568 3558 842 3616 nostrae
901 3546 1308 3617 imitationis
1360 3546 1756 3636 exemplum
1809 3548 2044 3618 beatos
2093 3552 2422 3636 Martyres
2490 3546 2716 3617 occidi
2780 3545 3121 3636 permisit.

568 3636 843 3706 Miscuit
888 3635 1153 3717 vinum,
1187 3635 1351 3724 quia
1402 3635 1791 3726 propinavit
1852 3635 2295 3707 credent-ibus
2363 3635 2699 3725 Spiritum
2768 3641 3127 3706 Sanctum.

567 3725 934 3827 Proposuit
991 3747 1326 3806 mensam,
1377 3725 1543 3812 quia
1591 3725 1951 3796 coelestem
2029 3725 2294 3815 paravit
2341 3724 2749 3795 hominibus
2805 3723 3128 3815 gloriam.

568 3815 751 3884 Misit
782 3813 1070 3884 ancillas
1118 3837 1303 3896 suaS‚
1343 3815 1409 3886 id
1461 3816 1567 3886 est
1603 3827 1879 3885 sanctos
1929 3804 2130 3883 Verbi
2178 3814 2580 3893 ministros,
2629 3813 2757 3901 qui
2808 3835 2882 3883 se
2931 3812 3133 3881 intir-

569 3924 744 3985 mos‚
789 3918 855 3974 et
900 3901 1180 3995 fragiles
1209 3905 1629 3975 asseverant.
1683 3903 1858 3987 Quid
1909 3925 2074 3993 ergo
2103 3903 2250 4004 Jarn
2304 3913 2534 3981 restat,
2575 3902 2707 3971 nisi
2742 3912 2841 3979 ut,
2898 3900 3134 3971 relicta

569 3990 751 4063 same
783 3993 1024 4074 seculi,
1058 4014 1509 4084 properemus
1535 3992 1622 4062 ad
1662 4013 1969 4062 mensam
2009 3994 2174 4060 Det?
2206 3991 2333 4061 Sed
2365 3990 2452 4060 ad
2487 3989 2665 4060 hanc
2692 3988 3136 4081 ingrediendi

565 4080 833 4152 aditum
885 4083 1187 4173 reperire
1223 4104 1356 4152 non
1393 4103 1792 4173 possumus,
1825 4081 1957 4150 nisi
2007 4103 2129 4170 per
2154 4092 2430 4151 sanctos
2459 4079 2840 4169 Apostolos,
2875 4078 3135 4166 quibus

565 4168 794 4241 claves
826 4172 1238 4242 commissae
1283 4183 1449 4241 sunt
1495 4170 1716 4261 Regni
1762 4169 2141 4239 coelorum.
2183 4168 2376 4239 Unde
2425 4169 2762 4258 scriptum
2814 4181 2950 4237 est:
3011 4170 3135 4236 Sa·

569 4259 822 4349 pientia
872 4260 1040 4330 foris
1092 4260 1491 4350 praedicat,
1548 4261 1618 4329 in
1673 4257 1919 4350 plateis
1987 4258 2106 4328 dat
2154 4279 2385 4328 vocem
2467 4279 2716 4338 suam,
2780 4256 2850 4326 in
2907 4255 3131 4347 capite

567 4349 927 4419 turbarum
962 4350 1295 4430 clamitat,
1351 4350 1419 4418 in
1469 4348 1737 4418 foribus
1789 4360 2169 4437 portarum.
2215 4346 2359 4438 Ipsi
2406 4346 2670 4436 quippe
2717 4357 2881 4416 sunt
2919 4355 3129 4435 caput

567 4438 960 4518 turbarum,
990 4436 1304 4525 foresque
1340 4450 1723 4529 portarum,
1756 4437 1922 4524 quia
1947 4436 2083 4528 ipsi
2113 4450 2277 4507 sunt
2303 4433 2720 4527 populorum
2749 4433 3124 4526 principes,
