3308 5004
198 329 397 396 AUG.
455 331 538 397 ⁴5
887 348 968 396 nn
1012 349 1069 397 s.
1122 344 1458 397 auuutrno
1506 348 1836 398 sunssron.
1888 349 2088 400 nmsc.
2544 334 2659 401 36¹

200 432 587 504 honestatis
617 432 910 503 formam
938 433 1268 504 reductus
1291 433 1400 503 sit.
1437 436 1854 505 Ornamenta
1880 434 2211 507 ecclesiae
2237 446 2547 508 revocata
2571 450 2761 522 sunt,

198 522 347 592 vita
396 522 779 593 monastica
825 532 890 592 et
938 521 1277 613 regularis
1322 522 1756 594 observantia
1805 523 2117 595 restituta
2164 536 2230 594 et
2268 525 2756 617 redintegrata,

198 610 681 682 conducibilia
723 633 1038 700 quaeque
1085 624 1396 703 reparata
1426 666 1442 693 ,
1495 611 1757 685 absona
1802 622 1868 682 et
1913 612 2117 683 noxia
2164 613 2336 684 dissi
2390 627 2524 686 ata.
2581 620 2760 688 Gau-

199 699 416 771 debat
468 700 558 772 iis
604 701 677 770 in
727 700 897 771 locis
946 701 1271 773 nobilitas
1317 700 1568 783 omnis,
1620 700 1807 788 quod
1869 700 2138 773 celebre
2192 701 2320 773 illu
2418 715 2485 775 et
2531 705 2762 796 regale

199 789 711 861 monasterium
771 790 1061 881 pristino
1108 790 1366 861 honore
1412 800 1479 860 et
1523 787 1719 860 cultu
1776 811 1910 859 non
1969 789 2092 860 diu
2143 792 2504 864 caruisset.
2558 794 2763 864 Exul-

200 878 399 949 tabat
444 878 565 948 illa
613 878 838 969 regio,
891 878 1076 968 quod
1128 879 1364 970 magni
1409 877 1582 949 coeli
1631 879 2387 968 senatoris-eximiique
2436 884 2762 973 martyris

212 966 628 1049 sebastiani,
680 967 1117 1056 aliorumque
1164 980 1343 1038 mart
1372 990 1548 1037 'rum
1595 978 1663 1038 et
1704 967 2179 1039 confessorum
2232 969 2299 1070 pi
2355 991 2545 1052 nora,
2579 994 2622 1041 a
2659 971 2764 1042 di·

203 1056 430 1129 versis
477 1056 781 1158 Regibus
818 1069 883 1127 et
915 1057 1274 1149 Epist-,opis
1309 990 1451 1126 ilylic
1479 1069 1915 1148 congregata,
1959 1078 2291 1148 congruis
2348 1057 2613 1130 audum
2648 1082 2764 1131 so—

204 1144 492 1217 lemniis
523 1144 790 1217 diutius
823 1167 961 1216 non
994 1146 1454 1237 privarentur.

298 1236 336 1322 ἓ
383 1240 525 1309 14.
581 1235 874 1307 Labores
919 1247 984 1304 et
1030 1233 1466 1326 fatigationes
1501 1289 1517 1316 ,
1570 1256 1746 1323 quas
1793 1234 1863 1303 in
1913 1255 1993 1305 eo
2039 1234 2378 1326 regimine
2425 1236 2758 1326 pertulit,

204 1345 752 1394 commemorare
802 1345 928 1415 par
972 1334 1097 1406 est,
1137 1336 1212 1394 ut
1246 1323 1627 1395 rectoribus
1665 1324 2006 1415 optimum
2049 1324 2369 1394 imitandi
2404 1325 2757 1416 specimen

208 1424 665 1504 proponatur.
732 1410 1139 1484 Godefridus
1201 1412 1592 1483 florinensis
1627 1466 1643 1493 ‚
1711 1413 1813 1482 vir
1877 1434 2014 1482 non
2067 1413 2303 1485 minus
2350 1414 2750 1505 superbuS,

203 1523 419 1588 quam
466 1512 729 1592 potenS,
772 1514 838 1573 et
883 1501 1003 1589 qui
1041 1523 1164 1571 nec
1198 1506 1409 1573 Deum
1449 1523 1573 1571 nec
1606 1501 1958 1572 hominem
1990 1513 2359 1582 vereretur,
2398 1502 2761 1591 praedium

201 1589 586 1677 quoddam,
624 1591 694 1660 in
728 1612 905 1681 pago
945 1590 1300 1661 Sambrico
1330 1591 1567 1672 situm,
1600 1589 1931 1661 ecclesiae
1979 1594 2046 1660 S.
2085 1590 2392 1661 Medardi
2432 1589 2762 1663 fratribus

203 1678 453 1749 multis
481 1679 685 1750 annis
723 1679 1091 1770 eripuerat,
1135 1691 1201 1749 et
1233 1680 1301 1749 in
1339 1701 1502 1750 suos
1533 1701 1705 1751 usus
1734 1678 2242 1767 utilitatemque
2275 1701 2485 1781 prava
2518 1681 2763 1752 volun-

203 1779 344 1838 tate
381 1780 826 1839 converterat.
861 1773 940 1838 Et
1025 1768 1142 1839 uia
1177 1780 1475 1859 potestas
1503 1768 1656 1859 ejus
1683 1768 2013 1840 omnibus
2062 1781 2303 1839 terrori
2342 1780 2509 1851 erat,
2556 1791 2760 1841 nemo

204 1856 599 1957 antistitum
657 1879 888 1927 coram
941 1790 1140 1927 illum
1193 1856 1544 1949 appellare
1590 1879 1808 1929 ausus
1857 1869 2045 1938 erat,
2104 1857 2392 1948 ejusque
2441 1857 2764 1937 intolera-

201 1944 421 2015 bilem
472 1945 808 2017 malitiam
861 1967 995 2019 non
1044 1945 1465 2048 ignorantes,
1520 1946 1713 2016 nullo
1763 1945 1966 2016 modo
2013 1947 2345 2017 canonice
2378 1946 2576 2018 illum
2610 1960 2761 2018 ten-

202 2046 355 2104 tare
386 2033 726 2106 volebant.
780 2040 1047 2105 Fratres
1097 2035 1307 2126 igitur
1354 2035 1780 2106 unanimiter
1826 2046 2025 2105 orant
2052 2034 2378 2106 Abbatem
2410 2049 2477 2106 et
2509 2058 2762 2127 procu-

202 2133 507 2193 ratorem
556 2145 762 2197 suum
812 2123 1424 2215 vigilantissimum
1475 2123 1912 2214 Arnulphum
1941 2179 1958 2207 ‚
2011 2136 2089 2194 ut
2126 2124 2482 2195 charitatis
2530 2124 2761 2196 studio

207 2211 519 2282 laborem
569 2212 903 2303 suscipiat
937 2213 1158 2283 virum
1199 2212 1400 2283 illum
1450 2224 1960 2305 praepotentem
2011 2211 2364 2295 adeundi,
2417 2224 2482 2283 et
2529 2227 2605 2284 ut
2651 2235 2761 2285 res

210 2299 543 2371 ecclesiae
589 2302 902 2391 ipsorum
937 2301 1202 2372 ablatas
1236 2301 1570 2384 restituat,
1622 2301 1920 2392 graviter
1967 2300 2413 2373 admonendi.
2465 2303 2762 2373 Assentit

208 2387 532 2460 fraternis
566 2390 915 2479 precibus,
960 2390 1226 2461 fervens
1263 2389 1406 2460 zelo
1444 2390 1697 2461 domus
1739 2390 1878 2472 Dei,
1932 2389 2035 2458 vir
2083 2391 2324 2461 beatus
2358 2445 2374 2471 ,
2424 2390 2762 2481 jubetque

209 2479 447 2570 parari
494 2478 724 2550 itineri
771 2490 1183 2571 opportuna.
1247 2479 1387 2552 Etsi
1446 2490 1676 2551 autem
1730 2479 1844 2550 ille
1896 2477 2142 2550 mundi
2189 2478 2481 2570 gloriam
2543 2490 2609 2550 et
2656 2479 2758 2552 fa-

207 2581 397 2638 stum
447 2587 889 2659 summopere
949 2568 1322 2651 devitaret,
1377 2580 1445 2638 at
1495 2582 1722 2639 tamen
1769 2567 2054 2656 quidam
2117 2568 2495 2638 familiares
2554 2569 2707 2657 ejus
2737 2624 2756 2652 ‚

204 2679 508 2746 quorum
547 2657 778 2728 adhuc
816 2668 961 2728 erat
990 2657 1269 2728 infirma
1319 2679 1536 2739 mens,
1591 2657 2064 2748 peroptabant,
2118 2669 2196 2728 ut
2290 2672 2640 2749 ompose‘a
2693 2679 2761 2728 e-

203 2758 335 2828 ret,
388 2745 679 2817 delicate
726 2769 798 2818 se
843 2759 1128 2838 gereret,
1174 2747 1392 2818 instar
1436 2745 1733 2817 aliorum
1784 2746 2109 2816 Franciae
2146 2747 2242 2817 Ab
2294 2757 2484 2817 atum
2534 2768 2644 2816 am
2700 2747 2761 2817 i-

209 2835 384 2906 tiose
429 2835 928 2918 convivaretur,
981 2848 1047 2906 et
1092 2835 1342 2905 viveret
1388 2834 1745 2905 delitiose:
1800 2833 2258 2906 humilitatem
2310 2835 2532 2906 sancti
2578 2836 2755 2919 viri,

206 2943 428 3011 quam
476 2922 594 2994 ille
626 2936 957 3015 perpetuo
1005 2925 1436 3005 sectabatur,
1472 2924 1895 3015 ignominiae
1937 2923 2084 2995 loco
2130 2923 2485 2994 ducentes».
2520 2929 2758 3026 Itaque

209 3011 506 3083 asellum
554 3012 730 3102 ejus,
782 3035 920 3101 quo
967 3012 1229 3083 solebat
1276 3013 1402 3083 iter
1447 3012 1691 3094 facere,
1746 3012 1924 3083 clam
1975 3012 2447 3094 debilitarunt,
2515 3024 2592 3082 ut
2640 3013 2760 3085 1110

209 3113 485 3182 amoto,
539 3103 894 3192 spumanti
958 3123 1135 3190 equo
1186 3101 1512 3193 deinceps
1559 3100 1882 3173 sublimis
1920 3101 2300 3172 veheretur.
2354 3101 2762 3174 Indicarunt

209 3202 443 3260 autem
483 3189 610 3271 illi,
648 3204 725 3262 ut
753 3190 1101 3261 caballum
1134 3191 1526 3282 comparari
1555 3190 1860 3282 juberet,
1913 3191 2115 3292 cujus
2164 3194 2372 3281 opera
2420 3202 2753 3261 uteretur.

209 3276 338 3349 Ille
377 3277 507 3348 hoc
546 3278 839 3349 audiens
872 3334 889 3361 ,
942 3302 1103 3350 cum
1152 3302 1279 3370 pro
1325 3279 1729 3366 obfirmatae
1775 3278 2189 3350 humilitatis
2235 3280 2620 3351 constantia
2671 3280 2759 3350 ab

207 3367 510 3456 equestri
558 3368 862 3438 vectione
915 3368 1351 3448 abhorreret,
1403 3391 1564 3438 cum
1618 3369 1858 3459 paucis
1922 3367 2288 3459 discipulis
2333 3368 2477 3439 adit
2524 3370 2761 3440 stabu-

208 3455 386 3537 lum,
426 3455 494 3526 in
530 3476 668 3544 quo
697 3457 939 3527 asinus
975 3457 1249 3548 jacebat
1296 3456 1569 3538 debilis,
1613 3458 1843 3558 aitque
1876 3455 2152 3549 placida
2185 3479 2367 3538 voce,
2406 3471 2472 3528 et
2509 3458 2759 3529 affectu

209 3543 619 3635 placidiori:
677 3568 713 3614 «
739 3546 1188 3637 Omnipotens
1221 3552 1399 3616 Deus
1438 3546 1613 3616 bene
1645 3559 1796 3628 scit,
1850 3567 1986 3634 quo
2026 3546 2259 3616 animo
2291 3546 2421 3617 hoc
2468 3547 2597 3617 iter
2635 3569 2758 3637 ag-

210 3633 409 3725 gredi
464 3632 712 3705 velim:
765 3656 902 3706 non
952 3635 1191 3723 utique
1234 3636 1602 3726 jactantiae
1632 3690 1647 3716 ‚
1715 3634 2086 3726 supercilio
2117 3689 2134 3716 ,
2187 3635 2304 3705 sed
2362 3635 2591 3708 studio
2625 3640 2759 3705 Deo

211 3722 686 3810 obsequendi,
737 3736 802 3793 et
859 3723 1150 3795 fratrum
1219 3724 1499 3794 utilitati
1545 3723 1977 3793 consulendi.
2039 3728 2119 3793 Et
2175 3723 2340 3810 quia
2392 3737 2754 3814 postquam

210 3811 591 3883 secularem
635 3812 953 3882 militiam
988 3812 1211 3883 valere
1234 3812 1438 3901 jussi,
1490 3811 1942 3883 deliberatum
1996 3811 2169 3882 mihi
2215 3826 2317 3884 est
2361 3813 2519 3901 equi
2572 3824 2759 3902 tergo

203 3900 502 3978 minime
546 3900 869 3980 insidere,
926 3900 1135 3988 idque
1182 3922 1317 3971 non
1357 3923 1480 3992 pro
1512 3901 1745 3988 aliqua
1794 3900 2111 3982 vanitate,
2147 3900 2266 3972 sed
2310 3900 2582 3971 Domini
2621 3898 2756 3969 mei

207 3994 377 4059 Jesu
425 3989 673 4060 Christi
733 3989 1160 4060 imitatione:
1214 3990 1270 4059 si
1323 3990 1469 4080 jam
1523 3989 1746 4081 placet
1792 3988 1940 4068 illi,
2014 4003 2093 4059 ut
2139 3990 2423 4071 abeam,
2491 3989 2759 4079 placeat

208 4099 354 4158 oro,
404 4089 484 4148 ut
529 4091 811 4149 sanetur
860 4100 978 4170 pes
1043 4077 1260 4166 hujus
1313 4078 1548 4149 aselli:
1601 4091 1679 4149 ut
1736 4077 1988 4148 humili
2036 4091 2343 4168 gestatus
2390 4077 2753 4160 vehicu10,

209 4166 568 4238 servitium
600 4167 752 4239 e'us
782 4167 1003 4238 laetus
1031 4189 1350 4255 exequar.
1384 4190 1421 4235 »
1469 4171 1650 4238 Haec
1691 4166 1929 4237 dicens
1968 4166 2177 4236 simul
2211 4166 2489 4268 signum
2521 4167 2757 4237 Crucis

209 4268 449 4327 contra
494 4190 786 4326 asellum
836 4256 1103 4339 edidit,
1155 4267 1221 4326 et
1268 4255 1570 4327 recessit.
1624 4262 1774 4325 Mox
1834 4255 2074 4326 asinus
2137 4267 2496 4326 restitutus
2530 4308 2546 4337 ,
2600 4278 2758 4326 sur·

207 4344 403 4426 rexit,
456 4356 775 4432 totusque
823 4367 1062 4437 sospes
1097 4357 1162 4417 et
1209 4343 1459 4426 alacer,
1495 4343 1740 4415 famuli
1776 4345 1890 4414 Dei
1923 4343 2296 4416 vectionem
2328 4345 2751 4446 essuscepit,

211 4445 277 4503 et
323 4431 626 4525 perfecit.
694 4433 820 4503 Ubi
867 4448 1102 4506 autem
1166 4445 1446 4506 ventum
1494 4445 1597 4504 est
1643 4433 1713 4504 in
1763 4446 2213 4525 conspectum
2268 4432 2754 4526 superbiss1mi
