3308 5004
216 349 406 417 Auo.
455 350 543 418 20
870 368 951 415 nn
993 367 1051 415 s.
1103 365 1435 415 exanimo
1478 366 1621 414 Anii.
1674 365 2063 416 cilinium..
2538 350 2668 418 453

217 452 648 524 auxilium'ei
686 474 727 523 a
762 451 1049 524 Domino
1085 451 1388 522 affuisse.
1413 456 1696 542 Propter
1725 451 1908 540 quod
1953 451 2082 522 viri
2116 450 2517 543 prudentes,
2553 452 2758 525 intel-

217 542 506 633 ligentes
540 563 826 612 manum
865 540 1134 612 Domini
1183 562 1334 636 esse
1361 561 1521 610 curn
1570 563 1675 623 eo,
1715 540 2242 612 teneritudinem
2281 542 2531 613 mentis
2576 543 2753 625 e’uS,

207 653 253 702 a
304 630 571 702 deliciis
606 629 909 722 paradisi
945 650 1170 731 nuper
1198 650 1536 718 egressae,
1591 651 1819 700 rerum
1853 630 2262 700 exteriorum
2315 630 2591 702 solicitu
2648 632 2759 703 ine

214 741 501 812 gravare
530 720 883 801 cavebant,
906 741 1023 789 eas
1052 718 1185 808 ipsi
1213 719 1393 788 intra
1417 720 1846 809 semetipsOS,
1875 731 1953 788 ut
1981 730 2314 809 poterant,
2339 719 2751 811 digerentes,

215 823 282 880 et
321 809 800 879 tantummodo
849 808 934 879 de
980 807 1428 878 interioribus
1465 806 1911 879 conscientiis
1961 808 2110 879 suis
2138 860 2161 889 ,
2227 819 2294 878 et
2339 830 2552 880 causa
2604 810 2759 879 ani-

219 920 488 968 marum
525 919 811 970 suarum
849 918 1009 967 eum
1050 896 1513 968 consulentes.

305 989 341 1074 ξ
391 990 535 1058 11.
589 992 665 1056 In
715 1008 855 1074 quo
901 998 1127 1056 tamen
1179 1006 1352 1076 pene
1399 985 1527 1055 hoc
1566 985 1668 1055 eis
1704 984 2041 1076 contigit,
2092 984 2278 1073 quod
2326 984 2493 1057 filiis
2542 987 2751 1058 Israel

216 1074 514 1176 legimus
559 1074 723 1146 olim
766 1074 850 1144 de
897 1079 1126 1165 Moyse
1156 1074 1339 1144 conti
1396 1074 1551 1155 isse,
1586 1097 1746 1144 cum
1789 1074 1914 1145 diu
1943 1086 2390 1145 conversatus
2426 1097 2587 1145 cum
2627 1080 2755 1147 Do·

222 1185 414 1234 mino
451 1164 519 1234 in
559 1176 788 1234 monte
820 1162 1005 1246 Sina,
1050 1175 1114 1233 et
1146 1162 1232 1232 de
1277 1183 1355 1233 ca
1391 1163 1575 1254 igine
1623 1164 1833 1234 nubis
1866 1162 2338 1255 regrederetur
2371 1176 2439 1234 et
2469 1163 2757 1235 descen-

216 1252 410 1324 deret
471 1252 556 1322 ad
601 1251 936 1344 populum
968 1307 984 1332 ‚
1044 1262 1112 1322 et
1154 1273 1236 1321 ex
1282 1252 1626 1339 colloquio
1681 1253 1949 1322 Domini
2007 1251 2216 1322 facies
2264 1251 2421 1340 ejus
2466 1266 2756 1323 cornuta

211 1356 572 1444 appareret
617 1356 683 1412 et
737 1340 1088 1423 terribiliS,
1132 1341 1304 1411 adeo
1362 1354 1438 1411 ut
1483 1341 1749 1429 fugeret
1798 1340 2099 1432 populus
2146 1341 2235 1411 ab
2279 1363 2383 1410 eo.
2422 1346 2755 1442 Egressus

209 1451 397 1501 enim
449 1431 551 1500 vir
596 1430 713 1501 ille
760 1442 1042 1501 sanctus
1090 1451 1130 1499 a
1178 1430 1349 1500 facie
1396 1430 1694 1511 Domini,
1749 1452 1886 1531 qua
1921 1430 1990 1499 in
2032 1428 2405 1500 solitudine
2436 1430 2750 1511 Cistertii,

213 1530 285 1589 et
333 1519 765 1590 sublimioris
818 1518 1184 1590 altitudine
1229 1518 1830 1609 contemplationis
1878 1519 1948 1588 in
2000 1517 2273 1590 silentio
2319 1517 2756 1607 aliquamdiu

211 1606 467 1677 fruitus
518 1619 708 1688 erat,
773 1607 975 1696 quasi
1022 1607 1107 1677 de
1155 1607 1345 1678 coelo
1392 1608 1686 1678 afferens
1734 1609 1912 1678 inter
1970 1607 2288 1678 homines
2335 1607 2753 1679 miraculum

208 1696 560 1784 quoddam
610 1697 1036 1784 conquisitae
1083 1697 1219 1768 sibi
1265 1694 1451 1787 apud
1513 1701 1722 1767 Deum
1783 1697 2153 1787 plusquam
2229 1696 2576 1767 humanae
2626 1719 2757 1787 pu-

207 1784 455 1868 ritatiS,
501 1786 817 1856 homines
862 1807 1037 1874 quos
1084 1807 1359 1876 regere,
1411 1796 1476 1855 et
1524 1784 1703 1856 inter
1748 1807 1924 1873 quos
1971 1785 2358 1856 conversari
2409 1785 2745 1866 veniebat,

213 1894 392 1965 pene
424 1895 665 1945 omnes
703 1898 741 1945 a
781 1896 854 1944 se
885 1874 1280 1945 absterruit.
1334 1873 1687 1962 Siquando
1735 1895 2035 1962 namque
2079 1873 2166 1943 de
2210 1873 2646 1966 spiritalibus
2689 1885 2756 1945 et

208 1962 688 2034 aedificatione
747 1963 1142 2033 animarum
1202 1985 1587 2034 sermonem
1638 1963 1722 2034 ad
1775 1985 1893 2034 eos
1939 1962 2280 2045 habebat,
2349 1962 2757 2052 loquebatur

206 2051 614 2122 hominibus
652 2051 745 2123 lin
805 2055 893 2124 ua
921 2051 1363 2143 Angelorum,
1397 2064 1464 2122 et
1493 2052 1600 2121 vix
1639 2051 2177 2142 intelligebatur.
2208 2055 2497 2123 Maxime
2521 2063 2751 2123 autem

208 2140 281 2210 in
317 2141 451 2224 hia,
484 2162 663 2230 quae
693 2164 733 2212 a
817 2162 1041 2213 mores
1071 2141 1434 2211 hominum
1470 2139 1923 2232 pertinebant,
1957 2162 2037 2211 ex
2070 2140 2496 2211 abundantia
2523 2140 2755 2212 cordis

207 2230 324 2300 sui
357 2242 493 2300 tam
536 2230 868 2301 sublimia
915 2230 1017 2301 eis
1074 2229 1542 2320 proponebat,
1596 2241 1733 2300 tam
1785 2229 2082 2320 perfecta
2127 2229 2441 2320 exigebat
2486 2230 2576 2300 ab
2622 2229 2749 2310 εἰς,

207 2328 290 2388 ut
337 2318 561 2390 durus
612 2318 959 2389 videretur
1004 2340 1270 2390 sermo:
1342 2318 1684 2389 intantum
1736 2338 1873 2388 non
1922 2318 2289 2410 capiebant
2334 2340 2510 2405 quae
2571 2317 2757 2388 dice·

208 2405 487 2477 bantur.
540 2412 844 2480 Rursum
894 2429 1051 2478 cum
1094 2406 1496 2498 singulatim
1548 2406 1819 2478 audiret
1865 2429 1983 2478 eos
2027 2406 2432 2477 confitentes
2478 2406 2637 2488 sibi,
2689 2417 2756 2477 et

206 2496 613 2588 semetipsos
660 2509 1066 2570 accusantes
1115 2518 1327 2587 super
1390 2494 1680 2567 diversis
1748 2495 2196 2567 illusionibus
2252 2495 2749 2587 cogitationum

204 2586 689 2656 communium
731 2585 1225 2666 humanarum,
1268 2606 1445 2673 quas
1502 2586 1741 2657 nullus
1781 2586 1850 2655 in
1887 2607 2095 2656 carne
2135 2585 2366 2655 vivens
2400 2585 2606 2655 homo
2638 2605 2754 2675 pe-

205 2674 399 2743 nitus
430 2674 645 2744 vitare
691 2686 954 2765 potest:
1011 2674 1140 2745 boc
1191 2674 1626 2765 potissimum
1677 2674 1831 2756 suit,
1886 2675 1958 2744 in
2007 2695 2146 2762 quo
2178 2673 2321 2745 luci
2378 2673 2478 2743 illi
2518 2673 2603 2743 ad
2656 2686 2754 2744 te-

204 2762 461 2833 nebras
506 2761 662 2833 illas
725 2764 1084 2834 conventio
1130 2784 1281 2834 esse
1336 2785 1474 2834 non
1539 2764 1806 2854 potuit,
1860 2762 2122 2833 scilicet
2180 2761 2362 2850 quod
2432 2761 2750 2837 homines

202 2851 648 2933 inveniebat,
699 2874 876 2940 quos
940 2852 1009 2921 in
1080 2852 1210 2922 hac
1270 2865 1462 2942 parte
1522 2851 1812 2943 Angelos
1858 2850 2291 2923 aestimabat.
2357 2849 2749 2942 Angelicam

200 2939 390 3011 enim
443 2961 695 3031 magna
751 2962 832 3011 ex
890 2952 1082 3031 parte
1139 2940 1517 3032 degustans
1583 2941 1948 3044 puritatem
1982 2995 1999 3023 ,
2071 2952 2138 3010 et
2183 2963 2264 3010 ex
2328 2938 2751 3011 conscientia

194 3028 345 3116 jam
394 3028 559 3099 olim
610 3042 929 3121 acceptae
976 3031 1238 3121 gratiae
1284 3052 1324 3099 a
1373 3035 1504 3100 Deo
1552 3029 1930 3121 singularis
1963 3029 2452 3120 simplicitatis,
2488 3028 2754 3119 praeju-

201 3116 450 3187 dicans
495 3117 858 3189 universae
904 3118 1299 3189 conditioni
1340 3117 1690 3191 humanae
1736 3119 1837 3188 fra
1890 3118 2126 3189 ilitatis
2155 3171 2172 3200 ,
2223 3118 2294 3188 in
2346 3117 2753 3190 tentationes

201 3227 331 3276 seu
361 3206 874 3308 inquinationes
919 3207 1414 3309 cogitationum
1466 3206 1712 3279 harum
1766 3224 1866 3276 nu‘
1894 3206 2039 3277 lum
2085 3206 2487 3297 religiosum
2522 3206 2751 3278 virum

203 3315 412 3453 ροεζο
456 3295 783 3379 incidere,
837 3295 939 3367 vel
990 3318 1050 3368 ει
1097 3294 1475 3378 incideret,
1528 3317 1684 3368 vere
1730 3295 2132 3387 religiosum
2174 3317 2324 3368 csse
2369 3317 2507 3368 non
2548 3296 2752 3368 aesti-

203 3405 321 3453 ma
373 3395 464 3453 at.

236 3560 249 3573 ·
294 3479 335 3554 5
386 3474 536 3545 28.
590 3472 719 3543 Sed
764 3471 894 3543 viri
929 3494 1084 3543 vere
1116 3473 1420 3564 religiosi
1465 3484 1532 3546 et
1564 3474 1677 3567 pie
1716 3474 2115 3565 prudentes,
2152 3484 2220 3545 et
2272 3471 2342 3543 in
2379 3455 2752 3575 ‘praedica-

201 3570 388 3631 tione
427 3582 829 3632 sermonum
877 3561 1030 3652 ejus
1058 3563 1565 3634 venerabantur
1608 3565 1812 3636 etiam
1848 3584 2027 3652 quae
2074 3583 2210 3633 non
2250 3562 2641 3655 capiebant,
2687 3571 2753 3630 et

202 3649 275 3718 in
310 3648 864 3721 confessionibus
890 3652 1062 3732 suis,
1098 3651 1253 3722 licet
1281 3651 1366 3722 ad
1403 3674 1653 3724 novum
1691 3665 1804 3723 stu
1896 3663 2047 3723 rent
2074 3649 2419 3731 auditum,
2460 3672 2540 3721 eo
2564 3647 2748 3737 quod

202 3738 657 3809 seminarium
690 3737 1042 3827 quoddam
1093 3739 1592 3831 desperationis
1624 3674 1966 3831 praelffioe
2013 3739 2361 3810 videretur
2400 3736 2699 3837 infirmis
2728 3788 2745 3817 ,

205 3837 431 3898 tamen
472 3828 673 3918 juxta
721 3827 1128 3898 sententiam
1179 3831 1399 3900 sancti
1436 3830 1586 3912 Job,
1644 3828 1839 3900 nefas
1889 3827 2227 3919 putabant
2278 3824 2752 3926 contradicere

207 3917 645 3987 sermonibus
689 3917 952 3987 sancti:
1003 3938 1140 3987 non
1188 3930 1619 4000 excusantes,
1674 3916 1789 3989 sed
1831 3929 2240 3988 accusantes
2269 3915 2741 3984 infirmitatem

207 4023 403 4074 suam
461 4005 531 4074 in
590 4018 964 4095 conspectu
1012 4005 1318 4076 hominis
1366 4007 1508 4088 Dei,
1560 4006 1629 4075 in
1687 4020 1828 4094 quo
1867 4026 2071 4079 nemo
2103 4006 2335 4075 vivens
2372 3999 2748 4092 justificari

206 4103 425 4182 potest
470 4092 539 4162 in
588 4107 965 4185 conspectu
1014 4095 1154 4165 Dei.
1209 4094 1400 4165 Unde
1426 4094 1688 4166 factum
1719 4106 1844 4176 est,
1888 4108 1964 4165 ut
1998 4093 2190 4165 ficret
2231 4091 2564 4182 magistra
2597 4110 2745 4159 ma-

203 4181 425 4338 gistri,
462 4182 575 4272 pia
609 4182 966 4255 liumilitas
995 4181 1529 4341 discipulorum.
1566 4187 1733 4256 Cum
1769 4182 1952 4253 enim
1988 4182 2074 4253 ad
2112 4191 2357 4251 nutum
2388 4176 2750 4270 arguentis

253 4269 763 4354 umiliarentur,
814 4271 934 4359 qui
968 4294 1048 4342 ar
1098 4293 1181 4342 ue
1234 4284 1478 4340 antur:
1530 4271 1754 4363 coepit
1781 4271 1986 4341 etiam
2038 4268 2385 4360 spirituali
2418 4267 2749 4357 magistro

204 4358 535 4457 adversus
567 4359 807 4431 fratres
848 4361 1039 4431 humi
1073 4382 1147 4431 es
1191 4373 1259 4430 et
1302 4361 1648 4450 subjectos
1698 4360 1889 4431 zelus
1921 4381 2091 4429 suus
2137 4380 2288 4430 esse
2327 4368 2693 4449 suspectus
2727 4409 2750 4445 ,‚

211 4460 595 4531 intantum,
655 4464 731 4519 ut
792 4449 940 4539 ipse
975 4449 1124 4541 jam
1192 4450 1420 4540 potius
1466 4462 1826 4520 accusaret
1885 4447 2349 4538 ignorantiam
2413 4468 2640 4529 suam,
2682 4456 2748 4515 et
