3308 5004
683 342 812 406 3⁴¹6
1406 358 1484 404 nn
1533 358 1586 404 s.
1644 355 2018 403 nanscunns
2065 354 2297 403 asom
2814 335 3001 401 AUG.
3058 335 3156 400 13

594 465 753 513 cum
807 444 1117 512 Domino.
1163 440 1519 511 Credimus
1559 462 1695 511 non
1747 439 2174 510 deserturam
2217 461 2368 508 eam
2423 438 2602 519 illas,
2655 459 2829 525 quas
2874 438 2939 507 ei
2997 436 3160 529 pla-

595 553 748 602 cere
784 531 1017 601 voluit.
1072 530 1324 600 Flenda
1369 551 1531 621 ergo
1582 528 1780 598 nobis
1803 529 1950 620 jam
1993 550 2127 597 non
2169 541 2295 607 est,
2351 526 2466 598 sed
2521 526 2911 597 reverenda.
2955 527 3159 595 Ami-

599 619 822 689 simus
854 618 1131 707 quidem
1185 618 1255 688 in
1305 618 1646 709 praesenti
1688 616 1922 688 seculo
1978 616 2333 687 dominam
2391 629 2457 686 et
2516 629 2839 696 matrem,
2894 614 3016 687 sed
3057 615 3159 685 ad

596 730 886 799 regnum
938 708 1185 777 Christi
1245 706 1734 798 praemisimus
1797 707 2340 775 intercessorem.
2395 710 2718 794 Magnum
2785 702 2905 772 illa
2944 726 3158 804 ‘gau-

597 796 789 954 {iium
826 796 1141 866 excitavit
1174 795 1242 865 in
1291 794 1523 876 coeliS,
1560 794 2060 865 intolerabilem
2112 794 2311 863 nobis
2342 793 2646 864 dolorem
2686 793 2753 862 in
2800 805 3003 862 terris
3041 815 3160 862 re-

627 886 645 954 i
698 885 821 955 uit.

649 908 719 1061 αξ
768 979 913 1045 ²1.
969 972 1297 1063 Migrante
1328 982 1564 1041 sancta
1603 971 1754 1062 ejus
1792 970 2029 1040 anima
2058 992 2095 1039 e
2143 970 2377 1040 seculo
2423 969 2509 1041 ad
2561 971 2932 1051 Christum,
2984 970 3159 1062 Epi—

595 1084 846 1151 scopus
894 1060 1310 1131 Pictavensis
1361 1081 1496 1130 non
1546 1073 1691 1129 erat
1737 1058 1950 1129 domi.
1990 1059 2165 1129 Abiit
2211 1081 2376 1150 ergo
2426 1063 2727 1130 nuncius
2774 1058 2859 1129 ad
2917 1057 3157 1127 virum

593 1149 1082 1242 Apostolicum,
1137 1149 1499 1218 dominum
1550 1149 1956 1236 Gregorium
2005 1153 2472 1218 Turonensem
2517 1150 2961 1238 Episcopum.
3019 1145 3154 1217 Ille

597 1261 755 1309 mox
802 1238 1099 1318 advenit,
1151 1250 1217 1307 et
1252 1249 1590 1325 quantum
1641 1237 1790 1307 suis
1839 1236 1985 1325 ipse
2045 1238 2400 1326 conspexit
2445 1237 2666 1307 oculis
2699 1292 2714 1317 ‚
2767 1249 3153 1323 antequam

594 1350 746 1397 eam
783 1326 1120 1416 sepeliret,
1158 1327 1308 1416 ejus
1340 1327 1624 1396 virtutes
1658 1326 1726 1394 in
1765 1326 1940 1395 libro
1974 1326 2467 1396 miraculorum
2506 1326 2818 1397 inseruit.
2851 1325 3155 1395 Veniens

594 1428 821 1485 autem
875 1414 988 1483 ille
1020 1414 1105 1483 ad
1155 1415 1408 1495 locum,
1442 1415 1561 1485 ubi
1610 1427 1925 1484 sanctum
1958 1414 2233 1503 jacebat
2270 1437 2549 1504 corpus,
2586 1416 2767 1484 sicut
2810 1414 2956 1503 ipse
2987 1425 3156 1502 post

601 1515 1106 1573 sacramentum
1160 1503 1550 1593 lacrymans
1597 1502 1888 1583 dicebat,
1942 1503 2013 1571 in
2064 1503 2284 1572 forma
2327 1504 2632 1573 humana
2665 1502 2930 1572 vultum
2966 1501 3151 1571 vidit

600 1592 1019 1683 angelicum.
1074 1592 1306 1662 Facies
1337 1593 1520 1661 enim
1573 1591 1765 1661 illius
1812 1592 2030 1660 instar
2085 1613 2278 1661 rosae
2315 1605 2381 1661 et
2442 1591 2569 1660 lilii
2619 1591 2897 1661 nitebat.
2952 1590 3159 1660 Unde

597 1680 779 1750 haud
824 1700 1023 1750 secus
1071 1679 1186 1750 ille
1232 1681 1648 1751 contremuit
1705 1693 1771 1749 et
1815 1680 2152 1760 extimuit,
2206 1693 2410 1767 atque
2472 1681 2531 1750 si
2593 1681 2814 1770 ipsam
2868 1679 3155 1749 Domini

591 1770 767 1839 Jesu
805 1769 1311 1838 sanctissimam
1356 1782 1638 1839 matrem
1692 1768 1826 1839 sibi
1866 1767 2584 1839 adstantem’videret.
2641 1768 3155 1858 Expectabatur

595 1858 871 1927 interim
915 1858 1016 1925 vir
1048 1856 1333 1928 devotus
1389 1872 1456 1928 et
1516 1863 1646 1927 Deo
1710 1858 1955 1948 plenus
2003 1858 2432 1928 Pictavorum
2482 1858 2797 1937 antistes,
2864 1870 2939 1926 ut
2982 1879 3156 1927 eam

596 1968 735 2034 quo
787 1968 909 2037 par
940 1959 1085 2015 erat
1119 1947 1371 2016 honore
1418 1946 1814 2036 sepulturae
1849 1946 2224 2016 mandaret.
2282 1945 2851 2016 sanctimoniales
2896 1968 3154 2017 omnes

596 2033 780 2124 apud
830 2035 981 2125 ejus
1029 2047 1249 2104 torum
1310 2035 1582 2104 stabant
1642 2034 2055 2125 psallentes:
2109 2035 2166 2104 si
2230 2057 2384 2105 vero
2447 2035 2888 2124 psallentium
2942 2056 3156 2107 voces

596 2122 698 2192 vel
750 2122 1111 2213 paululum
1177 2123 1557 2205 reticerent,
1611 2147 1767 2194 mox
1822 2123 2139 2213 planctus
2196 2123 2610 2193 audiebatur
2656 2122 3147 2193 intolerabilis,

597 2210 850 2281 Triduo
879 2224 1271 2302 expectatus
1301 2211 1597 2303 praesul,
1635 2213 1755 2301 qui
1785 2226 1930 2282 tum
1982 2233 2176 2282 suam
2215 2212 2580 2283 dioecesim
2610 2212 2947 2291 visitabat,
2978 2234 3153 2281 cum

596 2322 730 2370 non
777 2301 1051 2382 veniret,
1106 2302 1165 2372 is
1220 2323 1422 2387 quem
1471 2301 1777 2371 diximus
1825 2301 1928 2369 vir
1960 2300 2388 2391 Apostolicus
2429 2302 2820 2392 Gregorius,
2854 2299 2939 2369 de
2984 2301 3154 2390 ejus

596 2389 1025 2459 humanitate
1061 2389 1468 2478 praefidens,
1522 2391 1592 2460 in
1626 2389 1913 2460 basilica
1962 2394 2028 2459 S.
2064 2390 2335 2471 Mariae,
2380 2389 2500 2460 ubi
2550 2412 2746 2459 sacra
2793 2389 2941 2478 ejus
2993 2411 3152 2459 mo-

595 2478 876 2549 nasterii
924 2478 1275 2568 virginum
1324 2501 1613 2571 corpora
1667 2479 2106 2562 conduntur,
2178 2501 2329 2549 eam
2381 2478 2703 2570 inprimis
2760 2476 3153 2547 honorifice

595 2567 961 2638 tumulavit
997 2568 1125 2658 (a).
1181 2573 1485 2656 Cumque
1550 2590 1806 2660 corpus
1851 2569 2002 2669 ejus
2063 2568 2194 2638 sub
2258 2590 2456 2638 muro
2521 2590 2680 2637 cum
2729 2566 3154 2668 psalmodiis

594 2656 1088 2747 deportaretur,
1126 2657 1689 2744 quandoquidem
1739 2658 2128 2728 instituerat
2159 2657 2299 2737 illa,
2346 2670 2420 2727 ut
2455 2656 2649 2725 nulla
2682 2677 2915 2725 vivens
2954 2670 3155 2726 extra

596 2745 994 2814 monasterii
1025 2743 1202 2816 sores
1251 2745 1712 2837 egrederetur,
1751 2757 1887 2815 tota
1920 2746 2359 2836 congregatio
2388 2746 2453 2814 in
2492 2766 2690 2814 muro
2724 2744 3147 2827 lamentanS,

595 2833 687 2903 ita
720 2847 794 2903 ut
831 2833 1152 2924 planctus
1179 2832 1351 2920 ejus
1392 2847 1750 2924 superaret
1800 2832 2239 2924 psallentium
2279 2856 2498 2913 voces,
2556 2855 2677 2923 pro
2726 2834 2992 2924 psalmo
3040 2832 3153 2902 la-

593 2943 892 3010 crymas,
932 2943 1052 3011 pro
1100 2922 1368 2991 cantico
1415 2923 1749 3012 gemitum
1804 2921 2152 2992 reddebat.
2180 2923 2481 2992 Orabant
2527 2944 2847 3012 superne,
2898 2934 2973 2991 ut
3005 2923 3151 2992 sub

596 3022 783 3078 turre
822 3009 1139 3079 nonnihil
1170 3010 1549 3096 quiesceret
1587 3010 1937 3092 feretrum,
1994 3011 2065 3079 in
2129 3030 2265 3097 quo
2313 3010 2549 3080 beatae
2606 3033 2859 3101 corpus
2911 3023 3151 3101 porta-

483 3161 491 3171 .
597 3098 822 3179 batur,
877 3097 1173 3187 graviter
1211 3098 1502 3170 ferentes
1549 3100 1701 3199 ejus
1749 3099 2158 3169 absentiam.

684 3187 720 3271 ξ
775 3192 932 3259 82.
986 3187 1087 3256 Ibi
1140 3200 1307 3267 tum,
1343 3200 1420 3256 ut
1459 3193 1793 3259 Dominus
1822 3187 2093 3257 fidelem
2135 3187 2466 3257 famulam
2501 3211 2698 3259 suam
2735 3187 3142 3270 declararet,

596 3295 879 3363 corpore
925 3275 1078 3362 ejus
1127 3275 1194 3342 in
1259 3274 1485 3346 medio
1537 3276 1774 3366 populi
1822 3275 2176 3366 deposito,
2232 3298 2478 3347 caecus
2539 3277 2824 3364 quidam
2896 3277 3138 3346 lumen

597 3363 874 3452 recepit:
912 3364 1032 3450 qui
1069 3362 1446 3433 multorum
1480 3386 1820 3434 annorum
1861 3386 2106 3453 passus
2144 3365 2567 3446 caecitatem,
2612 3365 2731 3434 ubi
2766 3364 2851 3435 ad
2887 3387 3147 3454 corpus

595 3452 902 3532 accessit,
949 3452 1041 3521 ita
1090 3465 1373 3522 sanatus
1420 3466 1557 3533 est,
1603 3464 1681 3522 ut
1729 3475 2087 3540 nunquam
2140 3453 2527 3524 luminibus
2584 3456 2868 3524 orbatus
2918 3453 3143 3525 fuisse

644 3610 708 3663 (a)
732 3611 1016 3653 monasterio
1035 3615 1274 3663 virginum
1303 3615 1347 3655 S.
1367 3615 1546 3661 crucis.
1580 3617 1714 3657 extra
1742 3626 1904 3656 muros
1937 3617 2245 3657 pictaviensis
2274 3616 2421 3663 urbis,
2460 3626 2486 3657 a
2521 3619 2686 3657 sancta
2717 3617 2897 3666 Regina
2934 3617 3145 3657 excitato

595 3667 775 3706 adnexa
802 3670 903 3706 erat
919 3677 1038 3708 nova
1059 3669 1260 3708 ecclesia
1280 3669 1325 3709 S.
1343 3666 1519 3708 Mariae
1551 3679 1693 3718 quam
1721 3671 2023 3718 supradictus
2050 3671 2340 3719 arnegisilus
2367 3671 2517 3710 Abbas
2539 3671 2693 3710 extrui
2728 3672 2990 3710 curaverat.
3022 3671 3149 3710 Non·

592 3721 706 3761 dum
735 3722 918 3760 sacrata
962 3721 1075 3761 haec
1104 3723 1204 3761 erat
1233 3732 1341 3762 eum
1375 3731 1549 3771 corpus
1584 3724 1767 3773 excepit
1809 3725 2005 3764 Sanctae
2035 3724 2254 3772 sepulcro
2291 3724 2585 3763 condendum
2634 3724 2724 3763 Sed
2759 3729 2897 3763 aucta
2924 3725 3149 3765 celeriter

595 3774 840 3815 miraculis
867 3773 1134 3822 frequentia
1166 3777 1213 3814 et
1246 3776 1535 3820 celebritate,
1564 3787 1590 3815 a
1618 3778 1664 3817 S.
1686 3778 1970 3827 Radegunde
2007 3786 2177 3816 nomen
2204 3777 2435 3817 Basilicae
2464 3777 2538 3817 est
2579 3777 2770 3817 factum.
2798 3778 2979 3817 Ibidem
3020 3788 3145 3818 anno

593 3836 803 3868 mccccxu
832 3828 1159 3878 incorruptum
1188 3838 1358 3878 corpus
1387 3830 1626 3871 detectum
1671 3832 1765 3875 est;
1796 3831 2162 3870 calvinistarum
2201 3832 2335 3870 furor
2362 3830 2522 3879 paullo
2554 3833 2661 3878 post
2693 3832 2813 3871 med.
2850 3829 3146 3871 decimisexti

590 3882 768 3921 saeculi
789 3880 1064 3921 combussit.
1082 3882 1258 3930 Exigua
1278 3884 1436 3922 tamen
1463 3894 1573 3933 pars
1595 3881 1743 3924 cranii
1766 3886 1813 3924 et
1832 3882 1975 3923 nnius
2003 3883 2194 3929 brachii,
2229 3884 2306 3923 vel
2327 3880 2423 3923 illis
2450 3881 2690 3933 sacrilegis
2726 3887 2890 3933 erepta
2909 3886 3042 3929 iocis.
3059 3885 3143 3924 vel

591 3932 873 3984 jampridem
893 3934 1002 3975 inde
1022 3935 1268 3980 abstracta.
1290 3947 1397 3976 cum
1418 3938 1663 3977 nonnullis
1684 3938 1826 3977 rebus
1854 3947 1975 3986 quae
2006 3938 2064 3977 ad
2094 3947 2196 3977 eam
2224 3938 2512 3985 pertinuisse
2541 3938 2765 3977 dicuntur
2793 3941 2840 3977 et
2871 3939 3146 3988 prodigiosa

590 3989 773 4028 clarent
801 3986 994 4034 virtute,
1022 3988 1233 4028 diversas
1253 3990 1301 4028 in
1320 3989 1546 4031 ecclesias
1565 3989 1835 4036 distributa,
1854 3991 2006 4030 adhuc
2028 3992 2343 4031 asservantur.
2365 3991 2525 4031 Eversi
2561 3991 2605 4031 S.
2641 3993 2804 4033 Crucis
2844 3992 3057 4031 coenobii
3080 3989 3147 4030 si-

595 4043 695 4081 tum
728 4052 783 4080 ex
815 4043 947 4089 parte
977 4044 1210 4090 occupant
1241 4044 1541 4102 Episcopsles
1582 4045 1743 4086 aedem
1772 4045 1823 4084 in
1851 4045 2064 4094 proximo
2092 4041 2319 4084 viridario
2348 4045 2549 4093 vestigia
2582 4043 2766 4085 curiose
2794 4046 3147 4094 investigantur

594 4095 795 4135 cellulae
816 4104 957 4143 quam
981 4095 1023 4135 S.
1043 4095 1291 4135 Abbatissa
1318 4099 1593 4138 incoluerat.
1613 4096 1819 4137 Basilica
1847 4099 2003 4138 antem
2034 4098 2087 4137 in
2119 4108 2212 4147 qua
2251 4107 2438 4138 sacrum
2472 4107 2644 4147 corpus
2673 4099 2941 4147 depositum
2974 4098 3147 4142 fuerat.

594 4149 774 4197 pluries
807 4146 1115 4194 reaedificata,
1135 4159 1161 4188 a
1181 4149 1507 4199 frequentibus
1526 4151 1753 4190 invisitur
1781 4152 1971 4191 advenis
2001 4153 2111 4192 vota
2129 4153 2206 4191 vel
2235 4152 2616 4200 nuncupantibus
2645 4154 2722 4192 vel
2750 4152 3056 4197 solventibus.
3082 4152 3145 4191 ad

595 4202 866 4249 sepulcrum
900 4203 1089 4243 ossibus
1122 4203 1314 4252 quidem
1343 4214 1556 4249 vacuum,
1576 4205 1658 4244 sed
1687 4202 1942 4244 hodiedum
1973 4207 2130 4245 tamen
2161 4205 2429 4254 gloriosum.
2466 4203 2675 4245 Missiaci
2710 4206 2833 4253 apud
2868 4203 3145 4245 suessiones

592 4251 754 4313 (aliacy
774 4256 815 4294 S.
835 4255 1109 4304 Badeyonde,
1131 4258 1231 4296 sive
1262 4258 1673 4308 Many-surannae)
1694 4258 1773 4297 nbi
1796 4259 1934 4307 plura
1953 4259 2151 4300 Sanctae
2180 4260 2370 4299 nostrae
2391 4259 2545 4298 Vitam
2560 4259 2849 4298 illustrantia
2866 4259 3140 4303 evenerunt.

593 4311 775 4347 curiata
793 4306 991 4349 ecclesia
1012 4314 1208 4350 ornatur
1236 4309 1455 4361 Reliquis
1472 4313 1595 4352 ossis
1618 4322 1785 4352 manus
1806 4313 1967 4352 laevae
1995 4314 2044 4353 B.
2074 4313 2278 4361 Reginae
2306 4322 2412 4352 cum
2442 4312 2619 4351 annulo
2649 4321 2790 4360 quem
2818 4315 3006 4361 gestare
3034 4320 3139 4351 con·

591 4363 825 4401 sueverat.
868 4364 1068 4412 Pignus,
1099 4365 1369 4404 authentico
1401 4367 1682 4406 documento
1721 4367 1971 4412 munitum,
2015 4366 2252 4405 detulerat
2296 4375 2349 4404 ex
2390 4366 2711 4413 recognitione
2747 4366 2957 4412 corporis
2978 4393 2989 4411 .
3013 4375 3133 4404 anno

593 4422 897 4461 nccccxxviii,
916 4418 1066 4465 Episc.
1086 4418 1259 4457 Pictav.
1285 4419 1442 4458 Simon
1461 4421 1518 4460 de
1538 4422 1791 4464 cremauit:
1820 4423 1868 4460 et
1887 4420 2088 4460 maxima
2106 4419 2333 4467 religione
2353 4419 2739 4468 solemnibusque
2776 4419 2951 4459 ritibus
2980 4419 3036 4460 ab
3063 4419 3131 4458 in·

589 4467 708 4507 colis
738 4471 785 4509 et
812 4469 1159 4510 confluentibus
1188 4472 1448 4521 peregrinis
1467 4474 1654 4514 colitur.
1677 4473 1767 4526 (Ex
1796 4474 1979 4514 Gouma-
2008 4472 2155 4512 Petits
2176 4469 2521 4521 Bollandistes).
