3308 5004
676 318 805 384 60*
964 349 972 362 ·
1324 333 1405 382 nt
1451 334 1508 382 s.
1562 331 1829 384 extumo
1876 334 2143 382 sautu.
2195 333 2388 382 usar.
2802 315 2991 384 Atto.
3035 317 3106 385 25

585 417 921 487 Dominus
966 415 1102 484 vim
1139 414 1410 485 virtuti-s
1439 436 1605 486 suae
1635 416 1785 486 suis
1815 415 2165 495 fidelibus,
2197 427 2274 485 ut
2304 415 2616 502 undique
2643 413 2808 486 illuc
2981 416 3110 486 ulo-

584 525 741 577 rum
791 504 1302 575 confluentibus
1349 493 1597 584 turbis,
1649 504 1858 574 variis
1888 504 2180 574 detentis
2220 502 2679 594 languoribus
2711 504 2832 576 nul
2867 528 2906 575 a
2942 505 3108 575 diffi—

584 594 809 666 cultas
838 605 1016 664 esset
1053 594 1122 662 in
1163 591 1577 663 conferenda
1608 613 1722 664 sos
1775 592 1937 663 itate
1966 614 2208 662 eorum
2242 593 2701 664 orationibus.

672 685 710 771 ξ
756 687 851 755 θ.
900 683 1191 753 Veniens
1239 682 1470 770 itaque
1516 702 1711 752 sacer
1760 703 1838 752 os
1885 687 1974 751 Ca
2029 681 2228 764 itotii,
2279 682 2559 751 nomine.
2607 682 2945 773 Lupulus,
2997 684 3103 772 qui

584 772 725 842 ritu
772 771 1163 863 paganismi
1210 770 1628 862 fungebatur
1674 769 1900 841 officio
1949 703 2069 840 ilio
2112 770 2525 841 sacerdotali
2576 772 2980 853 vanissime,
3022 793 3112 841 ro-

585 861 769 952 gavit
813 874 889 931 ut
935 861 1391 930 instrueretur
1436 883 1478 930 a
1524 860 1783 932 sanctis
1833 860 2278 961 martyribus,
2330 872 2398 929 et
2445 860 2934 951 baptizaretur.
2975 865 3114 930 Erat

584 950 769 1020 enim
819 971 1090 1019 caecus.
1144 948 1265 1019 Cui
1314 948 1669 1019 dixerunt:
1724 949 1810 1019 Si·
1841 948 2220 1019 credideris
2264 971 2344 1018 ex
2395 961 2530 1019 toto
2578 949 2807 1030 corde,
2872 949 3110 1019 illumi-

584 1038 907 1119 naberiS,
959 1051 1029 1107 et
1072 1038 1208 1107 vita
1256 1051 1531 1108 aeterna
1581 1037 1947 1108 nobiscum
1998 1036 2273 1108 frueris.
2345 1037 2723 1128 Respondit
2778 1037 3107 1128 Lupulus:

584 1133 725 1218 Ego
771 1126 1032 1214 absque
1077 1126 1225 1197 ulla
1272 1126 1724 1218 ambiguitate
1771 1126 1976 1196 credo
2017 1127 2086 1196 in
2122 1148 2326 1215 quem
2363 1148 2479 1197 vos
2516 1125 2821 1208 creditis,
2864 1148 2988 1194 nec
3018 1127 3109 1194 ul-

585 1216 856 1286 latenus
902 1214 1108 1304 cupio
1157 1216 1462 1304 separari
1514 1238 1553 1285 a
1602 1216 1819 1286 vobis.
1874 1215 2035 1286 Ideo
2081 1216 2266 1285 enim
2311 1215 2394 1284 ad
2457 1238 2574 1287 vos
2631 1214 2953 1306 confugi,
3010 1214 3110 1283 de·

585 1304 898 1375 siderans
947 1304 1301 1374 vobiscum
1355 1304 1422 1373 in
1475 1303 1586 1374 his
1634 1304 1936 1375 vinculis
1985 1326 2106 1394 pro
2154 1325 2386 1373 amore
2435 1300 2682 1373 Christi
2719 1303 3106 1395 mancipari.
3213 1379 3214 1388 χ

583 1394 707 1463 His
752 1393 1034 1472 auditis,
1072 1392 1435 1464 confestim
1475 1394 1839 1474 miserunt,
1883 1405 1948 1463 et
1987 1406 2401 1485 rogaverunt
2430 1392 2514 1461 ad
2552 1416 2627 1462 se
2668 1392 3104 1463 venerabilem

586 1481 918 1554 Rufinum
970 1483 1449 1573 presbyterum
1499 1483 1752 1551 venire.
1807 1483 1936 1566 Qui
1989 1483 2266 1553 veniens
2305 1481 2391 1551 ad
2426 1504 2797 1562 carcerem,
2834 1481 3110 1551 catechi-
3213 1561 3214 1566 η

586 1572 762 1643 zavit
804 1583 871 1640 et
918 1571 1283 1662 baptizavit
1328 1593 1515 1641 eum.
1567 1577 1757 1641 Tunc
1790 1572 2020 1642 subito
2050 1572 2139 1641 ab
2171 1569 2393 1641 oculis
2431 1570 2586 1659 ejus
2613 1570 2840 1661 caligo
2873 1570 3105 1639 disces·
3213 1631 3214 1644 ,

587 1661 678 1731 sit
721 1672 787 1730 et
833 1659 1069 1729 lumen
1120 1660 1370 1730 Christi
1419 1659 1487 1729 in
1538 1660 1996 1732 eis-emicuit.
2049 1665 2240 1730 'l'unc
2286 1681 2660 1731 accurrens
2705 1672 2945 1729 custos
2978 1681 3104 1727 car-
3213 1705 3214 1724 t

586 1750 786 1831 ceriS,
839 1761 907 1819 et
953 1748 1192 1819 videns
1239 1748 1659 1819 illustratum
1712 1770 2014 1839 superno
2064 1748 2351 1827 lumine,
2410 1749 2532 1836 qui
2586 1748 2792 1818 annis
2842 1761 3108 1836 quatuor
3213 1751 3214 1810 J

587 1860 834 1909 caecus
882 1837 1125 1920 fuerat,
1180 1838 1369 1907 misit
1416 1859 1488 1906 se
1535 1836 1621 1907 ad
1677 1839 1882 1928 pedes
1931 1851 2353 1917 sanctorum,
2427 1850 2492 1906 et
2546 1849 2621 1907 ut
2677 1837 3109 1926 baptizaretur

591 1927 875 2019 rogavit.
928 1931 1145 2009 Quem
1194 1926 1380 1995 illico
1414 1925 1658 1996 beatus
1706 1927 2001 1997 Rufinus
2039 1948 2234 1996 sacro
2265 1926 2678 2014 baptismate
2715 1925 3099 2016 purificavit.
3213 1979 3214 1990 ,

554 2036 888 2102 ¹eumque
952 2014 1166 2086 armis
1227 2014 1388 2084 fidei
1462 2015 1783 2085 munivit.
1853 2016 2102 2086 Abiens
2163 2014 2518 2095 Vitellius,
2574 2015 2923 2086 intimavit
2968 2013 3102 2099 Regi

591 2104 849 2185 omnia,
902 2125 1081 2189 quae
1125 2126 1164 2173 a
1213 2102 1471 2174 sanctis
1518 2115 1707 2194 gesta
1754 2115 1950 2174 erant
1979 2160 1995 2186 ,
2046 2104 2345 2192 qualiter
2391 2117 2838 2195 superassent
2905 2101 3104 2174 omnia

591 2205 1088 2264 tormentorum
1140 2203 1534 2283 genera,‚et
1579 2192 1929 2281 quomodo
1975 2192 2553 2283 contempsissent
2600 2192 2737 2262 diis
2779 2192 2994 2263 libare
3017 2212 3104 2259 sa-

589 2281 877 2362 crificia,
926 2281 1357 2369 qualiterque
1408 2281 1803 2369 loqueretur
1846 2281 2184 2353 Eusebius
2230 2282 2381 2350 sine
2413 2281 2676 2373 lingua.
2713 2282 2840 2351 Cui
2871 2283 2958 2351 ita
2990 2285 3100 2349 Rex

588 2370 716 2441 ait:
770 2369 1103 2460 Extingue
1149 2392 1289 2441 eos.
1342 2371 1470 2454 Qui
1513 2370 1773 2457 jubens
1822 2370 2120 2440 tribunal
2177 2372 2572 2471 praeparari
2621 2371 2751 2441 sibi
2786 2423 2806 2450 ‚
2860 2384 2925 2440 et
2978 2368 3100 2438 illos

588 2458 955 2541 introduci,
1008 2459 1139 2530 ait:
1192 2460 1435 2531 Afferte
1484 2459 1854 2551 tripodam,
1909 2471 1983 2530 ut
2015 2459 2407 2530 sacrificent
2441 2460 2537 2529 hi.
2584 2458 2794 2530 Atilii
2831 2478 3099 2560 expuen-

591 2562 690 2619 tes
735 2562 1299 2639 contempserunt
1341 2572 1527 2620 eum.
1582 2550 1792 2639 Cujus
1831 2550 2035 2618 etiam
2069 2570 2186 2619 cor
2221 2549 2702 2640 impoenitens,
2746 2550 3096 2623 admirans,

588 2637 832 2709 beatus
878 2638 1214 2709 Eusebius
1262 2638 1388 2708 ait:
1443 2642 1494 2708 Ο
1546 2638 1777 2717 miser,
1829 2640 2032 2727 cujus
2068 2659 2187 2707 cor
2223 2651 2326 2707 est
2364 2637 2561 2709 sedes
2592 2643 2911 2708 Satanae.
2947 2642 3098 2705 Tunc

590 2726 901 2797 Vitellius
948 2726 1106 2798 fecit
1150 2749 1267 2797 eos
1313 2741 1472 2796 ante
1516 2727 2106 2817 amphitheatrum
2161 2727 2425 2798 tamdiu
2476 2727 2862 2817 plumbatis
2894 2725 3096 2796 acriter

591 2815 810 2897 caedi,
863 2815 1080 2885 donec
1120 2838 1153 2885 s
1210 2816 1443 2886 iritum
1482 2816 1851 2886 exalarent.
1897 2822 2204 2899 Quorum
2246 2838 2534 2907 corpora
2566 2815 2812 2886 beatus
2848 2814 3089 2885 Rufinus

592 2904 889 2996 collegit,
917 2915 983 2974 et
1008 2925 1141 2973 non
1198 2926 1375 2995 onge
1399 2905 1487 2975 ab
1519 2905 1689 2976 urbe
1716 2911 1931 2975 Roma
1954 2905 2285 2997 sepelivit,
2315 2911 2355 2975 8
2382 2904 2656 2975 Calend.
2689 2900 3080 2995 Septembris

862 3112 1477 3296 minitatum
1548 3193 1629 3293 s,
1704 3192 2104 3295 GENEsn
2181 3193 2889 3295 ARELATENSts

1224 3434 1509 3484 AUCTORE
1556 3436 1615 3482 Β.
1670 3435 1941 3484 PAULINO
1991 3434 2189 3483 ssplsc.
2243 3434 2494 3483 noLANo

1544 3616 1835 3672 Ineunte
1877 3615 1974 3671 IV
2016 3628 2190 3674 saec.

677 3800 715 3887 ξ
761 3804 837 3870 1.
892 3797 1225 3869 Genesius
1261 3798 1343 3867 vin
1386 3796 1775 3886 juventutis
1823 3798 1992 3879 flore
2039 3797 2410 3888 primaevo,
2469 3796 2911 3887 provincialis
2951 3788 3096 3862 mili-

592 3889 724 3958 tiae
772 3887 1193 3977 tyrocinium
1244 3886 1570 3977 suscepit,
1623 3908 1772 3955 eam
1824 3885 2034 3955 officii
2085 3898 2347 3978 partem
2400 3886 2630 3957 studio
2676 3898 2742 3957 et
2776 3898 2917 3956 arte
2944 3899 3097 3951 com-

591 3977 858 4068 plexuS,
910 3998 1088 4065 quae
1130 3990 1582 4068 patronorum
1636 3975 1838 4044 verba
1876 3974 1976 4044 vel
2015 3996 2186 4044 nova
2219 3976 2580 4065 signorum
2618 3975 2977 4050 velocitate,
3016 3961 3093 4034 vel

591 4065 925 4148 dexterae,
979 4088 1229 4137 sonum
1281 4065 1466 4135 vocis
1513 4077 1872 4152 aequaret:
1927 4063 2309 4154 spiritalem
2361 4065 2632 4134 futurae
2674 4064 2926 4156 gloriae
2956 4061 3094 4128 ima·

644 4155 820 4224 'nem
875 4155 1379 4256 praefiguranS,
1431 4165 1510 4223 ut
1552 4153 1675 4241 qui
1718 4164 2082 4243 praecepta
2116 4153 2351 4223 divina
2385 4153 2697 4224 celeriter
2725 4151 2997 4228 audiret,
3032 4161 3092 4212 ea

643 4243 917 4314 delibus
968 4258 1145 4313 notis
1198 4243 1349 4333 piae
1385 4243 1634 4312 mentis
1664 4242 1806 4311 exci
1863 4254 2023 4313 eret.
2062 4242 2323 4312 Accidit
2355 4257 2610 4322 autem,
2644 4254 2746 4323 ut,
2789 4259 2938 4312 cum
2967 4244 3095 4305 ante

593 4331 893 4403 tribunal
920 4332 1300 4421 exceptoris
1325 4330 1729 4422 fungeretur
1755 4347 1799 4400 o
1851 4329 2007 4415 icio,
2048 4330 2307 4421 injusto
2341 4344 2542 4419 atque
2576 4331 2904 4421 sacrilego
2934 4341 3090 4394 man·

480 4502 483 4507 ⁵
592 4419 752 4490 dato
802 4420 1300 4510 persecutionis
1338 4420 1539 4509 jussa
1586 4419 1977 4501 ederentur,
2030 4442 2208 4509 quae
2256 4420 2541 4491 devotus
2581 4426 2715 4491 Deo
2752 4414 3092 4510 repudiaret

2979 4758 2990 4795 Ι
