3308 5004
5 354 6 365 '
62 381 240 448 Aue.
295 381 379 447 30
1938 361 1947 369 ’
2289 479 2297 488 .
2394 387 2509 452 74⁴

1165 595 1496 675 VITA

186 820 266 923 S.
316 819 737 922 ΒΟΝΟΝΙΙ
817 820 1254 923 ABBATlS
1322 821 1760 923 MONAST.
1811 820 2486 924 LUCEDIENsis

763 1079 931 1138 QUOD
976 1081 1091 1129 EST
1135 1081 1203 1131 IN
1259 1079 1426 1129 AGRO
1473 1079 1898 1130 VERCELLRNSI

56 1280 230 1339 QUAH
272 1280 356 1327 EX
401 1276 651 1326 DUOBUS
712 1275 1075 1338 CODICtBUS,
1149 1275 1411 1334 Quorum
1475 1277 1675 1325 ALTER
1719 1277 1888 1326 APUD
1948 1275 2297 1326 CANONICOS
2364 1276 2606 1326 camn-

145 1387 365 1436 DRALIS
410 1380 769 1444 mansum,
824 1384 1024 1432 ALTER
1069 1383 1238 1431 APUD
1282 1381 1623 1433 HONACHOS
1673 1385 1730 1433 S.
1775 1385 2084 1434 STEPHANI
2131 1383 2449 1433 BONOMAE
2495 1385 2611 1433 AS·

146 1492 491 1551 SERVATUR,
544 1491 1058 1539 ILLUSTmssmth
1105 1491 1181 1538 m·
1228 1491 1809 1540 REVERssNmssnms
1857 1490 2233 1540 CARDINALIS
2280 1493 2356 1539 ΕΤ
2404 1490 2606 1539 EPISC·

144 1599 560 1649 BONONIENSIS
588 1598 857 1646 GABRIEL
883 1596 1244 1646 PALAROTUS
1291 1598 1374 1644 AD
1419 1597 1536 1645 Nos
1582 1597 1972 1646 ExscmPTAn
2000 1598 2194 1659 msm
2230 1597 2400 1646 UNDE
2446 1599 2599 1658 EAM,

145 1709 225 1755 DE
256 1705 600 1756 SENTENTIA
629 1670 830 1768 Nina,
857 1704 938 1752 AT
970 1704 1212 1752 STYLtm
1240 1704 1651 1762 ALIQUANTUH
1684 1704 2112 1764 mutJTAMtS,
2146 1704 2598 1752 Excssnpsmns.

852 1886 978 1945 Ob.
1025 1898 1205 1942 anno
1233 1887 1401 1941 1026
1442 1913 1521 1924 —-
1558 1886 1805 1944 Italus.

146 2070 183 2156 ἓ
229 2073 309 2141 1.
362 2073 609 2137 Beatus
647 2067 998 2138 Bononius
1024 2067 1060 2104 '⁶
1093 2067 1398 2137 Bononia
1432 2067 1801 2149 oriundus,
1837 2090 1996 2138 cum
2030 2068 2237 2139 vitam
2276 2069 2609 2159 sapientis

52 2156 364 2229 hominis
401 2157 644 2227 mortis
682 2178 831 2226 esse
865 2156 1377 2226 meditationem
1424 2156 1715 2259 legendo
1748 2157 2127 2237 didicisset,
2167 2157 2346 2227 serio
2381 2157 2510 2228 hoc
2548 2173 2613 2229 et

50 2269 265 2348 saepe
297 2246 480 2336 apud
525 2245 839 2315 animum
885 2244 1186 2328 volvenS,
1223 2268 1263 2314 a
1304 2247 1550 2336 primis
1591 2247 1821 2316 statim
1871 2247 2075 2315 annis
2118 2247 2365 2315 mundi
2402 2246 2612 2336 hujus

54 2335 332 2405 deliciis
380 2334 760 2425 repudiatis
807 2334 875 2403 in
922 2339 987 2404 S.
1049 2334 1379 2425 Stephani
1436 2334 1959 2415 monasterium,
1999 2333 2184 2420 quod
2232 2347 2334 2405 est
2393 2340 2609 2405 Bono-

59 2424 272 2506 niae,
338 2446 409 2494 se
447 2423 756 2504 abdidit,
802 2435 878 2493 ut
918 2422 1153 2497 seculo
1197 2422 1478 2493 excluso
1530 2436 1594 2492 et
1651 2422 1915 2492 mundo
1974 2435 2290 2492 mortuus
2347 2423 2611 2494 Christo

57 2526 249 2584 totus
302 2513 595 2584 viveret:
653 2513 827 2582 nihil
877 2513 1138 2583 interea
1187 2512 1384 2603 pensi
1433 2512 1720 2593 bahem,
1774 2533 1952 2600 quae
2001 2512 2319 2581 homines
2373 2512 2475 2582 vel
2515 2512 2615 2584 lo-

54 2614 488 2690 querentur,
543 2601 647 2673 vel
699 2602 1074 2684 sentirent,
1129 2603 1388 2693 quippe
1435 2601 1558 2688 qui
1607 2600 1885 2692 legerat,
1938 2601 2236 2692 primam
2289 2602 2612 2672 monachi
2678 2687 2683 2692 Ἴ

49 2691 383 2762 virtutem
432 2714 582 2763 esse
614 2747 629 2773 ‚
683 2691 1047 2761 hominum
1081 2690 1353 2781 judicia
1408 2701 1846 2760 contemnere
1881 2744 1897 2771 ,
1950 2689 2031 2758 ed
2084 2687 2254 2758 illud
2307 2691 2611 2781 Apostoli

42 2802 331 2869 semper
377 2780 714 2850 memoria
760 2792 1110 2870 repetere:
1162 2782 1242 2849 Si
1275 2778 1496 2848 adhuc
1525 2779 1902 2849 hominibus
1945 2782 2307 2869 placerem,
2366 2781 2618 2851 Clzrzsti

41 2891 291 2939 servus
337 2892 467 2938 non
512 2892 718 2939 essem
753 2869 938 2959 (Gal.
991 2868 1068 2958 ι).
1122 2873 1199 2938 In
1255 2867 1372 2938 illo
1428 2885 1657 2941 autem
1716 2873 1781 2938 S.
1838 2874 1946 2939 Ste
2001 2867 2163 2937 hani
2197 2869 2612 2938 monasterio

41 2979 220 3028 cum
266 2957 333 3025 in
372 2969 768 3027 sanctarum
810 2958 1143 3028 virtutum
1192 2956 1604 3044 divinaeque
1635 2968 1955 3046 contemp
1987 2956 2238 3027 ationis
2276 2956 2609 3046 piissimis

37 3045 395 3116 exercitiis
455 3045 750 3116 multum
805 3069 928 3137 per
973 3046 1239 3132 aliquot
1285 3067 1507 3115 annos
1556 3045 1999 3136 profecisset,
2053 3045 2139 3114 ad
2199 3043 2603 3134 perfectiora

39 3135 472 3205 charismata
509 3135 957 3215 contendens,
998 3134 1246 3224 patria,
1281 3134 1548 3214 amiciS,
1584 3134 1814 3215 dom0,
1851 3134 2184 3222 urbisque
2223 3133 2609 3221 frequentia

40 3223 344 3293 desertis
374 3276 389 3304 ‚
456 3223 828 3313 Babylonis
873 3223 1159 3314 Aegypti
1208 3223 1653 3293 solitudinem
1708 3223 1929 3306 adiit,
1983 3236 2062 3294 ut
2106 3223 2479 3323 asperioris
2532 3246 2612 3294 ac

40 3312 360 3382 durioris
411 3312 585 3381 vitae
633 3312 826 3381 freno
873 3333 1129 3403 corpus
1179 3312 1473 3404 perfecte
1519 3313 1918 3392 edomaret,
1978 3335 2059 3381 ac
2101 3311 2381 3403 spiritui
2420 3311 2616 3382 obse-

40 3422 278 3489 quens
327 3399 532 3490 plane
589 3400 925 3471 redderet.

138 3492 176 3576 ξ
230 3494 320 3560 ².
373 3487 608 3558 Evenit
638 3500 867 3558 autem
901 3489 1123 3559 famae
1156 3500 1223 3560 et
1247 3490 1578 3561 virtutum
1612 3490 1766 3579 ejus
1799 3488 2179 3580 fragrantia
2205 3487 2290 3558 ad
2326 3490 2613 3581 Aegypti

43 3576 320 3647 incolas
358 3575 792 3668 pervadente,
848 3590 925 3648 ut
971 3600 1052 3648 ea
1091 3579 1273 3670 capti
1323 3602 1401 3650 ac
1449 3578 1717 3649 deliniti
1777 3583 1912 3669 Aeg
1966 3579 2090 3670 ptii
2140 3600 2480 3669 proceres,
2535 3601 2613 3648 ac

40 3665 281 3758 potior
329 3689 490 3757 pars
540 3666 780 3757 populi
815 3667 900 3737 ad
933 3689 1100 3737 eum
1130 3690 1365 3737 amore
1403 3692 1484 3738 ac
1531 3667 1877 3759 singulari
1956 3666 2385 3738 enevolentia
2418 3689 2610 3737 com-

47 3754 528 3844 plectendum,
584 3756 1022 3826 vehementer
1075 3756 1572 3828 incitarentur:
1625 3758 1723 3827 ita
1761 3757 2040 3844 quidem
2085 3768 2162 3826 ut
2213 3768 2610 3847 potestatem

44 3843 383 3927 facerent,
437 3867 517 3914 ea
565 3844 716 3914 istis
764 3845 833 3913 in
889 3845 1059 3915 locis
1115 3846 1547 3927 instituendi,
1600 3867 1779 3933 quae
1828 3845 1913 3915 ad
1958 3846 2315 3935 religionis
2350 3858 2614 3915 restau-

41 3934 389 4003 rationem
422 3933 784 4003 barbarica
808 3933 1072 4004 feritate
1100 3935 1579 4005 conculcatam
1615 3935 1956 4024 pertinere
1980 3934 2385 4004 censuisset.
2420 3933 2612 4016 Quod

42 4042 216 4088 cum
254 4022 644 4110 frequenter
691 4035 1040 4113 urgerent,
1095 4024 1377 4113 gavisus
1429 4025 1589 4114 pius
1639 4036 1855 4114 pater,
1892 4035 1959 4092 et
1985 4028 2144 4104 De0‚
2200 4023 2320 4110 qui
2355 4021 2614 4092 feroces

43 4109 508 4181 barbarorum
560 4125 821 4182 mentes
884 4112 1031 4181 miti
1087 4125 1318 4193 asset,
1387 4114 1683 4204 gratiam
1747 4110 2103 4193 referens,
2176 4112 2608 4182 occasionem

43 4209 317 4269 tantam
370 4201 657 4270 minime
724 4199 858 4272 sibi
909 4200 1091 4292 negi
1144 4200 1395 4271 endam
1455 4214 1647 4271 ratus
1681 4256 1697 4284 ,
1764 4201 1957 4293 operi
2019 4199 2260 4271 sedulo
2312 4200 2603 4280 institit,

38 4287 363 4446 ssrimum
413 4289 646 4360 diruta
688 4289 928 4360 multis
976 4289 1045 4358 in
1124 4290 1269 4360 ocis
1321 4290 1575 4381 templa
1609 4301 2032 4370 restaurans,
2072 4303 2137 4360 et
2167 4303 2321 4380 post
2340 4291 2609 4380 jactum

96 4398 180 4447 oc
229 4379 567 4450 virtutum
620 4401 904 4452 suarum
957 4378 1159 4468 quasi
1209 4378 1574 4470 spirituale
1612 4377 2148 4450 fundamentum
2192 4376 2610 4450 monasteria

98 4503 120 4525 ⁰
153 4502 247 4544 vel
270 4505 493 4545 Βοῖοπίεω.
