3308 5004
685 321 814 386 370
1261 336 1343 386 DE
1389 339 1448 387 s.
1498 336 1834 386 muniano
1883 333 2204 388 suassmn.
2254 332 2458 382 nrisc.
2814 313 3000 382 AUG.
3068 314 3163 379 ⁴5

680 427 718 511 ἓ
770 428 933 496 29.
986 428 1194 493 Porro
1250 429 1487 494 Comes
1534 421 1993 503 TheobalduS,
2058 422 2213 508 ejus
2267 419 2544 510 cognito
2602 417 2924 498 adventu,
2974 439 3161 487 cum

593 535 851 604 magno
913 512 1213 583 militum
1274 525 1338 583 et
1387 511 1729 582 nobilium
1776 512 2109 581 comitatu
2157 508 2467 579 hilariter
2511 528 2673 576 eum
2720 505 3019 597 excepit,
3088 517 3161 575 et

593 601 893 673 officiose
941 601 1011 670 in
1060 599 1264 673 aedes
1298 600 1700 671 introduxit.
1739 603 1921 670 Hora
1970 611 2197 670 autem
2253 597 2636 689 vespertina
2704 595 2771 664 in
2834 593 3159 681 quodam

590 690 942 761 remotiori
986 690 1310 761 cubiculo
1351 690 1453 758 vir
1487 690 1603 759 Dei
1635 689 1969 760 secretius
1999 686 2365 775 residebat,
2401 686 2773 773 aderatque
2803 684 2866 753 ei
2898 688 3154 754 Comes

584 781 732 871 jam
781 779 1011 850 dictus
1071 800 1229 850 cum
1293 779 1663 869 perpaucis
1704 777 2077 859 nobilibus,
2136 775 2222 846 de
2275 777 2551 845 animae
2619 773 2840 843 salute
2888 794 2970 843 ex
3013 772 3158 843 illo

594 869 995 939 sciscitans:
1033 889 1195 938 cum
1250 868 1477 938 subito
1528 879 1790 938 mutato
1845 866 2065 948 vultu,
2116 878 2184 935 et
2228 864 2430 954 quasi
2478 862 2732 953 spiritu
2779 861 3148 944 incitante,

593 964 833 1028 Vocate
882 956 1077 1038 mihi,
1135 958 1252 1038 ait,
1291 956 1467 1027 duos
1514 955 1670 1025 illos
1694 955 1937 1026 fratres
1986 967 2277 1036 nostros,
2316 951 2775 1042 Everolphum
2816 963 2884 1021 et
2908 954 3151 1021 Oster-

592 1067 893 1116 marum.
938 1050 1052 1115 Est
1096 1046 1309 1127 enim,
1365 1044 1548 1132 quod
1598 1044 1739 1114 illis
1786 1045 2049 1115 dictum
2088 1043 2314 1113 velim.
2360 1040 2726 1112 Confestim
2776 1051 3146 1121 vocantur,

594 1149 660 1205 et
707 1136 1026 1204 veniunt:
1065 1156 1363 1222 cumque
1389 1147 1645 1205 starent
1675 1145 1830 1204 ante
1876 1133 2100 1214 illum,
2140 1133 2235 1201 ait
2273 1135 2685 1202 ostermaro:
2723 1133 3148 1216 «Postquam

593 1229 726 1295 Deo
775 1224 1144 1293 miserante
1182 1222 1512 1293 secularis
1552 1222 1839 1293 militiae
1885 1222 2144 1292 factum
2186 1219 2459 1308 reliqui,
2517 1240 2637 1310 pro
2673 1217 2934 1288 viribus
2971 1238 3150 1307 ope-

593 1335 743 1383 ram
784 1312 966 1394 dedi,
1022 1334 1105 1382 ne
1151 1311 1277 1382 ulli
1312 1334 1389 1383 ex
1427 1312 1757 1383 fratribus
1806 1311 2134 1396 injuriam
2185 1320 2306 1379 aut
2348 1307 2733 1396 quamlibet
2778 1320 3148 1377 contume-

591 1402 757 1471 liam
793 1402 1212 1492 irrogarem:
1264 1401 1587 1490 quodque
1630 1422 1755 1491 ego
1803 1399 2069 1470 solicite
2112 1398 2511 1478 observavi,
2563 1419 2604 1466 a
2651 1395 2921 1466 cunctis
2962 1394 3146 1466 mihi

594 1490 1130 1561 adhaerentibus
1169 1490 1503 1560 solicitius
1550 1489 2057 1559 observandum
2106 1487 2368 1558 curavi.
2413 1486 2579 1557 Novi
2610 1486 2792 1556 enim
2844 1505 3147 1576 poenam

593 1580 825 1648 divino
872 1600 989 1649 ore
1035 1581 1474 1649 constitutam
1510 1579 1581 1647 in
1630 1600 1816 1659 eum,
1860 1579 1981 1665 qui
2021 1599 2243 1647 unum
2294 1599 2331 1647 e
2364 1574 2642 1668 pusillis
2688 1572 3137 1644 scandalizet.

590 1673 776 1767 Quae
813 1690 974 1738 cum
1025 1670 1164 1738 sint
1206 1668 1586 1749 verissima,
1641 1689 1780 1756 qua
1837 1666 2056 1737 fronte
2102 1688 2318 1736 ausus
2363 1686 2438 1734 es
2497 1663 2706 1734 frater
2751 1666 3142 1733 Ostermare

586 1757 864 1826 fratrem
915 1756 1371 1846 Everolphum
1407 1754 1677 1825 afficere
1724 1756 2166 1836 contumelia,
2202 1767 2268 1825 et
2319 1776 2538 1842 neque
2577 1752 2808 1823 timori
2866 1751 3128 1831 divino,

590 1869 811 1932 neque
857 1856 1089 1915 nostro
1125 1845 1373 1936 pudori
1424 1844 1739 1915 deferre?
1784 1846 1907 1915 Abi
1956 1846 2189 1932 igitur,
2260 1855 2328 1913 et
2373 1857 2706 1913 revertere
2752 1840 2839 1909 ad
2890 1861 3138 1909 mona-

589 1935 876 2005 sterium
929 1945 1152 2015 tuum,
1207 1948 1357 2025 post
1405 1946 1664 2003 tantam
1721 1934 1907 2003 enim
1968 1932 2410 2003 stoliditatem
2466 1954 2599 2001 non
2645 1929 2865 2019 patior
2918 1941 2983 1997 te
3030 1950 3140 1998 so-

589 2024 775 2093 cium
815 2022 1083 2092 itineris
1135 2023 1289 2092 mei.
1343 2022 1505 2093 Volo
1552 2023 1738 2093 enim
1769 2023 2052 2093 comites
2086 2043 2273 2092 meos
2320 2042 2470 2090 esse
2516 2018 2846 2110 placidos,
2902 2016 3126 2098 mites,

591 2110 993 2193 benevolos,
1048 2112 1118 2181 in
1176 2123 1413 2181 mutua
1479 2111 1705 2182 officia
1789 2125 2112 2201 paratoS‚
2168 2132 2306 2180 non
2382 2107 2812 2178 refractarios
2881 2119 2950 2176 et
2994 2128 3131 2175 non

594 2199 946 2271 subdolos.
986 2223 1021 2266 »
1308 2234 1311 2238 ι

678 2292 714 2376 ξ
758 2292 931 2361 80.
984 2289 1106 2358 His
1135 2289 1252 2359 ille
1299 2288 1504 2359 frater
1534 2311 1746 2380 supra
1779 2286 2061 2358 modum
2096 2297 2600 2366 consternatuS,
2647 2282 2940 2356 tremula
2971 2305 3129 2352 voce

594 2377 987 2468 respondit:
1036 2379 1323 2449 Ubinam
1359 2401 1395 2448 e
1445 2400 1507 2459 0,
1552 2377 1831 2448 domine
1880 2388 2103 2466 pater,
2158 2389 2276 2448 aut
2340 2373 2778 2472 refractarius
2834 2371 2959 2450 fui,
3013 2385 3131 2441 aut

589 2467 801 2538 alicui
848 2467 1337 2538 contumeliam
1414 2467 1556 2538 eci?
1602 2472 1650 2536 E
1702 2488 1741 2537 o
1774 2486 1940 2536 sane
1971 2465 2124 2552 ejus
2156 2486 2293 2535 non
2342 2463 2655 2534 memini.
2692 2467 2807 2533 Vir
2855 2461 2972 2531 Dei
3002 2461 3120 2531 ait:

590 2581 628 2624 «
654 2563 891 2628 Nonne
923 2579 1126 2628 aures
1161 2579 1348 2628 meae
1380 2570 1575 2627 erant
1620 2578 1659 2625 a
1756 2578 1833 2626 os
1881 2567 2102 2636 tuum,
2137 2553 2417 2642 quando
2449 2552 2684 2623 dixisti
2730 2550 2927 2620 fratri
2967 2556 3131 2620 Eve-

590 2646 858 2737 rolph0,
925 2645 1130 2716 malle
1184 2660 1265 2727 te,
1319 2659 1395 2715 ut
1440 2656 1652 2737 caput
1695 2645 1847 2735 ejus
1911 2656 2335 2733 mergeretur
2383 2643 2452 2711 in
2517 2642 2864 2720 latrinam,
2917 2661 3129 2728 quam

586 2748 750 2806 tuus
782 2734 1094 2806 caballus
1119 2735 1317 2804 solito
1345 2735 1589 2825 maJori
1628 2735 1906 2803 annona
1940 2731 2425 2801 fraudaretur?
2472 2729 2682 2800 Crede
2723 2728 2919 2809 mihi,
2957 2751 3128 2798 nun-

585 2845 796 2911 quam
845 2823 913 2892 id
964 2845 1178 2893 ausus
1243 2823 1493 2893 fuisses
1548 2823 1799 2902 dicere,
1863 2821 1920 2892 si
1972 2833 2242 2891 nostrae
2288 2819 2551 2910 gratiae
2596 2818 2739 2887 ulla
2789 2818 2914 2887 tibi
2963 2839 3126 2888 cura

587 2912 900 2982 fuisset.»
950 2918 1119 2982 Tum
1157 2934 1311 2983 vero
1358 2931 1623 2992 omnes,
1660 2911 1779 2997 qui
1827 2909 2134 2988 aderant,
2172 2909 2345 2978 mire
2391 2910 2926 2997 obstupuerunt,
2961 2926 3130 2993 quo-

589 3001 794 3069 modo
835 2999 951 3069 ille
992 3022 1130 3069 rem
1182 3001 1523 3070 occultam
1569 3013 1636 3070 et
1681 2999 1882 3086 quasi
1930 2998 2129 3067 tacite
2177 2996 2538 3087 prolatam,
2590 3009 2724 3065 tam
2768 3018 2927 3086 pers
2981 2996 3131 3066 icue

589 3090 766 3158 scire
815 3101 1064 3179 posset.
1120 3094 1349 3178 Longo
1395 3089 1580 3158 enim
1632 3085 1990 3159 intervallo
2036 3086 2386 3157 distabant
2441 3085 2617 3154 illud
2664 3085 2922 3155 cubicu
2955 3106 3075 3155 um
3106 3138 3122 3165 ,

590 3178 660 3247 in
694 3199 831 3264 quo
865 3177 1142 3246 sedebat
1189 3178 1290 3247 vir
1336 3191 1640 3257 sanctus,
1686 3191 1751 3247 et
1781 3192 2130 3264 'equorum
2178 3174 2556 3245 stabulum:
2595 3195 2818 3262 neque
2865 3173 3131 3243 dictum

591 3266 720 3336 hoc
747 3278 912 3347 erat,
957 3266 1094 3335 nisi
1133 3288 1293 3335 cum
1342 3266 1538 3353 equis
1584 3288 1862 3335 annona
1890 3263 2438 3335 distribueretur.
2465 3263 2766 3332 Tandem
2807 3262 3016 3333 frater
3044 3261 3126 3331 ad

592 3355 719 3424 viri
754 3355 871 3423 Dei
963 3353 1123 3424 edes
1168 3352 1578 3435 advolvitur,
1613 3368 1679 3424 et
1717 3377 1875 3424 cum
1912 3353 2031 3422 illo
2082 3353 2332 3452 pariter
2363 3351 2607 3422 caeteri
2658 3350 2924 3433 fratreS,
2959 3375 3042 3422 su
3095 3390 3126 3400 -

589 3443 861 3534 pliciter
907 3442 1007 3511 ili
1040 3443 1310 3513 veniam
1352 3456 1677 3533 petentes.
1723 3443 1987 3526 Quibus
2035 3455 2130 3511 ait
2162 3443 2264 3510 vir
2312 3455 2617 3512 sanctus:
2670 3445 2993 3530 Ignoscat
3025 3373 3124 3508 illi

591 3539 806 3603 Deus:
862 3531 1035 3600 mihi
1084 3554 1239 3601 vero
1290 3554 1422 3601 non
1474 3532 1602 3602 erit
1649 3531 1933 3623 posthac
1991 3530 2203 3617 hujus
2248 3530 2516 3600 itineris
2566 3551 2823 3600 comes.
2875 3532 2955 3599 At
3013 3528 3126 3597 ille

587 3644 751 3713 prae
798 3619 1012 3690 nimio
1045 3643 1348 3692 moerore
1397 3621 1699 3712 ploranS,
1752 3621 1964 3701 Eheu,
2013 3620 2260 3707 inquit,
2304 3632 2537 3689 sancte
2568 3631 2781 3709 pater,
2837 3618 3125 3705 quinam

587 3734 713 3802 ego
772 3708 960 3782 solus
1008 3732 1049 3779 a
1089 3722 1150 3780 te
1194 3710 1564 3801 regrediar,
1622 3723 1742 3781 aut
1786 3732 1926 3798 qua
1984 3709 2246 3778 ratione
2313 3708 2522 3798 hujus
2569 3707 2891 3797 repulsae
2936 3726 3125 3776 meae

587 3800 887 3870 dedecus
932 3797 1107 3869 ferre
1148 3803 1423 3891 potero?
1469 3801 1816 3870 Putabunt
1861 3820 2103 3870 omnes
2150 3796 2489 3867 nefarium
2520 3794 2799 3883 aliquod
2851 3794 3122 3865 facinus

586 3912 696 3960 mc
745 3900 1193 3980 perpetrasse,
1233 3901 1300 3959 et
1342 3911 1423 3960 ea
1483 3891 1697 3959 causa
1741 3911 1781 3960 a
1832 3901 1891 3959 te
1938 3886 2290 3977 rejectum.
2339 3890 2568 3967 Parce,
2621 3885 2927 3964 obsecrO,
2999 3906 3124 3975 pu-

586 3977 739 4048 dori
786 3999 959 4058 meo,
1003 3990 1069 4048 et
1097 3978 1278 4048 dona
1308 3978 1481 4048 mihi
1508 3977 1802 4058 veniam,
1843 3999 1930 4046 ne
1957 3998 2064 4045 me
2103 3985 2476 4066 perpetuus
2503 3995 2773 4045 moeror
2809 3983 3117 4064 occupet.

585 4071 754 4135 Tum
789 4067 889 4135 vir
939 4067 1094 4157 pius
1139 4067 1288 4153 ejus
1335 4067 1637 4137 dolorem
1690 4066 2079 4146 miseratus,
2130 4076 2198 4134 et
2238 4064 2524 4133 fratrum
2564 4063 2885 4151 precibus
2916 4083 2991 4132 se
3014 4084 3121 4130 ac-

587 4154 1061 4235 commodanS,
1117 4155 1247 4226 ait:
1286 4178 1323 4222 «
1356 4161 1453 4225 Tu
1478 4154 1759 4243 quidem
1790 4154 1878 4224 ob
1917 4154 2096 4223 hanc
2144 4165 2333 4223 tuam
2367 4150 2809 4222 stoliditatem
2840 4170 3119 4241 prorsus

584 4244 866 4313 domum
919 4244 1217 4314 redibis:
1269 4243 1388 4314 sed
1446 4266 1569 4314 nos
1618 4265 1740 4334 per
1789 4244 1903 4313 Dei
1948 4243 2241 4333 gratiam
2290 4240 2571 4329 aliquod
2616 4239 2960 4331 ejusmodi
3004 4259 3118 4307 ne-

586 4332 851 4432 gotium
890 4332 1391 4423 expediendum
1425 4333 1543 4405 tibi
1577 4332 2179 4411 demandabimus,
2218 4343 2294 4401 ut
2328 4329 2520 4401 nulla
2572 4329 2794 4420 possis
2822 4341 2871 4396 e*
2893 4327 3118 4398 reditu

585 4421 968 4511 ignominia
1016 4422 1259 4492 notari.
1315 4422 1443 4498 Sed
1483 4435 1709 4494 tamen
1760 4444 1928 4505 rem,
1966 4442 2176 4510 quam
2225 4419 2350 4490 tibi
2399 4418 2795 4490 mandaturi
2841 4436 3109 4494 sumus,
