3308 5004
230 304 413 370 AUG.
463 303 546 368 30
1083 321 1159 367 nn
1208 320 1261 367 s.
1319 318 1479 367 nom
1530 322 1697 369 vina.
1754 322 1882 370 Lm.
2560 306 2689 373 763

227 419 487 476 rectum
539 417 659 475 aut
723 415 944 474 tutum
1022 404 1194 474 illud
1270 405 1541 476 virtutis
1590 408 1738 485 iter,
1813 408 2143 498 vertigine
2209 407 2311 478 vel
2382 409 2518 480 alia
2574 410 2779 480 noxia

226 495 636 585 intemperie
674 493 1010 574 laborare,
1058 492 1420 563 illusiones
1468 516 1641 576 esse,
1729 517 1855 566 uas
1887 496 2040 585 ipsa
2069 496 2571 568 illustrationes
2598 497 2779 568 divi-

224 606 350 653 nas
397 584 740 654 credebat.
797 582 1125 653 Suadenti
1175 581 1474 652 feminae
1524 605 1684 674 prec
1760 606 1849 654 us
1902 585 2271 675 impetrare
2319 608 2359 655 a
2407 589 2537 658 sua
2587 609 2778 658 sera-

221 673 428 763 phica
476 672 808 763 magistra
839 672 1015 762 eripi
1040 671 1129 741 ab
1157 670 1269 740 his
1297 673 1679 755 aerumnis,
1708 685 2109 744 constanter
2156 675 2425 756 renuit;
2465 676 2776 766 pudebat

220 762 405 833 enim
458 761 780 833 Crucifixi
829 782 1155 850 sponsam
1207 759 1310 828 vel
1349 782 1471 851 per
1505 776 1931 833 momentum
1964 774 2151 833 extra
2177 785 2421 855 cruces
2462 765 2773 855 reperiri.

220 857 270 921 Α
315 852 574 939 quibus
626 870 986 936 nunquam
1039 849 1334 929 vacavit,
1387 849 1700 921 feriatam
1749 851 1936 921 enim
1999 853 2088 922 ab
2136 852 2456 923 exteriori
2503 854 2780 943 gravior

223 941 607 1031 occupabat
645 939 953 1020 interior,
1026 951 1092 1008 et
1139 941 1441 1009 cessanti
1506 939 1674 1011 soris
1722 941 2186 1030 persecutioni
2253 942 2777 1032 aegritudinum

221 1031 501 1120 agmina
532 1028 1024 1099 succedebant.

308 1126 347 1199 ἓ
399 1123 544 1191 ῡῑ
611 1122 689 1187 In
743 1122 950 1186 Canta
999 1138 1081 1187 ex
1137 1114 1291 1184 dira
1343 1138 1713 1188 nervorum
1765 1118 2169 1188 attractione
2217 1141 2341 1209 per
2389 1119 2768 1189 triennium

223 1207 395 1278 lecto
443 1206 774 1277 decubuit
812 1206 1131 1277 cruciatu
1175 1203 1473 1287 intenso,
1530 1206 1794 1297 gemitu
1836 1205 2069 1287 nullo;
2123 1230 2327 1298 saepe
2373 1208 2780 1280 acutissima

225 1318 377 1367 eam
427 1297 727 1387 angina,
782 1296 1097 1376 asthma,
1162 1295 1599 1383 permolesta!
1648 1295 1928 1376 ischiaS,
2004 1295 2339 1385 pleuritiS,
2406 1296 2769 1378 stomachi,
2865 1297 2874 1310 '

273 1385 593 1456 ericardii
643 1397 709 1454 et
774 1385 1262 1455 intestinorum
1338 1383 1611 1454 dolores
1682 1385 1832 1455 sine
1906 1406 2219 1465 numem,
2272 1399 2338 1455 et
2406 1385 2556 1455 sine
2622 1386 2773 1476 lege

252 1488 611 1561 requentes
636 1473 1124 1543 convulsiones
1151 1471 1593 1552 invadebant,
1636 1472 1923 1543 medicis
1957 1486 2033 1543 ut
2070 1473 2448 1564 plurimum
2483 1487 2771 1564 stupen-

224 1565 407 1634 tibus
446 1562 792 1651 quomodo
827 1564 896 1631 in
933 1575 1068 1632 tam
1103 1560 1300 1630 arido
1323 1560 1740 1650 corpusculo
1780 1562 1957 1632 vires
1985 1575 2214 1632 essent
2252 1561 2339 1632 ad
2376 1562 2779 1653 perferenda

219 1676 395 1740 quae
459 1646 959 1743 prosternendo
1022 1649 1311 1729 cuilibet
1380 1650 1863 1721 robustissimo
1934 1652 2102 1721 satis
2166 1651 2482 1721 fuissent.
2570 1657 2772 1730 Rosa,

221 1742 480 1832 optime
530 1751 928 1831 penetrante
1001 1760 1136 1809 non
1212 1750 1350 1809 tam
1403 1741 1491 1810 ab
1562 1739 1971 1829 intemperie
2043 1762 2253 1828 quam
2328 1762 2367 1809 a
2446 1740 2781 1810 benevola

223 1831 467 1920 Sponsi
505 1852 721 1900 manu
753 1829 922 1899 haec
954 1829 1084 1899 sibi
1121 1827 1442 1918 agonalia
1475 1829 1647 1899 festa
1676 1829 2057 1914 provenire,
2094 1828 2319 1899 febres
2350 1829 2769 1919 ephimeras,

225 1941 303 1987 ac
342 1919 549 1988 etiam
585 1919 889 2006 reliquas
927 1918 1504 2000 contumaciores,
1540 1917 1696 2008 ipsa
1741 1918 2242 1989 consuetudine
2296 1919 2429 1987 'am
2483 1939 2657 2008 pene
2704 1918 2777 1986 in

215 2009 452 2095 jocum
505 2021 814 2079 verterat.
870 2008 1265 2096 chiragrae,
1322 2009 1665 2097 podagrae
1689 2019 1752 2076 et
1783 2006 2094 2077 arthritis
2131 2029 2282 2076 mor
2336 2006 2780 2096 isrequenter

225 2119 374 2165 eam
426 2097 883 2186 occupabant,
957 2118 1133 2184 quos
1191 2118 1353 2166 cum
1418 2097 1672 2165 invicta
1734 2096 2121 2165 constantia
2183 2095 2512 2166 toleravit.
2596 2100 2778 2164 Haec

225 2186 460 2255 omnia
510 2186 688 2255 inter
755 2184 1170 2255 illustriores
1226 2207 1264 2252 a
1317 2188 1449 2255 Deo
1514 2185 1647 2256 sibi
1699 2184 1985 2254 collatos
2032 2184 2300 2255 favores
2351 2184 2773 2255 recensebat.

229 2279 301 2342 In
355 2274 641 2344 sublimi
689 2275 876 2343 enim
925 2285 990 2342 et
1035 2273 1144 2341 sin
1203 2273 1380 2343 ulari
1431 2273 1685 2343 mentis
1714 2273 2089 2342 elevatione
2126 2273 2386 2342 viderat
2425 2274 2775 2342 Christum

227 2364 596 2432 Dominum
667 2362 1086 2431 dividentem
1181 2383 1351 2431 ance
1397 2384 1477 2431 ex
1524 2384 1734 2431 cruce
1804 2360 1981 2431 sacta
2040 2362 2296 2451 gratias
2342 2374 2409 2429 et
2456 2361 2635 2429 dona
2687 2359 2773 2428 ad

227 2473 625 2523 mensuram
678 2472 1087 2542 poenarum,
1140 2451 1540 2540 audivitque
1588 2450 1983 2520 dicentem:
2046 2451 2271 2520 «Sine
2323 2449 2626 2540 pondere
2676 2447 2778 2517 af-

226 2543 636 2623 flictionum,
690 2541 773 2610 ad
827 2541 1086 2631 gratiae
1155 2541 1478 2610 cumulos
1526 2560 1667 2609 non
1736 2539 2121 2629 perveniri;
2195 2539 2477 2609 unicam
2546 2560 2775 2607 veram

222 2631 479 2700 scalam
533 2631 836 2720 paradisi
884 2651 1034 2699 esse
1095 2651 1397 2710 crucem,
1451 2650 1576 2698 nec
1626 2642 1899 2723 praeter
1943 2649 2094 2698 eam
2146 2649 2509 2718 superesse
2556 2627 2773 2697 aliam

225 2742 345 2808 per
391 2742 601 2806 quam
653 2720 723 2788 in
772 2719 962 2790 coelo
1011 2719 1514 2789 ascendatur.»

307 2810 345 2894 ξ
399 2811 547 2881 28.
603 2813 967 2899 Languens
1014 2821 1082 2876 et
1128 2820 1455 2879 aestuans
1502 2807 1725 2876 divini
1796 2806 2055 2875 amoris
2122 2806 2407 2896 ignibus
2458 2805 2528 2874 in
2581 2815 2778 2875 nocte

224 2918 432 2966 orans
482 2898 623 2967 visa
657 2897 787 2967 fuit
821 2900 906 2969 ab
937 2897 1072 2967 alia
1106 2895 1374 2985 virgine
1422 2897 1700 2986 magnis
1735 2893 2123 2964 luminibus
2156 2917 2533 2965 coruscans
2568 2894 2777 2963 veluti

223 2985 549 3076 igniculis
599 3009 720 3076 per
783 3008 861 3056 os
936 2985 1313 3071 oculosque
1382 2984 1734 3064 evibratiS‚
1820 2985 2358 3072 protestantibus
2434 2996 2779 3069 quantum

225 3074 628 3144 incendium
702 3076 893 3146 intus
938 3074 1264 3153 ferveret;
1345 3075 1530 3161 quod
1581 3074 1755 3142 alias
1803 3072 2068 3161 pluries
2138 3077 2219 3141 ea
2268 3072 2487 3141 inscia
2534 3093 2775 3141 coram

224 3161 515 3232 diversis
586 3165 958 3254 contigisse
1030 3163 1356 3232 innotuit.
1433 3168 1700 3234 Ceteras
1771 3162 2055 3230 virtutes
2127 3161 2431 3231 studiose
2499 3159 2772 3238 celavit,

227 3272 548 3341 magnam
581 3252 938 3322 charitatis
987 3251 1340 3319 flammam
1395 3262 1619 3343 tegere
1649 3272 1782 3319 non
1827 3249 2080 3331 valuit3
2132 3251 2287 3340 ejus
2334 3250 2519 3318 enim
2567 3248 2780 3319 collo·

223 3341 412 3426 quia,
468 3338 919 3409 salutationes
964 3350 1030 3407 et
1079 3361 1409 3428 responsa
1471 3341 1801 3410 continuo
1865 3339 2083 3408 divini
2132 3340 2393 3408 amoris
2441 3339 2779 3407 memoria

223 3429 747 3499 condiebantur.
804 3428 1248 3517 Singularum
1302 3443 1776 3500 creaturarum
1813 3429 2093 3497 ordines
2142 3427 2226 3496 ad
2280 3448 2582 3496 amorem
2617 3425 2776 3496 dul·

147 3545 154 3551 ·
223 3518 491 3588 cissimi
543 3517 875 3587 Creatoris
909 3517 1251 3607 gradatim
1284 3518 1766 3610 compellebat,
1808 3528 1952 3587 tum
1997 3517 2236 3607 ignitis
2271 3516 2577 3596 vocibuS‚
2627 3527 2777 3585 tum

227 3606 435 3698 pulsu
484 3605 811 3687 citharae,
848 3628 1053 3693 quem
1090 3629 1224 3676 non
1261 3606 1621 3688 didicerat,
1676 3622 1753 3676 ut
1790 3606 1982 3675 omni
2016 3606 2179 3687 ritu,
2218 3619 2441 3696 gestu,
2478 3617 2778 3690 actuque

224 3718 350 3766 suo
398 3718 471 3765 se
508 3694 759 3766 dilecto
804 3695 1194 3766 ostenderet
1239 3708 1613 3766 amantem.
1668 3696 1919 3764 Eadem
1958 3695 2023 3764 vi
2070 3694 2427 3765 charitatis
2475 3705 2650 3774 acta,
2701 3703 2780 3763 ut

224 3807 380 3854 vera
431 3807 708 3875 sponsa,
756 3785 1027 3855 Domini
1071 3785 1311 3854 zelavit
1343 3786 1719 3862 honorem;
1774 3784 2287 3854 irreverentiam
2320 3784 2505 3852 enim
2557 3780 2780 3851 eccle-

225 3874 486 3943 siarum
537 3874 1026 3954 detestabatur,
1081 3873 1437 3960 loquentes
1503 3876 1594 3942 ibi
1656 3872 1869 3942 otiose
1940 3872 2300 3943 humiliter
2361 3883 2426 3941 et
2473 3871 2779 3941 suaviter

223 3963 659 4053 corripiebat.
716 3964 1081 4032 Domestici
1130 3963 1486 4042 cavebant,
1526 3983 1610 4030 ne
1642 3982 1874 4031 coram
1909 3964 1989 4031 ea
2025 3961 2318 4050 ineptias
2353 3959 2773 4053 proferrent;

230 4054 642 4123 verebantur
686 4051 874 4122 enim
925 4057 1141 4122 Rosae
1189 4051 1420 4121 adhuc
1471 4050 1799 4142 parvulae
1829 4050 2223 4120 censorium
2276 4049 2774 4140 supercilium3

231 4139 571 4214 immenso
617 4140 873 4232 gaudio
939 4139 1508 4231 perfundebatur,
1585 4140 1851 4226 quoties
1925 4138 2038 4208 Dei
2114 4139 2443 4208 honorem
2513 4139 2777 4230 insigni
2838 4153 2843 4156 ’

229 4226 457 4313 aliquo
506 4253 832 4301 successu
882 4230 1268 4319 promoveri
1319 4229 1612 4308 videbat,
1656 4241 1731 4298 ut
1784 4227 2037 4297 accidit
2084 4229 2152 4296 in
2217 4228 2473 4318 insigni
2529 4249 2773 4320 pecca-

230 4316 418 4387 tricis
468 4320 935 4389 conversione.
992 4319 1242 4388 Eodem
1293 4318 1459 4398 zelo,
1498 4319 1821 4409 precibus
1870 4317 2222 4386 transtulit
2270 4317 2337 4386 in
2392 4339 2465 4386 se
2511 4315 2779 4386 confes·

229 4405 392 4475 sarii
425 4409 534 4479 sui
583 4409 856 4490 febrim,
894 4420 973 4478 ut
1000 4409 1507 4478 concionatoris
1555 4405 1780 4476 officio
1812 4406 1889 4490 in,
1914 4405 2287 4497 percelebri
2340 4406 2773 4476 solemnitate
