<?xml version="1.0" encoding="UTF-8"?>
<!DOCTYPE html PUBLIC "-//W3C//DTD XHTML 1.0 Transitional//EN"
    "http://www.w3.org/TR/xhtml1/DTD/xhtml1-transitional.dtd">
<html xmlns="http://www.w3.org/1999/xhtml" xml:lang="en" lang="en">
 <head>
  <title>
</title>
<meta http-equiv="Content-Type" content="text/html;charset=utf-8" />
  <meta name='ocr-system' content='tesseract 3.04.00' />
  <meta name='ocr-capabilities' content='ocr_page ocr_carea ocr_par ocr_line ocrx_word'/>
</head>
<body>
  <div class='ocr_page' id='page_1' title='image "./historiaeseuvit01lippgoog_0153.png"; bbox 0 0 3308 5004; ppageno 0'>
   <div class='ocr_carea' id='block_1_1' title="bbox 205 333 2585 403">
    <p class='ocr_par' dir='ltr' id='par_1_1' title="bbox 205 333 2585 403">
     <span class='ocr_line' id='line_1_1' title="bbox 205 333 2585 403; baseline -0.001 0"><span class='ocrx_word' id='word_1_1' title='bbox 205 335 340 403; x_wconf 72' lang='lat' dir='ltr'>Ano.</span> <span class='ocrx_word' id='word_1_2' title='bbox 377 333 409 401; x_wconf 71' lang='lat' dir='ltr'>l</span> <span class='ocrx_word' id='word_1_3' title='bbox 1135 351 1216 399; x_wconf 74' lang='lat' dir='ltr'>nn</span> <span class='ocrx_word' id='word_1_4' title='bbox 1263 351 1319 399; x_wconf 88' lang='lat' dir='ltr'>s.</span> <span class='ocrx_word' id='word_1_5' title='bbox 1370 349 1674 400; x_wconf 74' lang='lat' dir='ltr'>noun-nco</span> <span class='ocrx_word' id='word_1_6' title='bbox 2456 334 2585 402; x_wconf 76' lang='lat'>⁴39</span> 
     </span>
    </p>
   </div>
   <div class='ocr_carea' id='block_1_2' title="bbox 142 431 2675 4526">
    <p class='ocr_par' dir='ltr' id='par_1_2' title="bbox 169 431 2675 1601">
     <span class='ocr_line' id='line_1_2' title="bbox 262 431 2675 522; baseline -0 -16"><span class='ocrx_word' id='word_1_7' title='bbox 262 436 425 522; x_wconf 72' lang='lat' dir='ltr'>§u</span> <span class='ocrx_word' id='word_1_8' title='bbox 502 431 815 515; x_wconf 88' lang='lat' dir='ltr'>Quodam</span> <span class='ocrx_word' id='word_1_9' title='bbox 867 443 1174 521; x_wconf 90' lang='lat' dir='ltr'>tempore</span> <span class='ocrx_word' id='word_1_10' title='bbox 1221 432 1308 501; x_wconf 90' lang='lat' dir='ltr'>ab</span> <span class='ocrx_word' id='word_1_11' title='bbox 1357 432 1713 522; x_wconf 87' lang='lat' dir='ltr'>Hispaniis</span> <span class='ocrx_word' id='word_1_12' title='bbox 1762 444 2103 502; x_wconf 89' lang='lat' dir='ltr'>revertens</span> <span class='ocrx_word' id='word_1_13' title='bbox 2150 432 2391 504; x_wconf 87' lang='lat' dir='ltr'>beatus</span> <span class='ocrx_word' id='word_1_14' title='bbox 2448 433 2675 505; x_wconf 87' lang='lat' dir='ltr'>Domi·-</span> 
     </span>
     <span class='ocr_line' id='line_1_3' title="bbox 195 519 2668 612; baseline 0.001 -20"><span class='ocrx_word' id='word_1_15' title='bbox 195 524 362 603; x_wconf 72' lang='lat' dir='ltr'>nicuS,</span> <span class='ocrx_word' id='word_1_16' title='bbox 409 519 705 612; x_wconf 88' lang='lat' dir='ltr'>singulis</span> <span class='ocrx_word' id='word_1_17' title='bbox 744 520 1101 591; x_wconf 89' lang='lat' dir='ltr'>sororibus</span> <span class='ocrx_word' id='word_1_18' title='bbox 1132 519 1408 611; x_wconf 92' lang='lat' dir='ltr'>singula</span> <span class='ocrx_word' id='word_1_19' title='bbox 1447 520 1860 602; x_wconf 87' lang='lat' dir='ltr'>cochlearia,</span> <span class='ocrx_word' id='word_1_20' title='bbox 1898 542 1935 590; x_wconf 91' lang='lat' dir='ltr'>e</span> <span class='ocrx_word' id='word_1_21' title='bbox 1967 542 2296 611; x_wconf 84' lang='lat' dir='ltr'>cupresso</span> <span class='ocrx_word' id='word_1_22' title='bbox 2334 521 2668 607; x_wconf 79' lang='lat' dir='ltr'>confecta,</span> 
     </span>
     <span class='ocr_line' id='line_1_4' title="bbox 185 607 2673 697; baseline 0 -16"><span class='ocrx_word' id='word_1_23' title='bbox 185 610 377 681; x_wconf 83' lang='lat' dir='ltr'>attulit.</span> <span class='ocrx_word' id='word_1_24' title='bbox 425 614 731 697; x_wconf 88' lang='lat' dir='ltr'>Cumque</span> <span class='ocrx_word' id='word_1_25' title='bbox 777 609 864 679; x_wconf 94' lang='lat' dir='ltr'>ad</span> <span class='ocrx_word' id='word_1_26' title='bbox 914 607 1280 679; x_wconf 80' lang='lat' dir='ltr'>fenestram</span> <span class='ocrx_word' id='word_1_27' title='bbox 1331 609 1582 679; x_wconf 92' lang='lat' dir='ltr'>sedens</span> <span class='ocrx_word' id='word_1_28' title='bbox 1614 632 1776 679; x_wconf 93' lang='lat' dir='ltr'>cum</span> <span class='ocrx_word' id='word_1_29' title='bbox 1846 609 2082 680; x_wconf 87' lang='lat' dir='ltr'>multis</span> <span class='ocrx_word' id='word_1_30' title='bbox 2130 609 2485 694; x_wconf 82' lang='lat' dir='ltr'>fratribuS‚</span> <span class='ocrx_word' id='word_1_31' title='bbox 2528 634 2673 682; x_wconf 90' lang='lat' dir='ltr'>ser-</span> 
     </span>
     <span class='ocr_line' id='line_1_5' title="bbox 183 697 2672 802; baseline 0.002 -35"><span class='ocrx_word' id='word_1_32' title='bbox 183 721 396 769; x_wconf 87' lang='lat' dir='ltr'>monem</span> <span class='ocrx_word' id='word_1_33' title='bbox 437 699 718 769; x_wconf 88' lang='lat' dir='ltr'>haberet</span> <span class='ocrx_word' id='word_1_34' title='bbox 763 697 847 767; x_wconf 88' lang='lat' dir='ltr'>ad</span> <span class='ocrx_word' id='word_1_35' title='bbox 887 697 1069 779; x_wconf 88' lang='lat' dir='ltr'>illas,</span> <span class='ocrx_word' id='word_1_36' title='bbox 1112 697 1339 768; x_wconf 87' lang='lat' dir='ltr'>malus</span> <span class='ocrx_word' id='word_1_37' title='bbox 1386 698 1680 769; x_wconf 89' lang='lat' dir='ltr'>daemon</span> <span class='ocrx_word' id='word_1_38' title='bbox 1723 698 1792 766; x_wconf 92' lang='lat' dir='ltr'>in</span> <span class='ocrx_word' id='word_1_39' title='bbox 1849 699 2146 788; x_wconf 89' lang='lat' dir='ltr'>passeris</span> <span class='ocrx_word' id='word_1_40' title='bbox 2189 699 2409 769; x_wconf 86' lang='lat' dir='ltr'>forma</span> <span class='ocrx_word' id='word_1_41' title='bbox 2459 723 2672 802; x_wconf 87' lang='lat' dir='ltr'>prope</span> 
     </span>
     <span class='ocr_line' id='line_1_6' title="bbox 179 786 2662 944; baseline 0.002 -88"><span class='ocrx_word' id='word_1_42' title='bbox 179 800 398 869; x_wconf 86' lang='lat' dir='ltr'>terram,</span> <span class='ocrx_word' id='word_1_43' title='bbox 435 788 530 860; x_wconf 90' lang='lat' dir='ltr'>ita</span> <span class='ocrx_word' id='word_1_44' title='bbox 561 800 641 858; x_wconf 88' lang='lat' dir='ltr'>ut</span> <span class='ocrx_word' id='word_1_45' title='bbox 692 809 904 857; x_wconf 89' lang='lat' dir='ltr'>manu</span> <span class='ocrx_word' id='word_1_46' title='bbox 952 786 1108 876; x_wconf 89' lang='lat' dir='ltr'>capi</span> <span class='ocrx_word' id='word_1_47' title='bbox 1147 800 1409 944; x_wconf 59' lang='lat' dir='ltr'>(posset,</span> <span class='ocrx_word' id='word_1_48' title='bbox 1466 809 1676 877; x_wconf 89' lang='lat' dir='ltr'>supra</span> <span class='ocrx_word' id='word_1_49' title='bbox 1726 809 1993 857; x_wconf 87' lang='lat' dir='ltr'>sorores</span> <span class='ocrx_word' id='word_1_50' title='bbox 2026 788 2095 857; x_wconf 94' lang='lat' dir='ltr'>in</span> <span class='ocrx_word' id='word_1_51' title='bbox 2142 792 2297 858; x_wconf 74' lang='lat' dir='ltr'>aere</span> <span class='ocrx_word' id='word_1_52' title='bbox 2343 788 2662 870; x_wconf 82' lang='lat' dir='ltr'>volitans,</span> 
     </span>
     <span class='ocr_line' id='line_1_7' title="bbox 178 875 2674 956; baseline 0.001 -11"><span class='ocrx_word' id='word_1_53' title='bbox 178 877 516 946; x_wconf 80' lang='lat' dir='ltr'>concionem</span> <span class='ocrx_word' id='word_1_54' title='bbox 554 876 1078 947; x_wconf 89' lang='lat' dir='ltr'>interturbabat.</span> <span class='ocrx_word' id='word_1_55' title='bbox 1114 879 1142 944; x_wconf 92' lang='lat'>1</span> <span class='ocrx_word' id='word_1_56' title='bbox 1242 876 1346 945; x_wconf 90' lang='lat' dir='ltr'>vir</span> <span class='ocrx_word' id='word_1_57' title='bbox 1381 876 1493 946; x_wconf 90' lang='lat' dir='ltr'>Dei</span> <span class='ocrx_word' id='word_1_58' title='bbox 1545 876 1807 956; x_wconf 71' lang='lat' dir='ltr'>videm,</span> <span class='ocrx_word' id='word_1_59' title='bbox 1854 875 2026 945; x_wconf 80' lang='lat' dir='ltr'>dixit</span> <span class='ocrx_word' id='word_1_60' title='bbox 2059 877 2142 946; x_wconf 92' lang='lat' dir='ltr'>ad</span> <span class='ocrx_word' id='word_1_61' title='bbox 2196 899 2498 947; x_wconf 91' lang='lat' dir='ltr'>sororem</span> <span class='ocrx_word' id='word_1_62' title='bbox 2537 883 2674 948; x_wconf 83' lang='lat' dir='ltr'>Ma-</span> 
     </span>
     <span class='ocr_line' id='line_1_8' title="bbox 178 964 2670 1058; baseline 0.002 -25"><span class='ocrx_word' id='word_1_63' title='bbox 178 965 479 1035; x_wconf 83' lang='lat' dir='ltr'>ximillam:</span> <span class='ocrx_word' id='word_1_64' title='bbox 536 970 775 1058; x_wconf 84' lang='lat' dir='ltr'>Surge,</span> <span class='ocrx_word' id='word_1_65' title='bbox 829 979 893 1035; x_wconf 89' lang='lat' dir='ltr'>et</span> <span class='ocrx_word' id='word_1_66' title='bbox 932 966 1444 1056; x_wconf 85' lang='lat' dir='ltr'>apprehensum</span> <span class='ocrx_word' id='word_1_67' title='bbox 1496 964 1696 1035; x_wconf 91' lang='lat' dir='ltr'>illum</span> <span class='ocrx_word' id='word_1_68' title='bbox 1749 964 1977 1034; x_wconf 86' lang='lat' dir='ltr'>adduc</span> <span class='ocrx_word' id='word_1_69' title='bbox 2010 964 2093 1034; x_wconf 92' lang='lat' dir='ltr'>ad</span> <span class='ocrx_word' id='word_1_70' title='bbox 2148 987 2279 1034; x_wconf 89' lang='lat' dir='ltr'>me.</span> <span class='ocrx_word' id='word_1_71' title='bbox 2336 966 2457 1035; x_wconf 92' lang='lat' dir='ltr'>Illa</span> <span class='ocrx_word' id='word_1_72' title='bbox 2517 967 2670 1037; x_wconf 88' lang='lat' dir='ltr'>sine</span> 
     </span>
     <span class='ocr_line' id='line_1_9' title="bbox 178 1052 2671 1145; baseline 0.003 -25"><span class='ocrx_word' id='word_1_73' title='bbox 178 1052 520 1125; x_wconf 87' lang='lat' dir='ltr'>difficultate</span> <span class='ocrx_word' id='word_1_74' title='bbox 585 1054 1162 1144; x_wconf 86' lang='lat' dir='ltr'>comprehensum</span> <span class='ocrx_word' id='word_1_75' title='bbox 1194 1109 1209 1134; x_wconf 92' lang='lat'>,</span> <span class='ocrx_word' id='word_1_76' title='bbox 1264 1075 1387 1145; x_wconf 90' lang='lat' dir='ltr'>per</span> <span class='ocrx_word' id='word_1_77' title='bbox 1450 1053 1818 1124; x_wconf 78' lang='lat' dir='ltr'>fenestram</span> <span class='ocrx_word' id='word_1_78' title='bbox 1888 1053 2168 1123; x_wconf 82' lang='lat' dir='ltr'>tradidit</span> <span class='ocrx_word' id='word_1_79' title='bbox 2217 1055 2360 1123; x_wconf 92' lang='lat' dir='ltr'>viro</span> <span class='ocrx_word' id='word_1_80' title='bbox 2410 1056 2548 1125; x_wconf 88' lang='lat' dir='ltr'>Dei.</span> <span class='ocrx_word' id='word_1_81' title='bbox 2602 1060 2671 1128; x_wconf 88' lang='lat' dir='ltr'>Is</span> 
     </span>
     <span class='ocr_line' id='line_1_10' title="bbox 180 1142 2674 1234; baseline 0.001 -23"><span class='ocrx_word' id='word_1_82' title='bbox 180 1163 290 1212; x_wconf 77' lang='lat' dir='ltr'>vero</span> <span class='ocrx_word' id='word_1_83' title='bbox 329 1145 844 1233; x_wconf 81' lang='lat' dir='ltr'>quamprimum</span> <span class='ocrx_word' id='word_1_84' title='bbox 879 1142 1131 1212; x_wconf 86' lang='lat' dir='ltr'>evulsit</span> <span class='ocrx_word' id='word_1_85' title='bbox 1161 1144 1221 1211; x_wconf 93' lang='lat' dir='ltr'>ei</span> <span class='ocrx_word' id='word_1_86' title='bbox 1279 1164 1565 1234; x_wconf 78' lang='lat' dir='ltr'>pennaS,</span> <span class='ocrx_word' id='word_1_87' title='bbox 1610 1143 1896 1212; x_wconf 90' lang='lat' dir='ltr'>dicens:</span> <span class='ocrx_word' id='word_1_88' title='bbox 1953 1143 2240 1212; x_wconf 90' lang='lat' dir='ltr'>Inimice</span> <span class='ocrx_word' id='word_1_89' title='bbox 2274 1198 2289 1224; x_wconf 94' lang='lat'><strong><em>‚</em></strong></span> <span class='ocrx_word' id='word_1_90' title='bbox 2358 1144 2674 1213; x_wconf 85' lang='lat' dir='ltr'>inimice.-</span> 
     </span>
     <span class='ocr_line' id='line_1_11' title="bbox 176 1231 2670 1323; baseline 0.001 -24"><span class='ocrx_word' id='word_1_91' title='bbox 176 1234 422 1319; x_wconf 72' lang='lat' dir='ltr'>(Iumque</span> <span class='ocrx_word' id='word_1_92' title='bbox 457 1231 993 1304; x_wconf 85' lang='lat' dir='ltr'>lamentabiliter</span> <span class='ocrx_word' id='word_1_93' title='bbox 1030 1233 1447 1323; x_wconf 85' lang='lat' dir='ltr'>garrientem</span> <span class='ocrx_word' id='word_1_94' title='bbox 1485 1231 1744 1322; x_wconf 89' lang='lat' dir='ltr'>plumis</span> <span class='ocrx_word' id='word_1_95' title='bbox 1790 1231 2143 1312; x_wconf 78' lang='lat' dir='ltr'>omnibuS,</span> <span class='ocrx_word' id='word_1_96' title='bbox 2196 1232 2469 1302; x_wconf 87' lang='lat' dir='ltr'>cunctis</span> <span class='ocrx_word' id='word_1_97' title='bbox 2517 1232 2670 1302; x_wconf 91' lang='lat' dir='ltr'>sub·</span> 
     </span>
     <span class='ocr_line' id='line_1_12' title="bbox 174 1319 2671 1412; baseline 0.002 -25"><span class='ocrx_word' id='word_1_98' title='bbox 174 1319 527 1403; x_wconf 79' lang='lat' dir='ltr'>ridentibuS,</span> <span class='ocrx_word' id='word_1_99' title='bbox 570 1321 921 1402; x_wconf 87' lang='lat' dir='ltr'>nudasset,</span> <span class='ocrx_word' id='word_1_100' title='bbox 962 1321 1247 1412; x_wconf 83' lang='lat' dir='ltr'>projecit</span> <span class='ocrx_word' id='word_1_101' title='bbox 1285 1343 1485 1391; x_wconf 92' lang='lat' dir='ltr'>eum:</span> <span class='ocrx_word' id='word_1_102' title='bbox 1540 1343 1577 1386; x_wconf 84' lang='lat'>«</span> <span class='ocrx_word' id='word_1_103' title='bbox 1610 1319 1827 1401; x_wconf 84' lang='lat' dir='ltr'>Vade,</span> <span class='ocrx_word' id='word_1_104' title='bbox 1882 1321 2230 1408; x_wconf 82' lang='lat' dir='ltr'>inquiens,</span> <span class='ocrx_word' id='word_1_105' title='bbox 2271 1321 2487 1391; x_wconf 89' lang='lat' dir='ltr'>hostis</span> <span class='ocrx_word' id='word_1_106' title='bbox 2536 1320 2671 1392; x_wconf 89' lang='lat' dir='ltr'>bu-</span> 
     </span>
     <span class='ocr_line' id='line_1_13' title="bbox 173 1409 2666 1501; baseline 0.002 -26"><span class='ocrx_word' id='word_1_107' title='bbox 173 1409 315 1477; x_wconf 86' lang='lat' dir='ltr'>mani</span> <span class='ocrx_word' id='word_1_108' title='bbox 358 1411 668 1501; x_wconf 87' lang='lat' dir='ltr'>generis:</span> <span class='ocrx_word' id='word_1_109' title='bbox 726 1410 873 1479; x_wconf 90' lang='lat' dir='ltr'>vola</span> <span class='ocrx_word' id='word_1_110' title='bbox 925 1431 1135 1490; x_wconf 84' lang='lat' dir='ltr'>nunc,</span> <span class='ocrx_word' id='word_1_111' title='bbox 1180 1410 1239 1478; x_wconf 88' lang='lat' dir='ltr'>si</span> <span class='ocrx_word' id='word_1_112' title='bbox 1290 1421 1504 1500; x_wconf 91' lang='lat' dir='ltr'>potes.</span> <span class='ocrx_word' id='word_1_113' title='bbox 1561 1409 1932 1498; x_wconf 82' lang='lat' dir='ltr'>Strepitum</span> <span class='ocrx_word' id='word_1_114' title='bbox 2000 1409 2280 1497; x_wconf 88' lang='lat' dir='ltr'>quidem</span> <span class='ocrx_word' id='word_1_115' title='bbox 2334 1431 2666 1501; x_wconf 91' lang='lat' dir='ltr'>magnum</span> 
     </span>
     <span class='ocr_line' id='line_1_14' title="bbox 169 1498 1982 1601; baseline 0.001 -37"><span class='ocrx_word' id='word_1_116' title='bbox 169 1499 514 1580; x_wconf 83' lang='lat' dir='ltr'>concitabis,</span> <span class='ocrx_word' id='word_1_117' title='bbox 570 1498 687 1569; x_wconf 89' lang='lat' dir='ltr'>sed</span> <span class='ocrx_word' id='word_1_118' title='bbox 737 1498 1073 1568; x_wconf 88' lang='lat' dir='ltr'>damnum</span> <span class='ocrx_word' id='word_1_119' title='bbox 1110 1499 1418 1601; x_wconf 79' lang='lat' dir='ltr'>irrogare</span> <span class='ocrx_word' id='word_1_120' title='bbox 1467 1519 1601 1568; x_wconf 95' lang='lat' dir='ltr'>non</span> <span class='ocrx_word' id='word_1_121' title='bbox 1658 1498 1982 1589; x_wconf 86' lang='lat' dir='ltr'>poteris.»</span> 
     </span>
    </p>

    <p class='ocr_par' dir='ltr' id='par_1_3' title="bbox 142 1586 2670 3725">
     <span class='ocr_line' id='line_1_15' title="bbox 224 1586 2664 1674; baseline -0.002 -12"><span class='ocrx_word' id='word_1_122' title='bbox 224 1589 254 1673; x_wconf 68' lang='grc' dir='ltr'><strong>ἓ</strong></span> <span class='ocrx_word' id='word_1_123' title='bbox 291 1591 435 1662; x_wconf 74' lang='lat' dir='ltr'>n.</span> <span class='ocrx_word' id='word_1_124' title='bbox 489 1592 658 1658; x_wconf 84' lang='lat' dir='ltr'>Cum</span> <span class='ocrx_word' id='word_1_125' title='bbox 698 1588 799 1657; x_wconf 92' lang='lat' dir='ltr'>vir</span> <span class='ocrx_word' id='word_1_126' title='bbox 834 1588 948 1658; x_wconf 89' lang='lat' dir='ltr'>Dei</span> <span class='ocrx_word' id='word_1_127' title='bbox 978 1587 1236 1657; x_wconf 88' lang='lat' dir='ltr'>ibidem</span> <span class='ocrx_word' id='word_1_128' title='bbox 1274 1610 1344 1656; x_wconf 88' lang='lat' dir='ltr'>m</span> <span class='ocrx_word' id='word_1_129' title='bbox 1380 1588 1688 1658; x_wconf 87' lang='lat' dir='ltr'>oratione</span> <span class='ocrx_word' id='word_1_130' title='bbox 1716 1609 1938 1674; x_wconf 91' lang='lat' dir='ltr'>usque</span> <span class='ocrx_word' id='word_1_131' title='bbox 1966 1587 2049 1656; x_wconf 90' lang='lat' dir='ltr'>ad</span> <span class='ocrx_word' id='word_1_132' title='bbox 2097 1587 2318 1656; x_wconf 90' lang='lat' dir='ltr'>noctis</span> <span class='ocrx_word' id='word_1_133' title='bbox 2360 1586 2664 1657; x_wconf 90' lang='lat' dir='ltr'>medium</span> 
     </span>
     <span class='ocr_line' id='line_1_16' title="bbox 164 1674 2670 1768; baseline 0.002 -26"><span class='ocrx_word' id='word_1_134' title='bbox 164 1674 486 1766; x_wconf 77' lang='lat' dir='ltr'>vigilasset,</span> <span class='ocrx_word' id='word_1_135' title='bbox 541 1690 608 1747; x_wconf 91' lang='lat' dir='ltr'>et</span> <span class='ocrx_word' id='word_1_136' title='bbox 652 1676 739 1746; x_wconf 90' lang='lat' dir='ltr'>de</span> <span class='ocrx_word' id='word_1_137' title='bbox 795 1676 1084 1746; x_wconf 90' lang='lat' dir='ltr'>ecclesia</span> <span class='ocrx_word' id='word_1_138' title='bbox 1143 1698 1467 1768; x_wconf 89' lang='lat' dir='ltr'>egressus</span> <span class='ocrx_word' id='word_1_139' title='bbox 1515 1676 1597 1746; x_wconf 92' lang='lat' dir='ltr'>ad</span> <span class='ocrx_word' id='word_1_140' title='bbox 1646 1675 1878 1746; x_wconf 90' lang='lat' dir='ltr'>lumen</span> <span class='ocrx_word' id='word_1_141' title='bbox 1947 1675 2276 1745; x_wconf 83' lang='lat' dir='ltr'>candelae</span> <span class='ocrx_word' id='word_1_142' title='bbox 2323 1676 2392 1744; x_wconf 91' lang='lat' dir='ltr'>in</span> <span class='ocrx_word' id='word_1_143' title='bbox 2445 1677 2670 1766; x_wconf 87' lang='lat' dir='ltr'>capite</span> 
     </span>
     <span class='ocr_line' id='line_1_17' title="bbox 161 1764 2669 1846; baseline 0.001 -13"><span class='ocrx_word' id='word_1_144' title='bbox 161 1766 503 1836; x_wconf 83' lang='lat' dir='ltr'>Dormitorii</span> <span class='ocrx_word' id='word_1_145' title='bbox 566 1766 813 1836; x_wconf 92' lang='lat' dir='ltr'>sedens</span> <span class='ocrx_word' id='word_1_146' title='bbox 865 1765 1219 1845; x_wconf 83' lang='lat' dir='ltr'>scriberet,</span> <span class='ocrx_word' id='word_1_147' title='bbox 1272 1766 1564 1836; x_wconf 86' lang='lat' dir='ltr'>daemon</span> <span class='ocrx_word' id='word_1_148' title='bbox 1628 1766 1904 1835; x_wconf 89' lang='lat' dir='ltr'>simiam</span> <span class='ocrx_word' id='word_1_149' title='bbox 1957 1787 2028 1834; x_wconf 93' lang='lat' dir='ltr'>se</span> <span class='ocrx_word' id='word_1_150' title='bbox 2077 1764 2443 1846; x_wconf 89' lang='lat' dir='ltr'>simulans,</span> <span class='ocrx_word' id='word_1_151' title='bbox 2503 1764 2669 1835; x_wconf 88' lang='lat' dir='ltr'>ridi-</span> 
     </span>
     <span class='ocr_line' id='line_1_18' title="bbox 157 1852 2667 1945; baseline 0.001 -24"><span class='ocrx_word' id='word_1_152' title='bbox 157 1852 310 1922; x_wconf 81' lang='lat' dir='ltr'>culos</span> <span class='ocrx_word' id='word_1_153' title='bbox 343 1868 577 1943; x_wconf 83' lang='lat' dir='ltr'>gestus</span> <span class='ocrx_word' id='word_1_154' title='bbox 628 1876 789 1945; x_wconf 89' lang='lat' dir='ltr'>prae</span> <span class='ocrx_word' id='word_1_155' title='bbox 823 1875 895 1924; x_wconf 91' lang='lat' dir='ltr'>se</span> <span class='ocrx_word' id='word_1_156' title='bbox 941 1854 1224 1937; x_wconf 82' lang='lat' dir='ltr'>ferebat,</span> <span class='ocrx_word' id='word_1_157' title='bbox 1262 1869 1571 1925; x_wconf 88' lang='lat' dir='ltr'>contorto</span> <span class='ocrx_word' id='word_1_158' title='bbox 1608 1853 1801 1924; x_wconf 92' lang='lat' dir='ltr'>vultu</span> <span class='ocrx_word' id='word_1_159' title='bbox 1850 1876 2078 1926; x_wconf 90' lang='lat' dir='ltr'>coram</span> <span class='ocrx_word' id='word_1_160' title='bbox 2130 1855 2282 1941; x_wconf 90' lang='lat' dir='ltr'>ipso</span> <span class='ocrx_word' id='word_1_161' title='bbox 2345 1854 2667 1924; x_wconf 89' lang='lat' dir='ltr'>inambu-</span> 
     </span>
     <span class='ocr_line' id='line_1_19' title="bbox 155 1937 2660 2034; baseline 0.002 -27"><span class='ocrx_word' id='word_1_162' title='bbox 155 1937 290 2012; x_wconf 85' lang='lat' dir='ltr'>lans.</span> <span class='ocrx_word' id='word_1_163' title='bbox 338 1949 509 2013; x_wconf 85' lang='lat' dir='ltr'>Tum</span> <span class='ocrx_word' id='word_1_164' title='bbox 553 1944 657 2013; x_wconf 91' lang='lat' dir='ltr'>vir</span> <span class='ocrx_word' id='word_1_165' title='bbox 690 1955 972 2013; x_wconf 90' lang='lat' dir='ltr'>sanctus</span> <span class='ocrx_word' id='word_1_166' title='bbox 1009 1966 1221 2013; x_wconf 90' lang='lat' dir='ltr'>manu</span> <span class='ocrx_word' id='word_1_167' title='bbox 1277 1944 1340 2013; x_wconf 90' lang='lat' dir='ltr'>ei</span> <span class='ocrx_word' id='word_1_168' title='bbox 1376 1944 1629 2025; x_wconf 89' lang='lat' dir='ltr'>innuit,</span> <span class='ocrx_word' id='word_1_169' title='bbox 1669 1956 1746 2012; x_wconf 92' lang='lat' dir='ltr'>ut</span> <span class='ocrx_word' id='word_1_170' title='bbox 1801 1942 1935 2012; x_wconf 83' lang='lat' dir='ltr'>fixo</span> <span class='ocrx_word' id='word_1_171' title='bbox 1970 1942 2192 2034; x_wconf 90' lang='lat' dir='ltr'>gradu</span> <span class='ocrx_word' id='word_1_172' title='bbox 2231 1943 2660 2025; x_wconf 87' lang='lat' dir='ltr'>consisteret,</span> 
     </span>
     <span class='ocr_line' id='line_1_20' title="bbox 154 2031 2655 2122; baseline 0.002 -27"><span class='ocrx_word' id='word_1_173' title='bbox 154 2040 202 2097; x_wconf 85' lang='lat' dir='ltr'>ct</span> <span class='ocrx_word' id='word_1_174' title='bbox 225 2031 566 2102; x_wconf 88' lang='lat' dir='ltr'>candelam</span> <span class='ocrx_word' id='word_1_175' title='bbox 619 2054 976 2103; x_wconf 89' lang='lat' dir='ltr'>accensam</span> <span class='ocrx_word' id='word_1_176' title='bbox 1015 2054 1246 2102; x_wconf 89' lang='lat' dir='ltr'>coram</span> <span class='ocrx_word' id='word_1_177' title='bbox 1302 2033 1451 2122; x_wconf 87' lang='lat' dir='ltr'>ipso</span> <span class='ocrx_word' id='word_1_178' title='bbox 1480 2045 1756 2102; x_wconf 88' lang='lat' dir='ltr'>teneret.</span> <span class='ocrx_word' id='word_1_179' title='bbox 1815 2033 1992 2101; x_wconf 82' lang='lat' dir='ltr'>Fecit</span> <span class='ocrx_word' id='word_1_180' title='bbox 2044 2031 2158 2100; x_wconf 90' lang='lat' dir='ltr'>ille</span> <span class='ocrx_word' id='word_1_181' title='bbox 2208 2033 2305 2102; x_wconf 89' lang='lat' dir='ltr'>sic</span> <span class='ocrx_word' id='word_1_182' title='bbox 2345 2032 2655 2119; x_wconf 88' lang='lat' dir='ltr'>quidem,</span> 
     </span>
     <span class='ocr_line' id='line_1_21' title="bbox 152 2120 2661 2212; baseline 0.002 -27"><span class='ocrx_word' id='word_1_183' title='bbox 152 2131 200 2185; x_wconf 87' lang='lat' dir='ltr'>at</span> <span class='ocrx_word' id='word_1_184' title='bbox 238 2121 442 2191; x_wconf 84' lang='lat' dir='ltr'>nihilo</span> <span class='ocrx_word' id='word_1_185' title='bbox 481 2121 716 2190; x_wconf 91' lang='lat' dir='ltr'>minus</span> <span class='ocrx_word' id='word_1_186' title='bbox 768 2123 1089 2212; x_wconf 85' lang='lat' dir='ltr'>pergebat</span> <span class='ocrx_word' id='word_1_187' title='bbox 1138 2121 1442 2192; x_wconf 85' lang='lat' dir='ltr'>ludicros</span> <span class='ocrx_word' id='word_1_188' title='bbox 1476 2121 1801 2191; x_wconf 89' lang='lat' dir='ltr'>exhibere</span> <span class='ocrx_word' id='word_1_189' title='bbox 1895 2134 2107 2202; x_wconf 77' lang='lat' dir='ltr'>estuS,</span> <span class='ocrx_word' id='word_1_190' title='bbox 2148 2144 2306 2190; x_wconf 90' lang='lat' dir='ltr'>cum</span> <span class='ocrx_word' id='word_1_191' title='bbox 2357 2120 2661 2208; x_wconf 91' lang='lat' dir='ltr'>quadam</span> 
     </span>
     <span class='ocr_line' id='line_1_22' title="bbox 152 2206 2665 2311; baseline 0.003 -39"><span class='ocrx_word' id='word_1_192' title='bbox 152 2206 428 2306; x_wconf 66' lang='lat' dir='ltr'>irrisione</span> <span class='ocrx_word' id='word_1_193' title='bbox 465 2211 895 2311; x_wconf 83' lang='lat' dir='ltr'>conjunctos.</span> <span class='ocrx_word' id='word_1_194' title='bbox 941 2215 1208 2281; x_wconf 88' lang='lat' dir='ltr'>Interea</span> <span class='ocrx_word' id='word_1_195' title='bbox 1257 2211 1532 2280; x_wconf 90' lang='lat' dir='ltr'>venitur</span> <span class='ocrx_word' id='word_1_196' title='bbox 1561 2210 1645 2279; x_wconf 87' lang='lat' dir='ltr'>ad</span> <span class='ocrx_word' id='word_1_197' title='bbox 1688 2232 1815 2280; x_wconf 91' lang='lat' dir='ltr'>can</span> <span class='ocrx_word' id='word_1_198' title='bbox 1873 2209 2018 2279; x_wconf 92' lang='lat' dir='ltr'>elae</span> <span class='ocrx_word' id='word_1_199' title='bbox 2058 2224 2382 2288; x_wconf 86' lang='lat' dir='ltr'>extrema,</span> <span class='ocrx_word' id='word_1_200' title='bbox 2423 2210 2665 2279; x_wconf 85' lang='lat' dir='ltr'>simiae</span> 
     </span>
     <span class='ocr_line' id='line_1_23' title="bbox 147 2292 2657 2390; baseline 0.002 -28"><span class='ocrx_word' id='word_1_201' title='bbox 147 2292 368 2386; x_wconf 80' lang='lat' dir='ltr'>digitus</span> <span class='ocrx_word' id='word_1_202' title='bbox 413 2299 758 2379; x_wconf 83' lang='lat' dir='ltr'>aduritur,</span> <span class='ocrx_word' id='word_1_203' title='bbox 792 2321 1008 2387; x_wconf 89' lang='lat' dir='ltr'>eaque</span> <span class='ocrx_word' id='word_1_204' title='bbox 1055 2321 1181 2369; x_wconf 72' lang='lat' dir='ltr'>ceu</span> <span class='ocrx_word' id='word_1_205' title='bbox 1220 2322 1380 2390; x_wconf 89' lang='lat' dir='ltr'>prae</span> <span class='ocrx_word' id='word_1_206' title='bbox 1413 2298 1648 2369; x_wconf 90' lang='lat' dir='ltr'>dolore</span> <span class='ocrx_word' id='word_1_207' title='bbox 1681 2322 1752 2369; x_wconf 89' lang='lat' dir='ltr'>se</span> <span class='ocrx_word' id='word_1_208' title='bbox 1802 2298 2183 2386; x_wconf 89' lang='lat' dir='ltr'>torquendo</span> <span class='ocrx_word' id='word_1_209' title='bbox 2219 2298 2657 2381; x_wconf 89' lang='lat' dir='ltr'>lamentatur,</span> 
     </span>
     <span class='ocr_line' id='line_1_24' title="bbox 146 2388 2663 2480; baseline 0.003 -30"><span class='ocrx_word' id='word_1_210' title='bbox 146 2403 269 2452; x_wconf 86' lang='lat' dir='ltr'>cum</span> <span class='ocrx_word' id='word_1_211' title='bbox 316 2400 543 2457; x_wconf 86' lang='lat' dir='ltr'>tamen</span> <span class='ocrx_word' id='word_1_212' title='bbox 577 2388 931 2478; x_wconf 86' lang='lat' dir='ltr'>gehennae</span> <span class='ocrx_word' id='word_1_213' title='bbox 980 2389 1260 2480; x_wconf 89' lang='lat' dir='ltr'>ignibus</span> <span class='ocrx_word' id='word_1_214' title='bbox 1307 2389 1584 2468; x_wconf 75' lang='lat' dir='ltr'>ardenS,</span> <span class='ocrx_word' id='word_1_215' title='bbox 1640 2389 1995 2457; x_wconf 87' lang='lat' dir='ltr'>flammam</span> <span class='ocrx_word' id='word_1_216' title='bbox 2052 2409 2187 2457; x_wconf 88' lang='lat' dir='ltr'>non</span> <span class='ocrx_word' id='word_1_217' title='bbox 2240 2388 2475 2457; x_wconf 91' lang='lat' dir='ltr'>timeat</span> <span class='ocrx_word' id='word_1_218' title='bbox 2505 2408 2663 2457; x_wconf 90' lang='lat' dir='ltr'>cor·</span> 
     </span>
     <span class='ocr_line' id='line_1_25' title="bbox 146 2477 2659 2569; baseline -0 -24"><span class='ocrx_word' id='word_1_219' title='bbox 146 2493 409 2561; x_wconf 82' lang='lat' dir='ltr'>porcam.</span> <span class='ocrx_word' id='word_1_220' title='bbox 464 2478 761 2548; x_wconf 87' lang='lat' dir='ltr'>Nutibus</span> <span class='ocrx_word' id='word_1_221' title='bbox 810 2499 965 2549; x_wconf 89' lang='lat' dir='ltr'>vero</span> <span class='ocrx_word' id='word_1_222' title='bbox 999 2489 1282 2549; x_wconf 88' lang='lat' dir='ltr'>sanctus</span> <span class='ocrx_word' id='word_1_223' title='bbox 1331 2478 1554 2569; x_wconf 71' lang='lat' dir='ltr'>coegit</span> <span class='ocrx_word' id='word_1_224' title='bbox 1622 2499 1781 2547; x_wconf 89' lang='lat' dir='ltr'>eum</span> <span class='ocrx_word' id='word_1_225' title='bbox 1834 2478 1933 2547; x_wconf 89' lang='lat' dir='ltr'>sic</span> <span class='ocrx_word' id='word_1_226' title='bbox 1985 2477 2399 2567; x_wconf 87' lang='lat' dir='ltr'>persistere:</span> <span class='ocrx_word' id='word_1_227' title='bbox 2460 2497 2659 2545; x_wconf 90' lang='lat' dir='ltr'>man-</span> 
     </span>
     <span class='ocr_line' id='line_1_26' title="bbox 146 2562 2663 2656; baseline 0.002 -27"><span class='ocrx_word' id='word_1_228' title='bbox 146 2562 331 2651; x_wconf 83' lang='lat' dir='ltr'>sitque</span> <span class='ocrx_word' id='word_1_229' title='bbox 361 2565 582 2637; x_wconf 89' lang='lat' dir='ltr'>donec</span> <span class='ocrx_word' id='word_1_230' title='bbox 632 2566 835 2637; x_wconf 87' lang='lat' dir='ltr'>index</span> <span class='ocrx_word' id='word_1_231' title='bbox 885 2579 1065 2638; x_wconf 90' lang='lat' dir='ltr'>totus</span> <span class='ocrx_word' id='word_1_232' title='bbox 1099 2568 1507 2638; x_wconf 90' lang='lat' dir='ltr'>combustus</span> <span class='ocrx_word' id='word_1_233' title='bbox 1554 2581 1680 2645; x_wconf 89' lang='lat' dir='ltr'>est,</span> <span class='ocrx_word' id='word_1_234' title='bbox 1724 2566 1944 2656; x_wconf 86' lang='lat' dir='ltr'>magis</span> <span class='ocrx_word' id='word_1_235' title='bbox 1994 2566 2355 2656; x_wconf 84' lang='lat' dir='ltr'>magisque</span> <span class='ocrx_word' id='word_1_236' title='bbox 2404 2565 2663 2634; x_wconf 86' lang='lat' dir='ltr'>interea</span> 
     </span>
     <span class='ocr_line' id='line_1_27' title="bbox 144 2652 2661 2758; baseline 0 -36"><span class='ocrx_word' id='word_1_237' title='bbox 144 2666 670 2747; x_wconf 65' lang='lat' dir='ltr'>secontorquens</span> <span class='ocrx_word' id='word_1_238' title='bbox 704 2668 772 2725; x_wconf 91' lang='lat' dir='ltr'>et</span> <span class='ocrx_word' id='word_1_239' title='bbox 818 2655 1089 2758; x_wconf 83' lang='lat' dir='ltr'>lugens.</span> <span class='ocrx_word' id='word_1_240' title='bbox 1146 2657 1327 2725; x_wconf 86' lang='lat' dir='ltr'>Fecit</span> <span class='ocrx_word' id='word_1_241' title='bbox 1373 2657 1500 2726; x_wconf 90' lang='lat' dir='ltr'>hoc</span> <span class='ocrx_word' id='word_1_242' title='bbox 1550 2656 1793 2726; x_wconf 88' lang='lat' dir='ltr'>beatus</span> <span class='ocrx_word' id='word_1_243' title='bbox 1843 2654 2266 2732; x_wconf 88' lang='lat' dir='ltr'>Dominicus‚</span> <span class='ocrx_word' id='word_1_244' title='bbox 2315 2653 2417 2721; x_wconf 91' lang='lat' dir='ltr'>vir</span> <span class='ocrx_word' id='word_1_245' title='bbox 2464 2652 2661 2724; x_wconf 86' lang='lat' dir='ltr'>fortis</span> 
     </span>
     <span class='ocr_line' id='line_1_28' title="bbox 145 2740 2657 2830; baseline 0.001 -20"><span class='ocrx_word' id='word_1_246' title='bbox 145 2759 193 2805; x_wconf 76' lang='lat' dir='ltr'>ln</span> <span class='ocrx_word' id='word_1_247' title='bbox 235 2740 384 2824; x_wconf 88' lang='lat' dir='ltr'>fide,</span> <span class='ocrx_word' id='word_1_248' title='bbox 417 2756 500 2814; x_wconf 93' lang='lat' dir='ltr'>ut</span> <span class='ocrx_word' id='word_1_249' title='bbox 548 2743 840 2814; x_wconf 91' lang='lat' dir='ltr'>illudere</span> <span class='ocrx_word' id='word_1_250' title='bbox 868 2745 998 2814; x_wconf 80' lang='lat' dir='ltr'>sibi</span> <span class='ocrx_word' id='word_1_251' title='bbox 1053 2744 1303 2815; x_wconf 89' lang='lat' dir='ltr'>volenti</span> <span class='ocrx_word' id='word_1_252' title='bbox 1343 2744 1687 2814; x_wconf 88' lang='lat' dir='ltr'>illuderet:</span> <span class='ocrx_word' id='word_1_253' title='bbox 1726 2743 2142 2830; x_wconf 88' lang='lat' dir='ltr'>tandemque</span> <span class='ocrx_word' id='word_1_254' title='bbox 2175 2742 2418 2823; x_wconf 69' lang='lat' dir='ltr'>ferula,</span> <span class='ocrx_word' id='word_1_255' title='bbox 2448 2764 2657 2829; x_wconf 90' lang='lat' dir='ltr'>quam</span> 
     </span>
     <span class='ocr_line' id='line_1_29' title="bbox 142 2830 2662 2925; baseline 0.001 -28"><span class='ocrx_word' id='word_1_256' title='bbox 142 2846 375 2920; x_wconf 86' lang='lat' dir='ltr'>semper</span> <span class='ocrx_word' id='word_1_257' title='bbox 414 2832 604 2924; x_wconf 90' lang='lat' dir='ltr'>apud</span> <span class='ocrx_word' id='word_1_258' title='bbox 667 2856 740 2903; x_wconf 92' lang='lat' dir='ltr'>se</span> <span class='ocrx_word' id='word_1_259' title='bbox 779 2835 1077 2925; x_wconf 89' lang='lat' dir='ltr'>gerebat,</span> <span class='ocrx_word' id='word_1_260' title='bbox 1131 2856 1290 2903; x_wconf 90' lang='lat' dir='ltr'>eum</span> <span class='ocrx_word' id='word_1_261' title='bbox 1352 2834 1615 2903; x_wconf 85' lang='lat' dir='ltr'>fortiter</span> <span class='ocrx_word' id='word_1_262' title='bbox 1663 2833 2027 2925; x_wconf 90' lang='lat' dir='ltr'>percussit,</span> <span class='ocrx_word' id='word_1_263' title='bbox 2081 2831 2343 2901; x_wconf 88' lang='lat' dir='ltr'>dicens:</span> <span class='ocrx_word' id='word_1_264' title='bbox 2399 2830 2662 2901; x_wconf 87' lang='lat' dir='ltr'>Recede</span> 
     </span>
     <span class='ocr_line' id='line_1_30' title="bbox 145 2920 2664 3008; baseline 0.002 -23"><span class='ocrx_word' id='word_1_265' title='bbox 145 2936 426 3004; x_wconf 84' lang='lat' dir='ltr'>nequam.</span> <span class='ocrx_word' id='word_1_266' title='bbox 472 2926 543 2993; x_wconf 90' lang='lat' dir='ltr'>Is</span> <span class='ocrx_word' id='word_1_267' title='bbox 590 2923 770 2992; x_wconf 87' lang='lat' dir='ltr'>ictus</span> <span class='ocrx_word' id='word_1_268' title='bbox 804 2922 1005 2993; x_wconf 91' lang='lat' dir='ltr'>talem</span> <span class='ocrx_word' id='word_1_269' title='bbox 1047 2922 1373 2994; x_wconf 89' lang='lat' dir='ltr'>reddebat</span> <span class='ocrx_word' id='word_1_270' title='bbox 1408 2944 1685 3004; x_wconf 89' lang='lat' dir='ltr'>sonum,</span> <span class='ocrx_word' id='word_1_271' title='bbox 1724 2921 1996 3008; x_wconf 88' lang='lat' dir='ltr'>qualem</span> <span class='ocrx_word' id='word_1_272' title='bbox 2033 2920 2204 2990; x_wconf 92' lang='lat' dir='ltr'>solet</span> <span class='ocrx_word' id='word_1_273' title='bbox 2251 2921 2480 2989; x_wconf 90' lang='lat' dir='ltr'>siccus</span> <span class='ocrx_word' id='word_1_274' title='bbox 2511 2935 2664 2991; x_wconf 90' lang='lat' dir='ltr'>uter</span> 
     </span>
     <span class='ocr_line' id='line_1_31' title="bbox 145 3003 2663 3099; baseline 0.002 -26"><span class='ocrx_word' id='word_1_275' title='bbox 145 3003 349 3091; x_wconf 88' lang='lat' dir='ltr'>plenus</span> <span class='ocrx_word' id='word_1_276' title='bbox 380 3021 608 3080; x_wconf 91' lang='lat' dir='ltr'>vento.</span> <span class='ocrx_word' id='word_1_277' title='bbox 662 3011 1011 3081; x_wconf 91' lang='lat' dir='ltr'>Recedens</span> <span class='ocrx_word' id='word_1_278' title='bbox 1051 3024 1278 3081; x_wconf 89' lang='lat' dir='ltr'>autem</span> <span class='ocrx_word' id='word_1_279' title='bbox 1335 3012 1810 3098; x_wconf 83' lang='lat' dir='ltr'>nequissimus</span> <span class='ocrx_word' id='word_1_280' title='bbox 1858 3010 2167 3099; x_wconf 79' lang='lat' dir='ltr'>spirituS‚</span> <span class='ocrx_word' id='word_1_281' title='bbox 2212 3008 2465 3079; x_wconf 85' lang='lat' dir='ltr'>foetore</span> <span class='ocrx_word' id='word_1_282' title='bbox 2510 3023 2663 3098; x_wconf 91' lang='lat' dir='ltr'>post</span> 
     </span>
     <span class='ocr_line' id='line_1_32' title="bbox 144 3097 2661 3256; baseline 0.002 -95"><span class='ocrx_word' id='word_1_283' title='bbox 144 3113 194 3161; x_wconf 80' lang='lat' dir='ltr'>se</span> <span class='ocrx_word' id='word_1_284' title='bbox 231 3097 480 3182; x_wconf 88' lang='lat' dir='ltr'>relicto,</span> <span class='ocrx_word' id='word_1_285' title='bbox 536 3099 908 3170; x_wconf 89' lang='lat' dir='ltr'>declaravit</span> <span class='ocrx_word' id='word_1_286' title='bbox 952 3102 1110 3189; x_wconf 87' lang='lat' dir='ltr'>quis</span> <span class='ocrx_word' id='word_1_287' title='bbox 1150 3114 1350 3171; x_wconf 90' lang='lat' dir='ltr'>esset.</span> <span class='ocrx_word' id='word_1_288' title='bbox 1390 3101 1625 3170; x_wconf 85' lang='lat' dir='ltr'>Merito</span> <span class='ocrx_word' id='word_1_289' title='bbox 1676 3121 1842 3169; x_wconf 88' lang='lat' dir='ltr'>sane</span> <span class='ocrx_word' id='word_1_290' title='bbox 1904 3100 2080 3168; x_wconf 91' lang='lat' dir='ltr'>inter</span> <span class='ocrx_word' id='word_1_291' title='bbox 2127 3098 2486 3256; x_wconf 54' lang='lat' dir='ltr'>Angelicas</span> <span class='ocrx_word' id='word_1_292' title='bbox 2586 3120 2661 3167; x_wconf 90' lang='lat' dir='ltr'>o·</span> 
     </span>
     <span class='ocr_line' id='line_1_33' title="bbox 148 3186 2660 3277; baseline 0.001 -25"><span class='ocrx_word' id='word_1_293' title='bbox 148 3190 372 3257; x_wconf 73' lang='lat' dir='ltr'>testatas</span> <span class='ocrx_word' id='word_1_294' title='bbox 418 3188 867 3260; x_wconf 88' lang='lat' dir='ltr'>coronandus</span> <span class='ocrx_word' id='word_1_295' title='bbox 914 3201 1039 3269; x_wconf 88' lang='lat' dir='ltr'>est,</span> <span class='ocrx_word' id='word_1_296' title='bbox 1085 3190 1203 3277; x_wconf 89' lang='lat' dir='ltr'>qui</span> <span class='ocrx_word' id='word_1_297' title='bbox 1240 3200 1422 3259; x_wconf 87' lang='lat' dir='ltr'>tanta</span> <span class='ocrx_word' id='word_1_298' title='bbox 1466 3189 1531 3257; x_wconf 92' lang='lat' dir='ltr'>vi</span> <span class='ocrx_word' id='word_1_299' title='bbox 1579 3188 1991 3277; x_wconf 88' lang='lat' dir='ltr'>compressit</span> <span class='ocrx_word' id='word_1_300' title='bbox 2021 3201 2085 3257; x_wconf 87' lang='lat' dir='ltr'>et</span> <span class='ocrx_word' id='word_1_301' title='bbox 2138 3210 2226 3277; x_wconf 92' lang='lat' dir='ltr'>pu</span> <span class='ocrx_word' id='word_1_302' title='bbox 2284 3186 2481 3257; x_wconf 82' lang='lat' dir='ltr'>esecit</span> <span class='ocrx_word' id='word_1_303' title='bbox 2560 3188 2660 3256; x_wconf 86' lang='lat' dir='ltr'>ia-</span> 
     </span>
     <span class='ocr_line' id='line_1_34' title="bbox 142 3267 2654 3368; baseline 0.002 -29"><span class='ocrx_word' id='word_1_304' title='bbox 142 3267 357 3345; x_wconf 88' lang='lat' dir='ltr'>bolicas</span> <span class='ocrx_word' id='word_1_305' title='bbox 393 3278 898 3367; x_wconf 85' lang='lat' dir='ltr'>perversitates.</span> <span class='ocrx_word' id='word_1_306' title='bbox 938 3283 1116 3348; x_wconf 86' lang='lat' dir='ltr'>Haec</span> <span class='ocrx_word' id='word_1_307' title='bbox 1141 3290 1206 3347; x_wconf 91' lang='lat' dir='ltr'>et</span> <span class='ocrx_word' id='word_1_308' title='bbox 1236 3278 1576 3368; x_wconf 89' lang='lat' dir='ltr'>permulta</span> <span class='ocrx_word' id='word_1_309' title='bbox 1604 3278 1741 3347; x_wconf 88' lang='lat' dir='ltr'>alia</span> <span class='ocrx_word' id='word_1_310' title='bbox 1772 3288 1916 3346; x_wconf 88' lang='lat' dir='ltr'>tum</span> <span class='ocrx_word' id='word_1_311' title='bbox 1954 3278 2281 3346; x_wconf 89' lang='lat' dir='ltr'>virtutum</span> <span class='ocrx_word' id='word_1_312' title='bbox 2317 3275 2654 3366; x_wconf 84' lang='lat' dir='ltr'>exempla,</span> 
     </span>
     <span class='ocr_line' id='line_1_35' title="bbox 147 3365 2660 3462; baseline 0 -27"><span class='ocrx_word' id='word_1_313' title='bbox 147 3368 250 3462; x_wconf 82' lang='lat' dir='ltr'>tum</span> <span class='ocrx_word' id='word_1_314' title='bbox 299 3366 796 3436; x_wconf 84' lang='lat' dir='ltr'>miraculorum</span> <span class='ocrx_word' id='word_1_315' title='bbox 862 3367 1059 3437; x_wconf 65' lang='lat' dir='ltr'>siena</span> <span class='ocrx_word' id='word_1_316' title='bbox 1112 3389 1228 3455; x_wconf 91' lang='lat' dir='ltr'>per</span> <span class='ocrx_word' id='word_1_317' title='bbox 1278 3369 1550 3437; x_wconf 87' lang='lat' dir='ltr'>beatum</span> <span class='ocrx_word' id='word_1_318' title='bbox 1624 3372 1887 3436; x_wconf 89' lang='lat' dir='ltr'>Patrem</span> <span class='ocrx_word' id='word_1_319' title='bbox 1952 3366 2383 3435; x_wconf 89' lang='lat' dir='ltr'>Dominicum</span> <span class='ocrx_word' id='word_1_320' title='bbox 2439 3365 2660 3435; x_wconf 88' lang='lat' dir='ltr'>virtus</span> 
     </span>
     <span class='ocr_line' id='line_1_36' title="bbox 148 3446 2661 3542; baseline 0.003 -26"><span class='ocrx_word' id='word_1_321' title='bbox 148 3446 423 3524; x_wconf 70' lang='lat' dir='ltr'>Altissimi</span> <span class='ocrx_word' id='word_1_322' title='bbox 477 3460 736 3525; x_wconf 86' lang='lat' dir='ltr'>Romae</span> <span class='ocrx_word' id='word_1_323' title='bbox 782 3454 890 3524; x_wconf 92' lang='lat' dir='ltr'>edi</span> <span class='ocrx_word' id='word_1_324' title='bbox 951 3457 1020 3535; x_wconf 89' lang='lat' dir='ltr'>it,</span> <span class='ocrx_word' id='word_1_325' title='bbox 1074 3457 1376 3525; x_wconf 92' lang='lat' dir='ltr'>Honorio</span> <span class='ocrx_word' id='word_1_326' title='bbox 1426 3454 1788 3536; x_wconf 84' lang='lat' dir='ltr'>Pontifice,</span> <span class='ocrx_word' id='word_1_327' title='bbox 1833 3455 1954 3542; x_wconf 87' lang='lat' dir='ltr'>qui</span> <span class='ocrx_word' id='word_1_328' title='bbox 2002 3454 2325 3524; x_wconf 89' lang='lat' dir='ltr'>Ordinem</span> <span class='ocrx_word' id='word_1_329' title='bbox 2389 3453 2661 3523; x_wconf 85' lang='lat' dir='ltr'>Praedi-</span> 
     </span>
     <span class='ocr_line' id='line_1_37' title="bbox 151 3543 2656 3633; baseline 0.002 -26"><span class='ocrx_word' id='word_1_330' title='bbox 151 3550 404 3612; x_wconf 78' lang='lat' dir='ltr'>catorum</span> <span class='ocrx_word' id='word_1_331' title='bbox 459 3544 940 3624; x_wconf 83' lang='lat' dir='ltr'>confirmavit,</span> <span class='ocrx_word' id='word_1_332' title='bbox 994 3557 1058 3614; x_wconf 93' lang='lat' dir='ltr'>et</span> <span class='ocrx_word' id='word_1_333' title='bbox 1110 3558 1424 3615; x_wconf 88' lang='lat' dir='ltr'>sanctum</span> <span class='ocrx_word' id='word_1_334' title='bbox 1490 3545 1715 3613; x_wconf 89' lang='lat' dir='ltr'>virum</span> <span class='ocrx_word' id='word_1_335' title='bbox 1781 3543 2080 3633; x_wconf 84' lang='lat' dir='ltr'>benigno</span> <span class='ocrx_word' id='word_1_336' title='bbox 2141 3544 2368 3612; x_wconf 79' lang='lat' dir='ltr'>iavorc</span> <span class='ocrx_word' id='word_1_337' title='bbox 2424 3563 2656 3633; x_wconf 90' lang='lat' dir='ltr'>prose·</span> 
     </span>
     <span class='ocr_line' id='line_1_38' title="bbox 149 3632 1969 3725; baseline 0.003 -32"><span class='ocrx_word' id='word_1_338' title='bbox 149 3640 300 3698; x_wconf 76' lang='lat' dir='ltr'>cutus</span> <span class='ocrx_word' id='word_1_339' title='bbox 328 3645 457 3714; x_wconf 88' lang='lat' dir='ltr'>est,</span> <span class='ocrx_word' id='word_1_340' title='bbox 496 3635 830 3721; x_wconf 90' lang='lat' dir='ltr'>omnique</span> <span class='ocrx_word' id='word_1_341' title='bbox 877 3633 1137 3703; x_wconf 83' lang='lat' dir='ltr'>honore</span> <span class='ocrx_word' id='word_1_342' title='bbox 1186 3634 1477 3725; x_wconf 88' lang='lat' dir='ltr'>dignum</span> <span class='ocrx_word' id='word_1_343' title='bbox 1529 3632 1969 3703; x_wconf 86' lang='lat' dir='ltr'>existimavit.</span> 
     </span>
    </p>

    <p class='ocr_par' dir='ltr' id='par_1_4' title="bbox 162 3717 2658 4407">
     <span class='ocr_line' id='line_1_39' title="bbox 206 3717 2652 3812; baseline -0.002 -21"><span class='ocrx_word' id='word_1_344' title='bbox 206 3717 235 3801; x_wconf 72' lang='grc' dir='ltr'><strong>ξ</strong></span> <span class='ocrx_word' id='word_1_345' title='bbox 275 3724 417 3791; x_wconf 68' lang='grc'>13.</span> <span class='ocrx_word' id='word_1_346' title='bbox 478 3726 556 3791; x_wconf 92' lang='lat' dir='ltr'>In</span> <span class='ocrx_word' id='word_1_347' title='bbox 594 3723 928 3812; x_wconf 88' lang='lat' dir='ltr'>Hispania</span> <span class='ocrx_word' id='word_1_348' title='bbox 960 3723 1202 3793; x_wconf 88' lang='lat' dir='ltr'>beatus</span> <span class='ocrx_word' id='word_1_349' title='bbox 1233 3722 1633 3793; x_wconf 87' lang='lat' dir='ltr'>Dominicus</span> <span class='ocrx_word' id='word_1_350' title='bbox 1666 3720 1806 3791; x_wconf 89' lang='lat' dir='ltr'>duo</span> <span class='ocrx_word' id='word_1_351' title='bbox 1844 3723 2261 3790; x_wconf 88' lang='lat' dir='ltr'>instaurarat</span> <span class='ocrx_word' id='word_1_352' title='bbox 2300 3718 2652 3789; x_wconf 90' lang='lat' dir='ltr'>coenobia.</span> 
     </span>
     <span class='ocr_line' id='line_1_40' title="bbox 162 3801 2658 3899; baseline 0.001 -23"><span class='ocrx_word' id='word_1_353' title='bbox 162 3801 338 3891; x_wconf 63' lang='lat' dir='ltr'>ltaque</span> <span class='ocrx_word' id='word_1_354' title='bbox 387 3832 529 3880; x_wconf 94' lang='lat' dir='ltr'>non</span> <span class='ocrx_word' id='word_1_355' title='bbox 572 3832 758 3898; x_wconf 82' lang='lat' dir='ltr'>quae</span> <span class='ocrx_word' id='word_1_356' title='bbox 805 3833 932 3881; x_wconf 87' lang='lat' dir='ltr'>sua</span> <span class='ocrx_word' id='word_1_357' title='bbox 981 3825 1145 3881; x_wconf 89' lang='lat' dir='ltr'>sunt</span> <span class='ocrx_word' id='word_1_358' title='bbox 1191 3832 1571 3899; x_wconf 80' lang='lat' dir='ltr'>quaerenS,</span> <span class='ocrx_word' id='word_1_359' title='bbox 1639 3811 1754 3880; x_wconf 90' lang='lat' dir='ltr'>sed</span> <span class='ocrx_word' id='word_1_360' title='bbox 1807 3831 1984 3897; x_wconf 89' lang='lat' dir='ltr'>quae</span> <span class='ocrx_word' id='word_1_361' title='bbox 2030 3810 2192 3880; x_wconf 64' lang='lat' dir='ltr'>,lesu</span> <span class='ocrx_word' id='word_1_362' title='bbox 2254 3808 2525 3888; x_wconf 89' lang='lat' dir='ltr'>Christi,</span> <span class='ocrx_word' id='word_1_363' title='bbox 2578 3829 2658 3878; x_wconf 92' lang='lat' dir='ltr'>eo</span> 
     </span>
     <span class='ocr_line' id='line_1_41' title="bbox 162 3895 2658 3989; baseline -0.002 -19"><span class='ocrx_word' id='word_1_364' title='bbox 162 3900 497 3983; x_wconf 67' lang='lat' dir='ltr'>properavit</span> <span class='ocrx_word' id='word_1_365' title='bbox 548 3900 916 3989; x_wconf 89' lang='lat' dir='ltr'>proficisci.</span> <span class='ocrx_word' id='word_1_366' title='bbox 972 3904 1135 3970; x_wconf 88' lang='lat' dir='ltr'>Cum</span> <span class='ocrx_word' id='word_1_367' title='bbox 1188 3913 1414 3970; x_wconf 87' lang='lat' dir='ltr'>autem</span> <span class='ocrx_word' id='word_1_368' title='bbox 1468 3900 1534 3968; x_wconf 93' lang='lat' dir='ltr'>in</span> <span class='ocrx_word' id='word_1_369' title='bbox 1565 3899 1848 3970; x_wconf 87' lang='lat' dir='ltr'>Tolosae</span> <span class='ocrx_word' id='word_1_370' title='bbox 1897 3899 2173 3989; x_wconf 88' lang='lat' dir='ltr'>regione</span> <span class='ocrx_word' id='word_1_371' title='bbox 2212 3919 2373 3968; x_wconf 89' lang='lat' dir='ltr'>cum</span> <span class='ocrx_word' id='word_1_372' title='bbox 2421 3895 2658 3965; x_wconf 89' lang='lat' dir='ltr'>multis</span> 
     </span>
     <span class='ocr_line' id='line_1_42' title="bbox 162 3971 2650 4080; baseline 0.004 -34"><span class='ocrx_word' id='word_1_373' title='bbox 162 3971 426 4057; x_wconf 75' lang='lat' dir='ltr'>fratribus</span> <span class='ocrx_word' id='word_1_374' title='bbox 477 3989 608 4057; x_wconf 89' lang='lat' dir='ltr'>iter</span> <span class='ocrx_word' id='word_1_375' title='bbox 653 4002 921 4080; x_wconf 86' lang='lat' dir='ltr'>ageret,</span> <span class='ocrx_word' id='word_1_376' title='bbox 974 4001 1040 4058; x_wconf 89' lang='lat' dir='ltr'>et</span> <span class='ocrx_word' id='word_1_377' title='bbox 1086 3989 1197 4058; x_wconf 90' lang='lat' dir='ltr'>die</span> <span class='ocrx_word' id='word_1_378' title='bbox 1244 3989 1545 4076; x_wconf 91' lang='lat' dir='ltr'>quodam</span> <span class='ocrx_word' id='word_1_379' title='bbox 1598 4010 1724 4058; x_wconf 90' lang='lat' dir='ltr'>ceu</span> <span class='ocrx_word' id='word_1_380' title='bbox 1787 3989 1925 4057; x_wconf 90' lang='lat' dir='ltr'>veri</span> <span class='ocrx_word' id='word_1_381' title='bbox 1976 3988 2221 4056; x_wconf 84' lang='lat' dir='ltr'>Christi</span> <span class='ocrx_word' id='word_1_382' title='bbox 2276 4006 2650 4076; x_wconf 90' lang='lat' dir='ltr'>pauperes,</span> 
     </span>
     <span class='ocr_line' id='line_1_43' title="bbox 167 4065 2657 4167; baseline 0 -25"><span class='ocrx_word' id='word_1_383' title='bbox 167 4065 214 4132; x_wconf 60' lang='grc' dir='ltr'><em>ἃᾶ</em></span> <span class='ocrx_word' id='word_1_384' title='bbox 248 4076 611 4159; x_wconf 85' lang='lat' dir='ltr'>prandium</span> <span class='ocrx_word' id='word_1_385' title='bbox 665 4099 800 4146; x_wconf 94' lang='lat' dir='ltr'>non</span> <span class='ocrx_word' id='word_1_386' title='bbox 853 4078 987 4149; x_wconf 90' lang='lat' dir='ltr'>nisi</span> <span class='ocrx_word' id='word_1_387' title='bbox 1025 4100 1248 4148; x_wconf 91' lang='lat' dir='ltr'>unum</span> <span class='ocrx_word' id='word_1_388' title='bbox 1301 4077 1437 4145; x_wconf 90' lang='lat' dir='ltr'>vini</span> <span class='ocrx_word' id='word_1_389' title='bbox 1491 4076 1832 4167; x_wconf 80' lang='lat' dir='ltr'>scyphum</span> <span class='ocrx_word' id='word_1_390' title='bbox 1902 4076 2254 4156; x_wconf 85' lang='lat' dir='ltr'>haberent,</span> <span class='ocrx_word' id='word_1_391' title='bbox 2309 4088 2513 4161; x_wconf 87' lang='lat' dir='ltr'>atque</span> <span class='ocrx_word' id='word_1_392' title='bbox 2550 4094 2657 4144; x_wconf 90' lang='lat' dir='ltr'>es-</span> 
     </span>
     <span class='ocr_line' id='line_1_44' title="bbox 167 4163 2653 4254; baseline 0.003 -28"><span class='ocrx_word' id='word_1_393' title='bbox 167 4168 257 4228; x_wconf 73' lang='lat' dir='ltr'>sent</span> <span class='ocrx_word' id='word_1_394' title='bbox 286 4163 466 4235; x_wconf 90' lang='lat' dir='ltr'>inter</span> <span class='ocrx_word' id='word_1_395' title='bbox 522 4188 638 4236; x_wconf 90' lang='lat' dir='ltr'>eos</span> <span class='ocrx_word' id='word_1_396' title='bbox 686 4167 806 4254; x_wconf 92' lang='lat' dir='ltr'>qui</span> <span class='ocrx_word' id='word_1_397' title='bbox 856 4167 926 4235; x_wconf 93' lang='lat' dir='ltr'>in</span> <span class='ocrx_word' id='word_1_398' title='bbox 978 4166 1213 4237; x_wconf 89' lang='lat' dir='ltr'>seculo</span> <span class='ocrx_word' id='word_1_399' title='bbox 1269 4165 1541 4236; x_wconf 90' lang='lat' dir='ltr'>delicati</span> <span class='ocrx_word' id='word_1_400' title='bbox 1603 4165 1978 4235; x_wconf 86' lang='lat' dir='ltr'>admodum</span> <span class='ocrx_word' id='word_1_401' title='bbox 2031 4164 2360 4234; x_wconf 83' lang='lat' dir='ltr'>fuissent:</span> <span class='ocrx_word' id='word_1_402' title='bbox 2413 4184 2653 4233; x_wconf 90' lang='lat' dir='ltr'>eorum</span> 
     </span>
     <span class='ocr_line' id='line_1_45' title="bbox 171 4251 2656 4407; baseline 0 -87"><span class='ocrx_word' id='word_1_403' title='bbox 171 4253 431 4407; x_wconf 53' lang='lat' dir='ltr'>mmo</span> <span class='ocrx_word' id='word_1_404' title='bbox 468 4254 630 4345; x_wconf 90' lang='lat' dir='ltr'>pius</span> <span class='ocrx_word' id='word_1_405' title='bbox 678 4256 782 4323; x_wconf 91' lang='lat' dir='ltr'>vir</span> <span class='ocrx_word' id='word_1_406' title='bbox 819 4255 1228 4336; x_wconf 81' lang='lat' dir='ltr'>condolens,</span> <span class='ocrx_word' id='word_1_407' title='bbox 1294 4256 1491 4326; x_wconf 83' lang='lat' dir='ltr'>‘ussit</span> <span class='ocrx_word' id='word_1_408' title='bbox 1542 4277 1786 4345; x_wconf 89' lang='lat' dir='ltr'>parum</span> <span class='ocrx_word' id='word_1_409' title='bbox 1852 4253 2022 4322; x_wconf 90' lang='lat' dir='ltr'>illud</span> <span class='ocrx_word' id='word_1_410' title='bbox 2076 4253 2241 4334; x_wconf 88' lang='lat' dir='ltr'>vini,</span> <span class='ocrx_word' id='word_1_411' title='bbox 2295 4252 2477 4340; x_wconf 91' lang='lat' dir='ltr'>quod</span> <span class='ocrx_word' id='word_1_412' title='bbox 2530 4251 2656 4321; x_wconf 90' lang='lat' dir='ltr'>ha-</span> 
     </span>
    </p>

    <p class='ocr_par' dir='ltr' id='par_1_5' title="bbox 176 4339 2655 4526">
     <span class='ocr_line' id='line_1_46' title="bbox 285 4339 2655 4435; baseline 0 -26"><span class='ocrx_word' id='word_1_413' title='bbox 285 4354 373 4423; x_wconf 90' lang='lat' dir='ltr'>nt,</span> <span class='ocrx_word' id='word_1_414' title='bbox 429 4344 506 4412; x_wconf 89' lang='lat' dir='ltr'>in</span> <span class='ocrx_word' id='word_1_415' title='bbox 559 4365 890 4435; x_wconf 86' lang='lat' dir='ltr'>magnum</span> <span class='ocrx_word' id='word_1_416' title='bbox 943 4367 1062 4415; x_wconf 89' lang='lat' dir='ltr'>vas</span> <span class='ocrx_word' id='word_1_417' title='bbox 1123 4343 1243 4414; x_wconf 89' lang='lat' dir='ltr'>fun</span> <span class='ocrx_word' id='word_1_418' title='bbox 1303 4345 1368 4425; x_wconf 94' lang='lat' dir='ltr'>i,</span> <span class='ocrx_word' id='word_1_419' title='bbox 1444 4358 1509 4413; x_wconf 90' lang='lat' dir='ltr'>et</span> <span class='ocrx_word' id='word_1_420' title='bbox 1567 4365 1817 4432; x_wconf 90' lang='lat' dir='ltr'>aquam</span> <span class='ocrx_word' id='word_1_421' title='bbox 1869 4342 2147 4414; x_wconf 90' lang='lat' dir='ltr'>abunde</span> <span class='ocrx_word' id='word_1_422' title='bbox 2214 4342 2500 4411; x_wconf 90' lang='lat' dir='ltr'>multam</span> <span class='ocrx_word' id='word_1_423' title='bbox 2553 4339 2655 4410; x_wconf 90' lang='lat' dir='ltr'>illi</span> 
     </span>
     <span class='ocr_line' id='line_1_47' title="bbox 176 4430 2655 4526; baseline -0.001 -24"><span class='ocrx_word' id='word_1_424' title='bbox 176 4430 574 4515; x_wconf 63' lang='lat' dir='ltr'>superfusam,</span> <span class='ocrx_word' id='word_1_425' title='bbox 614 4432 942 4503; x_wconf 83' lang='lat' dir='ltr'>fratribus</span> <span class='ocrx_word' id='word_1_426' title='bbox 975 4433 1257 4526; x_wconf 80' lang='lat' dir='ltr'>apponi,</span> <span class='ocrx_word' id='word_1_427' title='bbox 1291 4433 1412 4520; x_wconf 91' lang='lat' dir='ltr'>qui</span> <span class='ocrx_word' id='word_1_428' title='bbox 1442 4447 1638 4503; x_wconf 91' lang='lat' dir='ltr'>erant</span> <span class='ocrx_word' id='word_1_429' title='bbox 1671 4433 1877 4503; x_wconf 90' lang='lat' dir='ltr'>simul</span> <span class='ocrx_word' id='word_1_430' title='bbox 1912 4444 2086 4503; x_wconf 92' lang='lat' dir='ltr'>octo.</span> <span class='ocrx_word' id='word_1_431' title='bbox 2141 4432 2467 4501; x_wconf 89' lang='lat' dir='ltr'>Biberunt</span> <span class='ocrx_word' id='word_1_432' title='bbox 2492 4451 2655 4521; x_wconf 89' lang='lat' dir='ltr'>ergo</span> 
     </span>
    </p>
   </div>
  </div>
 </body>
</html>
