3308 5004
650 329 779 394 580
1331 347 1411 394 nt
1458 346 1516 392 s.
1571 271 2071 390 ninrnommo
2121 321 2339 392 nost.
2782 325 2981 392 Aue.
3039 327 3134 392 22

555 429 913 501 intellectu
964 431 1254 519 mystico
1301 431 1593 500 obscure
1642 426 1854 497 locuti
1903 438 2089 498 sunt.
2145 431 2350 512 Recte
2396 448 2555 497 vero
2598 450 2720 518 per
2747 428 2933 497 aeris
2979 449 3134 497 me-

558 518 801 588 tallum
836 520 1091 608 signati
1122 533 1308 598 sunt,
1346 518 1463 606 qui
1492 516 1664 586 clari
1691 517 1762 584 in
1789 516 1937 585 suis
1969 515 2603 606 praedicationibus
2633 539 2768 596 non
2801 516 3128 587 fuerunt.

559 608 790 677 Sancti
839 628 996 676 vero
1042 607 1367 698 Apostoli,
1409 607 1572 693 quia
1604 604 1691 674 de
1729 604 2220 694 Redemptoris
2249 605 2463 675 nostri
2509 607 2834 694 mysterio
2885 606 3130 675 lucem

556 695 1091 787 praedicationis
1156 696 1588 776 habuerunt,
1643 693 1988 783 argenteis
2037 693 2388 764 columnis
2433 695 2739 784 expressi
2770 707 2979 776 sunt.
3045 700 3138 764 Et

557 785 941 855 notandum
980 787 1149 875 quia
1186 796 1549 875 argentum
1601 794 1801 852 sonat
1831 794 1898 852 et
1945 782 2150 862 lucet,
2203 805 2321 852 aes
2366 805 2526 874 gero
2566 795 2788 865 sonat,
2860 797 2928 853 et
2979 805 3132 854 non

556 875 763 955 lucet,
812 876 978 962 quia
1013 874 1516 965 praedicatores
1566 872 1719 942 novi
1772 872 2163 942 testamenti
2189 885 2422 963 aperte
2470 871 2681 943 locuti
2721 885 2906 955 sunt,
2935 895 3137 960 quae

556 963 760 1032 etiam
815 978 1200 1036 monstrare
1227 975 1622 1053 potuerunt;
1672 960 2179 1051 praedicatores
2222 982 2380 1031 vero
2413 963 2803 1032 testamenti
2836 961 3126 1040 veteris,

555 1054 719 1140 quia
818 1076 893 1121 er
929 1052 1417 1143 allegoriarum
1448 1051 1737 1121 umbras
1786 1048 1872 1118 de
1901 1047 2178 1119 coelesti
2215 1052 2543 1138 mysterio
2579 1051 2875 1121 obscura
2924 1051 3126 1120 dicta

555 1153 758 1232 protu
789 1155 1013 1221 erunt,
1052 1142 1251 1229 quasi
1301 1141 1451 1210 sine
1482 1139 1635 1209 luce
1676 1138 1974 1208 sonitum
2026 1139 2387 1220 dederunt3
2423 1161 2846 1228 quamquam
2897 1161 3021 1210 aes
3060 1155 3132 1209 et

556 1231 812 1300 sanctis
860 1230 1235 1319 aliquando
1265 1250 1644 1319 congruere
1693 1227 2074 1317 reperiatur
2118 1228 2481 1317 ApostoliS,
2539 1229 2625 1298 de
2661 1229 2919 1315 quibus
2985 1231 3130 1300 sub

554 1325 716 1389 Aser
765 1321 991 1410 specie
1042 1342 1161 1410 per
1204 1325 1482 1408 Moysen
1531 1318 1600 1386 in
1638 1316 2161 1387 Deuteronomio
2201 1316 2492 1387 dicitur:
2530 1322 2837 1397 Ferrum,
2885 1331 2952 1386 et
3005 1340 3129 1388 aes

556 1407 1103 1479 calceamentum
1152 1409 1325 1495 esus.
1361 1406 1913 1502 Calceamentum
1946 1407 2206 1495 quippe
2242 1407 2309 1476 in
2344 1406 2686 1496 scriptura
2736 1427 2934 1476 sacra
2961 1429 3128 1476 mu-

556 1497 946 1567 nimentum
1003 1518 1163 1586 prae
1219 1496 1537 1566 icationis
1585 1495 1947 1584 accipitur,
2001 1495 2182 1565 sicut
2229 1496 2563 1586 scriptum
2623 1507 2761 1565 est:
2817 1499 3133 1566 calceati

551 1587 753 1676 pedes
785 1589 854 1655 in
882 1588 1381 1677 praedicatione
1412 1586 1775 1674 Evanqelz’z'
1863 1585 2026 1652 acts.
2061 1583 2236 1667 Quia
2283 1606 2446 1674 ergo
2497 1605 2617 1672 per
2665 1583 2925 1654 ferrum
2988 1587 3126 1655 vir-

556 1687 695 1757 tus,
738 1697 855 1764 per
882 1697 997 1746 aes
1015 1688 1241 1744 autem
1284 1674 1784 1764 perseverantia
1836 1672 2354 1763 onganimitatis
2385 1673 2818 1764 exprimitur,
2858 1672 3124 1743 ferrum

557 1776 621 1832 et
654 1785 793 1843 aeS‚
861 1762 1328 1853 apostolorum
1378 1762 1634 1832 dicitur
1681 1783 1829 1832 esse
1876 1761 2462 1843 calceamentum,
2525 1781 2790 1831 necnon
2832 1777 2898 1830 et
2961 1784 3128 1832 san-

557 1867 826 1932 ctorum
846 1853 1318 1940 quorumlibet
1344 1850 1921 1942 praedicatorum.
1948 1856 2072 1920 Per
2103 1848 2359 1921 ferrum
2393 1849 2654 1921 scilicet
2677 1851 3126 1921 adversantia

557 1940 740 2009 mala
794 1941 1128 2030 patienter
1169 1940 1480 2020 tolerant,
1527 1961 1648 2029 per
1673 1961 1788 2009 aes
1822 1961 1978 2009 vero
2027 1940 2204 2009 bona
2250 1940 2597 2029 proposita
2625 1940 3129 2030 longanimiter

559 2041 855 2098 servant.
889 2034 974 2098 De
1021 2030 1278 2118 quibus
1308 2028 1661 2119 apostoliS,
1697 2028 1838 2100 sive
1867 2028 2262 2119 apostolicis
2304 2029 2492 2106 viris,
2524 2027 3130 2129 praedicatoribus

560 2117 823 2187 scilicet
883 2120 1164 2198 sanctis,
1219 2118 1300 2188 ad
1354 2117 1675 2188 eumdem
1727 2123 1932 2194 Aser,
1992 2139 2154 2187 cum
2222 2119 2730 2208 praemifflsset:
2785 2123 3129 2189 Ascensor

560 2206 735 2276 coeli
783 2207 1151 2277 auxiliator
1196 2221 1398 2278 tuus:
1456 2205 1611 2277 ilico
1674 2205 2023 2277 subdidit:
2076 2207 2586 2307 Magnificentia
2648 2208 2801 2296 ejus
2848 2206 3128 2280 discur-

559 2308 726 2368 runt
782 2298 1026 2367 nubes.
1079 2297 1246 2381 Quis
1291 2295 1479 2366 enim
1520 2307 1641 2366 est·
1678 2317 2001 2366 ascensor
2047 2294 2260 2376 coeli,
2316 2295 2450 2365 nisi
2502 2294 2808 2366 Salvator
2857 2309 3122 2378 noster,

559 2386 677 2472 qui
733 2398 1094 2474 postquam
1147 2384 1793 2474 mortisiimperium
1829 2384 2132 2455 moriens
2173 2384 2495 2475 perdidit,
2538 2383 2806 2454 coelum
2844 2385 3129 2476 Angelis

559 2475 1074 2558 comitantibus,
1109 2488 1174 2546 et
1205 2473 1571 2564 discipulis
1618 2472 2188 2563 suspicientibuS,
2236 2473 2662 2564 penetravit?
2707 2474 2938 2563 Hujus
2978 2497 3127 2545 ma-

560 2563 961 2654 gnificentia
1012 2565 1231 2634 nubes
1258 2564 1688 2645 discurrunt,
1723 2564 1888 2649 quia
1917 2564 2070 2654 ejus
2116 2564 2520 2633 auctoritate
2550 2568 2863 2633 Doctores
2896 2566 3126 2635 sancti

560 2675 685 2743 per
731 2654 1075 2724 mundum
1106 2653 1499 2723 salutiferae
1536 2651 2068 2742 praedicationis
2099 2652 2389 2721 imbrem
2427 2652 2702 2743 pluunt.
2746 2657 2836 2721 De
2859 2653 3126 2740 quibus

560 2756 625 2812 et
671 2743 1028 2833 Propheta:
1085 2743 1211 2824 Qui
1265 2755 1450 2822 sunt,
1495 2742 1748 2829 inquit,
1807 2741 1942 2821 isti,
1987 2741 2106 2828 qui
2158 2755 2234 2811 ut
2284 2741 2502 2811 nubes
2542 2740 2822 2811 volant?

648 2833 686 2917 ξ
731 2837 819 2902 5.
874 2837 1051 2902 Istae
1101 2831 1321 2901 nubes
1368 2831 1809 2901 resolvuntur
1867 2830 1939 2900 in
2007 2852 2260 2918 aquam
2295 2884 2310 2911 ,
2362 2851 2523 2901 cum
2586 2843 2839 2900 terram
2891 2831 3118 2901 cordis

561 2920 781 2991 nostri
814 2920 1168 3010 doctrin-ae
1208 2942 1376 2990 suae
1422 2919 1704 2989 fluentis
1739 2919 2109 3000 inebriant,
2148 2932 2222 2989 ut
2245 2940 2398 2988 eam
2433 2919 2519 2988 ad
2571 2918 2978 3009 proferenda
3014 2919 3108 3008 pii

560 3009 790 3097 operis
848 3009 1161 3099 germina
1205 3008 1494 3079 fertilem
1548 3007 1861 3078 reddant.
1919 3008 2110 3077 Unde
2173 3008 2250 3077 et
2287 3007 2859 3080 Bartholomaeus
2902 3006 3103 3098 (quod

558 3097 804 3184 utique
852 3102 1100 3186 Syrum
1176 3119 1429 3179 nomen
1486 3110 1610 3179 est,
1665 3114 1801 3166 non
1853 3096 2300 3186 Hebraeum)
2348 3097 2840 3188 interpretatur
2909 3095 3114 3166 Filius

563 3184 1055 3275 suspendentis
1103 3208 1343 3274 aquas,
1388 3185 1576 3255 filius
1623 3185 1865 3273 utique
1883 3186 2023 3260 Dei,
2062 3186 2183 3273 qui
2224 3186 2783 3276 praedicatorum
2835 3207 3116 3257 suorum

563 3287 828 3344 mentes
861 3276 944 3344 ad
997 3275 1315 3345 coelestia
1372 3273 1904 3364 contemplanda
1956 3274 2345 3365 suspendit,
2401 3289 2479 3344 ut
2521 3290 2784 3362 quanto
2834 3276 3125 3346 liberius

564 3385 638 3432 se
691 3363 773 3431 ad
829 3364 1358 3454 intelligendum
1410 3368 1791 3433 Creatorem
1843 3386 2051 3435 suum
2123 3364 2371 3465 pennis
2425 3365 2754 3459 virtutum
2821 3364 3120 3437 librant.

565 3465 753 3521 tanto
788 3452 1083 3524 feracius
1122 3466 1187 3522 et
1219 3452 1506 3523 uberius
1536 3452 1828 3522 imbrem
1865 3453 2179 3523 coelestis
2214 3453 2468 3540 eloquii
2510 3454 2764 3525 nostris
2797 3453 3130 3524 cordibus

563 3540 929 3611 infundere
990 3541 1285 3621 valeant;
1327 3553 1542 3628 utque
1574 3563 1656 3611 ex
1705 3542 1824 3611 illo
1884 3542 2068 3611 fonte
2115 3543 2437 3631 suspensi
2488 3542 2752 3623 bibant,
2812 3542 2998 3630 quod
3053 3544 3122 3611 in

562 3652 693 3700 nos
760 3631 1198 3719 postmodum
1277 3630 1712 3731 propinando
1788 3629 2299 3700 transfundant.
2356 3630 2549 3701 Unde
2614 3631 2792 3701 bene
2859 3637 3126 3721 Moyses

563 3720 850 3808 mystice
888 3719 973 3789 de
1021 3731 1257 3790 sancta
1291 3719 1459 3789 dicit
1506 3719 1846 3790 Ecclesia:
1901 3725 2042 3790 Non
2093 3732 2195 3788 est
2234 3733 2435 3799 terra,
2477 3720 2566 3789 ad
2625 3743 2835 3808 quam
2891 3722 3125 3811 ingre-

566 3806 815 3877 dimini
853 3807 1368 3899 possidendam,
1424 3808 1676 3878 similis
1711 3822 1930 3878 terrae
1958 3809 2285 3899 Aegypti,
2341 3809 2425 3879 de
2470 3831 2610 3897 qua
2655 3810 2937 3890 existis,
2997 3809 3126 3880 ubi

554 3897 743 3988 jacto
791 3897 1076 3978 semine,
1132 3898 1199 3967 in
1253 3898 1606 3968 hortorum
1669 3917 1929 3966 morem
1988 3919 2209 3984 aquae
2271 3898 2714 3969 deducuntur
2763 3900 3068 3990 irriguae
3102 3954 3120 3973 .

566 3986 686 4057 sed
737 3985 822 4056 de
878 3986 1068 4056 coelo
1117 3987 1388 4076 pluvias
1433 3998 1840 4077 expectanS,
1901 4007 2110 4071 quam
2154 3991 2335 4057 Deus
2394 4010 2568 4058 suus
2635 3988 2873 4058 invisit
2909 3988 3126 4069 ,omni

566 4087 896 4165 tempore.
960 4074 1305 4145 Secularis
1350 4076 1535 4145 enim
1589 4073 1995 4165 prudentia,
2048 4076 2251 4162 quasi
2318 4076 2601 4147 coluber
2649 4098 2771 4178 per
2825 4078 3123 4149 humum

567 4163 802 4253 serpit,
838 4177 903 4233 et
942 4163 1079 4234 huc
1129 4164 1434 4252 illucque
1467 4163 1738 4234 lubrica
1787 4163 2108 4234 varietate
2151 4163 2477 4246 declinat,
2532 4165 2769 4235 divina
2816 4187 2973 4236 vero
3010 4187 3127 4236 sa·

566 4252 823 4342 pientia
860 4252 947 4321 de
991 4253 1405 4324 coelestibus
1454 4253 1742 4322 intonat.
1796 4257 2048 4322 Hortus
2095 4254 2303 4324 etia'm
2353 4253 2470 4324 hic
2509 4254 2863 4325 sinistram
2915 4253 3125 4325 habet

569 4340 1173 4430 significationem.
1227 4347 1395 4412 Nam
1443 4339 1745 4411 carnalis
1796 4341 2125 4412 scientiae
2173 4342 2444 4413 videtur
2506 4342 2871 4434 designare
2916 4342 3123 4413 lasci-

568 4430 777 4497 viam.
818 4430 1007 4499 Sicut
1044 4443 1110 4499 et
1160 4429 1325 4510 illic,
1392 4429 1521 4500 ubi
1571 4429 1801 4501 Achab
1851 4431 2049 4521 petiit
2095 4431 2364 4501 vineam
2429 4432 2717 4505 Naboth.
2774 4437 2868 4504 Da
2914 4431 3112 4512 mihi,
