3308 5004
66 3471 97 3912 ἶ

188 341 319 406 AUG.
362 341 385 407 l
813 358 893 405 nn
939 338 1203 407 camnis
1248 359 1327 406 m·
1373 358 1601 407 emmo
1649 359 1704 406 s.
1760 358 1944 405 rarat
2505 342 2588 408 ⁴7

184 439 393 509 intactis
436 439 730 510 floribus
754 451 1089 517 contexta,
1121 439 1443 509 decorata
1490 452 1616 520 est,
1649 438 1847 508 etad
1881 438 2254 509 dexteram·
2280 438 2391 509 sui
2431 443 2473 509 S
2526 440 2681 510 onsi

189 542 383 615 partem
417 528 703 598 assistit.
748 532 909 607 HaS,
956 529 1264 615 inquam,
1302 541 1587 599 catenas
1620 540 1686 597 et
1723 549 1847 598 nos
1879 527 2406 618 copiosissimus
2432 535 2475 598 C
2506 528 2682 599 tristi

186 617 793 705 populus-hodierno
840 617 951 687 die
999 616 1506 707 amplexamur.
1547 622 1689 687 Has
1737 630 2126 686 reverentes
2169 639 2581 702 veneramur
2616 630 2684 687 et

184 706 409 777 colimus
440 761 456 788 ,
521 721 586 776 et
637 728 757 796 pro
804 707 1201 776 animarum
1250 706 1740 776 emendatione
1788 705 2151 777 habemus.
2224 706 2347 777 His
2406 728 2684 776 omnem

179 815 393 864 sensum
443 808 510 865 et
560 795 948 865 membrum
1001 795 1471 875 admoventes,
1528 795 1811 865 illarum
1868 795 2230 865 sanctitate
2279 794 2681 886 implemur,

182 895 235 950 et.
263 906 359 972 per
398 886 652 954 mentis
700 883 1228 973 intelligentiam
1274 885 1508 954 Sancti
1578 884 1878 975 Spiritus
1927 885 2224 974 gratiam
2275 884 2346 953 in
2414 885 2687 954 animos

179 971 316 1060 ipsos
348 973 802 1043 admittimus
842 978 1116 1043 Deceret
1162 988 1367 1055 certe,
1408 973 1685 1043 deceret
1736 995 1871 1042 non
1903 973 2130 1043 solum
2164 988 2467 1053 catenas,
2507 994 2685 1060 quae
2775 1010 2780 1015 ·

175 1082 374 1133 manus
416 1062 578 1132 illas
640 1058 1200 1144 adstrinxerunt,
1256 1084 1682 1153 magnopere
1732 1063 2094 1133 venerari:
2151 1062 2267 1133 sed
2319 1062 2522 1131 etiam
2574 1062 2684 1130 in·
2765 1102 2788 1117 ·

174 1146 314 1219 dicia
354 1152 608 1231 omnia,
655 1150 739 1219 ad
808 1174 983 1239 quae
1037 1152 1338 1242 Apostoli
1391 1153 1708 1222 membra
1755 1165 2220 1232 accesserunt,
2278 1151 2680 1241 singulatim

172 1239 436 1338 amplecti
488 1263 568 1310 ac
620 1242 935 1324 revereri,
989 1254 1054 1311 et
1107 1243 1175 1310 in
1236 1242 1376 1311 illis
1424 1241 1731 1332 singulis
1779 1242 1963 1329 diem
2026 1241 2283 1311 festum
2333 1263 2412 1311 ac
2471 1261 2683 1331 pane-

163 1348 337 1415 gyrim
383 1330 753 1400 celebrare.

230 1419 259 1502 ξ]
301 1422 444 1491 ²2.
503 1425 1055 1489 Consentaneum
1107 1429 1338 1489 autem
1387 1431 1453 1488 et
1498 1418 1680 1487 illud
1715 1418 1846 1488 fuit
1891 1419 2045 1510 ejus
2087 1417 2579 1507 providentiae,
2615 1429 2682 1489 et

164 1502 215 1570 in
256 1527 361 1575 nos
406 1508 862 1598 benignitati,
929 1530 1050 1597 pro
1097 1508 1360 1595 quibus
1409 1507 1776 1587 laboravit,
1833 1519 1899 1577 et
1945 1507 2255 1595 quotidie
2303 1507 2681 1576 certamina

160 1605 207 1660 et
245 1616 496 1686 pugnas
523 1597 762 1678 subiit,
806 1610 1082 1688 propter
1105 1619 1281 1685 quos
1327 1611 1737 1666 catenarum
1775 1596 2075 1686 pondere
2118 1596 2489 1666 adstrictus
2523 1595 2675 1678 suit,

159 1694 207 1748 et
241 1686 445 1756 crucis
499 1698 788 1755 mortem
841 1686 1135 1757 libenter
1183 1686 1514 1775 suscepit:
1574 1699 2147 1767 consentaneum,
2202 1686 2514 1772 inquam,
2551 1684 2680 1755 fuit

157 1770 415 1868 seipsum
459 1775 600 1855 his,
653 1774 775 1861 qui
827 1798 948 1877 per
986 1798 1145 1845 eum
1199 1775 1466 1845 Christo
1515 1773 1991 1854 crediderunt,
2031 1774 2444 1844 distribuere
2477 1786 2682 1861 atque

157 1864 499 1957 ttnpartiri:
539 1877 605 1933 et
644 1877 849 1933 veteri
898 1864 1183 1951 quidem
1234 1870 1492 1934 Romae
1535 1863 1916 1933 venerandi
1949 1863 2062 1933 sui
2109 1864 2419 1953 corporis
2467 1862 2552 1931 de
2604 1885 2681 1932 o-

153 1949 424 2021 sitionem
465 1975 549 2023 ac
583 1952 1010 2043 sepulturam
1050 1953 1331 2043 largiri:
1365 1953 1531 2023 huic
1566 1966 1801 2023 autem
1854 1952 2072 2043 regali
2105 1965 2171 2021 ct
2208 1974 2422 2023 novae
2468 1885 2681 2022 urssi*

152 2057 374 2120 eorum,
427 2064 608 2129 quae
644 2064 891 2130 passus
928 2055 1071 2123 est,
1126 2042 1440 2132 symbola
1492 2053 1703 2129 atque
1762 2042 2070 2132 insignia
2121 2040 2514 2129 relinquere
2545 2096 2560 2123 ‚
2610 2051 2678 2111 et

148 2132 560 2201 sacratissimi
636 2131 947 2220 corporis
1011 2131 1198 2211 loco,
1266 2131 1844 2201 suavissimarum
1914 2145 2317 2200 catenarum
2388 2152 2677 2199 munere

151 2218 354 2287 urbem
404 2220 585 2289 hanc
639 2219 933 2289 afficere.
988 2225 1173 2302 Quas
1219 2233 1497 2290 catenas
1536 2221 1680 2307 qui
1734 2219 1800 2288 in
1831 2219 2169 2298 ‚eamdem
2241 2220 2675 2309 praeclaram

152 2304 352 2377 urbem
404 2310 675 2379 venisse
721 2308 1131 2388 crediderit,
1188 2331 1323 2380 non
1373 2309 1769 2386 aberrabit,
1827 2330 2050 2396 neque
2113 2308 2381 2395 aliquid
2434 2313 2564 2377 Deo
2611 2319 2679 2378 et

150 2395 373 2487 veritati
411 2398 837 2468 eontrarium
890 2398 1284 2469 crediderit.
1338 2403 1552 2468 Verus
1599 2398 1884 2485 quidem
1936 2419 2190 2479 sermo,
2237 2410 2303 2465 et
2351 2398 2419 2465 in
2474 2397 2677 2466 libris

150 2484 285 2567 lpsis
327 2487 769 2579 conscriptus
807 2486 890 2558 ad
946 2511 1071 2559 nos
1119 2508 1340 2575 usque
1381 2487 1729 2578 pervenit,
1797 2508 1934 2555 non
1987 2487 2190 2578 longe
2249 2485 2336 2555 ab
2384 2485 2677 2556 Herodis

151 2574 511 2647 Tetrarchae
547 2579 738 2669 regia
784 2583 1060 2648 Petrum
1093 2576 1496 2668 Apostolum
1532 2578 1604 2646 in
1656 2598 1957 2657 carcere,
1996 2576 2113 2646 sed
2159 2576 2229 2643 in
2282 2597 2406 2664 pro
2461 2575 2677 2662 inquo

148 2663 405 2744 quodam
459 2667 613 2736 loco
664 2666 1084 2736 militaribus
1148 2666 1552 2736 cohortibus
1617 2665 2087 2735 observatum.
2143 2669 2311 2735 Nam
2363 2664 2469 2733 ili
2530 2686 2677 2733 me-

150 2753 551 2848 tuebant,·ne
600 2756 961 2856 Apostolus
1003 2755 1151 2845 ipse
1183 2756 1269 2825 ab
1318 2754 1679 2842 aliquibus
1721 2753 2102 2823 solveretur
2149 2775 2186 2822 e
2232 2752 2558 2834 vinculiS‚
2609 2764 2677 2823 et

148 2843 526 2914 miraculum
574 2844 790 2914 fuisse
838 2844 1203 2914 videretur.
1241 2844 1392 2914 Illic
1442 2844 1658 2934 igitur
1706 2843 2149 2925 servabatur,
2196 2855 2272 2912 ut
2325 2854 2469 2911 tum
2520 2865 2677 2932 pro-

148 2939 266 3012 pter
307 2933 565 3023 regalis
600 2932 839 3024 palatii
884 2934 1332 3013 vicinitatem,
1392 2946 1539 3003 tum
1573 2933 1664 3003 ob
1714 2932 2018 3002 militum
2061 2931 2416 3003 custodias
2455 2943 2521 3001 et
2557 2954 2677 3002 ca-

152 3024 322 3102 lenas,
375 3023 642 3110 quibus
674 3023 824 3113 ipse
869 3035 1013 3092 erat
1059 3022 1501 3103 constrictuS,
1548 3020 1816 3091 nullam
1845 3021 2229 3111 effugiendi
2277 3020 2671 3090 facultatem

150 3100 407 3180 haberet.
479 3113 825 3194 Quoniam
893 3133 1052 3182 vero
1121 3110 1365 3192 multi,
1417 3133 1500 3180 ex
1557 3111 1642 3180 iis
1690 3110 1813 3198 qui
1861 3112 2042 3180 Petri
2111 3109 2415 3202 Apostoli
2463 3111 2672 3199 opera

153 3192 369 3270 Christo
409 3200 879 3284 crediderant,
940 3201 1012 3270 in
1064 3200 1253 3292 regia
1300 3199 1423 3270 illa
1458 3212 1696 3282 erant,
1750 3212 1957 3286 atque
2006 3199 2151 3269 illic
2204 3199 2557 3280 vivebant,
2608 3209 2676 3267 et

152 3284 308 3441 Regis
343 3291 581 3379 ipsius
629 3290 1012 3361 ministeria
1044 3290 1402 3372 obeuntes,
1458 3310 1661 3361 suam
1698 3290 1768 3357 in
1807 3288 2157 3360 Christum
2204 3300 2269 3357 et
2310 3287 2463 3374 ejus
2498 3291 2676 3377 Apo-

152 3382 225 3439 δὴ)
251 3398 349 3447 um
404 3378 961 3449 benevolentiam
1011 3380 1082 3448 in
1119 3379 1377 3450 animis
1410 3377 1752 3448 occultam
1791 3377 2183 3460 servabant,
2237 3398 2400 3446 cum
2444 3376 2674 3447 admi-

152 3462 311 3534 rabili
356 3467 480 3537 illo
534 3467 742 3537 modo
791 3469 1091 3559 Apostoli
1147 3468 1325 3538 Petri
1384 3467 1699 3536 liberatio
1748 3488 1872 3557 per
1917 3466 2157 3557 Angeli
2210 3466 2670 3556 praesentiam

153 3548 309 3622 allata
354 3570 497 3638 est,
538 3571 609 3626 et
655 3557 1015 3647 Apostolus
1065 3557 1214 3647 ipse
1291 3579 1412 3647 per
1459 3571 1730 3646 portam
1796 3555 1981 3635 exiit,
2049 3576 2229 3643 quae
2288 3555 2374 3623 ad
2427 3555 2669 3624 urbem

153 3635 419 3726 ducebat,
474 3661 764 3717 catenas
810 3646 967 3715 illas
1015 3646 1086 3715 in
1137 3668 1413 3716 carcere
1460 3645 1868 3724 derelictas,
1923 3645 2063 3734 ipsi
2119 3644 2416 3713 Herodis
2468 3643 2676 3712 mini·

156 3728 264 3811 stri,
306 3735 569 3823 quibus
619 3735 894 3805 divinae
939 3735 1357 3825 cognitionis
1422 3733 1659 3804 lumen
1712 3734 2086 3815 effulserat,
2140 3733 2321 3804 clam
2375 3731 2668 3802 sustule-

156 3832 294 3902 rum,
341 3838 406 3894 et
434 3824 632 3914 apud
685 3825 949 3914 seipsos
998 3824 1182 3894 velut
1246 3823 1649 3893 thesaurum
1714 3823 2085 3911 quemdam
2138 3846 2255 3894 eas
2304 3842 2672 3891 conserva-

78 3941 99 3982 ι
160 3920 295 3977 mut.
343 3913 543 3995 Quod
592 3935 754 3983 vero
795 3936 833 3982 a
882 3926 1074 4014 patre
1114 3935 1263 3994 suo,
1311 3924 1389 3982 ut
1420 3911 1701 3992 dicitur,
1759 3912 2116 3992 traditum,
2162 3924 2227 3981 et
2276 3911 2360 3979 de
2407 3909 2671 3981 catenis

160 3987 255 4065 iltis
280 4014 639 4072 narratum
690 4003 823 4072 sibi
870 4023 1163 4090 quisque
1196 4014 1578 4091 acceperat,
1637 4001 1928 4092 posteris
1963 4001 2113 4072 suis
2160 4000 2489 4087 deinceps
2532 4010 2672 4068 tra-

162 4078 330 4168 debat,
371 4103 437 4161 et
496 4103 647 4161 tuto
697 4092 764 4160 in
818 4091 965 4161 loco
1020 4105 1297 4161 catenas
1346 4091 1503 4160 illas
1552 4089 1858 4160 occultas
1923 4090 2265 4171 servabat,
2328 4087 2554 4175 quoad
2603 4098 2671 4159 et

88 4181 107 4224 ⁸
164 4171 393 4249 Judaica
457 4180 652 4250 natio
714 4180 893 4251 bello
940 4180 1229 4262 devicta,
1293 4180 1652 4271 captisque
1699 4177 2176 4268 sei-osolymis,
2231 4176 2317 4247 ad
2368 4177 2669 4247 nihilum

88 4239 111 4316 l

166 4261 378 4338 wacta
423 4282 559 4350 est,
611 4281 678 4339 et
724 4271 1240 4359 superstitiosae
1289 4269 1719 4339 idololatriae
1759 4267 2084 4338 caecitate
2112 4280 2177 4336 et
2224 4288 2453 4337 errore
2502 4268 2670 4337 sub-

88 4331 111 4462 ι
172 4341 297 4437 ¹¹¹⁰,
360 4362 840 4430 Romanorum
901 4372 1171 4451 sceptra
1234 4358 1318 4428 ad
1356 4364 1851 4450 ‘Imperatores
1886 4412 1902 4440 ‚
1972 4356 2093 4445 qui
2151 4356 2398 4428 Christi
2459 4356 2665 4427 fidem

74 4465 125 4852 l

204 4473 650 4538 ’wantsumu
2483 4529 2484 4532 ,

280 4567 512 4628 surius
544 4602 569 4613 -
608 4568 772 4629 Vitae
812 4566 916 4629 ss.
948 4601 971 4613 -
994 4566 1122 4628 v01.
1148 4567 1307 4630 vm.
1573 4531 1591 4574 ³
2469 4568 2506 4623 2
