3308 5004
748 355 876 422 “2
1669 371 1747 418 nn
1795 371 1852 419 s.
1903 367 2210 420 nomnico
2905 348 3074 416 AUG.
3114 348 3146 414 4

649 462 1110 543 exceperunt:
1167 449 1556 538 mansitque
1605 450 1708 519 vir
1756 451 1871 521 Dei
1907 451 1975 521 in
2026 473 2106 521 ea
2153 450 2327 522 urbe
2375 472 2594 538 usque
2653 448 2738 520 ad
2786 470 3151 540 supremum

650 542 826 611 vitae
873 541 1057 610 diem
1090 595 1107 622 ,
1168 539 1446 630 dempto
1500 540 1686 628 quod
1739 545 2026 610 Romam
2098 539 2442 632 profectus
2508 539 2682 620 fuit,
2746 552 2809 609 et
2852 536 3153 626 quaedam

650 630 912 700 Galliae
949 634 1262 720 Togatae,
1300 650 1508 716 quam
1561 628 1767 719 vulgo
1816 630 2298 700 Lombardiam
2336 643 2615 711 vocant,
2675 628 2822 698 loca
2854 626 3153 706 visitavit,

647 719 952 807 itemque
1005 719 1340 788 venetias.
1423 717 1757 808 Diligebat
1827 729 2057 789 autem
2109 741 2309 788 verus
2356 724 2522 788 Jesu
2571 717 2818 789 Christi
2887 715 3158 785 imitator

649 807 1131 898 Evangelicam
1183 820 1654 899 paupertatem
1711 829 1869 895 prae
1917 808 2189 877 cunctis
2235 807 2484 877 mundi
2536 808 2810 896 opibus.
2862 804 3163 876 Offerebat

645 898 709 967 ei
764 908 831 966 et
877 896 1229 977 fratribus,
1296 918 1457 966 cum
1520 896 1898 965 Bononiam
1949 897 2266 978 venisset,
2321 896 2651 967 Odericus
2696 894 2971 982 quidam
3023 913 3162 992 pos-

646 986 987 1057 sessiones
1034 1008 1221 1065 suas‚
1316 1006 1444 1055 uae
1470 984 2019 1054 aestimabantur
2060 985 2255 1055 libris
2286 985 2840 1055 Bononiensibus
2889 981 3163 1071 amphus

643 1074 1074 1167 quingentis:
1115 1074 1233 1144 sed
1265 1007 1380 1143 ille
1418 1073 1815 1143 divitiarum
1849 1087 2302 1166 contemptor,
2342 1096 2624 1165 prorsus
2672 1097 2789 1144 eas
2827 1070 3156 1148 recusavit,
3263 1095 3264 1108 ¹

643 1164 1247 1264 conscriptamque
1282 1163 1442 1232 inde
1473 1184 1704 1232 coram
1757 1163 2171 1233 Bononiensi
2218 1164 2556 1255 Episcopo
2602 1163 2937 1240 chartam,
2980 1157 3164 1250 jussit

642 1253 969 1323 rescindi.
1008 1256 1150 1322 Non
1204 1252 1389 1321 enim
1441 1251 1677 1332 voluit,
1719 1262 1795 1321 ut
1841 1250 2083 1324 fratres
2122 1252 2454 1323 haberent
2501 1251 3002 1345 possessiones,
3060 1245 3160 1316 sed

641 1340 1097 1430 eleemosynis
1146 1339 1504 1431 frugaliter
1537 1340 1942 1422 victitarent,
1982 1341 2282 1411 contenti
2332 1341 2588 1412 vilibus
2640 1337 3078 1418 indumentis,
3107 1347 3162 1404 et

642 1430 872 1520 parvis
943 1442 1147 1515 atque
1219 1429 1606 1500 humilibus
1668 1429 1980 1500 aedibus.
2060 1431 2352 1501 Absente
2397 1453 2519 1511 e0‚
2591 1436 2662 1499 F.
2718 1427 3153 1516 RudolphuS,

643 1533 1047 1608 procurator
1103 1519 1554 1587 Bononiensis
1615 1519 1973 1598 coenobii,
2047 1542 2292 1610 parvas
2351 1533 2416 1589 et
2465 1519 2842 1589 vilissimas
2900 1516 3163 1613 fratrum

636 1606 851 1679 cellas
892 1606 1210 1677 nonnihil
1262 1607 1333 1676 in
1385 1607 1685 1679 sublime
1754 1608 2040 1677 evehere
2086 1610 2333 1699 coepit.
2405 1614 2748 1679 Reversus
2809 1620 3031 1676 autem
3077 1623 3164 1670 vir

638 1697 780 1775 Dei,
837 1695 959 1766 ubi
1010 1695 1076 1765 id
1124 1696 1513 1786 conspexit,
1570 1702 2085 1766 Procuratorem
2144 1710 2208 1766 et
2255 1697 2431 1767 alios
2496 1697 2742 1767 dolens
2789 1709 2855 1766 et
2910 1710 3164 1792 gemens

638 1784 1101 1874 reprehendit,
1157 1808 1671 1875 erumpensque
1729 1786 1796 1855 in
1854 1786 2238 1875 lacrymas:
2292 1791 2504 1868 Itane,
2559 1787 2816 1874 inquit,
2871 1797 3004 1854 tam
3051 1793 3165 1850 cito

636 1873 846 1943 vultis
889 1885 1358 1965 paupertatem
1416 1874 1738 1961 abjicere,
1791 1887 1857 1943 et
1915 1898 2168 1965 magna
2218 1875 2472 1966 palatia
2519 1879 2840 1945 struere?
2899 1877 3167 1963 Ipsoque

625 1963 914 2052 jubente
959 1985 1137 2054 opus
1184 1963 1385 2044 illud,
1438 1963 1666 2050 quoad
1718 1963 1903 2044 vixit,
1947 1965 2199 2034 mansit
2233 1964 2745 2054 imperfectum.

723 2054 760 2140 ἓ
814 2056 980 2124 Do.
1035 2058 1112 2122 In
1162 2052 1657 2122 afflictionibus
1708 2053 1811 2122 vir
1874 2053 1989 2122 Dei
2042 2075 2177 2123 non
2230 2054 2455 2123 solum
2524 2053 2801 2155 patiens
2853 2061 3017 2130 erat,
3066 2043 3168 2116 sed

634 2140 1021 2210 laetabatur
1065 2141 1317 2211 etiam:
1375 2141 1642 2211 tametsi
1693 2140 1912 2212 multa
1961 2153 2106 2212 tum
2152 2165 2311 2212 cum
2348 2141 2682 2212 fratribus
2727 2142 2952 2211 victus
2987 2149 3050 2208 et
3078 2157 3170 2203 ve-

633 2230 837 2299 stitus
901 2229 1133 2320 inopia
1201 2243 1672 2320 premeretur,
1747 2252 1888 2318 qua
1951 2230 2064 2300 ille
2113 2252 2249 2300 non
2326 2231 2768 2300 mediocriter
2816 2229 3169 2299 delectatus

632 2317 786 2388 fuit.
841 2318 1117 2388 Ordinis
1150 2340 1486 2388 canonem
1536 2332 1602 2388 et
1649 2319 1671 2387 i
1728 2341 1799 2388 se
1847 2320 2173 2389 severiter
2216 2332 2282 2389 et
2330 2319 2590 2421 integre
2642 2319 2988 2397 servavit,
3039 2327 3100 2383 et
3140 2334 3173 2381 a

631 2406 965 2477 fratribus
1013 2407 1337 2478 inviolate
1384 2406 1599 2477 voluit
1646 2430 1685 2477 o
1740 2410 2044 2478 servari:
2099 2422 2164 2479 et
2213 2409 2271 2479 si
2318 2409 2439 2496 qui
2489 2409 2558 2479 1d
2614 2431 2757 2479 non
2820 2407 3167 2504 fecissent,

631 2497 849 2568 multa
896 2497 1177 2585 quidem
1232 2497 1766 2568 mansuetudine
1815 2511 1879 2567 et
1926 2496 2205 2568 blandis
2254 2498 2478 2569 verbis
2525 2520 2646 2568 eos
2691 2497 3049 2589 puniebat,
3096 2504 3175 2560 ita

629 2598 705 2656 ut
740 2609 938 2656 nemo
979 2588 1407 2667 turbaretur,
1463 2587 1734 2657 etiamsi
1781 2601 1960 2658 esset
1999 2589 2226 2677 gravis
2259 2587 2322 2656 ei
2364 2587 2625 2658 mulcta
2677 2589 3009 2676 irrogata.
3061 2586 3174 2651 Oc-

627 2676 845 2746 currit
875 2676 938 2745 ei
970 2676 1389 2764 quandoque
1435 2674 1642 2746 frater
1688 2699 1729 2746 a
1775 2676 2106 2746 concione
2155 2677 2536 2747 revertenti.
2592 2677 2909 2747 Advertit
2962 2685 3175 2769 autem

626 2766 731 2834 vir
777 2777 1081 2845 sanctus,
1136 2765 1387 2855 spiritu
1420 2765 1728 2847 edoctuS,
1785 2764 1984 2835 illum
2037 2787 2260 2846 secus,
2314 2788 2525 2853 quam
2577 2770 2821 2837 Canon
2860 2780 3179 2855 praescri-

623 2852 836 2933 beret,
894 2852 1138 2922 vivere.
1194 2853 1459 2923 Salutat
1503 2876 1668 2945 ergo
1714 2876 1900 2934 eum,
1958 2865 2154 2945 rogat
2200 2875 2338 2941 quo
2386 2867 2517 2934 eat,
2574 2877 2756 2925 num
2798 2852 2969 2942 quid
3007 2844 3179 2941 apud

625 2963 696 3011 se
729 2941 997 3021 habeat,
1040 2940 1224 3028 quod
1266 2940 1453 3011 nefas
1500 2943 1588 3012 sit
1634 2942 1911 3013 habere.
1964 2942 2088 3012 Ille
2142 2965 2212 3010 se
2262 2964 2552 3012 cernens
2598 2943 3169 3046 deprehensum,

623 3029 987 3110 erubescit,
1023 3028 1196 3099 ferre
1228 3052 1301 3099 se
1335 3032 1698 3120 pecuniam
1733 3030 2091 3101 humiliter
2128 3029 2398 3102 fatetur.
2444 3036 2607 3100 Eam
2658 3055 2769 3102 vir
2810 3029 3181 3122 religios1s·

625 3116 849 3187 simus
882 3140 1038 3188 mox
1060 3119 1261 3208 jubet
1292 3119 1557 3210 projici,
1595 3133 1661 3189 et
1692 3118 1967 3189 fratrem
2008 3120 2270 3190 indicta
2309 3120 2790 3191 satisfactione
2837 3117 3172 3190 emendat.

626 3205 987 3275 Silentium
1054 3208 1247 3277 statis
1320 3207 1506 3278 horis
1569 3230 1841 3299 semper
1900 3209 2160 3279 tenuit:
2217 3231 2256 3277 a
2316 3209 2542 3279 verbis
2603 3210 2864 3282 otiosis
2919 3207 3184 3301 penitus

621 3294 1001 3376 abstinens,
1040 3317 1308 3385 semper
1346 3296 1432 3365 de
1462 3301 1595 3365 Deo
1637 3296 2131 3384 loquebatur...

709 3385 746 3471 ἓ
797 3388 942 3456 21.
995 3383 1143 3454 Illis
1191 3384 1439 3456 diebus
1487 3384 1932 3458 beatissimus
1982 3400 2172 3477 pater
2206 3387 2630 3468 Dominicus,
2684 3386 3053 3480 exemplar
3084 3404 3183 3454 re-

620 3470 949 3562 ligionis,
1001 3484 1068 3542 et
1114 3473 1442 3543 virtutum
1511 3474 1875 3565 speculum
1909 3530 1925 3555 ,
1986 3481 2331 3546 Bononiae
2377 3476 2636 3566 degens
2665 3531 2685 3557 ,
2767 3479 2957 3548 sicut
3012 3474 3183 3546 oliva

619 3558 974 3631 fructifera
1022 3562 1093 3631 in
1157 3562 1361 3632 domo
1429 3563 1590 3645 Dei,
1642 3562 1975 3633 virtutum
2039 3576 2104 3635 et
2151 3565 2372 3634 famae
2438 3564 2740 3635 floribus
2807 3565 3177 3643 redolens,

619 3649 844 3719 verbis
891 3662 956 3720 et
989 3650 1323 3742 exemplis
1359 3651 1661 3735 radianS,
1700 3654 1922 3743 gratia
1952 3654 2334 3724 devotionis
2375 3653 2884 3744 pinguescens,
2929 3657 3184 3725 incom-

616 3738 963 3829 parabiles
1022 3739 1288 3812 fructus
1351 3740 1623 3812 attulit:
1686 3755 1752 3811 et
1809 3752 2161 3830 tamquam
2228 3741 2498 3833 lignum
2566 3742 2756 3813 vitae
2822 3744 2898 3813 in
2963 3739 3184 3812 medio

617 3827 968 3917 paradisi,
1033 3830 1209 3899 inter
1256 3828 1498 3899 fratres
1535 3830 1961 3902 constitutus
1992 3885 2008 3912 ‚
2078 3836 2209 3901 Deo
2257 3830 2764 3922 gratissimam,
2825 3832 3186 3924 angelicae

615 3916 938 3998 similem,
996 3918 1398 3989 hominibus
1445 3918 1957 4000 admirandam,
2011 3919 2176 3989 solis
2228 3918 2542 4011 perfectis
2591 3919 2708 3989 vix
2761 3919 3185 3993 imitabilem

615 4004 809 4076 duxit
838 4007 1070 4076 vitam.
1104 4006 1464 4098 Regularis
1489 4008 1963 4079 observantiae
1994 4009 2297 4099 prudens
2326 4023 2392 4079 et
2419 4009 2765 4080 discretus
2797 4012 3184 4088 institutor,

613 4093 837 4164 cultor
869 4096 1308 4188 praecipuuS‚
1343 4110 1664 4166 executor
1701 4109 2051 4179 strenuus,
2092 4098 2352 4187 integre
2382 4108 2447 4167 et
2477 4097 3002 4189 perfectissime
3026 4118 3190 4191 prae

612 4183 938 4255 omnibus
985 4207 1190 4256 suum
1243 4185 1636 4256 institutum
1671 4185 2068 4266 observans,
2126 4187 2197 4255 in
2251 4185 2443 4257 nullo
2492 4186 2626 4257 sibi
2682 4211 3024 4278 par-cem,
3081 4211 3194 4259 se-

614 4270 961 4341 veritatem
1010 4274 1403 4345 communis
1451 4276 1626 4344 vitae
1674 4287 2102 4345 consectans.
2157 4280 2238 4345 In
2290 4289 2420 4345 tem
2478 4274 2587 4357 lo,
2635 4277 3061 4360 refectoriO,
3117 4277 3187 4346 in

610 4359 765 4429 cibo
796 4415 811 4437 ,
866 4371 1027 4448 potu
1074 4374 1139 4432 et
1177 4363 1460 4445 vestitu,
1517 4365 1586 4433 in
1626 4364 1941 4454 jejuniis,
1987 4363 2240 4454 vigiliis
2287 4375 2352 4434 et
2389 4387 2428 4433 a
2460 4364 2546 4434 iis
2594 4367 3188 4439 Praedicatorum

611 4448 922 4539 regulam
956 4462 1021 4520 et
1053 4451 1443 4523 institutum
1473 4452 1906 4524 exactissime
1931 4452 2322 4530 custodivit,
2356 4463 2420 4524 et
2450 4476 2491 4525 a
2518 4452 2872 4527 fratribus
2905 4478 3189 4546 quoque
