3308 5004
177 347 372 415 Aue.
424 349 464 414 7
883 364 965 413 ιιι
1010 363 1068 413 s.
1118 362 1397 412 mauro
1442 361 1628 413 coar.
1679 363 2030 413 canamus
2515 346 2642 414 tas

181 449 479 540 polliciti
524 472 797 531 sumus,
848 469 1293 537 exequamur,
1328 461 1394 520 et
1424 447 1609 520 dicta
1646 448 1845 520 factis
1873 470 2429 542 compensemus.
2480 451 2590 521 Ait
2619 448 2730 521 illi

180 538 536 611 Albertus:
590 539 954 622 «Faciam,
1009 557 1171 608 mea.
1214 549 1451 620 mater,
1508 538 1694 696 guod
1746 538 2063 610 hortaris.
2104 563 2140 608 »
2192 546 2499 629 Cumque
2538 553 2732 632 pater

184 630 481 699 venisset
525 628 839 710 domum,
897 640 965 698 et
1010 649 1174 697 curn
1221 648 1433 697 uxore
1469 648 1509 696 a
1618 649 1930 698 mensam
1977 629 2437 711 accumberet,
2496 650 2728 700 coram

182 715 324 786 illis
354 717 539 788 dixit
574 715 1007 788 adolescens:
1046 718 1232 786 «Non
1260 715 1644 799 comedam,
1683 716 1818 787 nisi
1854 717 2024 787 mibi
2055 715 2233 788 bene
2273 716 2730 809 precemini.»

177 808 350 876 Tum
401 806 506 876 illi
556 806 672 898 pio
715 805 932 876 animi
979 804 1231 877 affectu
1262 804 1623 876 dixerunt:
1676 805 2049 877 Benedicat
2087 807 2211 878 tibi
2259 812 2472 888 Deus,
2521 820 2588 878 et
2627 806 2735 878 di-

181 895 358 986 rigat
405 917 689 987 gressus
719 905 895 965 tuos.
942 899 1034 964 Ea
1083 905 1399 985 percepta
1451 893 1928 965 benedictione
1983 907 2344 987 parentum
2404 915 2726 979 suorum,

179 983 353 1054 abiit
380 985 470 1055 ad
507 983 999 1055 monasterium
1053 987 1489 1072 Drepanense
1517 982 1812 1054 fratmm
1857 984 2267 1056 Carmelitici
2312 984 2636 1067 instituti,
2688 1007 2732 1056 a

184 1077 414 1144 castro
446 1072 701 1143 montis
734 1072 1029 1163 Drepani
1067 1071 1153 1141 ad
1202 1071 1344 1142 duo
1380 1070 1650 1144 distans
1691 1072 2038 1144 milliaria.
2092 1078 2239 1157 Quo
2285 1092 2447 1144 cum
2493 1093 2734 1164 perve—

181 1162 422 1243 nisset,
482 1161 673 1251 petiit
731 1161 866 1233 sibi
910 1160 1157 1230 donari
1196 1160 1508 1250 habitum
1541 1161 1694 1252 ejus
1726 1162 2052 1244 Instituti‚
2083 1176 2332 1253 optans
2369 1161 2511 1232 illic
2539 1162 2724 1253 apud

180 1254 451 1323 Fratres
502 1250 939 1321 commorari.
974 1253 1052 1320 At
1092 1251 1284 1320 Prior
1321 1250 1462 1319 sive
1513 1250 1896 1341 praefectus
1939 1251 2272 1333 coenobii,
2328 1250 2422 1321 iis
2475 1248 2730 1339 Alberti

176 1339 631 1410 sermonibus
672 1339 995 1429 acceptis,
1040 1359 1177 1409 non
1217 1338 1371 1409 sine
1415 1338 1632 1409 multa
1680 1340 2158 1423 admiratione,
2192 1338 2373 1429 quod
2419 1360 2558 1409 non
2607 1361 2729 1410 ne-

176 1427 390 1499 sciret
420 1427 692 1519 generis
726 1428 882 1517 ejus
915 1427 1363 1511 nobilitatem,
1403 1427 1633 1498 noluit.
1661 1450 1819 1499 eum
1873 1430 1943 1499 in
1974 1428 2263 1500 fratrum
2293 1427 2724 1499 sodalitatem

176 1516 568 1591 admittere.
621 1520 861 1605 Itaque
905 1516 990 1587 ad
1042 1529 1409 1608 parentum
1454 1516 1657 1588 aedes
1708 1532 2009 1590 moestus
2056 1540 2131 1589 se
2183 1517 2460 1619 recepit.
2526 1522 2730 1588 Nocte

180 1607 528 1696 proxima,
561 1627 723 1677 cum
774 1618 1088 1698 parentes
1114 1606 1271 1694 ejus
1300 1605 1529 1696 sopori
1564 1627 1636 1677 se
1668 1606 2038 1688 dedissent,
2088 1606 2486 1678 beatissima
2521 1607 2730 1698 Virgo

180 1695 295 1767 eis
335 1695 693 1787 apparuit,
736 1715 1101 1783 severeque
1155 1716 1273 1765 eos
1316 1695 1736 1785 objurgmm,
1792 1695 2278 1767 minitabunda
2323 1693 2543 1765 dixit:
2598 1700 2733 1767 Vos

179 1783 254 1852 id
305 1784 489 1872 quod
542 1783 715 1854 mihi
767 1783 1050 1873 polliciti
1096 1784 1283 1866 estis,
1324 1805 1461 1855 non
1519 1784 1829 1868 redditis,
1882 1797 1946 1856 et
1992 1805 2137 1855 rem
2188 1784 2490 1854 alienam»
2535 1783 2726 1875 apud

178 1894 303 1942 vos
348 1871 692 1943 detinetis.
725 1873 952 1944 Filius·
978 1887 1197 1944 vester
1239 1894 1277 1943 e
1310 1884 1529 1944 vaetra
1567 1873 1847 1961 quidem
1880 1895 2091 1944 carne
2204 1872 2394 1944 nitus
2439 1885 2564 1953 est,
2603 1872 2723 1942 sed

180 1960 361 2030 mihi
411 1975 561 2032 voto
609 1982 731 2052 per
780 1974 941 2033 etuo
984 1961 1355 2054 obligatus.
1389 1961 1581 2045 Quod
1617 1962 1676 2032 si
1713 1983 1830 2033 vos
1860 1962 2059 2034 illum
2131 1961 2449 2033 amulum
2494 1981 2727 2032 meum

184 2049 367 2119 mihi
414 2071 551 2121 non
600 2049 718 2120 red
772 2050 1061 2132 ideritis,
1115 2050 1300 2121 brevi
1340 2064 1556 2122 morte
1602 2051 2000 2123 foedissima
2039 2072 2170 2122 vos-
2203 2051 2537 2122 extinctos
2570 2071 2731 2120 sen-

184 2138 403 2209 tietis.
436 2144 528 2209 Ex
575 2138 685 2209 his
734 2140 950 2210 nimio
982 2139 1085 2210 illi
1122 2153 1375 2210 terrore
1419 2140 1861 2223 consternati,
1913 2141 2510 2232 expergiscuntur:
2564 2161 2728 2210 con·-

182 2225 418 2298 festim
448 2228 532 2297 ad
575 2228 1072 2299 monasterium
1117 2227 1293 2299 illud
1344 2244 1738 2320 properant,
1778 2229 1990 2300 Priori
2037 2243 2105 2300 et
2150 2227 2503 2310 fratribuS,
2555 2227 2728 2317 quid

185 2315 490 2387 viderint
513 2328 579 2387 et
624 2316 1002 2399 audierint,
1064 2329 1450 2408 exponuntz
1504 2317 1725 2388 filium
1779 2319 2080 2389 votivum
2131 2317 2310 2389 ultro
2351 2317 2488 2387 illis
2535 2318 2725 2389 exhi·

184 2405 376 2487 bent,
432 2418 631 2476 orant
673 2419 753 2476 ut
797 2407 978 2477 intra
1010 2427 1266 2498 paucos
1310 2406 1459 2477 dies
1505 2406 1749 2478 habitu
1782 2407 2160 2478 monastico
2207 2406 2555 2477 induatur.

271 2496 317 2582 ἓ
359 2498 446 2569 cl.
522 2498 591 2566 Is
634 2494 785 2566 dies
830 2508 1191 2587 postquam
1242 2495 1553 2577 advenit,
1607 2512 1772 2588 puta
1839 2518 1979 2585 quo
2028 2508 2244 2567 vestes
2288 2508 2434 2566 erat
2485 2516 2726 2565 mona·

177 2584 393 2654 sticas
437 2605 598 2654 acce
650 2597 849 2656 turus
908 2584 1242 2667 AlbertuS,
1301 2583 1565 2657 nobiles
1613 2606 1854 2656 omnes
1914 2585 2000 2655 ad
2037 2597 2173 2656 tam
2217 2585 2411 2676 pium
2462 2596 2728 2673 specta-

173 2672 421 2742 culum
456 2694 582 2743 con
643 2685 841 2756 nunt,
898 2674 1047 2765 ipse
1089 2695 1170 2744 ex
1217 2695 1409 2744 more
1459 2687 1778 2746 sanctum
1820 2673 2132 2745 habitum
2184 2673 2451 2743 induit:
2508 2684 2727 2744 vestes

173 2782 371 2843 suas,
422 2761 682 2849 quibus
728 2762 1064 2834 hactenus
1116 2784 1291 2834 usus
1334 2776 1514 2845 erat,
1571 2763 1869 2854 propriis
1924 2763 2252 2833 manibus
2298 2761 2727 2853 pauperibus

176 2849 541 2940 elargitur,
592 2850 799 2921 vitam
837 2851 1244 2922 morvivere
1277 2851 1521 2943 incipit
1567 2852 2099 2924 sanctissimam.
2138 2850 2214 2925 Id
2250 2872 2406 2922 vero
2435 2870 2727 2922 cernens

174 2939 518 3027 antiquus
562 2939 804 3020 hostis,
841 2954 983 3011 arte
1030 2941 1430 3012 veteratoria
1475 2962 1636 3011 eum
1687 2964 1726 3011 a
1775 2940 2040 3011 salubri
2088 2940 2437 3031 proposito
2484 2940 2729 3010 nititur

176 3049 524 3110 revocare,
578 3028 648 3097 in
686 3028 857 3121 ipsis
908 3029 1150 3120 primis
1180 3030 1650 3100 conversionis
1689 3030 1932 3111 initiis,
1971 3029 2430 3121 poenitentiae
2477 3028 2732 3101 studiis

177 3116 699 3187 incumbentem
750 3128 817 3188 et
860 3119 1182 3210 precibus
1228 3118 1724 3202 inhaerentem,
1776 3119 1908 3189 sub
1966 3117 2522 3211 elegantissimae
2572 3139 2731 3189 mu·-
2804 3195 2813 3204 ,

178 3204 370 3276 lieris
420 3204 638 3275 forma
686 3206 1110 3297 aggreditur,
1169 3218 1236 3277 et
1280 3207 1660 3296 quamdam
1708 3208 1904 3279 vultu
1956 3208 2294 3278 mentiens
2355 3208 2721 3299 pietatem,

176 3315 313 3364 non
350 3293 511 3364 sine
544 3294 808 3386 gemitu
847 3296 939 3365 ita
971 3295 1384 3387 compellat:
1413 3301 1629 3366 —Me
1678 3298 2028 3378 miseram,
2076 3296 2411 3386 quidnam
2461 3295 2729 3366 factura

176 3404 331 3453 sum
371 3383 476 3454 tui
523 3405 757 3455 amore
803 3383 1197 3472 usqueadeo
1236 3398 1592 3477 occupata,
1649 3386 1766 3458 sed
1819 3398 1937 3456 tuo
1981 3386 2326 3456 consortio
2371 3384 2721 3466 destituta,

177 3493 341 3542 cum
397 3493 543 3563 ego>
587 3472 761 3542 nihil
811 3486 1116 3565 optarem
1161 3474 1405 3565 magiS,
1457 3495 1668 3563 quarn
1743 3488 1804 3544 te
1871 3474 2123 3545 habere
2172 3473 2548 3545 maritum?
2595 3472 2719 3543 Sed

176 3582 437 3647 quaeso
489 3576 572 3643 te,
624 3582 715 3632 ne
761 3581 868 3633 me
916 3574 1055 3632 tam
1104 3562 1443 3633 illustrem
1498 3576 1565 3634 et
1623 3563 2005 3654 speciosam
2044 3561 2346 3654 puellam
2396 3562 2722 3632 deseras:

178 3670 297 3720 nec
332 3648 464 3719 tibi
512 3649 617 3720 las
652 3663 757 3721 est
801 3663 939 3721 tam
992 3651 1109 3721 vili
1155 3664 1222 3723 et
1281 3652 1547 3723 ab‘ecto
1594 3655 1708 3722 uti>
1746 3652 2029 3734 habitu,
2080 3673 2242 3723 cum
2278 3651 2374 3724 sis
2421 3649 2721 3722 nobilis:

176 3738 385 3828 plane
436 3738 871 3809 redeundum
914 3752 1016 3811 est
1061 3741 1143 3811 ad
1199 3675 1538 3812 seculum.
1597 3746 1738 3833 Ego
1786 3755 1923 3812 tam
1972 3741 2218 3812 decora
2256 3753 2324 3811 et
2370 3739 2719 3821 amabilis,

174 3828 601 3929 praecipuae—
663 3827 1049 3899 nobilitatis
1097 3830 1310 3921 stirpe
1358 3830 1740 3922 progenita,
1803 3831 2056 3922 opibus
2126 3841 2198 3900 et
2238 3830 2459 3921 copiis
2507 3829 2724 3919 hujus

172 3915 569 3999 mantin-in
622 3917 879 4005 quibus
923 3930 1026 3989 est
1077 3918 1294 3989 multa
1351 3921 1527 3990 vitae
1574 3920 1914 3991 securitas
1962 3933 2029 3989 et
2081 3918 2398 3997 felicitas,
2452 3916 2729 4009 egregie

169 4005 461 4076 abundo
495 4018 562 4076 et
605 4006 837 4077 aluo.
891 4006 1066 4091 Quid
1119 4009 1332 4096 igitur
1379 4009 1449 4078 in
1483 4007 1598 4079 his
1626 4009 1956 4079 sordibus
2002 4020 2332 4098 perpetuo
2361 4005 2728 4078 decrevisti

174 4114 609 4182 permanere,
645 4116 809 4167 cum
839 4110 1102 4167 certum
1129 4098 1240 4179 sit,
1284 4118 1419 4167 non
1465 4118 1665 4189 posse
1695 4110 1760 4168 te
1790 4097 1919 4166 hoc
1944 4118 2269 4187 asperum
2302 4109 2368 4167 et
2398 4094 2728 4166 acerbum

175 4182 346 4253 vitae
394 4205 644 4275 genus,
696 4197 1105 4274 tantumque
1146 4185 1421 4278 pondus
1469 4186 1822 4278 perferre?
1845 4189 1978 4256 Oro
2006 4198 2078 4255 et
2101 4186 2409 4266 obsecro,
2446 4184 2729 4275 juvenis

172 4270 699 4357 formosissime,
750 4290 958 4362 quem
998 4296 1124 4367 ego
1175 4296 1337 4366 prae
1383 4276 1714 4347 omnibus
1760 4275 1969 4346 unice
2008 4273 2248 4364 diligo,
2289 4273 2438 4344 redi
2481 4272 2567 4345 ad
2605 4294 2730 4365 pa-

173 4373 407 4434 ternos
456 4361 659 4445 lares,
702 4364 1001 4456 Jungere
1034 4364 1506 4457 mihilegibus
1555 4364 2005 4445 matrimonii,
2049 4377 2121 4434 et
2152 4362 2480 4435 omn-ibus
2526 4363 2729 4433 bonis

173 4473 452 4523 mecum
491 4451 961 4543 perfruere.—
987 4454 1298 4524 sentiens
1334 4453 1579 4525 Christi
1614 4476 1856 4526 servus
1888 4477 1929 4525 a
1961 4467 2202 4527 satana
2232 4476 2349 4526 eas
2384 4451 2728 4546 proficisci
