3308 5004
715 348 844 416 498
1318 365 1397 415 na
1441 365 1500 413 s.
1556 364 1886 414 numano
1935 366 2078 415 aaa.
2131 364 2520 414 cunum„
2850 349 3036 416 AUG.
3088 352 3176 419 2⁰

609 462 1024 533 statuerunt,
1079 473 1217 522 non
1267 463 1405 523 tam
1453 472 1535 522 ex
1587 450 1967 542 pertinacia
2027 450 2452 534 schismatiS,
2485 472 2696 540 quam
2732 463 3175 544 utopportu-

610 542 778 614 nius
822 563 947 633 per
990 540 1296 628 aliquam
1346 540 1680 629 temporis
1728 561 1994 610 moram
2043 545 2266 641 Papae
2314 540 2719 612 Innocentio
2768 543 3174 615 reconcilia-

609 645 873 702 rentur.
905 629 1102 714 Quod
1128 628 1282 701 sine
1313 651 1506 699 mora
1625 652 1657 699 r
1689 651 1942 706 manus
1980 650 2158 701 servi
2192 630 2305 700 sui
2336 630 2562 700 effecit
2594 631 2955 703 Dominus,
2999 637 3174 703 Nam

609 731 676 792 et
719 720 870 810 ipse
917 718 1262 789 ridiculus
1313 719 1501 808 ponti
1533 740 1614 789 ex
1659 717 1968 810 (Victor),
2024 717 2203 788 Petri
2252 719 2498 789 Leonis
2546 719 2812 802 haereS,
2851 719 2936 790 ad
2966 740 3174 792 eum-

607 808 766 880 dem
817 808 1045 878 virum
1099 807 1216 877 Dei
1264 819 1462 878 nocte
1509 829 1581 878 se
1629 807 1944 887 contulit,
1996 818 2064 877 et
2112 806 2228 876 ille
2278 828 2439 879 eum
2494 808 2835 880 nudatum
2881 809 3172 898 quidem

608 896 967 988 usurpatis
1013 895 1436 986 insignibus,
1493 896 1579 967 ad
1630 895 1904 966 Domini
1951 896 2337 967 Innocentii
2387 895 2597 987 pedes
2652 897 2966 969 adduxit.
3019 903 3173 983 Quo

609 985 812 1068 Iacto,
849 983 1364 1079 gratulabunda
1393 985 1637 1057 civitas
1676 985 1990 1066 laetatur,
2036 985 2440 1056 Innocentio
2474 986 2779 1057 Ecclesia
2829 986 3166 1070 redditur,

609 1097 944 1147 romanus
1040 1073 1319 1165 opulus,
1373 1086 1450 1145 ut
1546 1088 1842 1144 astorem
1891 1086 1958 1144 et
2003 1073 2395 1155 dominum,
2450 1076 2932 1147 Innocentium
2965 1097 3169 1148 vene-

611 1177 827 1246 ratur,
878 1163 975 1234 Ab
1026 1185 1105 1233 as
1152 1162 1492 1233 claraeval
1529 1163 1587 1233 is
1638 1163 1811 1233 mira
1864 1164 2243 1234 reverentia
2302 1163 2631 1247 habetur,
2695 1165 2785 1235 ab
2839 1166 3172 1238 omnibus

608 1268 850 1325 auctor
897 1251 1088 1343 pacis
1133 1263 1199 1321 et
1249 1265 1440 1342 pater
1536 1252 1750 1323 atriae
1783 1251 2247 1342 praedicatur.
2287 1252 2770 1324 Procedentem
2808 1253 2937 1323 viri
2968 1255 3173 1325 nobi·

609 1342 712 1415 les
756 1354 1298 1432 prosequuntur,
1351 1363 1471 1410 acc
1504 1354 1691 1411 amat
1724 1340 2050 1431 populus,
2088 1356 2441 1412 matronae
2473 1355 2887 1431 sequuntur,
2920 1356 2986 1413 et
3016 1365 3172 1414 om-

609 1453 736 1501 nes
780 1431 842 1501 ei
894 1442 1213 1521 prompto
1259 1430 1497 1500 auimo
1542 1430 2047 1517 obsequuntur.
2101 1430 2230 1500 Sed
2265 1430 2606 1519 quamdiu
2639 1431 2930 1522 gloriam
2968 1431 3168 1503 illam

611 1519 966 1591 toleravit?
994 1518 1345 1603 Quamdiu
1378 1541 1545 1609 pace
1574 1517 1828 1588 fruitus
1860 1530 1963 1590 est
1998 1531 2149 1609 post
2189 1532 2327 1589 tam
2363 1518 2778 1591 diuturnum
2813 1520 3169 1591 laborem?

609 1614 740 1682 Nec
787 1609 972 1679 diem
1022 1630 1145 1699 pro
1192 1629 1378 1678 anno
1427 1608 1731 1699 recipere
1777 1607 2145 1695 acquievit.
2199 1608 2465 1679 Sedatis
2504 1609 2834 1680 omnibus
2872 1623 2939 1680 et
2971 1631 3169 1679 com-

611 1699 873 1789 positi3‚
930 1697 1038 1770 vix
1083 1696 1395 1784 quinque
1440 1697 1589 1767 dies
1640 1696 1853 1767 teneri
1905 1697 2146 1787 potuit,
2188 1697 2312 1785 qui
2344 1710 2603 1788 septem
2639 1699 2844 1768 annis
2882 1712 2949 1769 et
2979 1698 3167 1770 ultra

611 1809 734 1878 pro
767 1785 1201 1857 resarcienda
1236 1785 1475 1855 eadem
1511 1786 1846 1856 scissione
1875 1786 2171 1857 sudavit.
2210 1786 2497 1857 Exeunti
2531 1799 2762 1859 autem
2790 1788 3168 1860 universus

606 1875 912 2035 gopulus
956 1874 1279 1956 occurrit,
1333 1873 1812 1965 lacrymantur
1854 1888 2015 1964 post
2059 1898 2246 1957 eum,
2307 1887 2374 1946 et
2433 1897 2507 1946 se
2549 1876 2640 1947 ab
2688 1897 2770 1946 eo
2809 1876 3169 1966 postulant

655 1964 952 2045 enedici,
990 1975 1056 2034 et
1085 1963 1514 2034 orationibus
1544 1963 1701 2051 ejus
1729 1986 1889 2034 cum
1926 1964 2115 2036 omni
2149 1964 2507 2035 devotione
2537 1986 2609 2034 se
2639 1965 3163 2037 commendant.

693 2054 733 2141 ἓ
778 2059 923 2127 41.
973 2057 1262 2142 Accepta
1310 2052 1521 2142 igitur
1567 2053 1656 2123 ab
1704 2054 2107 2122 Innocentio
2156 2052 2458 2134 licentiA,
2511 2053 2919 2123 confirmata
2963 2076 3156 2145 pace,

607 2143 714 2213 vir
764 2143 878 2213 Dei
922 2141 1296 2232 egreditur,
1352 2154 1418 2210 et
1466 2141 1845 2211 maximum
1896 2141 2088 2211 domi
2137 2154 2498 2233 reportans
2545 2142 2909 2234 gaudium,
2957 2165 2997 2213 a
3028 2142 3165 2213 fra-

607 2232 832 2303 tribus
876 2252 1037 2302 cum
1087 2230 1466 2321 gratiarum
1516 2230 1785 2301 actione
1839 2230 2076 2300 devote
2128 2230 2530 2322 suscipitur.
2598 2235 2866 2302 Interea
2904 2236 3164 2303 Romae

607 2320 1056 2391 Innocentius
1107 2319 1501 2409 potestative
1548 2319 1818 2409 agenda
1864 2318 2193 2410 disponit,
2249 2320 2559 2408 undique
2608 2320 2994 2390 visitatores
3043 2343 3163 2391 oc-

604 2423 939 2482 currunt:
989 2408 1112 2478 alii
1157 2429 1315 2479 cum
1369 2409 1682 2498 negotiis,
1735 2407 1858 2477 alii
1911 2409 2132 2498 gratia
2179 2408 2663 2499 congaudendi
2733 2409 3156 2480 adveniunt:

601 2498 1080 2591 processiones
1130 2520 1250 2588 per
1294 2497 1622 2568 ecclesias
1667 2496 2144 2568 celebrantur:
2197 2497 2529 2589 depositis
2583 2499 2798 2568 armis
2828 2553 2844 2578 ‚
2903 2497 2987 2569 ad
3029 2521 3164 2569 au-

604 2589 937 2660 diendum
992 2589 1272 2657 verbum
1327 2587 1598 2657 Domini
1648 2586 1883 2678 plebes
1928 2603 2327 2669 accurrunt,
2374 2600 2527 2678 post
2557 2586 2973 2660 multifarias
3000 2610 3162 2681 ege-

605 2691 835 2753 states,
888 2676 1130 2746 civitas
1181 2677 1250 2745 in
1300 2675 1490 2745 brevi
1519 2675 1848 2767 opulenta
1881 2676 2174 2747 refloret.
2212 2680 2399 2760 Quae
2429 2676 2816 2747 discordiae
2848 2689 2987 2748 tem
3042 2699 3163 2749 ore

604 2768 930 2838 distracta
975 2765 1271 2845 fuerant,
1327 2788 1457 2854 pax
1503 2765 1799 2835 solidata
1848 2763 2115 2834 reducit
2158 2777 2226 2835 et
2258 2777 2558 2835 revocet:
2598 2779 2887 2835 arantur
2917 2787 2994 2836 so
3026 2767 3162 2836 itu-

603 2856 828 2937 dines,
886 2854 1350 2946 pinguescunt
1395 2853 1665 2925 deserta
1709 2854 1767 2923 *.
1823 2854 2289 2940 Requiescunt
2336 2854 2595 2944 singuli
2647 2853 2779 2925 sub
2814 2855 2944 2925 vite
2972 2866 3036 2924 et
3069 2855 3162 2924 fi-

603 2947 852 3016 culnea
901 2965 1049 3023 sua,
1104 2955 1480 3014 nocturnae
1528 2941 1735 3012 silent
1779 2942 2131 3022 excubiae,
2186 2954 2251 3013 et
2300 2944 2557 3034 apertis
2597 2943 2864 3033 januiS,
2916 2943 3154 3013 omnis

603 3034 813 3103 timor
856 3031 1269 3102 excluditur.
1324 3036 1489 3101 Dato
1537 3044 1873 3121 tempore,
1921 3032 2366 3102 Innocentius
2398 3031 2738 3103 Ecclesiae
2777 3031 3013 3103 ruinas
3048 3054 3157 3102 re-

605 3134 891 3203 staurat,
942 3120 1282 3223 recolligit
1325 3119 1598 3202 exuleS,
1650 3119 1961 3190 ecclesiis
2009 3121 2296 3208 antiqua
2341 3121 2658 3217 servitia,
2700 3120 3158 3212 depopulatas

602 3209 910 3281 colonias
954 3210 1260 3298 expulsis
1308 3209 1627 3287 restituit,
1682 3209 1970 3300 insuper
2015 3223 2083 3280 et
2125 3209 2311 3280 dona
2357 3232 2668 3301 congrua
2707 3210 3005 3301 largitur
3038 3233 3158 3302 per

605 3298 942 3389 singulos.
997 3298 1480 3369 Monasterium
1529 3297 1733 3367 etiam
1784 3298 1971 3388 apud
2024 3303 2248 3385 Aquas
2282 3299 2565 3381 Salvias,
2605 3300 2678 3369 in
2719 3304 2786 3369 S.
2826 3312 3008 3369 mart
3062 3301 3160 3371 ris

604 3387 942 3457 Anastasii
979 3386 1237 3457 honore
1269 3385 1663 3456 constituit:
1692 3386 1877 3473 quod
1909 3387 2189 3474 quidem
2226 3387 2323 3457 ibi
2354 3387 2576 3458 fuerat
2609 3388 2825 3478 priuS,
2867 3387 2985 3457 sed
3075 3411 3159 3459 oc

604 3488 910 3576 tempore
956 3474 1145 3545 solus
1194 3475 1262 3543 in
1297 3473 1585 3544 ecclesia
1617 3475 1850 3546 deerat
1882 3469 2243 3546 habitator.
2282 3478 2701 3548 Constructis
2732 3476 2960 3563 itaque
2992 3499 3165 3547 coe-

602 3564 999 3635 nobialibus
1048 3562 1550 3644 mansionibus,
1606 3580 1672 3634 et
1721 3564 2086 3636 reformata
2139 3564 2467 3646 Ecclesia,
2520 3564 2887 3657 assignatis
2936 3564 3161 3641 etiam

599 3653 686 3725 ad
737 3651 1103 3723 alimonias
1149 3652 1497 3733 domibuS‚
1550 3654 1738 3745 agris
1782 3666 1848 3723 et
1896 3654 2138 3735 vineiS,
2194 3676 2236 3723 a
2283 3653 2657 3724 Claravalle
2704 3655 3037 3726 Abbatem
3089 3669 3158 3726 et

597 3754 1010 3815 conventum
1059 3740 1346 3811 fratrum
1396 3741 1528 3811 sibi
1581 3743 1758 3813 mitti
1805 3742 2135 3814 dominus
2189 3748 2281 3812 Pa
2334 3765 2373 3811 a
2431 3744 2614 3813 volui
2742 3756 2767 3813 t
2815 3743 3152 3816 obtinuit.

598 3833 887 3904 Mittitur
931 3853 1095 3922 ergo
1141 3830 1553 3913 BernarduS‚
1607 3833 1895 3902 Pisanae
1941 3831 2109 3901 olim
2157 3837 2284 3902 Ecc
2316 3833 2499 3903 esiae
2547 3833 2611 3902 vi
2656 3856 2691 3903 e
2743 3834 3053 3915 ominuS,
3088 3846 3158 3904 et

493 3987 502 3995 .
598 3921 903 4012 religiosi
948 3943 1110 3992 cum
1159 3943 1238 3991 eo
1285 3919 1550 4002 fratre5‚
1595 3922 1716 4009 qui
1749 3920 2138 3991 secundum
2179 3921 2357 3991 beati
2398 3921 2744 3992 Benedicti
2778 3922 3147 4013 Regulam,

598 4012 668 4081 in
710 4011 949 4081 eodem
999 4010 1149 4079 loco
1198 4010 1485 4079 Domino
1533 4010 1979 4081 deservirent.
2034 4010 2173 4080 Cito
2210 4009 2493 4100 profecit
2525 4011 2642 4081 illa
2681 4011 3047 4103 plantatio,
3086 4022 3156 4081 et

599 4098 956 4171 associatis
988 4099 1120 4171 sibi
1172 4100 1335 4169 viris
1381 4098 1757 4189 indigeniS‚
1796 4120 2149 4170 servorum
2188 4101 2303 4168 Dei
2340 4100 2839 4190 multiplicatus
2876 4112 2984 4170 est
3018 4123 3158 4171 nu-

600 4210 857 4271 meruS,
910 4202 977 4258 et
1024 4187 1405 4279 pinguibus
1451 4209 1529 4257 ac
1577 4190 1907 4288 congruis
1959 4188 2399 4259 nutrimentis
2432 4190 2777 4260 incolume
2805 4200 2874 4258 et
2909 4188 3156 4261 multi-

599 4276 751 4367 plex
782 4278 853 4347 in
886 4278 1075 4347 brevi
1109 4277 1486 4368 produxere
1522 4277 1898 4367 peculium.

655 4493 680 4519 ‘
710 4492 842 4535 cirea
863 4502 1102 4535 ucxxxtx.
