3308 5004
675 295 805 361 5⁶6
1345 312 1426 360 nn
1471 311 1530 361 s.
1581 311 2029 364 smuommo
2074 310 2369 363 mnu
2802 294 2999 363 Auo.
3052 293 3161 361 22

586 396 980 478 destitutus,
1016 394 1284 485 antiqui
1332 395 1549 468 bostis
1578 397 1842 471 retibus
1871 410 2078 490 patet.
2113 403 2291 469 Deus
2338 418 2494 469 vero
2527 408 2781 479 noster,
2836 409 2916 468 ut
2944 396 3161 467 novit

588 507 1033 556 remunerare
1070 498 1249 555 recte
1295 482 1497 568 facta,
1550 485 1642 557 ita
1701 487 1889 557 novit
1938 489 2142 558 etiam
2200 487 2451 578 punire
2498 499 2798 578 peccata.
2852 485 3159 556 Nomini

588 596 716 644 suo
749 573 1143 645 obedientes
1169 573 1488 657 vivificat,
1542 573 1830 646 rebelles
1863 576 2207 648 interficit.
2237 581 2315 646 In
2347 576 2498 666 ejus
2519 572 3164 677 ergocont'essione

589 662 792 733 firma
824 663 1040 733 animi
1074 661 1444 734 stabilitate
1490 662 1797 745 duranti,
1850 664 2052 757 longe
2086 664 2258 736 mihi
2290 663 2779 757 praestabilius
2823 676 2930 734 est
2954 685 3162 734 sem-

642 751 842 821 iterni
891 752 1097 843 Regis
1145 764 1376 823 tenere
1425 765 1727 843 portum,
1778 775 1988 842 quam
2025 755 2094 825 in
2126 753 2552 826 mortiferum
2582 753 2950 827 saevientis
2982 751 3159 822 dia·

640 838 728 911 oli
781 838 1223 931 naufragium
1273 840 1598 930 conjici.»

682 930 853 1017 §4
913 927 1037 999 Ubi
1098 929 1314 1000 sensit
1359 930 1628 1012 Judex,
1701 943 2017 1002 sanctum
2069 930 2653 1033 Sympliorianum
2719 929 2928 1001 dictis
2994 930 3164 1000 suis

588 1016 879 1087 minime
929 1020 1170 1109 parere
1199 1072 1215 1100 ,
1258 1019 1473 1110 jussit
1529 1041 1691 1090 eum
1748 1020 1943 1091 caedi
1989 1043 2028 1090 a
2077 1020 2480 1102 lictoribus,
2531 1034 2597 1091 et
2647 1019 2809 1089 inde
2868 1020 3157 1090 carceri

584 1107 997 1197 mancipari.
1036 1112 1272 1178 Postea
1305 1107 1391 1178 ad
1427 1121 1691 1179 certum
1734 1109 1915 1179 diem
1961 1131 2207 1181 rursus
2243 1131 2400 1179 eum
2457 1109 2641 1180 'ubet
2695 1107 2844 1179 sisti
2894 1129 3151 1179 coram

585 1215 682 1264 se.
720 1194 1132 1267 Producitur
1161 1218 1325 1288 ergo
1361 1219 1398 1267 e
1439 1197 1740 1267 tenebris
1771 1197 1959 1269 filius
1991 1196 2169 1269 lucis
2199 1221 2214 1266 ε
2265 1220 2344 1269 ex
2381 1197 2424 1267 il
2459 1220 2500 1269 o
2526 1196 2762 1269 feralis
2796 1195 3154 1288 ergastuli

585 1282 899 1366 latibulo,
930 1307 1089 1357 cum
1123 1298 1399 1356 aeterno
1430 1291 1610 1378 Rege
1640 1309 1914 1379 semper
1941 1287 2270 1357 victuruS.
2313 1287 2621 1358 Acriores
2661 1308 2874 1357 nexus
2915 1283 3153 1356 liven-

584 1373 759 1443 tium
810 1372 1247 1456 lacertorum,
1292 1375 1514 1445 macie
1550 1376 1732 1446 cutis
1777 1388 2126 1446 attenuata
2183 1376 2568 1446 laxaverat:
2621 1375 2935 1462 dumque
2981 1374 3151 1444 ani·

586 1483 780 1532 mum
826 1484 1032 1533 suum
1082 1461 1168 1532 ad
1202 1462 1520 1533 coelestia
1566 1463 2104 1555 contemplanda
2148 1464 2405 1555 gaudia
2462 1464 2899 1546 sustolleret,
2956 1463 3151 1534 inter

582 1550 782 1620 beata
812 1550 1156 1642 supplicia
1206 1573 1345 1622 non
1379 1552 1616 1625 minus
1671 1552 1805 1624 fuit
1855 1554 2375 1654 consumpsisse
2424 1553 2862 1642 sanguinem,
2917 1574 3147 1654 quam

582 1637 869 1710 fudisse.
922 1640 1026 1710 Ait
1073 1640 1160 1711 ad
1192 1662 1349 1710 eum
1383 1639 1605 1713 Judex
1638 1665 1654 1710 :
1707 1646 1976 1726 Quanto
2008 1656 2263 1713 rectius
2300 1640 2557 1713 faceres
2592 1641 3141 1732 Symphortane,

583 1728 640 1796 si
671 1727 1181 1799 immortalibus
1210 1728 1347 1800 diis
1379 1731 1810 1812 servientem,
1854 1753 1935 1801 ex
1972 1731 2237 1802 aerario
2273 1729 2549 1822 publico
2582 1743 3039 1801 muneratum
3080 1745 3144 1801 te

583 1816 981 1903 praeclarae
1029 1816 1315 1888 militiae
1367 1818 1696 1910 splendor
1723 1820 2057 1890 eveheret.
2094 1820 2161 1891 Si
2192 1842 2356 1912 ergo
2404 1819 2606 1891 bodie
2654 1818 3145 1889 venerandum

581 1904 748 1974 deae
782 1905 1022 1976 matris
1070 1905 1524 1979 simulacrum
1567 1922 1949 2001 prostratus
1996 1908 2284 1980 adorare
2310 1908 2435 1990 viS,
2480 1907 2818 2000 Apollinis
2848 1929 3143 1996 quoque

581 2004 646 2063 et
695 1993 948 2064 Dianae
994 1994 1404 2066 sublimium
1455 1998 1829 2068 numinum
1893 2011 1955 2068 te
2000 1996 2333 2068 cultorem
2384 1995 2958 2068 venerabundum
3010 1996 3141 2067 de-

579 2081 867 2164 clarare,
906 2083 1106 2153 thure
1152 2084 1527 2155 redolentia
1554 2086 1820 2177 jubebo
1866 2085 2109 2156 altaria
2147 2086 2347 2157 sertis
2382 2084 2715 2166 redimiri,
2750 2097 2821 2155 et
2853 2086 3137 2156 incensi

581 2169 911 2242 odoribus
938 2172 1275 2244 sacrificia
1301 2174 1514 2266 digna
1550 2174 1866 2277 persolvi.
1901 2175 2450 2265 symphorianus
2483 2173 2837 2275 respondit
2868 2197 2884 2242 ε
2930 2199 2959 2236 ι
2986 2178 3138 2245 Non

583 2258 1048 2343 debetsudex,
1086 2261 1201 2333 cui
1256 2263 1703 2356 Reipublicae
1745 2286 1915 2334 cura
1961 2263 2377 2334 demandata
2424 2275 2549 2344 est,
2603 2262 2860 2353 ineptis
2890 2274 2962 2332 et
3012 2262 3142 2332 fri-

577 2349 750 2419 volis
784 2350 883 2420 uti
923 2350 1384 2424 sermonibus.
1421 2352 1612 2436 Quod
1659 2352 1714 2424 si
1747 2351 2218 2454 periculosum
2268 2365 2393 2434 est,
2446 2350 2532 2421 ad
2575 2351 2854 2422 animae
2903 2350 3143 2441 profe-

578 2452 767 2510 ctum
806 2461 940 2511 non
991 2440 1298 2529 quotidie
1342 2440 1606 2531 aliquid
1647 2441 1991 2544 adjicere:
2042 2442 2287 2529 quanti
2336 2440 2629 2534 periculi
2666 2452 2791 2523 est,
2846 2440 3140 2511 animae

580 2527 803 2599 salute
851 2530 1262 2620 posthabita,
1298 2530 1607 2623 scopulis
1650 2530 2028 2602 criminum
2088 2530 2448 2623 naufragio
2479 2542 2769 2620 urgente
2816 2528 3070 2599 illidi?
3102 2554 3139 2596 ιι

577 2616 801 2687 Judex
847 2619 993 2689 ait:
1065 2619 1388 2691 Sacrifica
1449 2620 1609 2701 diis,
1677 2632 1754 2691 ut
1800 2619 2024 2710 possis
2085 2618 2320 2708 palatii
2381 2618 2765 2689 honoribus
2822 2618 3127 2720 pertrui.

578 2708 1129 2799 symphorianus
1147 2731 1256 2780 res
1354 2708 1537 2780 ndit:
1565 2708 1830 2780 «ludex
1862 2707 2161 2779 tribunal
2187 2730 2394 2779 suum
2425 2705 2691 2799 polluit,
2720 2729 2843 2794 qui
2870 2707 3130 2797 gladiis

576 2794 808 2886 legum
844 2796 1222 2886 publicitus
1280 2798 1704 2869 atrocinatur
1734 2819 1749 2864 ε
1793 2797 2204 2885 animaeque
2234 2818 2399 2867 suae
2432 2808 2802 2887 perpetuae
2832 2795 3125 2865 calami-

577 2885 735 2954 tatis
770 2899 1056 2955 mortem
1082 2886 1298 2957 affert:
1333 2898 1399 2957 et
1441 2887 1577 2958 vita
1613 2887 1766 2976 ejus
1799 2886 2118 2977 perennis
2154 2885 2510 2976 opprobrii
2544 2884 2931 2955 maledictis
2967 2904 3115 2983 pno3

575 2972 940 3043 scinditur.
971 2980 1102 3046 Nos
1129 2976 1361 3057 vitam,
1385 2995 1594 3064 quam
1617 2976 1882 3046 Christo
1901 2974 2196 3047 soluturi
2223 2996 2469 3047 sumus
2489 2995 2568 3043 ex
2588 2972 2848 3055 debito,
2873 2969 3109 3070 quidm

575 3083 657 3131 ex
699 3074 850 3131 voto
905 3062 1309 3133 solvamus?
1355 3068 1519 3135 Sera
1562 3062 1932 3155 poenitudo
1986 3077 2138 3145 est,
2191 3061 2278 3133 ad
2333 3063 2444 3137 sui
2481 3060 2748 3152 judicis
2798 3063 3113 3131 timuisse

581 3163 1052 3238 conspectum.
1085 3157 1368 3222 Munera
1395 3166 1637 3235 vestra,
1664 3152 1872 3223 fucati
1899 3152 2125 3224 mellis
2151 3151 2486 3243 permixta
2512 3149 2910 3229 dulcedine,
2939 3145 3123 3248 male

584 3236 890 3308 credulis
929 3240 1282 3311 mentibus
1322 3262 1579 3310 venena
1628 3240 2046 3331 parturiunt.
2095 3246 2175 3312 At
2204 3253 2474 3310 nostrae
2509 3260 2677 3330 opes
2728 3251 2798 3308 et
2841 3237 3126 3307 divitiae

584 3347 858 3483 semdper
896 3327 966 3396 in
994 3328 1257 3400 Christo
1289 3343 1484 3410 sunu
1514 3351 1689 3418 quas
1719 3329 1914 3400 nulla
1943 3351 2250 3418 unquam
2285 3340 2604 3408 vetustas,
2645 3325 2842 3398 nulla
2873 3339 3009 3396 tem
3114 3364 3130 3376 ·

577 3414 680 3485 ris
756 3415 1126 3488 iuturnitas
1151 3417 1558 3509 corrumpit.
1599 3418 1952 3510 Cupiditas
1985 3433 2228 3498 vestra,
2263 3417 2467 3488 etiam
2503 3416 2740 3486 omnia
2771 3415 3001 3485 haben
3058 3436 3125 3495 o,

577 3502 676 3573 nil
723 3503 1062 3592 possidet:
1115 3505 1678 3595 quandoquidem
1727 3506 2094 3580 diabolicis
2140 3505 2435 3576 obnoxia
2476 3504 2766 3605 laqueis,
2819 3501 3133 3575 infelicis

575 3590 752 3662 lucri
805 3592 1155 3685 perpetuis
1201 3595 1431 3666 uritur
1461 3594 1790 3667 aestibus.
1853 3595 2061 3667 Nobis
2114 3617 2270 3665 vero
2327 3592 2500 3663 nihil
2557 3614 2628 3663 in
2675 3591 2805 3662 hoc
2854 3592 3131 3663 mundo

576 3678 800 3752 aufert
846 3683 1193 3753 humanae
1221 3683 1612 3777 fragilitatis
1646 3683 1928 3776 lapsura
1960 3683 2284 3754 conditio.
2322 3680 2583 3754 Gaudia
2619 3693 2866 3759 vestra,
2908 3682 3135 3753 instar

577 3770 733 3840 vitri
764 3769 849 3840 ad
882 3772 1048 3843 solis
1095 3772 1533 3864 splendorem
1582 3774 1953 3865 crepantis,
2011 3770 2388 3842 dissiliunt.
2441 3768 2784 3856 Quicquid
2820 3769 2991 3839 finis
3023 3770 3135 3840 in-

581 3859 881 3943 terimit,
940 3881 1146 3932 casus
1205 3861 1511 3944 involvit,
1553 3874 1619 3933 et
1672 3883 1832 3932 cum
1895 3859 2176 3952 perenni
2229 3858 2474 3929 mundi
2522 3858 2857 3949 vertigine
2910 3878 3135 3959 rapax

577 3960 849 4039 tempus
893 3950 1198 4021 obducit.
1267 3951 1466 4022 Solus
1530 3955 1706 4021 Deus
1758 3964 1998 4021 noster·
2036 3947 2527 4018 beatitudinem
2589 3947 2910 4016 vendicat
2958 3948 3128 4018 subi.

576 4035 740 4125 Ejus
765 4038 1023 4128 gloriae
1048 4038 1431 4121 exordium,
1465 4062 1628 4110 cum
1662 4060 1798 4107 non
1841 4037 2044 4109 fuerit
2084 4036 2275 4108 illius
2303 4034 2602 4115 conscia,
2638 4056 2869 4104 rerum
2905 4037 3135 4107 nescit

573 4125 987 4214 antiquitas:
1018 4127 1170 4217 ejus
1201 4150 1477 4217 quoque
1510 4127 1911 4209 terminum,
1940 4127 2064 4214 qui
2096 4146 2453 4212 nunquam
2486 4123 2762 4195 futurus
2790 4136 2917 4204 est,
2945 4125 3135 4195 scire

577 4233 712 4282 non
757 4229 976 4304 potest
1006 4218 1217 4287 series
1248 4218 1619 4288 inveterata
1660 4215 2077 4287 seculorum.
2118 4238 2153 4281 »

662 4303 697 4387 ἓ
741 4309 830 4376 5.
881 4303 1096 4374 Judex
1125 4305 1264 4374 ait:
1317 4305 1619 4375 Nimium
1664 4317 1727 4374 te
1765 4302 1890 4375 diu
1931 4301 2450 4394 symphoriane,
2485 4299 2570 4370 de
2600 4298 2850 4370 Christi
2875 4302 3131 4399 ‘nescio

574 4390 775 4477 cujus
825 4392 1307 4482 magnitudine
1353 4406 1419 4463 et
1467 4394 1818 4484 majestate
1870 4392 2168 4463 inaniter
2203 4389 2694 4482 disputantem,
2751 4391 3131 4479 patientiae
