3308 5004
282 335 474 403 Anu.
528 332 622 402 20'
953 353 1060 400 im
1100 353 1159 401 s,
1211 353 1543 403 nnannno
1588 353 1735 403 Ans.
1787 353 2172 404 cunina.
2628 342 2755 407 5⁴7

282 453 352 513 et
378 437 743 509 consulere
776 437 1092 508 meliora:
1110 445 1189 509 At
1215 438 1334 511 ille
1365 440 1802 511 vehementer
1828 442 2298 524 exacerbatus,
2327 443 2844 516 amarissimam

282 528 599 601 condidit
644 549 680 596 e
735 526 1031 609 imolam,
1088 527 1328 599 dicens
1374 529 1445 598 in
1495 529 1910 601 salutatione
1955 530 2206 622 prima,
2248 531 2569 614 salutern,
2607 544 2672 603 et
2706 555 2844 604 non

283 618 611 710 spiritum
642 549 1152 707 hi'asphemiae:
1191 624 1523 706 tanquam
1554 618 1870 689 videlicet
1899 620 2003 689 vir
2035 632 2318 692 sanctus
2347 621 2564 710 (quod
2604 621 2848 693 horror

286 720 392 779 est
438 705 698 795 dicere)
741 728 823 788 ex
870 705 1345 796 blasphemiae
1392 707 1644 798 spiritu
1690 708 1809 779 illa
1859 708 2270 800 scripsisset.
2325 709 2651 798 Adquod
2695 733 2848 782 ver-

285 796 455 867 bum
506 794 1121 868 mansuetissimus
1167 793 1418 866 Christi
1466 817 1729 879 servus,
1783 817 2049 868 memor
2103 798 2499 869 Dominicae
2553 822 2843 892 respon-

289 883 551 964 sionis,
605 883 1220 976 Eyo-dacmom’um
1265 907 1396 955 non
1453 886 1706 956 habeo:
1761 885 1943 957 sicut
2001 886 2344 975 hodieque
2396 899 2636 959 extans
2694 891 2846 980 eJus

284 972 578 1066 epistola
621 972 964 1044 continet:
1019 995 1057 1039 «
1110 974 1393 1045 Minime
1437 973 1940 1062 quidem,.ait,
1996 976 2317 1066 spiritum
2370 976 2846 1069 blasphemiae

286 1085 398 1134 me
445 1062 699 1133 habere
747 1062 980 1144 cred0,
1033 1062 1152 1132 sed
1205 1085 1330 1134 nec
1380 1061 1559 1132 male
1589 1062 1848 1133 dixisse
1880 1064 2237 1153 cuiquam,
2275 1075 2396 1136 aut
2436 1065 2847 1138 maledicere

286 1149 458 1223 velle
507 1172 617 1221 me
664 1151 832 1233 scio,
889 1150 1293 1242 praesertim
1344 1151 1646 1243 principi
1698 1153 1935 1243 populi
1988 1154 2145 1223 mei.
2186 1177 2224 1221 »
2274 1159 2404 1225 Nec
2454 1156 2691 1226 minus
2724 1178 2847 1248 po-

285 1255 430 1313 stea
478 1240 797 1320 charum,
852 1261 974 1309 nec
1021 1242 1259 1310 minus
1304 1239 1717 1311 familiarem
1750 1241 2072 1312 eumdem
2110 1244 2527 1334 Episcopum
2562 1244 2840 1316 habuit:

287 1328 407 1401 sed
438 1329 744 1418 elogium
780 1327 953 1398 illud
990 1329 1421 1419 praedictum
1464 1331 1564 1399 sic
1593 1328 1748 1411 fuit,
1785 1332 1986 1419 quasi
2022 1353 2156 1402 non
2189 1331 2481 1402 dictum.

377 1421 417 1506 ἓ
465 1422 610 1490 ῡῖ.
664 1417 889 1488 Abbas
938 1417 1283 1489 Farfensis
1327 1417 1388 1463 *-
1408 1431 1821 1489 conventum
1877 1408 2170 1490 fratrum
2220 1443 2261 1490 a
2309 1420 2685 1492 Claravalle
2732 1443 2847 1494 vo·

281 1520 579 1589 caverat,
634 1507 1131 1577 monasterium
1182 1508 1284 1577 eis
1329 1507 1871 1578 aedificaturus:
1924 1508 2044 1580 sed
2097 1515 2452 1581 Romanus
2486 1511 2855 1602 impedivit·

281 1596 604 1677 AntisteS,
657 1607 724 1667 et
770 1595 908 1667 sibi
958 1596 1204 1667 tollens
1251 1617 1391 1672 eos.
1446 1596 1515 1665 in
1567 1596 1705 1667 alio
1754 1596 1902 1668 loco
1948 1598 2314 1668 ordinavit.
2372 1599 2563 1670 Unde
2617 1601 2846 1703 pluri-

283 1706 480 1756 mum
527 1683 773 1755 dolens
823 1685 1216 1775 praedictus
1264 1685 1384 1755 ille
1431 1685 1536 1754 vir
1583 1707 1884 1776 magnus
1929 1699 1997 1757 et
2056 1709 2349 1778 magnae
2409 1688 2793 1761 devotionis
2823 1745 2840 1772 ,

281 1773 639 1844 collectam
776 1774 1061 1844 cuniam
1110 1786 1587 1846 sexcentarum
1639 1774 1781 1844 fere
1829 1797 2221 1847 marcarum
2272 1779 2575 1878 argenti,
2633 1778 2846 1869 depo-

283 1863 427 1934 suit
475 1864 608 1934 sub
655 1796 1168 1954 chirographo:
1220 1885 1459 1951 quam,
1512 1862 1600 1933 ad
1650 1864 1768 1933 Dei
1817 1864 2171 1935 hominem
2223 1887 2538 1948 venienS,
2593 1867 2847 1939 obtulit

281 1949 372 2033 ei,
428 1972 702 2042 rogans,
753 1963 834 2022 ut
877 1952 1063 2040 quod
1114 1974 1250 2021 non
1304 1964 1651 2023 meruerat
1699 1953 1767 2021 in
1818 1953 2135 2042 partibus
2176 1954 2349 2037 suis,
2396 1954 2496 2025 vel
2529 1957 2702 2027 citra
2731 1956 2846 2027 Al-

185 2097 194 2102 ,
288 2061 412 2130 pes
446 2061 691 2110 novum
724 2041 971 2110 exinde
1003 2041 1416 2112 coenobium
1447 2041 1882 2113 conderetur.
1906 2043 2204 2114 *Missum
2234 2056 2337 2114 est
2373 2066 2495 2135 pro
2529 2057 2838 2136 argento,

285 2140 354 2198 et
403 2149 683 2219 prorsus
731 2142 944 2200 totum
995 2131 1360 2200 amissum.
1415 2135 1547 2200 Nec
1596 2131 1954 2221 respondit
2000 2131 2191 2201 aliud
2244 2133 2452 2203 homo
2500 2135 2642 2215 Dei,
2677 2156 2842 2206 cum

285 2216 351 2286 ei
399 2218 891 2299 nunciaretur,
946 2240 1199 2307 quam,
1251 2218 1663 2289 Benedictus
1713 2224 1928 2302 Deus,
2030 2221 2102 2291 ui
2152 2221 2355 2291 nobis
2404 2224 2708 2313 pepercit
2755 2224 2844 2293 ab

287 2327 513 2376 onere.
565 2312 734 2379 Nam
783 2319 850 2377 et
895 2307 1060 2389 illis,
1113 2307 1364 2395 inquit,
1417 2308 1538 2395 qui
1585 2307 1954 2392 abstulere,
2035 2309 2228 2379 evius
2280 2309 2832 2401 indulgendum:
2874 2377 2879 2380 ,

285 2407 447 2465 sunt
492 2396 679 2465 enim
731 2397 1063 2465 Romani:
1114 2410 1180 2466 et
1229 2397 1526 2486 pecunia
1566 2396 1929 2469 videbatur
1958 2398 2314 2481 immaniS‚
2362 2421 2442 2469 ac
2472 2400 2843 2471 vehemens

281 2481 414 2555 fuit
446 2483 565 2555 illa
601 2485 905 2555 tentatio.
950 2482 1296 2557 Gratulari
1334 2500 1563 2556 autern
1596 2498 2069 2568 consueverat,
2109 2486 2345 2557 decem
2389 2489 2664 2560 circiter
2695 2512 2844 2560 mo-

281 2575 587 2644 nasteria
621 2628 637 2656 ‚
704 2573 808 2644 vel
857 2574 1311 2645 aedificandis
1360 2576 1797 2646 monasteriis
1845 2576 2356 2666 loca·congrua
2405 2600 2786 2649 numerans
2818 2634 2835 2661 ‚

279 2661 763 2734 fraudulenter
806 2662 942 2733 sibi
989 2676 1056 2734 et
1102 2663 1434 2733 violenter
1478 2664 1750 2747 ablata,
1804 2664 1971 2735 dum
2022 2665 2440 2736 contendere
2489 2666 2724 2749 nollet,
2776 2680 2844 2739 et

284 2752 511 2841 magis
543 2773 701 2821 eum
738 2752 945 2835 vinci,
989 2774 1199 2841 quarn
1238 2752 1531 2834 vincere,
1566 2752 1959 2824 delectaret.
2640 2772 2648 2780 ·

370 2842 409 2927 ξ
461 2843 609 2912 28.
663 2841 957 2911 Veniens
1002 2840 1383 2930 aliquando
1429 2841 1874 2913 Claravallem
1923 2842 2218 2914 clericus
2256 2843 2543 2930 quidam
2580 2865 2660 2914 ex
2700 2844 2834 2925 his,

280 2949 461 3016 quos
510 2929 885 3018 Regulares
924 2931 1303 3001 Canonicos
1331 2944 1580 3001 vocant
1607 2930 2405 3021 (Praemonstratenses),
2441 2933 2842 3023 importune

278 3016 454 3086 satis
499 3017 819 3100 instabat,
872 3031 950 3089 ut
995 3020 1067 3088 in
1119 3020 1538 3089 monachum
1582 3021 2023 3111 reciperetur.
2071 3021 2415 3092 Suadente
2454 3035 2648 3113 patre
2679 3045 2843 3092 san-

277 3118 414 3187 cto,
468 3120 547 3176 ut
590 3106 676 3176 ad
725 3129 922 3177 suam
958 3120 1412 3178 reverteretur
1438 3108 1829 3191 ecclesiam,
1864 3130 1987 3180 nec
2023 3110 2505 3198 acquiescente
2538 3112 2842 3202 recipere

277 3215 477 3264 eum:
527 3200 608 3264 Ut
637 3194 804 3283 quid
838 3218 1026 3287 ergo,
1062 3197 1182 3279 ait,
1218 3198 1290 3266 in
1324 3196 1524 3267 libris
1559 3199 1699 3270 tuis
1732 3196 2221 3289 perfectionem
2255 3212 2607 3291 tantopere
2646 3222 2841 3271 com-

281 3282 648 3360 mendasti.
702 3285 762 3354 si
806 3306 957 3354 eam
1008 3285 1451 3367 desideranti,
1506 3307 1707 3377 opem
1751 3288 1986 3359 renuis
2018 3288 2386 3359 exhibere?
2416 3293 2495 3360 Et
2529 3289 2843 3380 maligno

275 3372 528 3461 spiritu
562 3372 963 3444 iracundiae
987 3374 1423 3446 vehementer
1450 3375 1843 3468 instigatus,
1876 3378 2054 3448 sicut
2080 3377 2522 3468 postmodum
2549 3378 2836 3448 eviden-

280 3473 382 3530 ter
426 3463 793 3551 apparuit:
844 3462 1020 3543 lam,
1074 3463 1323 3552 inquit,
1378 3466 1440 3534 si
1487 3464 1656 3535 illos*
1694 3478 2020 3547 tenerem,
2073 3466 2537 3557 discerperem
2589 3466 2832 3539 libros.

276 3549 399 3619 Cui
451 3550 553 3619 vir
601 3551 912 3621 Domini:
968 3573 1006 3618 «
1055 3558 1249 3635 Put0,
1303 3552 1421 3633 ait,
1474 3553 1546 3622 in
1597 3553 1793 3625 nullo
1842 3553 2123 3626 illorum
2166 3556 2417 3647 legisti,
2454 3577 2591 3625 non
2639 3577 2840 3647 posse

277 3650 339 3707 te
386 3638 458 3708 in
514 3651 632 3710 tuo
677 3638 982 3711 claustro
1028 3662 1178 3711 esse
1227 3640 1631 3731 perfectum.
1676 3647 1951 3713 ‘Morum
2001 3646 2521 3727 correctionem,
2571 3666 2707 3715 non
2744 3643 2842 3714 lo-

276 3748 520 3797 corum
574 3729 1027 3799 mutationem
1073 3729 1166 3820 (si
1193 3732 1398 3801 bene-
1439 3731 1759 3822 memini)
1796 3732 1867 3801 in
1904 3730 2104 3802 libris
2134 3734 2464 3804 omnibus
2496 3735 2840 3805 commen·

275 3814 462 3886 davi,
499 3839 536 3884 »
586 3821 756 3887 Tum
811 3838 968 3887 vero
1015 3817 1352 3920 impetum
1393 3819 1917 3903 facienshomo,
1955 3820 2141 3892 velut
2176 3822 2491 3903 insanuS,
2527 3823 2600 3891 in
2641 3843 2829 3903 eum,

275 3903 620 3992 percussit
669 3904 1021 3976 maxillam
1071 3928 1246 3998 ejus,
1301 3908 1511 3997 idque
1557 3922 1711 3979 tam.
1747 3908 2069 3999 graviter,
2122 3922 2202 3980 ut
2249 3911 2645 3982 succederet
2699 3921 2840 3980 sta-

275 3991 398 4061 tim
448 3993 664 4063 rubor
710 3994 905 4076 ictui,
935 4007 1191 4066 ‘tumor
1236 3997 1501 4070 rubori.
1555 4004 1711 4068 Jam
1759 3999 1883 4085 qui
1929 3997 2243 4078 aderant,
2296 3999 2369 4068 in
2413 3998 2834 4089 sacrilegum

276 4079 714 4153 involabant:
766 4083 887 4153 sed
938 4085 1289 4174 praevenit
1334 4107 1452 4157 eos
1491 4084 1800 4157 famulus
1843 4087 2138 4167 Domini,
2188 4085 2504 4158 clamans
2543 4100 2610 4157 et
2639 4086 2837 4177 adju-

275 4187 445 4241 rans
486 4192 610 4261 per
656 4194 907 4244 nomen
955 4173 1208 4244 Christi
1236 4229 1254 4255 ,
1308 4173 1714 4247 nullatenus
1759 4196 1919 4245 eum
1970 4186 2299 4265 tangere,
2366 4176 2484 4247 sed
2542 4176 2840 4247 educere

272 4278 437 4327 eum
482 4272 703 4343 caute,
754 4275 821 4332 et
865 4283 1110 4333 curam
1153 4263 1309 4354 eJus
1354 4263 1634 4345 habere,
1678 4285 1777 4335 ¹ne
1823 4264 1911 4334 ab
1959 4262 2197 4352 aliquo
2241 4265 2306 4335 ei
2354 4264 2456 4335 vel
2496 4264 2569 4336 in
2599 4264 2836 4353 aliquo

331 4472 360 4500 ⁸
390 4473 537 4525 tarra
556 4476 829 4526 perillustre
852 4480 954 4521 ent
970 4480 1309 4523 monasterium
1327 4480 1378 4521 in
1398 4476 1596 4521 sabinis.
