3308 5004
661 345 789 413 454
1226 366 1306 413 m:
1351 365 1409 412 s.
1462 362 1794 413 anamiim
1841 363 1983 412 Ana.
2037 362 2420 412 οιΑκΑνΑιι.
2793 344 2979 412 Ana.
3033 346 3124 411 20

571 449 853 519 defleret
896 449 1399 531 necessitatem,
1436 449 1622 538 quod
1661 451 1864 520 silere
1899 469 2033 518 non
2069 448 2325 529 liceret,
2370 469 2531 519 cum
2570 448 2870 518 nesciret·
2898 448 3119 536 loqui:

572 538 757 626 quod
819 558 956 608 non
1011 551 1149 608 tam
1204 538 1341 608 alta
1383 539 1468 608 ad
1531 539 1893 620 homines,
1947 560 2157 626 quam
2219 538 2508 629 indigna
2574 538 2976 608 hominibus
3024 537 3125 607 lo—

573 626 873 715 quendo,
929 627 1225 697 laederet
1271 628 1729 699 conscientias
1789 627 2232 698 auditorum:
2284 627 2468 715 quod
2528 640 2662 696 tam
2714 626 3126 717 scrupulose

575 715 1053 817 perfectionem
1105 738 1141 784 a
1179 715 1509 786 fratribus
1538 717 1980 808 simplicibus
2010 716 2344 808 exigebat,
2401 717 2469 785 in
2511 737 2650 803 quo
2697 737 2771 786 se
2804 715 3121 785 nondum

575 805 910 875 inveniret
957 806 1103 896 ipse
1152 804 1551 894 perfectum.
1606 807 1956 908 cogitabat
2004 826 2339 892 namque,
2392 825 2509 875 eos
2567 805 2785 874 multo
2833 804 3122 874 meliora

573 906 638 964 et
684 893 1013 963 viciniora
1064 894 1269 965 saluti
1319 916 1485 964 suae
1539 895 1607 963 in
1674 895 1948 965 silentio
1995 916 2123 964 suo
2170 893 2510 972 meditari,
2561 915 2771 981 quam
2823 894 2911 962 ab
2965 894 3122 985 ipso

572 982 933 1052 audirent:
986 982 1297 1054 devotius
1327 995 1393 1052 et
1422 982 1772 1055 efficacius
1817 983 2107 1053 salutem
2159 1004 2357 1052 suam
2406 983 2726 1073 operari,
2778 1003 2986 1069 quam
3039 1003 3121 1050 ex

570 1072 722 1162 ejus
767 1072 1082 1162 exemplo
1113 1073 1542 1162 acciperent:
1596 1094 1677 1142 ex
1729 1070 2236 1162 praedicatione
2282 1092 2440 1140 vero
2478 1071 2632 1160 ejus
2661 1070 3121 1141 scandalizari

574 1161 827 1252 potius,
879 1182 1088 1248 quarn
1139 1160 1403 1249 aliquid
1438 1162 1802 1251 concipere.
1840 1160 2366 1230 aedificationis,

661 1253 698 1336 ἓ
747 1253 911 1320 20.
967 1255 1273 1338 Cumque
1320 1272 1531 1340 super
1571 1251 1699 1320 boc
1741 1250 2214 1320 vehementius
2260 1249 2793 1318 conturbaretur
2845 1260 2910 1317 et
2958 1269 3120 1317 con·-

572 1339 982 1420 tristaretur,
1032 1351 1099 1408 ct
1144 1339 1456 1410 diversae
1500 1340 1948 1428 cogitationes
1977 1337 2426 1407 ascenderent
2464 1339 2533 1406 in
2569 1358 2688 1406 cor
2733 1337 2911 1424 ejus,
2968 1350 3120 1427 post

575 1427 831 1496 multos
869 1426 1358 1519 cogitationum
1412 1429 1666 1498 fluctus
1712 1441 1778 1497 et
1820 1429 2171 1498 cruciatus
2213 1426 2470 1508 cordis,
2524 1427 2822 1495 decrevit
2868 1427 2959 1495 ab
3003 1448 3119 1495 ex·-

575 1515 942 1586 terioribus
987 1516 1317 1587 omnibus
1363 1516 1446 1586 ad
1474 1517 1825 1587 -interiora
1865 1537 1992 1586 sua
2033 1514 2431 1606 recolligere
2478 1536 2573 1597 se,
2621 1514 2852 1602 ibique
2899 1515 2969 1582 in
3007 1537 3120 1584 so·-

576 1603 866 1674 litudine
899 1605 1130 1676 cordis
1175 1619 1240 1675 et
1274 1619 1532 1676 secreto
1579 1606 1837 1675 silentii
1886 1607 2256 1685 continere,
2311 1617 2377 1675 et
2424 1604 2826 1695 praestolari
2889 1606 3120 1672 Domi—

573 1714 769 1776 num,
825 1694 1042 1763 donec
1090 1716 1533 1782 quocumque
1590 1696 1795 1766 modo
1845 1694 2357 1764 misericordiae
2405 1715 2570 1763 suae
2623 1713 2835 1782 super
2882 1691 3010 1761 hoc
3055 1694 3119 1763 ei

572 1803 769 1852 suam
814 1783 1139 1852 revelaret
1167 1782 1612 1854 voluntatem.
1651 1789 1786 1853 Nec
1819 1783 2088 1853 distulit
2121 1783 2595 1853 misericordia
2632 1782 2744 1851 Dei
2778 1779 3117 1851 auxilium

571 1871 981 1961 intempore
1027 1884 1441 1962 opportuno.
1496 1873 1742 1942 Paucis
1789 1873 2130 1960 siquidem
2182 1871 2430 1941 diebus
2477 1870 2790 1951 evolutis,
2838 1870 3007 1938 vidit
3042 1870 3118 1939 in

570 1959 723 2028 visu
776 1961 994 2030 noctis
1043 1981 1361 2051 puerum,
1415 1960 1725 2031 claritate
1774 1960 2075 2050 quadam
2117 1961 2362 2030 divina¹
2409 1960 2792 2031 adstantem
2842 1958 3001 2038 sibi,
3049 1972 3122 2028 et

570 2067 823 2137 magna
875 2050 1276 2119 auctoritate
1332 2051 1864 2141 praecipientem
1915 2049 2335 2119 fiducialiter
2383 2049 2620 2136 loqui,
2672 2047 3003 2135 quicquid
3049 2049 3116 2118 ei

570 2150 1054 2227 suggereretur
1101 2139 1168 2206 in
1220 2140 1570 2229 apertione
1615 2140 1759 2210 oris
1806 2140 1964 2209 sui:
2015 2139 2343 2226 quoniam
2398 2160 2533 2207 non
2586 2138 2732 2228 ipse
2776 2147 2956 2206 esset
2995 2138 3117 2223 qui

570 2224 984 2313 loqueretur,
1021 2227 1139 2297 sed
1190 2228 1487 2318 Spiritus
1519 2234 1814 2299 Sanctus
1851 2230 1970 2316 qui
2022 2228 2418 2316 loqueretur
2464 2228 2533 2295 in
2583 2247 2685 2296 eo.
2740 2230 2816 2294 Et
2860 2238 3119 2295 extunc

570 2314 981 2386 manifestus
1029 2316 1098 2385 in
1150 2337 1230 2386 eo
1275 2329 1342 2387 et
1389 2337 1512 2408 per
1568 2338 1727 2386 eum
1784 2318 2073 2405 loquens
2129 2318 2427 2406 Spiritus
2474 2321 2767 2386 Sanctus
2797 2368 2812 2394 ,
2863 2326 2931 2382 et
2979 2336 3120 2384 ser-

569 2423 842 2474 monem
896 2405 1344 2496 potentiorem
1394 2407 1482 2488 ei,
1534 2417 1600 2476 et
1651 2427 1931 2477 sensum
1984 2407 2053 2474 in
2107 2406 2483 2494 Scripturis
2538 2401 3119 2474 abundantiorem

568 2510 973 2585 suggerens,
1030 2495 1098 2563 in
1150 2495 1504 2586 apertione
1549 2495 1692 2566 oris
1739 2495 1847 2566 sui
1883 2494 2068 2586 apud
2119 2494 2469 2565 auditores
2514 2512 2787 2581 quoque
2820 2491 3120 2583 gratiam

567 2582 632 2650 ei
665 2583 934 2653 addidit
965 2597 1031 2653 et
1067 2584 1570 2665 auctoritatem,
1607 2597 1675 2654 et
1706 2584 2127 2654 intellectum
2170 2605 2383 2674 super
2418 2604 2455 2652 e
2504 2604 2712 2651 enum
2753 2594 2821 2650 et
2860 2604 3122 2673 paupe·

566 2690 736 2753 rem,
772 2686 840 2741 et
874 2685 1299 2763 peccatorem
1337 2675 1821 2764 poenitentem,
1867 2686 1931 2742 et
1964 2672 2233 2741 veniam
2270 2685 2466 2762 postu
2500 2685 2755 2741 antem.

653 2763 691 2847 ξ
730 2764 909 2834 80.
964 2767 1281 2850 Cumque·
1302 2762 1448 2851 jam
1499 2762 1943 2850 aliquatenus
1972 2760 2330 2831 didicisset
2368 2762 2548 2830 inter
2585 2758 2904 2830 homines
2950 2780 3121 2829 con-

567 2851 849 2931 versari,
904 2864 969 2920 et
1019 2850 1327 2921 humana
1375 2870 1575 2940 agere
1621 2872 1703 2921 ac
1745 2850 2055 2930 tolerare,
2102 2849 2390 2938 jamque
2444 2850 2621 2919 inter
2658 2848 2901 2919 fratres
2947 2868 3118 2917 suos

565 2940 764 3024 quasi
802 2960 1114 3009 unusex
1162 2940 1262 3010 eis
1308 2953 1374 3009 et
1420 2958 1578 3009 cum
1629 2940 1730 3010 eis
1783 2939 2119 3028 inciperet
2165 2937 2302 3006 frui
2353 2937 2585 3007 fructu
2636 2935 3116 3007 conversionis

567 3047 759 3110 suae,
803 3040 996 3116 pater
1046 3048 1346 3116 quoque,
1395 3029 1516 3116 qui
1567 3027 1760 3099 solus
1814 3027 2004 3096 domi
2048 3027 2411 3107 remansit,
2455 3025 2737 3096 veniens
2791 3025 2878 3095 ad
2930 3024 3119 3095 filios

567 3135 752 3196 suos,
808 3117 1170 3206 appositus
1213 3117 1431 3186 estad
1468 3137 1607 3187 eos.
1647 3116 1971 3200 Quicum
2006 3116 2269 3204 aliquot
2316 3128 2593 3207 tempus
2638 3116 2734 3185 ibi
2785 3114 3110 3196 fecisset,

565 3203 735 3272 obiit
768 3205 836 3272 in
878 3218 1227 3274 senectute
1258 3205 1459 3276 bona.
1516 3211 1722 3276 Soror
1749 3225 2026 3293 quoque
2055 3226 2321 3286 eorum,
2361 3205 2428 3273 in
2483 3203 2716 3274 seculo
2755 3216 2999 3293 nupta,
3052 3217 3122 3274 et

567 3289 801 3362 seculo
855 3292 1084 3363 dedita
1116 3347 1131 3374 ,
1195 3314 1353 3362 cum
1406 3295 1477 3364 in
1534 3294 1795 3365 divitiis
1845 3307 1935 3363 et·
1969 3294 2237 3364 deliciis
2291 3292 2506 3363 seculi
2559 3292 3110 3384 periclitaretur,

566 3380 844 3450 tandem
909 3381 1287 3483 aliquando
1344 3382 1709 3472 inspiravit
1753 3382 1816 3452 ei
1869 3387 2089 3463 DeuS,
2156 3396 2234 3453 ut
2283 3385 2522 3453 fratres
2569 3403 2733 3452 suos
2781 3381 3109 3451 visitaret.

566 3473 873 3556 Cumque
896 3471 1409 3558 venissetquasi
1438 3472 1671 3541 visura
1696 3470 1972 3541 fratrem
2002 3490 2208 3541 suum
2240 3469 2724 3552 venerabilem,
2753 3482 2822 3539 et
2845 3470 3122 3540 adesset

564 3578 724 3626 cum
765 3558 1093 3628 comitatu
1134 3559 1436 3648 superbo
1457 3573 1524 3629 et
1552 3573 1917 3650 apparatu,
1958 3559 2075 3628 ille
2105 3560 2452 3630 detestans
2476 3572 2543 3628 et
2571 3579 2901 3628 execrans
2928 3579 3111 3640 eam,

565 3658 914 3734 tamquam
934 3658 1085 3716 ‘rete
1112 3646 1224 3715 dia
1237 3647 1373 3717 boli
1404 3648 1490 3717 ad
1519 3649 1895 3739 capiendas
1922 3648 2214 3731 animas,
2246 3648 2645 3718 nullatenus
2675 3649 3118 3735 acquiescere

564 3734 779 3805 voluit
808 3734 1105 3805 exire-ad
1144 3734 1518 3807 videndum
1554 3759 1733 3807 eam.
1778 3738 1972 3821 Quod
2014 3737 2308 3807 audiens
2346 3737 2489 3818 illa,
2524 3736 2815 3806 confusa
2839 3750 3115 3807 etcotn·

564 3836 822 3916 puncta
858 3824 1314 3907 vehementer,
1370 3845 1530 3896 cum
1586 3825 1824 3896 nullus
1857 3828 1919 3897 ei
1952 3825 2242 3895 fratrum
2287 3844 2572 3894 suorum
2613 3847 2980 3896 occurrere
3005 3825 3119 3894 di·

563 3925 916 4005 gnaretur.
960 3930 1120 3983 cum
1180 3937 1216 3983 a
1259 3914 1467 3984 tratre
1513 3934 1642 3984 suo
1684 3915 1971 3994 Andrea,
2027 3934 2232 4003 quem
2275 3913 2360 3983 ad
2428 3926 2688 4004 portam
2761 3915 3118 3985 invenerat

564 4002 987 4084 monasterii,
1043 4002 1320 4094 publice
1345 4004 1434 4075 ob
1468 4004 1757 4074 vestium
1795 4016 2232 4094 apparatum,
2270 4014 2539 4072 stercus
2577 4003 2966 4074 involutum
3002 4024 3118 4072 ar·

563 4105 913 4182 gnei-etur,
954 4104 1087 4162 tota
1144 4093 1215 4161 in·
1258 4089 1591 4182 lacrymis
1630 4092 1928 4163 resoluta
1963 4113 1978 4160 z
2032 4093 2172 4161 Etsi
2215 4092 2554 4182 peccatrix
2616 4110 2799 4173 sum,
2846 4092 3112 4179 inquit,

563 4194 689 4271 pro
735 4181 993 4252 talibus
1040 4181 1355 4251 Christus
1394 4194 1712 4252 mortuus
1746 4194 1872 4253 est.
1923 4183 2101 4265 Quia
2137 4181 2323 4250 enim
2373 4181 2719 4271 peccatrix
2768 4202 2952 4262 sum,
3011 4180 3120 4250 id·

563 4268 749 4339 circo
807 4269 1178 4340 consilium
1243 4283 1310 4340 et
1366 4269 1790 4357 colloquium
1857 4271 2200 4340 bonorum
2265 4270 2564 4357 requiro.
2619 4270 2756 4340 Etsi
2818 4268 3122 4358 despicit

564 4356 773 4427 frater
801 4376 998 4427 meus
1028 4378 1306 4445 carnem
1340 4380 1590 4441 meatu,
1627 4380 1713 4429 ne
1735 4358 2074 4449 despiciat
2103 4379 2343 4430 servus
2369 4359 2481 4427 Dei
2513 4360 2817 4428 animam
2851 4376 3112 4427 meam.

562 4444 825 4527 Veniat,
874 4458 942 4515 et
989 4447 1404 4538 praecipiat:
1439 4462 1506 4519 et
1541 4447 1873 4540 quicquid
1908 4447 2356 4540 praeceperit,
2392 4446 2615 4518 facere
2655 4458 2892 4539 parata
2920 4467 3115 4522 sum.
