3308 5004
700 336 832 402 468
1305 351 1385 400 mt
1429 351 1487 399 s.
1541 349 1872 418 nmmo
1918 349 2060 398 aaa.
2101 345 2502 398 «cunum.
2831 308 3020 400 me.
3075 333 3162 402 20

608 459 770 509 vero
813 435 1017 526 quasi
1063 434 1399 506 divinitus
1444 446 1725 525 accepta
1751 433 1855 504 vel
1904 432 2136 505 oblata
2180 432 2529 514 facultate,
2569 433 2947 525 ·seu”apud
2996 457 3165 507 eum

608 526 1004 607 moriendi,
1050 547 1189 595 seu
1234 523 1671 612 aliquamdiu
1727 527 1886 594 cum
1934 543 2017 594 eo
2062 522 2379 592 vivendi:
2429 543 2729 610 quorum
2776 523 3170 611 quidnam

611 615 1003 696 maluerim,
1034 615 1302 706 ignoro:
1352 612 1703 704 profectus
1750 634 1906 682 sum
1941 613 2188 682 statim
2243 611 2435 694 illuc,
2535 612 2806 682 uamvis
2848 634 3010 683 cum
3068 613 3171 684 la-

611 707 776 776 bore
806 704 1040 773 ¹nimio
1083 715 1152 773 et
1195 700 1454 772 dolore.
1494 702 1620 772 Ubi
1670 700 1925 771 factum
1956 710 2060 770 est
2092 700 2288 783 mihi,
2323 722 2479 788 tquo
2562 701 2981 792 promissum
3015 700 3172 772 fue-

574 806 754 863 ”ratt
807 806 873 864 et
917 791 1182 873 fateor,
1238 792 1420 862 sicut
1486 791 1702 861 volui.
1755 789 2048 861 Reddita
2107 789 2283 859 mihi
2344 790 2608 880 quippe
2647 790 2914 862 sanitas
2975 804 3174 862 esta

611 897 862 976 magna
902 894 969 952 et
1024 880 1417 973 periculosa
1466 879 1921 950 infirmitate:
1979 877 2102 949 sed
2150 879 2411 949 sensim
2477 891 2547 949 et
2599 879 2934 970 paulatim
2987 880 3174 952 vires

607 972 917 1063 corporis
942 970 1327 1041 redierunt.
1366 975 1560 1039 Deus
1604 968 1791 1038 enim
1842 968 2041 1049 bone,
2093 966 2262 1056 quid
2300 967 2474 1037 mihi
2509 968 2670 1038 boni
2716 968 3011 1040 contulit
3059 971 3173 1040 in-

607 1061 904 1131 firmitas
936 1059 1081 1141 illa,
1135 1058 1343 1128 feriae
1404 1058 1587 1139 illae,
1640 1057 1905 1128 vacatio
1939 1056 2105 1128 illa?
2161 1061 2327 1127 Nam
2380 1058 2882 1147 cooperabatur
2931 1079 3175 1130 neces-

609 1150 794 1221 sitati
827 1170 1019 1219 meae
1040 1161 1177 1218 toto
1211 1146 1330 1218 illo
1360 1151 1670 1238 tempore
1700 1146 2124 1216 infirmitatis
2152 1165 2343 1216 meae
2371 1146 2562 1237 apud
2590 1169 2750 1217 eum
2793 1147 3171 1218 infirmitas

610 1239 784 1329 ejuS,
821 1259 960 1325 qua
1007 1250 1074 1307 et
1118 1238 1267 1339 ipse
1315 1249 1482 1306 tunc
1520 1236 1853 1327 temporis
1897 1234 2359 1305 detinebatur.
2396 1236 2666 1306 Infirmi
2723 1257 2889 1328 ergo
2927 1238 3165 1320 ambo,

610 1340 746 1398 tota
779 1327 894 1396 die
924 1327 1008 1396 de
1066 1325 1411 1416 spirituali
1466 1325 1754 1416 physica
1794 1325 2070 1394 animae
2111 1324 2682 1407 ‘conferebamus
2736 1325 2821 1395 de
2863 1325 3173 1395 medica—

604 1419 865 1486 mentis
911 1417 1268 1496 virtutum,
1334 1419 1571 1484 cont'ra
1634 1413 2004 1504 languores
2056 1412 2408 1484 vitiorum.
2475 1420 2713 1502 Itaque
2777 1427 2942 1483 tunc
2994 1415 3173 1484 mibi

611 1503 941 1575 disseruit
985 1504 1073 1574 de
1131 1503 1407 1574 Cantico
1477 1505 1953 1584 canticorum,
2016 1515 2355 1589 quantum
2401 1516 2675 1594 tempus
2742 1503 3174 1575 infirmitatis

611 1615 803 1663 meae
843 1593 1179 1684 permisit,
1237 1592 1586 1662 moraliter
1632 1602 1924 1672 tantum,
1963 1591 2382 1661 intermissis
2424 1591 2787 1663 altioribus
2819 1593 3174 1682 mysteriis

611 1684 996 1773 scripturae
1045 1681 1255 1751 illius:
1319 1680 1483 1769 quia
1533 1681 1635 1750 sic
1682 1679 2033 1761 volebam,
2087 1692 2153 1750 et
2201 1681 2301 1749 sic
2352 1679 2696 1770 petieram·
2730 1680 2818 1750 ab
2850 1703 2956 1750 eo.
3013 1683 3176 1752 Sin·

584 1805 587 1810 ·
660 1770 937 1859 ulisque
982 1769 1253 1851 diebus,
1306 1791 1791 1858 quaecumque
1829 1790 2039 1859 super
2084 1768 2216 1839 hoc
2262 1769 2658 1851 audiebam,
2715 1791 2801 1838 ne
2850 1769 3027 1839 mihi
3077 1769 3175 1840 ef·

611 1794 951 1950 agerent,
996 1860 1258 1961 scripto
1307 1857 1726 1951 alligabam,
1781 1858 2194 1946 inquantum
2261 1857 2432 1929 mihi
2484 1862 2661 1928 Deus
2717 1858 3050 1941 donabat,
3107 1872 3174 1930 et

612 1949 946 2018 memoria
996 1969 1105 2017 me
1133 1946 1443 2039 juvabat.
1482 1953 1560 2017 In
1599 1969 1738 2036 quo
1785 1969 1943 2016 cum
1989 1947 2286 2038 benigne
2319 1960 2385 2016 et
2445 1947 2593 2018 sine
2640 1947 2903 2016 invidia
2955 1970 3173 2038 expo-

614 2050 804 2107 neret
851 2035 1023 2107 mihi
1072 2049 1140 2106 et
1196 2038 1742 2107 communicaret
1791 2036 2165 2105 sententias
2227 2035 2753 2127 intelligentiae,
2807 2049 2872 2107 et
2917 2058 3174 2107 sensus

608 2126 1068 2216 experientiae
1103 2147 1273 2195 suae
1303 2181 1319 2208 ,
1371 2140 1437 2196 et
1492 2125 1711 2196 multa
1759 2124 2004 2195 docere
2052 2125 2385 2194 niteretur
2430 2125 2863 2215 inexpertum
2896 2179 2919 2206 ,
2991 2147 3170 2212 quae

613 2234 749 2283 non
787 2215 925 2284 nisi
969 2213 1386 2306 experiendo
1414 2214 1818 2285 discuntur:
1857 2215 1985 2285 etsi
2016 2212 2398 2303 intelligere
2425 2234 2559 2283 non
2596 2230 2901 2305 poteram
2933 2213 3166 2284 adhuc

608 2324 788 2391 quae
834 2304 1366 2396 apponebantur
1412 2304 1610 2383 mihi,
1651 2303 1814 2405 plus
1861 2315 2089 2372 tamen
2122 2302 2322 2373 solito
2370 2303 2589 2373 intelli
2686 2325 2757 2372 re
2810 2325 2916 2373 me
2960 2303 3166 2374 facie-

612 2393 753 2475 bat,
807 2393 1139 2481 quicquid
1189 2392 1275 2462 ad
1325 2414 1404 2462 ea
1453 2392 1904 2483 intelligenda
1951 2392 2219 2462 deesset
2268 2392 2465 2461 mihi.
2520 2397 2601 2462 Se
2710 2393 2796 2463 de
2836 2392 2947 2463 his
2995 2392 3165 2463 huc-

608 2505 834 2570 usque
870 2482 1126 2553 dixisse
1175 2481 1496 2553 sufficiat.

696 2575 957 2659 §nu
1012 2578 1179 2642 Cum
1230 2586 1456 2641 autem
1510 2571 1808 2640 instante
1856 2570 2238 2649 Dominica,
2280 2592 2456 2659 quae
2491 2570 3020 2662 Septuagesima
3052 2591 3171 2639 no-

610 2660 942 2741 minatur,
987 2681 1271 2751 voepera
1312 2661 1465 2751 ipsa
1512 2659 1823 2740 sabbati,
1881 2659 2303 2729 Dominicam
2357 2660 2580 2751 ipsam
2641 2659 3167 2750 praecedentia,

602 2749 751 2839 jam
786 2761 1051 2819 tantum
1103 2748 1635 2830 convaluissem,
1673 2760 1749 2817 ut
1797 2747 2166 2817 valuissem
2200 2748 2285 2818 de
2334 2748 2506 2819 lecto
2544 2770 2829 2838 surgere
2872 2769 2998 2839 per
3030 2770 3168 2828 me,

609 2850 676 2908 et
721 2839 981 2907 intrare
1015 2859 1285 2928 possem
1335 2850 1401 2906 et
1446 2838 1652 2917 exire,
1706 2836 1901 2925 coepi
1954 2834 2319 2925 disponere
2368 2837 2452 2906 de
2503 2836 2729 2908 reditu
2789 2850 3023 2907 nostro
3078 2837 3176 2906 ad

607 2927 869 2996 fratres.
929 2926 1123 3010 Quod
1158 2927 1304 3017 ipse
1334 2924 1650 2995 auditum
1702 2924 1986 2995 omnino
2037 2925 2414 3013 prohibuit,
2451 2938 2518 2996 et
2556 2948 2779 3014 usque
2819 2926 2901 2997 ad
2934 2926 3176 2995 Domi-

610 3016 837 3083 nicam
891 3015 1850 3116 Quinquagesimaeomnem
1913 3013 2083 3082 mihi
2149 3035 2350 3104 spem
2417 3015 2679 3085 reditus
2731 3027 2796 3085 et
2843 3026 3176 3085 conatum

586 3102 987 3173 *interdixit
1041 3104 1360 3192 Acqmevi
1409 3102 1654 3183 facile,
1726 3122 1886 3171 cum
1954 3102 2135 3189 quod
2239 3103 2779 3194 raecipiebatur,
2851 3103 3178 3174 voluntas

609 3210 747 3261 non
797 3193 1152 3272 abnueret,
1186 3205 1255 3261 'et
1302 3191 1675 3263 infirmitas
1707 3191 2055 3278 requirere
2104 3191 2167 3259 vi
2220 3204 2473 3262 eretur.
2513 3198 2678 3263 Cum
2712 3205 2945 3263 autem
2981 3191 3176 3263 ultra

610 3281 1041 3351 Dominicam
1065 3281 1255 3349 illam
1295 3279 1855 3372 Septuagesimae
1885 3302 1924 3348 a
1950 3281 2306 3362 carnibuS,
2332 3282 2592 3369 quibus
2619 3304 2843 3369 usque
2864 3281 2952 3352 ad
2984 3281 3178 3352 diem

608 3369 799 3438 illam
851 3370 1004 3461 ipso
1052 3369 1539 3460 praecipiente,
1592 3382 1658 3438 et
1705 3369 2109 3439 necessitate
2185 3369 2611 3440 infirmitatis
2663 3383 2996 3463 cogente,
3065 3392 3179 3441 ve-

610 3458 874 3540 scebar,
928 3458 1170 3528 vellem
1220 3458 1588 3540 abstinere,
1641 3470 1707 3528 et
1755 3457 2119 3549 ho‘cipsum
2155 3460 2529 3549 prohibuit.
2569 3463 2793 3552 Super
2836 3482 2978 3549 quo
3007 3482 3178 3531 cum

610 3569 736 3617 nec
772 3546 1163 3638 prohibenti
1210 3547 1747 3635 acquiescerem,
1786 3567 1914 3617 nec
1962 3560 2318 3637 rogantem
2367 3549 2710 3630 audirem,
2755 3571 2878 3620 nec
2923 3548 3179 3620 obedi-

608 3657 755 3705 rem
791 3636 1265 3727 praecipienti,
1305 3635 1406 3705 sic
1447 3657 1724 3725 vespere
1750 3635 1872 3705 illo
1907 3635 2173 3706 sabbati
2222 3637 2311 3706 ab
2336 3637 2630 3708 invicem
2681 3637 3169 3709 discessimus:

608 3724 726 3795 ille
773 3726 1024 3795 tacitus
1070 3723 1155 3794 ad
1207 3724 1766 3815 Completorium,
1797 3745 1930 3815 ego
1975 3724 2058 3793 ad
2098 3725 2374 3796 lectum.
2414 3732 2490 3797 Et
2535 3748 2710 3797 ecce·
2739 3727 3180 3798 infirmitatis

610 3835 802 3884 meae
838 3814 1064 3884 rabies
1096 3813 1421 3896 rediviva,
1459 3816 1660 3901 quasi
1684 3814 2056 3905 resumptis
2091 3815 2356 3886 viribus
2386 3815 2738 3898 omnihus,
2783 3838 2946 3887 cum
2985 3829 3180 3887 tanta

580 3925 720 3973 ·me
770 3904 1196 3973 vehementia
1225 3915 1293 3972 et
1337 3901 1683 3973 ferocitate
1718 3902 2051 3973 invadens
2097 3905 2457 3997 corripuit,
2493 3916 2820 3993 tantaque
2871 3927 2981 3976 me
3034 3928 3179 3976 ma·

611 3992 923 4083 lignitate
973 4004 1107 4062 tota
1147 4004 1343 4062 nocte
1391 3990 1510 4061 illa
1556 3990 1977 4062 devastando
2033 3994 2369 4065 cruciavit
2414 4015 2630 4084 supra
2681 3995 2901 4076 vires,
2957 4016 3177 4086 supra

606 4082 956 4163 virtutem,
1007 4095 1086 4152 ut
1124 4080 1210 4150 de
1257 4082 1393 4151 vita
1439 4081 1841 4172 desperanS,
1892 4081 1999 4151 vix
2023 4081 2264 4153 saltem
2299 4105 2523 4171 usque
2570 4083 2656 4155 ad
2690 4083 2902 4164 diem,
2962 4096 3043 4155 ut
3074 4083 3179 4154 vel

610 4170 820 4239 semel
872 4171 1103 4240 adhuc
1135 4170 1451 4259 loquerer
1497 4170 1643 4240 viro
1690 4170 1828 4252 Dei,
1882 4170 2232 4243 crederem
2282 4193 2391 4243 me
2439 4172 2806 4244 victurum.
2863 4176 3179 4262 Cumque

609 4258 681 4327 in
732 4258 967 4329 dolore
1000 4259 1120 4330 illo
1155 4273 1363 4330 totam
1414 4273 1682 4331 noctem
1743 4259 2092 4330 duxissem
2127 4315 2143 4343 ,
2197 4282 2473 4331 summo
2543 4282 2744 4332 mane
2789 4261 3175 4334 accersitus

610 4346 728 4416 ille
757 4346 1070 4417 advenit:
1112 4369 1247 4418 non
1300 4360 1522 4419 tamen
1580 4349 1898 4431 afferens,
1942 4371 2149 4437 quem
2200 4349 2482 4430 solebat,
2549 4351 2817 4423 vultum
2884 4373 3177 4442 compa-

610 4436 866 4518 tientis,
902 4436 1023 4506 sed
1066 4437 1266 4526 quasi
1296 4439 1673 4529 arguentiS.
1721 4438 2101 4510 Subridens
2134 4450 2384 4510 tamen:
2423 4439 2627 4530 Quid,
2666 4439 2920 4528 inquit,
2963 4441 3172 4513 hodie
