3308 5004
110 359 295 426 AUG.
349 360 434 425 30
978 383 1059 429 nn
1105 374 1160 430 s.
1215 381 1377 431 nosA
1426 383 1594 432 vmo.
1647 387 1779 433 Lm.
2440 369 2566 433 755

108 462 367 544 animi,
429 461 776 565 diceretur
805 520 821 545 ,
875 465 993 537 sed
1044 479 1110 537 et
1157 467 1292 558 ipsi
1340 468 1761 540 confessario
1810 470 1881 541 in
1933 471 2409 555 lineamentiS‚
2455 485 2655 563 gestu

105 568 170 625 et
219 551 415 624 vultu
454 574 553 621 stc
604 574 674 623 m
724 553 916 624 illam
968 555 1275 626 mirabili
1321 557 1535 627 divini
1587 559 1845 630 amoris
1896 560 2433 652 metamorphosi
2465 583 2656 649 comf

109 655 368 712 mutata
418 655 802 733 appareret,
855 657 933 715 ut
969 645 1117 736 jam
1169 668 1306 716 non
1358 646 1651 730 similis,
1713 648 1832 720 sed
1890 648 2128 721 eadem
2183 672 2469 741 prorsus
2508 673 2657 721 esse

105 730 475 802 videretur.
2236 805 2238 807 ,

192 823 229 908 ξ
275 824 434 894 11).
488 821 861 891 Graculum
930 819 1107 893 illud
1172 822 1487 895 divinum
1522 879 1537 905 ,
1588 826 1929 917 Sponsabo
1990 838 2053 896 te
2111 827 2288 897 mihi
2342 829 2413 897 in
2465 829 2597 918 fide
2633 884 2649 911 ,

105 910 308 980 etiam
358 931 518 979 cum
561 909 690 979 hac
740 909 991 982 dilecta
1037 923 1103 982 et
1148 912 1364 984 electa
1412 913 1529 983 Dei
1576 914 1828 984 eximio
1878 916 2239 1015 privilegio
2286 915 2653 1007 impletum

104 999 315 1070 fuisse
362 996 797 1090 dignoscitur
826 1054 842 1080 ,
895 1000 981 1069 ad
1032 1001 1215 1088 quod
1265 1024 1416 1072 eam
1485 1024 1608 1094 per
1657 1003 2010 1076 mirabiles
2057 1004 2322 1075 favores
2369 1005 2655 1076 evehere

102 1088 432 1190 dignatus
481 1099 604 1157 est.
661 1088 1048 1178 Singularis
1095 1090 1225 1161 suit
1271 1112 1409 1177 quo
1458 1116 1490 1163 s
1542 1091 1817 1163 eciosus
1865 1092 2085 1164 forma
2136 1116 2299 1196 prae
2331 1092 2498 1165 filiis
2530 1094 2651 1164 ho-

103 1199 399 1258 minum,
455 1175 697 1247 habitu
730 1199 1155 1249 marmorum
1206 1114 1715 1252 caedendbrum
1753 1182 2156 1272 peritissimi
2188 1182 2499 1265 artificis,
2554 1183 2653 1252 fe-

99 1268 336 1367 stivus·
366 1278 432 1336 et
479 1266 842 1365 amans-in
894 1268 1159 1338 somnis
1205 1270 1551 1359 apparuit,
1605 1282 1684 1340 ut
1732 1271 1836 1340 vir
1887 1271 2071 1340 inem
2121 1271 2265 1342 illic
2322 1292 2653 1362 sponsam

98 1367 587 1444 quaesiturus;
640 1355 761 1426 ubi
811 1360 989 1426 Rosa
1019 1357 1090 1425 in
1128 1358 1293 1427 tanti
1343 1358 1678 1429 connubii
1711 1357 1813 1429 foe
1869 1382 1953 1430 us
1980 1361 2353 1442 consensit,
2392 1360 2653 1431 arduos

96 1445 161 1514 ei
203 1443 713 1514 caedendorum
754 1465 1178 1516 marmorum
1229 1445 1500 1518 labores
1549 1448 1923 1538 imposuit,
1978 1460 2044 1517 et
2091 1449 2363 1518 brevem
2409 1451 2653 1519 termi-

36 1620 40 1625 .
100 1557 272 1604 num
325 1533 409 1602 ad
465 1532 965 1623 perficiendum
1016 1556 1217 1635 opuS‚
1272 1535 1441 1605 dum
1494 1538 1776 1627 peregre
1826 1537 2098 1620 rediret,
2154 1537 2424 1607 indixit.
2478 1543 2651 1609 Eru-

97 1623 252 1694 buit
288 1623 478 1725 virgo
526 1622 596 1690 in
651 1624 897 1713 Sponsi
939 1623 1162 1693 reditu
1193 1626 1476 1695 omnino
1511 1626 1755 1716 impar
1803 1626 1948 1696 suis
1997 1626 2260 1697 viribus
2290 1626 2647 1717 opificium

95 1711 332 1782 adhuc
396 1709 724 1781 infectum
775 1712 1114 1794 inveniri;
1178 1714 1288 1783 cui
1340 1712 1600 1783 dolenti
1656 1714 1981 1784 reseravit
2029 1715 2144 1784 ille
2192 1716 2496 1806 amplam
2549 1716 2651 1785 la-

99 1801 443 1889 pidariam
494 1800 868 1881 officinam,
910 1801 979 1870 in
1030 1823 1168 1889 qua
1199 1803 1607 1873 innumerae
1643 1802 1898 1874 electae
1947 1803 2248 1895 virgines
2279 1804 2648 1874 caedendis

97 1903 167 1960 et
215 1888 558 1980 poliendis
626 1889 1093 1961 marmoribus
1163 1891 1450 1961 viriliter
1507 1891 1980 1974 insudabant;
2035 1915 2327 1984 sponsas
2374 1915 2523 1964 esse
2570 1915 2649 1963 ex

94 1977 398 2079 nuptiali
449 1991 628 2048 veste
676 1989 741 2048 et
787 1976 1057 2069 fulgore
1103 1979 1579 2070 deprehendit,
1634 2003 1920 2052 suarum
1977 1981 2444 2072 lacrymarum
2499 1981 2647 2053 stil-

96 2067 361 2136 limdiis
409 2089 570 2136 saxa
603 2067 690 2136 ad
739 2066 1146 2139 incisionem
1198 2069 1678 2150 emollientes;
1730 2084 1795 2139 et
1841 2070 1983 2140 una
2031 2094 2192 2141 cum
2241 2070 2382 2141 illis
2419 2072 2649 2141 oonsi-

96 2155 253 2225 mili
290 2168 469 2226 veste
502 2156 1025 2227 circumamicta
1066 2157 1253 2228 novit
1284 2179 1357 2228 se
1402 2158 1486 2227 ad
1541 2159 1710 2228 tanti
1759 2159 2148 2249 sponsalitii
2188 2160 2482 2249 gradum
2525 2182 2648 2249 per

96 2244 323 2315 ardua
379 2246 803 2337 praeparari.
857 2246 980 2315 His
1028 2246 1284 2337 igitur,
1337 2259 1402 2316 et
1448 2268 1526 2317 eo
1573 2248 1679 2316 vir
1728 2247 1899 2316 inali
1944 2247 2243 2317 candore
2299 2249 2525 2319 nitens
2573 2261 2649 2316 ut

89 2356 456 2422 nunquam
509 2357 633 2404 nec
683 2333 970 2403 venialis
1026 2334 1451 2424 impuritatis
1500 2357 1706 2405 maeu
1739 2339 1776 2405 a
1810 2358 1961 2405 eam
1999 2357 2352 2425 aspersam
2405 2336 2641 2419 fuisse,

90 2445 340 2494 omnes
386 2424 540 2512 ejus
594 2445 634 2493 a
688 2423 1242 2494 confessionibus
1293 2424 1507 2512 jurati
1556 2436 1758 2495 testes
1817 2423 2279 2513 probaverint,
2335 2425 2644 2515 apertius

83 2512 179 2582 ad
223 2514 630 2603 mysterium
673 2525 950 2582 ventum
983 2525 1107 2584 est.
1147 2514 1503 2583 Dominica
1549 2526 1696 2583 erat
1732 2513 2155 2596 Palmarum,
2190 2536 2347 2584 cum
2384 2516 2452 2583 in
2490 2514 2641 2605 ipso

83 2604 360 2672 Rosarii
421 2602 675 2673 sacello
735 2603 805 2671 in
865 2624 994 2672 suo
1052 2602 1256 2672 nihili
1308 2602 1559 2691 abysso
1607 2601 1995 2672 demersam
2047 2603 2144 2673 sic
2208 2603 2456 2673 affatus
2504 2617 2638 2673 est:

79 2696 265 2761 Rosa
298 2694 516 2762 cordis
542 2693 697 2772 mei,
735 2702 810 2760 tu
855 2693 1032 2760 milti
1057 2715 1301 2783 sponsa
1337 2702 1495 2761 esto,
1553 2692 1973 2761 Contremuit
2026 2692 2216 2782 virgo
2264 2691 2346 2762 ad
2400 2691 2644 2761 dulces

81 2792 230 2849 tam
279 2780 496 2849 divini
558 2780 798 2870 sponsi
849 2801 1072 2862 voceS,
1124 2792 1190 2851 et
1239 2780 1447 2851 simul
1487 2779 1754 2849 audivit
1800 2779 2260 2869 gratulantem
2307 2781 2441 2850 sibi
2495 2781 2641 2850 Dei-

77 2889 331 2960 param
367 2882 433 2939 et
463 2867 805 2939 dicentem
840 2893 857 2934 2
907 2875 1008 2939 En
1049 2875 1245 2950 Rosa,
1298 2871 1497 2959 quali
1538 2879 1602 2938 te
1649 2870 1978 2959 dz'qnacur
2009 2870 2255 2938 honore
2298 2892 2487 2939 meus
2534 2871 2644 2938 laio

71 2959 298 3048 filius.
353 2957 901 3028 inaestimabiles
947 2958 1163 3026 divini
1197 2958 1455 3026 amoris
1504 2957 1810 3027 thesauri
1858 2970 1923 3027 et
1969 2957 2415 3027 connubialia
2464 2959 2634 3027 tanti

75 3046 334 3138 sponsi
383 3046 683 3116 maxima
730 3047 798 3115 in
852 3053 1031 3116 Rosa
1079 3058 1559 3120 muneratam
1612 3045 1716 3115 lar
1771 3046 1894 3114 iter
1932 3045 2374 3136 depluerunt,
2429 3058 2506 3116 ut
2552 3047 2637 3116 ad

71 3158 165 3205 ea
200 3135 653 3226 imposterum
702 3133 1112 3205 occultanda
1142 3134 1639 3205 humilioribus
1674 3069 1903 3204 adhue
1932 3135 2274 3204 exercitiis
2312 3136 2641 3205 continuo

71 3223 445 3306 vacando,
506 3239 571 3294 et
631 3223 716 3293 de
782 3247 853 3296 se
901 3224 1362 3314 abjectissime
1417 3224 1775 3294 sentiendo
1807 3275 1823 3305 ,
1876 3246 1955 3293 ae
2004 3224 2075 3293 in
2138 3223 2467 3296 omnibus
2526 3228 2635 3295 sui

68 3324 560 3402 contemptum
610 3313 743 3382 sibi
793 3313 1342 3403 comparandum
1392 3334 1542 3382 esse
1589 3312 2006 3403 cognoverit,
2059 3325 2123 3383 et
2173 3313 2401 3405 reipsa
2433 3334 2641 3404 opere

68 3400 557 3492 compleverit.
2724 3477 2735 3487 ,

165 3493 212 3580 ξ
261 3496 395 3564 11.
448 3489 571 3559 His
618 3488 820 3558 donis
867 3501 1072 3560 aucta
1115 3501 1184 3560 et
1229 3490 1768 3561 charismatibus
1814 3490 2208 3572 cumulata,
2265 3490 2642 3562 ferventius

67 3583 280 3671 virgo
327 3580 456 3649 ista
505 3580 806 3649 accinat-ic
856 3579 1086 3650 adhue
1136 3580 1355 3650 artius
1397 3581 1797 3670 fortitudine
1842 3581 2096 3650 lumbos
2134 3604 2287 3650 suos
2331 3591 2395 3650 et
2454 3582 2640 3649 robo-

64 3671 269 3746 ravit
316 3669 667 3740 brachium
697 3691 918 3737 suum.
955 3668 1444 3739 Deficientibus
1475 3669 1661 3739 enim
1698 3669 1784 3739 ad
1827 3690 1993 3739 suae
2031 3669 2193 3738 fidei
2226 3668 2638 3757 martyrium

67 3759 403 3851 tyrannis
448 3772 514 3828 et
562 3757 934 3827 tortoribus
967 3812 983 3838 ‚
1038 3779 1110 3827 se
1157 3758 1308 3848 ipsa
1356 3757 1633 3839 fortior,
1691 3757 2054 3845 utriusque
2101 3758 2171 3827 in
2223 3779 2294 3828 se
2341 3779 2422 3828 ex
2476 3757 2639 3827 levit

67 3848 579 3919 ministerium.
636 3850 807 3916 Saxa
853 3846 1038 3915 enim
1088 3858 1152 3916 et
1200 3868 1466 3929 cruces,
1517 3847 1778 3935 quibus
1827 3846 2139 3936 parvula,
2195 3848 2369 3918 usus
2454 3869 2493 3916 a
2544 3846 2640 3916 el-

67 3939 314 4008 lorum
366 3937 629 4026 ignara,
684 3958 723 4004 a
773 3935 1127 4005 Mar-ianua
1174 3935 1429 4005 ancilla
1485 3957 1775 4006 suarum
1840 3935 2446 4006 mortificationum
2526 3957 2640 4005 ere

72 4025 238 4096 sola
282 4025 558 4095 conscia
606 4024 692 4095 ad
742 4024 1120 4094 orationem
1175 4024 1273 4094 vel
1323 4024 1407 4095 ad
1443 4024 1720 4094 hortum
1755 4046 1878 4126 per
1926 4046 2050 4094 ens
2081 4025 2519 4107 onerabatur,
2562 4025 2636 4094 in

69 4115 342 4185 ferreas
387 4128 664 4185 catenas
711 4114 1183 4195 commutavit,
1237 4135 1410 4202 quas
1457 4114 1715 4203 aptavit
1762 4136 1833 4183 m
1935 4136 2125 4205 agra,
2181 4115 2440 4201 quibus
2475 4169 2491 4195 ,
2547 4113 2631 4182 ad

70 4210 148 4276 S.
212 4203 544 4274 Dominici
584 4202 1020 4294 exemplum,
1074 4201 1373 4293 singulis
1423 4202 1763 4284 noctibus,
1822 4225 2044 4291 usque
2097 4202 2183 4272 ad
2248 4201 2635 4274 rivulorum

67 4291 454 4381 sanguinis
499 4293 849 4384 copiosam
898 4291 1332 4374 effusionem,
1388 4291 1487 4362 vel
1543 4314 1666 4381 pro
1698 4291 2054 4364 aerumnis
2094 4304 2372 4363 sanetae
2404 4290 2637 4361 Eccle-

23 4397 26 4406 ·
64 4382 254 4462 siae,
293 4380 395 4451 vel
431 4404 552 4472 pro
603 4381 1055 4473 periclitantis
1088 4381 1283 4472 regni
1315 4394 1436 4452 aut
1469 4381 1664 4452 urbis
1698 4381 2631 4461 Limensis.necessitatibuS,

61 4468 185 4543 vel
240 4491 367 4561 pro
423 4471 960 4561 compensandis
1025 4483 1466 4562 peccatorum
1533 4470 1815 4561 injuriis
1848 4526 1865 4554 ,
1926 4470 2029 4542 vel
2093 4493 2215 4562 pro
2268 4467 2637 4562 expiandis
