3308 5004
184 318 379 388 mc.
433 316 521 382 20
849 334 930 382 nr.
975 335 1034 382 s.
1084 334 1419 384 namnum
1463 336 1607 384 Anu.
1659 333 2047 385 crsasum..
2526 321 2655 387 468

182 423 342 515 ipso
399 420 682 509 quidem
737 429 994 510 poterat
1041 421 1384 510 compesci
1446 420 1827 504 miracu10,
1882 443 2021 509 quo
2069 422 2305 494 minus
2361 421 2744 514 increparet

182 533 377 591 eum,
431 520 499 580 et
550 508 1139 600 *praesumptionis
1176 521 1535 600 argueret,
1586 510 1770 599 quod
1823 511 2240 598 acquieverit
2297 524 2575 603 tangere
2625 514 2743 583 bo·

189 601 490 670 minem:
546 611 733 668 tanta
766 596 1107 685 siquidem
1158 597 1490 667 charitate
1539 620 1662 689 pro
1699 620 1780 669 eo
1827 600 2139 670 solicitus
2171 600 2322 669 suit.

279 691 321 776 §
368 692 524 760 am.
579 687 766 756 Circa
799 687 979 756 idem
1016 697 1290 776 tempus
1321 687 1595 769 accidit,
1634 702 1713 758 ut
1737 688 2131 759 avunculus
2162 690 2313 779 eJus
2348 688 2737 772 Galdricus,

241 778 319 846 ui
363 790 428 846 et
461 779 628 867 ipse,
680 774 825 846 zelo
876 775 1117 857 simili,
1169 776 1321 865 ejus
1369 777 2002 859 mansuetudinem,
2033 777 2213 846 sicut
2245 778 2736 868 praediximuS,

188 799 390 937 :iuris
434 865 1028 955 increpationibus
1075 864 1449 944 obruebat,
1503 867 1936 956 gravissimis
1997 865 2307 936 febribus
2368 866 2737 939 laboraret.

199 961 481 1025 Demum
531 955 1062 1046 ingravescente
1096 953 1356 1034 morbo,
1420 954 1574 1044 ipsa
1619 953 1878 1024 doloris
1929 955 2408 1045 magnitudine
2454 977 2743 1046 supera-

192 1058 328 1124 tus„
372 1043 696 1114 Abbatem
747 1041 1536 1134 humilisupplicatione
1568 1044 1958 1133 compellit,
2012 1056 2091 1114 ut
2136 1045 2246 1116 sui
2307 1043 2737 1123 misereatur,

185 1145 254 1202 et
285 1153 486 1223 opem
521 1132 656 1202 sibi
686 1131 877 1213 ferat,
912 1152 1121 1220 quam
1171 1132 1459 1202 caeteris
1489 1133 1868 1203 consuevit.
1897 1138 1973 1202 At
2024 1133 2162 1213 ille,
2219 1134 2421 1222 cujus
2455 1133 2743 1223 spiritus

186 1243 402 1312 super
448 1220 583 1290 mel
633 1219 883 1302 dulcis,
925 1221 1227 1311 primum
1279 1220 1524 1290 leniter
1546 1220 1977 1309 breviterque
2019 1242 2575 1292 commemorans
2596 1243 2745 1292 cre-

189 1311 355 1382 bras
394 1332 605 1400 super
650 1308 1054 1399 hujusmodi
1102 1309 1618 1399 objurgationes
1669 1310 1915 1400 ipsius,
1980 1322 2046 1379 et
2093 1311 2460 1401 imponens
2514 1312 2601 1393 ei,
2658 1334 2742 1381 ne

190 1399 362 1469 forte
415 1399 584 1469 haec
635 1397 889 1468 diceret
937 1410 1207 1468 tentans
1253 1419 1467 1468 eum:
1525 1400 1914 1489 persistenti
1978 1411 2205 1468 tamen
2261 1407 2545 1468 manum
2607 1400 2743 1468 im-

192 1488 409 1579 ponit,
451 1499 518 1557 et
548 1486 802 1557 febrem
847 1486 1215 1557 abscedere
1270 1487 1492 1574 jubet.
1545 1493 1676 1557 Nec
1730 1509 1965 1558 mora:
2019 1488 2102 1557 ad
2163 1488 2536 1578 imperium
2589 1489 2744 1574 ejus

192 1577 473 1664 reliquit
502 1597 660 1646 eum
704 1575 937 1656 febriS,
992 1588 1346 1665 expertum
1393 1576 1460 1644 in
1497 1576 1890 1667 semetipso,
1933 1577 2118 1664 quod
2170 1577 2239 1645 in
2290 1577 2577 1647 caeteris
2628 1599 2742 1646 ar·-

190 1667 469 1756 guebat.
509 1670 585 1736 Et
622 1666 679 1734 is
724 1665 1003 1752 quidem
1047 1664 1450 1744 Graldricus,
1502 1687 1664 1735 cum
1731 1666 1798 1734 in
1851 1664 2223 1736 claravalle
2276 1666 2539 1753 aliquot
2589 1667 2739 1756 jam

239 1766 547 1846 erageret
591 1775 849 1832 annOS,
911 1752 1178 1823 fervens
1224 1753 1516 1844 spiritu,
1569 1767 1635 1824 et
1681 1755 1891 1824 totius
1949 1755 2110 1825 boni
2170 1755 2587 1838 aemulator,
2659 1776 2742 1825 ex

220 1866 348 1913 uce
414 1842 757 1933 migravit.
801 1843 930 1926 Qui
977 1854 1135 1911 ante
1185 1842 1323 1912 sere
1377 1864 1587 1912 unam
1644 1843 1882 1913 boram
1952 1843 2214 1923 mortis,
2270 1844 2585 1914 turbatus
2650 1844 2737 1912 ad

194 1942 648 2012 momentum,
698 1943 765 2001 et
811 1942 947 2002 toto
993 1952 1277 2021 corpore
1337 1930 1731 2002 terribiliter
1780 1943 2005 2001 motus
2049 1930 2429 2004 infremuit:
2483 1931 2597 2001 scd
2649 1932 2740 2001 ad

198 2022 560 2111 pristinam
610 2020 837 2089 statim
879 2020 1310 2090 serenitatem
1371 2042 1717 2101 reversus,
1775 2020 2103 2110 deinceps
2171 2020 2364 2090 vultu
2412 2019 2741 2112 placidis-

193 2110 372 2180 simo
409 2109 763 2199 expiravit.
818 2108 1046 2179 Noluit
1077 2122 1306 2178 autem
1341 2110 1672 2180 Dominus
1701 2109 2045 2179 solicitum
2096 2109 2375 2179 Abbatis
2422 2111 2739 2178 animum

197 2198 413 2283 husus
462 2199 554 2267 rei
603 2199 991 2289 cognitione
1038 2198 1370 2267 fraudari.
1433 2198 1787 2299 Siquidem
1842 2210 1991 2287 post
2034 2197 2299 2284 aliquot
2355 2197 2504 2267 dics
2554 2198 2738 2267 idem

197 2291 290 2356 Ga
325 2286 557 2357 dricus
590 2308 932 2377 apparens
978 2288 1041 2355 ei
1076 2286 1144 2355 in
1180 2287 1329 2356 visu
1360 2300 1603 2367 nocttS,
1638 2309 1802 2356 cum
1836 2287 2072 2356 omnia
2104 2307 2268 2377 erga
2307 2306 2378 2355 se
2413 2307 2739 2386 prospera

191 2396 343 2444 esse
390 2376 767 2446 sciscitanti
803 2374 1265 2466 responderet,
1318 2376 1476 2445 etin
1528 2398 1784 2477 magna
1817 2397 1889 2445 se
1921 2375 2388 2465 gratularetur
2414 2375 2739 2445 felicitate

195 2463 513 2547 locatum,
557 2465 840 2536 demum
892 2464 1349 2556 interrogatus
1379 2475 1504 2545 est,
1555 2464 1723 2553 quud
1788 2464 1921 2535 sibi
1971 2463 2261 2535 voluerit
2309 2478 2448 2533 tam
2488 2465 2738 2534 acerba

193 2553 308 2622 illa
345 2555 415 2623 in
468 2568 707 2635 morte,
765 2569 1040 2642 tamque
1088 2577 1159 2624 re
1211 2554 1445 2624 entina
1475 2553 1869 2625 commotio.
1926 2554 2201 2624 Dicebat
2247 2566 2501 2633 autem,
2547 2554 2737 2641 quod

193 2642 330 2712 duo
378 2644 667 2732 spiritus
728 2664 1023 2729 nequam
1076 2663 1156 2712 ve
1185 2656 1261 2713 ut
1316 2643 1387 2713 in
1451 2656 1733 2733 puteum
1803 2643 2187 2714 horrendae
2249 2641 2738 2733 profunditatis

192 2752 347 2799 eum
387 2731 837 2822 praecipitare
886 2743 1281 2821 parassent:
1347 2732 1531 2802 unde
1591 2732 2053 2815 territu3,·ita
2111 2732 2558 2803 contremuit:
2613 2731 2737 2801 sed

189 2819 384 2889 beato
418 2824 611 2891 Petro
658 2820 1078 2890 accelerante
1110 2833 1407 2911 ereptus,
1444 2820 1617 2890 nihil
1653 2823 1865 2892 sensit
1912 2821 2152 2891 deince
2207 2843 2241 2890 s
2296 2820 2641 2890 laesionis

275 2912 312 2996 ἕ
360 2913 501 2981 zu.
556 2914 865 2999 Longum
895 2920 1000 2979 est
1043 2922 1291 2979 cuncta
1314 2931 1660 2991 enarrare,
1695 2932 1873 2997 quae
1921 2932 2131 3000 super
2217 2910 2275 2979 is
2319 2910 2441 2997 qui
2486 2907 2571 2977 de
2605 2909 2736 2977 hac

191 2997 326 3066 vita
356 2996 835 3077 discesserant,
873 3010 939 3067 et
974 3019 1214 3069 eorum
1265 2997 1605 3079 felicitate,
1650 3021 1776 3069 seu
1805 2999 2012 3070 etiam
2044 2998 2468 3078 necessitate,
2500 2996 2738 3067 divina

188 3085 252 3155 ei
299 3087 518 3175 gratia
549 3086 849 3157 revelare
886 3086 975 3157 ab
1023 3086 1198 3178 ipsis
1237 3086 1453 3159 initiis
1496 3089 1876 3160 consuevit.
1930 3094 2157 3159 Unum
2210 3100 2433 3158 tamen
2476 3086 2731 3167 dicam,

188 3175 369 3262 quod
420 3176 509 3247 ob
557 3175 843 3246 fratrum
902 3176 1507 3246 commonitionem
1558 3176 1923 3264 aliquoties
1968 3178 2173 3246 etiam
2232 3177 2380 3267 ipse
2431 3196 2739 3245 comme-

193 3285 461 3333 morare
515 3265 798 3335 solebat.
852 3270 1083 3335 Frater
1143 3265 1426 3352 quidam
1480 3265 1699 3336 bonae
1748 3266 2184 3347 intentionis,
2249 3263 2368 3336 sed
2429 3263 2737 3334 durioris

186 3372 348 3443 erga
396 3366 696 3425 caeteros
729 3353 970 3425 fratres
1016 3354 1575 3436 conversationiS,
1626 3366 1693 3424 et
1744 3355 1976 3424 minus
2021 3353 2472 3445 compatiens,
2520 3375 2731 3441 quam

187 3439 486 3524 deberet,
526 3442 595 3511 in
647 3443 1061 3513 monasterio
1090 3441 1460 3514 defunctus
1496 3454 1621 3513 est.
1659 3448 1814 3513 Post
1848 3465 2103 3534 paucos
2144 3455 2374 3513 autem
2408 3441 2556 3511 dies
2590 3441 2738 3512 viro

190 3530 308 3599 Dei
357 3530 680 3621 apparuit
706 3531 901 3603 vultu
950 3531 1231 3632 lugubri
1269 3545 1336 3602 et
1372 3531 1616 3603 habitu
1665 3530 2085 3613 miserabili,
2148 3531 2203 3600 si
2261 3531 2555 3600 nificans
2595 3552 2734 3600 non

187 3617 270 3688 ad
337 3632 568 3689 votum
629 3632 880 3691 cuncta
925 3621 1060 3690 sibt
1106 3622 1497 3691 succedere.
1552 3625 2020 3712 Interrogatus
2078 3620 2200 3708 qui
2296 3620 2430 3689 sibi
2499 3632 2729 3701 esset,

185 3720 482 3795 quatuor
527 3708 800 3781 lacertis
845 3730 991 3780 sese
1025 3708 1352 3780 traditum
1381 3709 1862 3799 quaerebatur.
1901 3708 1996 3778 Ad
2027 3707 2211 3796 quod
2253 3708 2536 3778 verbum
2572 3729 2737 3777 con-

189 3795 381 3866 tinuo
429 3797 777 3887 impulsus
823 3810 947 3880 est,
976 3810 1043 3868 et
1088 3800 1288 3887 quasi
1328 3798 1860 3889 praecipitanter
1902 3797 2236 3888 expulsus
2288 3820 2330 3868 a
2377 3796 2548 3866 facie
2602 3795 2732 3864 viri

189 3885 329 3955 Dei.
365 3886 495 3968 Qui
526 3887 804 3987 gravius
852 3886 1335 3978 ingemiscens,
1376 3899 1528 3978 post
1574 3900 1844 3977 tergum
1877 3888 2029 3975 eJ'us
2058 3885 2424 3956 clamavit:
2465 3907 2502 3950 «
2536 3888 2735 3953 Prae·

192 3972 370 4063 cipio
393 3974 514 4044 tibi
552 3997 620 4044 in
656 3975 932 4047 nomine
961 3975 1255 4059 Domini,
1294 3989 1370 4047 ut
1397 3975 1697 4063 qualiter
1728 3988 1951 4046 tecum
1987 3987 2254 4065 agatur,
2292 3985 2443 4064 post
2475 3993 2732 4063 paucos

193 4060 339 4132 dies
386 4063 559 4133 mihi
605 4065 855 4135 iterum
887 4065 1342 4135 innotescas.»
1381 4070 1459 4135 Et
1494 4086 1870 4135 conversus
1906 4062 1994 4133 ad
2042 4063 2422 4132 orationem
2463 4082 2586 4151 pro
2618 4082 2723 4141 eo,

194 4162 259 4220 et
293 4149 703 4225 oblationem
768 4154 1028 4225 hostiae
1075 4153 1436 4236 salutaris,
1496 4154 1769 4242 aliquos
1837 4152 2080 4222 fratres
2136 4151 2339 4220 etiam
2372 4204 2387 4231 ,
2431 4170 2731 4238 quorum

192 4239 593 4330 ampliorem
632 4256 907 4313 noverat
952 4243 1405 4325 sanctitatem,
1453 4242 1680 4313 eidem
1716 4242 2034 4313 similiter
2084 4238 2449 4309 subvenire
2496 4259 2730 4308 mone-

191 4327 329 4399 bat.
367 4334 495 4401 Nec
542 4354 700 4402 vero
731 4332 1012 4415 destitit,
1064 4332 1283 4402 donec
1332 4344 1483 4422 post
1505 4331 1770 4419 aliquot
1813 4331 1987 4410 dies,
2043 4329 2224 4401 sicut
2263 4339 2723 4430 praeceperat,

194 4439 315 4509 per
359 4418 566 4491 aliam
595 4420 1076 4493 revelationem
1106 4420 1382 4514 cognita
1412 4420 1565 4512 ejus
1589 4420 2017 4502 liberatione,
2064 4432 2317 4491 meruit
2353 4417 2719 4490 consolari.
