3308 5004
232 315 419 382 AUG.
475 316 562 382 29
860 334 929 382 m
975 333 1170 382 πετο
1217 334 1551 383 uncorum.
1609 337 1663 383 s.
1719 334 1946 384 somn.
2002 333 2185 383 nur.
2576 320 2709 385 7¹5

234 419 421 488 enim
455 416 599 486 illic
648 417 964 501 dimiss0,
1001 419 1298 511 digressi
1332 418 1632 508 sumus),
1691 419 1995 491 Herodes
2050 419 2344 491 faciebat
2383 441 2671 493 coenam
2724 422 2796 491 in

234 531 363 579 suo
405 506 614 576 natali
654 508 1079 594 proceribus„
1108 520 1175 578 et
1215 508 1539 589 tribunis,
1563 521 1651 590 et,
1689 520 1766 578 ut
1800 530 2076 579 sacrum
2114 508 2284 586 dicit
2315 509 2790 600 Evangelium,

237 596 485 688 primis
540 594 905 667 Galilaeae.
977 596 1227 667 Deinde
1275 598 1344 667 in
1414 618 1630 668 coena
1682 596 2174 675 oblectationes
2205 652 2221 679 ,
2279 610 2346 668 et
2394 599 2799 670 inhonestae

235 685 714 756 recreationes.
753 689 1030 776 Oportet
1075 687 1262 756 enim
1311 708 1427 756 eas
1476 708 1754 774 quoque
1799 686 2054 765 dicere,
2113 687 2373 774 quibus
2421 693 2562 759 Rex
2622 710 2794 759 usus

233 790 334 845 est
382 773 565 865 apud
599 795 716 846 eos
747 775 866 862 qui
910 775 1175 845 invitati
1218 775 1515 846 fuerant.
1554 774 1827 846 Accedit
1861 774 2092 865 puella
2138 775 2426 858 saltans,
2477 798 2614 847 non
2705 776 2800 847 le-

236 864 388 955 beja
436 862 694 950 aliqua,
766 875 886 933 aut
934 887 1075 934 una
1128 887 1209 934 ex
1256 863 1508 954 vulgn,
1564 863 1682 935 sed
1740 885 1917 952 quae
1967 863 2324 935 nominata
2371 864 2594 935 fuerat
2698 865 2794 936 lia

235 958 328 1023 Re
383 952 462 1035 is,
516 967 582 1022 et
613 951 804 1023 illius
841 951 1064 1041 ipsius
1103 953 1332 1044 Regis,
1376 954 1495 1042 qui
1552 953 1866 1022 convivio
1913 966 2293 1042 exceperat.
2361 959 2492 1025 Nec
2541 955 2794 1024 erube-

236 976 464 1112 sceffiat
504 1043 767 1131 Regina
796 1040 1039 1123 filiam,
1070 1064 1386 1130 eamque,
1422 1054 1497 1111 ut
1518 1040 1903 1124 videbatur,
1944 1042 2280 1132 virginem
2315 1042 2792 1124 introducens,

232 1144 297 1200 et
334 1129 698 1201 saltantem
746 1131 1136 1219 producens
1167 1130 1236 1199 in
1271 1143 1720 1221 conspectum
1773 1143 1867 1201 tot
1910 1130 2407 1213 masculorum,
2462 1153 2604 1201 rem
2637 1154 2796 1290 tpu—

234 1219 411 1290 dicis
458 1220 681 1289 oculis
731 1241 866 1290 non
905 1219 1129 1291 solum
1167 1219 1653 1310 injucundam,
1690 1218 1810 1289 sed
1858 1219 2065 1290 etiam
2107 1218 2495 1293 ,vitandam.
2551 1224 2635 1290 Se
2720 1220 2794 1290 id

231 1307 549 1379 consulto
579 1309 849 1398 agebat,
902 1321 977 1378 ut
1009 1322 1542 1400 cognosceretur
1586 1330 1796 1396 quam
1843 1321 2022 1379 esset
2070 1309 2356 1379 honesta
2418 1331 2522 1386 ea.
2626 1331 2792 1380 uam

233 1402 370 1468 Rex
418 1397 731 1478 duxerat,
787 1410 853 1467 et
881 1420 961 1467 ex
1008 1397 1237 1468 fructu
1266 1398 1494 1478 arbor,
1532 1411 1708 1470 etex
1747 1395 1892 1467 filia
1928 1410 2143 1468 mater
2172 1411 2409 1489 aperta
2447 1331 2791 1469 evageret.

231 1492 309 1556 Et
344 1487 490 1577 ipsa
526 1485 808 1574 quidem
866 1509 984 1576 per
1023 1487 1251 1557 illam:
1293 1487 1414 1575 qui
1449 1486 1738 1558 duxerat
1776 1500 2030 1568 autem,
2074 1508 2193 1576 per
2236 1502 2605 1575 utramque
2641 1487 2797 1558 lau-

231 1575 509 1647 dandus
543 1574 887 1646 videretur
917 1588 982 1645 et
1028 1577 1295 1646 beatus.
1354 1574 1515 1645 Vide
1545 1598 1702 1646 vero
1754 1575 1918 1646 mali
1964 1597 2241 1664 quoque
2290 1576 2788 1648 accessionem.

232 1665 417 1735 Patri
460 1663 720 1755 placuit
796 1664 982 1752 quod
1057 1665 1312 1746 fiebat,
1380 1678 1658 1754 propter
1702 1664 1883 1752 quod
1936 1687 1976 1734 o
2030 1665 2294 1735 ortebat
2356 1685 2514 1735 eum
2570 1664 2795 1755 magis

236 1754 502 1843 pudore
541 1753 766 1833 affici:
812 1766 875 1824 et
905 1755 1025 1824 sic*
1052 1753 1312 1844 placuit
1346 1754 1417 1843 (o
1468 1755 1726 1844 regiam
1774 1754 1968 1823 muni
1998 1753 2358 1842 leentiam)
2389 1766 2467 1824 ut
2508 1753 2795 1843 pollice-

233 1856 423 1913 retur
458 1864 533 1928 se
569 1842 633 1912 ei
682 1865 973 1932 regnum
1025 1865 1234 1913 suum
1275 1864 1426 1913 esse
1451 1842 1870 1924 divisurum,
1916 1842 2000 1921 ad
2038 1841 2614 1913 remunerandam
2651 1864 2795 1913 rem

236 1946 374 2001 tam
416 1930 693 2022 publice
742 1931 1007 2013 utilem,
1052 1945 1116 2002 et
1153 1953 1404 2022 magno
1437 1931 1669 2001 studio
1714 1929 2039 2021 dignam:
2093 1944 2159 2001 et
2218 1932 2401 2018 quod
2454 1945 2556 2002 est
2602 1931 2795 2002 dete-

235 2022 408 2101 riu3‚
465 2042 625 2089 cum
681 2042 803 2089 nec
830 2020 949 2091 illa
986 2020 1314 2112 petiisset,
1344 2021 1459 2091 sed
1499 2021 1647 2109 ipse
1680 2040 1831 2089 eam
1870 2019 1954 2090 ad
1988 2019 2372 2111 rogandum
2409 2021 2785 2091 incitasset.
2853 2077 2858 2098 ,

320 2111 356 2196 ἓ
410 2113 580 2180 80.
626 2108 752 2179 Illa
803 2123 1031 2180 autem
1072 2109 1300 2180 laudis
1322 2132 1599 2198 quoque
1646 2120 1714 2179 et
1740 2108 1999 2199 gloriae
2033 2124 2344 2180 movetur
2382 2109 2786 2200 cupiditate,

229 2211 294 2266 et
344 2220 486 2268 rem
542 2198 704 2289 petit
755 2197 956 2290 longe
997 2200 1352 2289 majorem,
1406 2213 1482 2269 ut
1528 2219 1707 2287 quae
1754 2221 1913 2267 cum
1964 2209 2144 2268 esset
2197 2197 2420 2268 foetus
2472 2200 2790 2289 viperae,

229 2287 584 2357 didicisset
630 2287 717 2357 ab
768 2287 921 2378 ipsa
971 2301 1188 2358 matre
1230 2288 1650 2377 petitionem.
1705 2287 1982 2369 Quaerit
2014 2285 2198 2356 enim
2243 2308 2380 2356 non
2416 2285 2793 2357 dimidium

230 2377 428 2467 regni
475 2376 608 2446 sibi
661 2377 1082 2465 promissum
1115 2432 1131 2459 ,
1196 2397 1417 2465 neque
1464 2373 1731 2463 aliquid
1787 2374 2156 2461 ejusmodi,
2214 2373 2332 2444 sed
2394 2396 2561 2466 rein,
2616 2397 2796 2462 quae

227 2466 465 2536 omnia
513 2487 723 2557 regna
773 2478 991 2537 terrae
1023 2480 1324 2558 superat,
1360 2479 1425 2535 et
1461 2487 1621 2536 cum
1661 2486 1798 2553 qua
1847 2485 1931 2533 ne
1967 2464 2111 2553 ipse
2143 2463 2423 2552 quidem
2477 2464 2790 2536 mundus

226 2568 446 2645 potest
492 2555 813 2636 conferri,
867 2556 923 2624 si
974 2557 1123 2642 ejus
1172 2568 1436 2646 spectes
1475 2554 1819 2644 pretium:
1866 2574 2113 2641 nempe
2161 2565 2370 2643 caput
2419 2553 2571 2636 viri,
2603 2553 2789 2641 quod

227 2657 302 2714 tu
348 2666 624 2732 quoque
675 2645 891 2734 prius,
945 2650 1108 2726 Rex,
1144 2645 1213 2715 in
1245 2643 1541 2714 maximo
1571 2643 1827 2713 honore
1866 2641 2194 2723 habuisti,
2245 2654 2319 2712 ut
2357 2641 2511 2731 ipsa
2544 2643 2814 2713 dicunt·

225 2733 617 2822 Evangelia,
670 2747 735 2804 et
784 2756 910 2802 nos
970 2734 1166 2823 prius
1213 2731 1671 2802 ostendimus.
1739 2735 1933 2802 Nunc
1982 2744 2212 2801 autem
2268 2746 2544 2821 propter
2594 2754 2634 2801 a
2688 2755 2789 2804 ra·

225 2820 407 2890 tione
454 2821 763 2892 alienum
815 2824 913 2891 tui
960 2823 1176 2892 animi
1220 2834 1512 2901 motum,
1565 2833 1630 2888 et
1663 2821 1818 2906 ejus
1870 2821 2466 2910 reprehensioneS,
2525 2820 2594 2890 in
2631 2820 2792 2889 vin-

221 2908 383 2977 cula
428 2910 715 2998 conjicis
751 2911 975 2981 virum
1028 2911 1224 2980 illum
1278 2909 1794 2988 venerandum,
1849 2921 1916 2978 et
1971 2931 2106 2978 non
2158 2907 2385 2979 solum
2435 2909 2734 2997 conjicis
2769 2963 2786 2992 ,

222 2996 342 3066 sed
390 2999 596 3067 etiam
648 2999 1025 3070 interimis:
1062 3011 1126 3068 et
1174 2997 1348 3068 illud
1397 3010 1608 3087 caput
1638 2997 1841 3067 malis
1883 2996 2124 3067 vendis
2153 2999 2536 3078 amoribus,
2588 2998 2784 3080 tales,

222 3108 264 3154 0
323 3085 581 3168 infelix,
689 3089 895 3159 ratias
952 3091 1015 3159 ei
1070 3087 1368 3176 largiens
1404 3141 1419 3164 ,
1487 3087 1693 3174 cujus
1758 3100 1831 3155 tu
1882 3086 2069 3176 turpi
2118 3107 2353 3155 amore
2404 3088 2782 3158 tenebaris.

224 3175 394 3257 Quis
444 3197 598 3245 vero
678 3178 777 3246 uit
826 3178 938 3247 hic
991 3179 1427 3267 praetextus?
1476 3181 1565 3247 Ne
1592 3174 2095 3263 jusjurandum
2149 3174 2557 3255 transilires,
2610 3176 2795 3266 Justi

222 3264 688 3355 interemptio.
737 3265 1011 3337 Clarum
1059 3278 1161 3333 est
1207 3265 1422 3344 enim,
1478 3277 1541 3334 te
1586 3286 1738 3334 esse
1791 3263 2176 3353 pollicitum
2208 3318 2224 3345 ,
2271 3265 2482 3354 regni,
2519 3264 2621 3334 tui
2681 3263 2793 3333 di-

224 3352 527 3422 midium
588 3354 652 3422 ei
700 3354 1053 3426 daturum.
1113 3357 1258 3423 Hoc
1326 3365 1554 3424 autem
1618 3352 1787 3441 quid
1838 3365 1939 3424 est
2003 3351 2234 3433 aliud,
2289 3374 2498 3440 quam
2573 3375 2788 3443 opeS,

223 3443 585 3532 pecuniae,
653 3442 902 3533 jugera
983 3456 1223 3524 terrae,
1291 3442 1511 3544 gloria
1560 3443 1646 3512 ad
1699 3454 2016 3532 tompuS,
2069 3462 2368 3529 quorum
2422 3441 2572 3531 ipse
2634 3465 2795 3514 eras

218 3530 601 3601 dominus?
649 3536 829 3602 Haec
890 3530 1078 3602 enim
1141 3532 1200 3602 si
1248 3553 1312 3602 ei
1359 3555 1399 3601 a
1452 3545 1513 3602 te
1562 3554 1643 3601 ex
1709 3552 1928 3618 aequo
2005 3544 2235 3601 essent
2284 3530 2531 3612 divisa,
2590 3543 2794 3602 tuum

216 3633 739 3692 conservassent
769 3620 1297 3711 jusjurandum.
1345 3621 1485 3691 Viri
1533 3634 1764 3690 autem
1815 3618 2061 3689 caedes
2091 3673 2106 3696 ,
2162 3618 2291 3688 viri
2345 3618 2513 3701 dixi,
2580 3620 2796 3690 immo

219 3730 381 3778 vero
430 3709 583 3791 plus
622 3733 829 3797 quam
883 3711 1036 3790 viri,
1079 3709 1249 3799 quid
1281 3733 1442 3781 cum
1479 3709 1589 3780 his
1613 3730 1987 3779 commune
2022 3708 2320 3778 habebat
2366 3708 2552 3799 apud
2589 3731 2782 3791 eum,

217 3797 338 3882 qui
389 3811 851 3889 temperanter
900 3800 1083 3880 vivit,
1136 3813 1203 3869 et
1242 3814 1462 3870 rectas
1505 3799 1690 3889 leges
1722 3797 2256 3885 sequitur-wisi
2306 3797 2435 3867 hoc
2485 3797 2610 3867 tibi
2646 3810 2796 3868 erat

224 3906 534 4041 repnare,
588 3890 937 3974 subjectos
987 3888 1181 3959 nulla
1228 3888 1313 3958 de
1363 3910 1573 3958 causa
1623 3888 2061 3956 interimere?
2110 3892 2214 3956 Tu
2246 3900 2479 3956 autem
2534 3908 2695 3975 prae
2730 3902 2793 3956 te

225 3987 299 4043 tu
332 3975 439 4045 isti
490 3990 554 4046 te
591 3977 874 4047 moleste
903 3976 1103 4059 ferre,
1140 3990 1213 4047 ut
1244 3978 1361 4065 qui
1408 3999 1685 4047 necesse
1732 3976 2103 4046 habuisses
2124 3975 2298 4066 justi
2333 3975 2459 4044 viri
2506 3975 2792 4045 caedem

225 4066 638 4150 permittere,
683 4065 1178 4157 jurisjurandi,
1233 4078 1301 4136 et
1352 4087 1485 4135 non
1539 4065 1771 4157 legum
1810 4120 1825 4145 ,
1900 4064 2128 4134 solum
2179 4078 2412 4134 custos
2461 4063 2788 4155 diligens.

224 4150 352 4219 Sed
401 4156 570 4226 satis
611 4154 1037 4224 intellectum
1080 4169 1205 4233 est,
1264 4167 1324 4223 te
1377 4153 1463 4223 ad
1519 4176 1872 4235 novercae,
1940 4167 2017 4224 ut
2064 4154 2285 4243 ajunt,
2333 4154 2496 4223 flere
2558 4166 2796 4224 tumu-

230 4238 401 4322 lum,
456 4256 521 4312 et
560 4266 721 4334 prae
774 4257 836 4314 te
882 4243 1059 4313 serre
1108 4255 1169 4312 te
1216 4242 1391 4312 illud
1443 4242 1608 4313 dare
1651 4242 1971 4325 invitum,
2023 4241 2210 4331 quod
2261 4242 2486 4334 magis
2534 4242 2795 4334 gaude-

224 4327 376 4407 bas,
413 4353 624 4418 quam
661 4334 708 4402 ii
757 4333 883 4421 qui
936 4333 1256 4425 petebant
1300 4331 1432 4423 (a).

280 4453 346 4506 (ο)
376 4458 646 4501 oecon-tua
676 4462 752 4501 ent
780 4461 823 4502 Β.
853 4462 1141 4503 Ρτοοοιιτιοι·
1161 4469 1284 4501 mo
1305 4469 1331 4500 ι
1349 4457 1540 4499 otu-mo
1577 4459 1691 4498 noto
1722 4457 1977 4505 som-totta
1995 4466 2112 4501 nme
2130 4458 2199 4500 ³1.
2218 4459 2410 4500 smum
2430 4459 2575 4509 oopus
2593 4458 2796 4509 totqu-
