3308 5004
263 356 448 425 me.
488 357 573 424 10
750 372 833 425 ns
880 376 974 425 ss.
1025 376 1142 426 ιιι.
1194 374 1373 426 sixro
1419 377 1519 426 rr.
1568 377 1646 425 ιτ
1693 376 2046 430 unanimo
2091 379 2317 432 urm
2582 364 2700 432 24⁴

261 454 538 527 ancillis
601 456 751 527 suis
796 457 1334 528 communicavit
1387 456 1472 526 de
1532 456 1876 529 sacrificio
1938 458 2175 530 altaris
2230 459 2413 533 beati
2460 461 2809 534 Laurentii

265 545 611 636 martyris,
657 546 1016 634 Positaque
1050 549 1311 632 mensa,
1368 546 1770 636 priusquam
1822 546 2058 620 cibum
2100 562 2422 632 sumeret,
2477 562 2813 624 venerunt

261 632 517 706 milites
547 646 613 705 et
658 646 1027 706 tenuerunt
1064 655 1250 717 eum,
1304 634 1915 724 perduxeruntque
1952 635 2037 709 ad
2092 638 2371 710 Decium
2425 642 2805 714 Caesarem.

260 725 355 793 Eo
390 723 557 804 viso,
611 723 981 795 subridens
1029 724 1272 795 Decius
1311 727 1580 805 Caesar,
1632 723 1768 793 ait:
1823 724 2172 813 Numquid
2211 737 2280 797 et
2313 738 2387 800 tu
2437 748 2686 819 magus
2705 726 2812 798 ef-

258 808 484 882 fectus
528 833 646 893 es,
713 812 835 901 qui
903 834 1023 884 cor
1073 835 1155 884 us
1224 811 1569 884 Laurentii
1637 812 2009 885 abstulisse
2081 812 2391 886 diceris?
2435 816 2819 907 Respondit

264 898 722 1001 Hippolytus:
754 923 791 968 «
820 902 990 990 Equi
1045 922 1152 971 em
1180 900 1250 971 id
1276 900 1431 983 feci,
1465 922 1601 974 nou
1626 916 1708 990 ut
1725 923 2003 994 magus,
2038 902 2152 974 sed
2191 915 2264 974 ut
2307 904 2814 980 Christianus.»

265 991 511 1060 Decius
553 994 802 1061 Caesar
845 989 1075 1061 furore
1119 1002 1501 1082 correptus,
1552 988 1767 1078 jussit
1811 1012 1889 1062 os
1936 990 2091 1079 ejus
2150 990 2509 1083 lapidibus
2565 994 2814 1066 tundi:

265 1076 741 1180 expoliataque
787 1093 990 1159 veste,
1045 1100 1184 1168 qua
1231 1100 1360 1150 ceu
1406 1078 1836 1152 Christianus
1880 1080 2247 1162 utebatur,
2302 1081 2438 1152 ait:
2492 1082 2817 1156 Sacrifica

262 1165 423 1248 diis,
467 1167 952 1242 obsecundans
1001 1189 1088 1239 ue
1148 1168 1530 1260 praeceptis
1579 1168 1855 1250 nostris,
1909 1169 2058 1238 vive
2113 1181 2180 1241 et
2245 1169 2475 1242 fruere
2522 1170 2811 1244 militiae

261 1257 711 1329 ornamentis.
745 1257 972 1349 Hippo
999 1256 1392 1358 ytusdixit:
1439 1278 1475 1326 «
1506 1261 1651 1327 Non
1686 1277 1796 1329 me
1841 1257 2225 1348 expoliasti,
2269 1257 2383 1330 sed
2431 1258 2660 1348 potius
2694 1280 2808 1330 ve·-

266 1345 430 1415 stire
455 1345 764 1436 coepisti.
805 1372 829 1410 i
862 1351 1106 1417 Decius
1124 1349 1376 1416 Caesar
1406 1345 1542 1415 ait:
1594 1350 1691 1418 An
1720 1366 1856 1416 non
1888 1366 1963 1416 es
1995 1345 2222 1418 cultor
2251 1346 2597 1418 deorum?
2627 1347 2805 1431 Quid

265 1433 357 1504 ita
395 1434 532 1505 insi
590 1435 735 1505 iens
767 1433 990 1506 factus
1027 1454 1124 1516 es,
1169 1447 1408 1505 utnon
1442 1434 1810 1505 erubescas
1851 1433 2169 1506 nuditate
2200 1436 2805 1528 tuaPHippolytus

266 1544 511 1613 respon
570 1524 659 1593 it:
697 1528 879 1615 «Ego
909 1545 1066 1594 vero
1098 1535 1163 1592 et
1190 1522 1490 1613 sapiens,
1526 1534 1592 1592 et
1618 1522 2048 1595 Christianus
2093 1524 2377 1595 effectus
2409 1547 2564 1596 sum
2593 1548 2609 1593 ε
2639 1547 2806 1601 nam

265 1611 655 1702 ignorantia
700 1626 846 1683 tuni
880 1611 1321 1694 laborabam,
1359 1611 1638 1699 quando
1691 1610 1822 1683 feci
1859 1611 2050 1700 quod
2101 1625 2177 1683 tu
2221 1612 2522 1683 credis.»
2567 1614 2811 1685 Decius

266 1704 510 1771 Caesar
554 1700 765 1772 dixit:
803 1701 1124 1772 Sacrifica
1154 1714 1223 1771 et
1268 1701 1438 1772 vive.
1484 1721 1569 1771 ne
1600 1721 1838 1791 pereas
1874 1721 1996 1791 per
2024 1712 2389 1782 tormenta,
2420 1702 2604 1774 sicut
2629 1708 2812 1776 Lau-

264 1790 553 1860 rentius.
604 1789 1018 1881 Hippolytus
1071 1791 1205 1860 ait:
1271 1812 1307 1856 «
1346 1789 1613 1860 Utinam
1664 1789 2054 1879 exemplum
2107 1789 2256 1860 fieri
2312 1811 2578 1862 merear
2630 1791 2808 1864 beati

266 1879 616 1949 Laurentii
650 1879 996 1970 martyris,
1025 1900 1232 1967 quem
1266 1889 1342 1949 tu
1364 1878 1573 1949 miser
1597 1899 1814 1950 ausus
1834 1899 1907 1948 es
1938 1899 2053 1949 ore
2129 1878 2343 1951 olluto
2378 1880 2810 1951 nominare.»

266 1968 513 2038 Decius
560 1972 804 2039 Caesar
858 1967 1074 2039 dixit:
1144 1965 1497 2041 Extendite
1541 1987 1741 2050 eum,
1791 1979 1858 2037 et
1904 1965 2070 2040 fusti
2122 1989 2207 2040 us
2270 1967 2560 2040 caedite.
2617 1968 2809 2052 Quod

265 2077 428 2126 cum
464 2055 588 2127 diu
626 2056 840 2139 fieret,
877 2056 1016 2127 ait:
1068 2055 1334 2127 Gratias
1380 2076 1509 2146 ago
1557 2059 1691 2126 Deo
1742 2076 1916 2125 meo.
1983 2056 2227 2127 Decius
2278 2055 2493 2128 dixit:
2542 2057 2813 2130 Deridet

267 2142 483 2215 fustes
529 2144 978 2236 Hippolytus:
1028 2144 1311 2215 carduis
1369 2143 1629 2215 caedite
1676 2166 1861 2214 eum.
1916 2144 2287 2216 Caedentes
2335 2156 2563 2217 autem
2615 2167 2805 2230 eum,

264 2232 717 2304 deficiebant:
756 2255 958 2336 porro
1006 2233 1414 2335 Hippolytus
1472 2254 1725 2323 magna
1774 2254 1933 2334 voce
1980 2233 2346 2314 clamabat,
2402 2234 2806 2335 glorificans

265 2326 529 2405 Deum,
595 2335 661 2394 et
707 2322 985 2394 dicens:
1038 2323 1466 2394 Christianus
1513 2343 1696 2392 sum.
1779 2325 2020 2394 Decius
2084 2327 2332 2392 Caesar
2378 2335 2513 2392 ait:
2567 2329 2807 2397 Levate

263 2433 421 2482 eum
472 2434 513 2482 a
560 2422 760 2482 terra.
831 2415 1139 2499 Cumque
1188 2421 1364 2481 esset
1400 2409 1686 2490 levatus,
1733 2409 1947 2500 jussit
2004 2432 2164 2481 eum
2222 2410 2468 2482 habitu
2517 2413 2804 2483 militari

267 2499 490 2583 indui,
527 2524 666 2590 quo
705 2500 981 2593 gentilis
1027 2523 1198 2572 usus
1244 2499 1504 2583 fuerat,
1556 2498 1863 2587 dixitque
1909 2498 1993 2570 ad
2057 2498 2303 2571 illum:
2367 2505 2625 2572 Memor
2660 2513 2805 2573 esto

267 2590 553 2661 militiae
585 2603 762 2672 tuae,
812 2603 878 2661 et
922 2591 1020 2660 sis
1065 2589 1334 2660 amicus
1391 2594 1659 2670 noster,
1725 2600 1929 2677 atque
2005 2588 2077 2658 in
2128 2601 2500 2680 conspectu
2575 2602 2808 2662 nostro

265 2677 493 2750 fruere
542 2679 787 2751 militia
835 2678 1148 2780 pristina,
1199 2690 1277 2748 ut
1324 2699 1464 2747 sem
1522 2698 1596 2748 er
1642 2677 2082 2749 consuevisti.

352 2770 391 2857 ὃ
441 2773 604 2841 ²6.
657 2773 727 2838 B.
781 2768 1195 2926 Hippolgtus
1224 2766 1459 2838 dixitc
1490 2788 1607 2837 ara
1657 2786 1853 2836 voce:
1908 2788 1945 2835 «
1977 2765 2218 2836 Militia
2260 2786 2410 2836 mea
2462 2764 2632 2837 haec
2679 2779 2804 2850 est,

267 2869 345 2926 ut
385 2879 494 2927 me
549 2868 942 2928 constanter
1085 2856 1451 2927 ristianum
1516 2853 1804 2926 militem
1877 2854 2246 2925 declarem.
2311 2859 2546 2943 Itaque
2610 2856 2816 2947 cupio

269 2945 585 3016 celeriter
629 2945 714 3016 ad
752 2944 1055 3036 palmam
1103 2966 1263 3016 oum
1313 2943 1543 3014 fructu
1593 2943 2019 3034 pervenire.»
2064 2944 2309 3015 Decius
2365 2944 2466 3014 ira
2521 2944 2812 3028 fervens,

265 3034 438 3105 dixit
483 3034 568 3105 ad
627 3034 1058 3105 Valerianum
1111 3031 1567 3125 praefectum:
1621 3031 1865 3123 Accipe
1909 3054 2150 3104 omnes
2203 3032 2566 3104 facultates
2626 3033 2805 3122 ejus,

264 3136 329 3213 et
374 3145 535 3194 eum
576 3122 840 3194 crudeli
886 3122 1391 3193 examinatione
1439 3120 1780 3191 interfice.
1833 3121 2083 3192 Eodem
2121 3121 2233 3191 die
2291 3119 2694 3193 Valerianus
2742 3123 2815 3193 in

267 3234 512 3283 omnes
557 3212 713 3301 ejus
768 3210 1124 3282 facultates
1180 3211 1542 3299 inquirens
1570 3264 1586 3292 ,
1654 3210 1916 3280 invenit
1962 3210 2032 3278 in
2095 3209 2301 3281 domo
2337 3209 2492 3298 ejus
2536 3231 2812 3283 omnem

268 3300 605 3372 familiam
643 3301 1121 3383 Christianam,
1174 3320 1427 3388 eosque
1465 3299 1537 3370 in
1587 3320 1795 3370 suum
1822 3310 2266 3388 conspectum
2320 3299 2665 3424 praecepit
2688 3299 2813 3370 ad·-

264 3389 456 3461 duci.
510 3394 666 3460 Erat
699 3389 767 3459 in
818 3390 903 3459 iis
963 3389 1165 3460 etiam
1229 3388 1462 3460 nutrix
1511 3388 1690 3459 beati
1744 3387 2100 3479 Hippolyti
2146 3387 2521 3458 Concordia
2647 3409 2807 3459 cum

268 3480 519 3550 marito
550 3499 699 3550 suo.
751 3478 1152 3549 Valerianus
1207 3477 1591 3569 praefectus
1632 3475 1805 3547 dixit
1850 3475 1937 3547 ad
1980 3497 2120 3558 θος,
2160 3488 2516 3568 praesente
2545 3476 2808 3568 Hippo-

271 3566 289 3637 l
341 3582 451 3639 to:
491 3566 824 3638 Attendite
868 3588 1090 3637 annos
1137 3580 1429 3647 vestros,
1483 3587 1568 3636 ne
1618 3564 1829 3636 simul
1878 3566 2171 3655 pereatis
2218 3587 2379 3637 cum
2438 3565 2807 3657 Hippolyto

316 3657 554 3728 omino
601 3668 844 3727 vestro.
895 3654 1278 3746 Respondit
1323 3653 1745 3725 Concordia:
1798 3658 1990 3725 «Nos
2034 3676 2194 3725 cum
2243 3654 2525 3726 domino
2574 3668 2809 3726 nostro

272 3758 593 3836 optamus
632 3744 860 3836 potius
899 3743 1150 3834 pudice
1200 3744 1397 3826 mori,
1431 3764 1638 3831 quam
1693 3742 2046 3844 impudice
2080 3743 2370 3844 viyere.»
2410 3743 2810 3814 Valerianus

274 3835 656 3939 praefectus
701 3834 836 3904 ait:
882 3838 1114 3905 Genus
1162 3853 1512 3903 servorum
1557 3852 1693 3901 non
1730 3852 1865 3900 nisi
1911 3831 2315 3903 verberibus
2365 3831 2805 3902 emendatur:

268 3923 613 4011 ,iussitque
641 3916 1085 3993 Cbncordiam
1137 3920 1514 4011 plumbatis
1544 3918 1765 3990 caedi.
1799 3924 1893 3989 Ea
1922 3919 2089 3990 dum
2125 3920 2546 4001 caederetur,
2582 3920 2814 3990 emisit

276 4011 620 4101 spiritum,
661 4024 1013 4102 praesente
1055 4008 1442 4112 Hippolyto,
1485 4009 1608 4097 qui
1654 4007 2249 4109 exultansfldixit:
2306 4031 2342 4076 «
2377 4008 2640 4079 Gratias
2688 4009 2813 4080 tibi

274 4120 402 4189 ago
431 4100 742 4182 Domine,
795 4100 980 4189 quod
1035 4110 1372 4169 nutricem
1425 4117 1645 4168 meam
1699 4097 2116 4189 praemisisti
2163 4108 2320 4169 ante
2366 4108 2812 4187 conspectum

277 4202 668 4260 sanctorum
718 4202 1069 4261 tuorum.»
1117 4186 1518 4259 Valerianus
1555 4184 1939 4277 praefectus
1968 4185 2064 4257 ait
2095 4185 2183 4256 ad
2232 4207 2415 4256 eum:
2453 4184 2690 4258 Adhuc
2737 4198 2814 4258 tu

267 4278 566 4349 confidis
596 4278 884 4370 magicis
922 4277 1211 4358 artibus,
1245 4287 1312 4346 et
1340 4297 1466 4346 nec
1500 4274 1799 4347 honoras
1823 4274 2010 4355 deos,
2055 4296 2181 4345 nec
2214 4276 2595 4367 praeceptis
2622 4276 2814 4368 prin-

266 4367 506 4457 cipum
554 4366 1038 4438 obsecundas?
1085 4371 1447 4453 Iratusque
1495 4363 1864 4455 praecepit,
1917 4375 1995 4434 ut
2037 4364 2407 4437 educerent
2438 4387 2596 4437 eum
2648 4387 2808 4437 cum

323 4493 349 4520 ¹·
383 4493 434 4534 Β.
463 4494 728 4535 οοιωοιου
757 4494 807 4535 ιιι
834 4491 986 4544 eiogio
1006 4494 1051 4535 s.
1072 4489 1262 4544 Hippoi.
1277 4501 1361 4533 1111
1381 4492 1482 4542 iim.

430 4563 712 4621 surius-
740 4561 901 4623 Vitae
925 4561 1033 4624 809.
1055 4591 1081 4606 ·
1100 4560 1228 4621 voi.
1272 4556 1426 4622 vm.
2579 4562 2652 4620 16
