3308 5004
659 331 790 398 362
1252 349 1332 397 nn
1379 348 1435 397 s.
1486 346 1822 398 musmo
1871 348 2198 399 smissmn.
2251 346 2454 398 snsc-
2798 330 2985 398 AUG.
3045 332 3142 397 ⁴5

571 433 767 505 illius
809 444 879 504 et
922 433 1233 525 opulenti
1284 433 1633 505 Godefridi
1660 488 1677 517 ,
1737 455 1875 505 non
1933 435 2074 505 dici
2121 446 2388 527 potest,
2448 452 2661 592 quam
2708 434 3011 526 benigne
3063 445 3144 505 et
3272 474 3281 517 .

572 523 863 596 comiter
906 543 1068 593 eum
1100 524 1461 614 exceperit,
1512 544 1726 612 quam
1776 542 2121 616 propenso
2152 542 2394 595 <amore
2422 523 2471 593 il
2504 523 2528 592 i
2557 522 2916 594 obedierit.
2952 528 3141 593 Nam

575 612 997 701 simulatque
1039 630 1201 683 eum
1251 611 1598 684 allocutus
1641 626 1747 683 est
1791 613 1897 683 vir
1951 624 2255 697 sanctus,
2310 612 2472 684 ilico
2514 612 2864 683 detumuit
2906 611 3142 683 fastus

572 701 770 791 ejus,
823 710 890 772 et
936 701 1257 803 deposuit
1302 722 1454 772 sese
1498 696 1620 771 ina
1679 702 1868 773 ferox
1922 714 1993 772 et
2037 702 2216 773 elata
2267 702 2519 783 cervix,
2573 696 2979 804 redditaque
3023 713 3146 773 est

572 791 900 861 ecclesiae
989 811 1169 861 risca
1216 790 1652 861 haereditas:
1705 804 1771 862 et
1814 791 1940 880 qui
1988 791 2325 863 hactenus
2371 786 2594 861 fuerat
2639 786 2971 862 ecclesiae
3005 790 3143 860 de-

574 892 894 961 vastator,
980 879 1263 971 einceps
1297 879 1523 950 iaetus
1569 892 1674 949 est
1702 879 1988 951 devotus
2016 892 2480 950 conservator.

661 972 700 1058 ξ
745 973 888 1042 15.
943 968 1189 1039 Mulier
1233 968 1577 1058 quaedam
1627 969 1907 1053 nobiliS,
1962 970 2243 1038 nomine
2289 968 2731 1059 Hasplendis‚
2773 967 3140 1039 charitatis

573 1061 786 1129 causa
830 1057 919 1127 ad
984 1058 1214 1128 virum
1291 1058 1404 1128 Dei
1465 1057 1820 1149 profecta,
1891 1058 2442 1146 conquerebatur
2498 1076 2704 1128 suum
2753 1056 3138 1147 quemdam

574 1146 1032 1217 domesticum
1082 1168 1234 1217 esse
1282 1145 1693 1229 lunaticum,
1745 1160 1810 1217 et
1858 1147 2235 1218 menstruis
2282 1145 2565 1217 casibus
2612 1166 2944 1239 persaepe
2980 1145 3140 1215 dire

573 1236 905 1323 torqueri.
957 1234 1082 1305 Ille
1137 1234 1446 1326 fragmen
1513 1236 1717 1327 panis
1760 1258 1899 1324 quo
1952 1236 2135 1308 vesci
2182 1237 2333 1328 ipse
2379 1236 2686 1318 solebat,
2738 1234 3132 1317 benedixit,

573 1324 903 1412 deditque
949 1324 1058 1406 ei,
1109 1323 1401 1394 dicens:
1469 1346 1506 1391 α
1559 1330 1708 1395 Mox
1757 1338 1837 1395 ut
1887 1324 2177 1395 domum
2220 1324 2508 1395 redieris
2538 1379 2555 1405 ,
2607 1324 2873 1413 aliquid
2916 1323 3138 1411 hujus

624 1413 779 1483 anis
839 1424 998 1482 ante
1066 1434 1341 1483 omnem
1407 1413 1642 1483 cibum
1705 1435 1865 1483 eum
1930 1435 2204 1484 sumere
2256 1412 2641 1503 compelle,
2705 1426 2773 1484 et
2828 1418 2961 1483 Deo
3012 1414 3133 1504 ju-

638 1502 802 1584 'nte,
904 1501 1110 1584 assic,
1163 1522 1302 1591 qua
1349 1501 1636 1585 laborat,
1689 1503 2073 1574 curabitur.
2119 1525 2157 1570 »
2194 1503 2374 1573 Fecit
2404 1502 2549 1585 illa,
2587 1514 2667 1573 ut
2709 1502 2913 1573 docta
2954 1513 3129 1584 erat,

578 1590 702 1661 sed
732 1523 1085 1681 massgnus
1113 1588 1389 1663 invasor
1419 1612 1555 1661 non
1594 1592 1928 1682 permisit,
1964 1603 2044 1661 ut
2079 1592 2236 1681 ejus
2283 1591 2487 1683 panis
2532 1591 2909 1680 quicquam
2958 1611 3135 1661 con-

577 1679 890 1771 tingeret,
945 1678 1130 1750 haud
1166 1701 1388 1762 secus,
1441 1692 1647 1768 atque
1682 1681 1887 1772 igme,
1940 1680 2092 1772 ejus
2126 1692 2384 1751 tactum
2436 1680 2957 1772 pertimescens.
3003 1678 3137 1750 Sed

580 1768 913 1839 diuturna
952 1767 1134 1837 fame
1165 1768 1441 1839 tandem
1491 1770 1919 1859 compulsus,
1975 1770 2273 1861 sumpsit
2318 1789 2400 1840 ex
2444 1790 2548 1851 eo,
2580 1782 2649 1840 et
2686 1781 2973 1840 sanatus
3002 1780 3130 1837 est.

579 1858 888 1928 Habebat
934 1878 1172 1928 servus
1221 1858 1337 1927 Dei
1385 1871 1543 1928 ante
1587 1858 1768 1929 fores
1814 1856 2029 1928 cellae
2075 1880 2244 1929 suae
2287 1858 2630 1946 quasdam
2678 1854 3131 1930 arbusculas:

580 1966 879 2035 quarum
930 1967 1137 2036 poma
1182 1947 1338 2036 ejus
1397 1947 1589 2017 'ussu
1622 2002 1638 2030 ,
1691 1948 1950 2038 aegroti
1998 1947 2300 2030 edenteS,
2355 1968 2513 2018 mox
2567 1945 2791 2038 pulsis
2840 1946 3137 2037 languo-

579 2034 779 2105 ribus
810 2034 1276 2125 erigebantur.
1315 1969 1410 2105 Ad
1444 2035 1761 2105 infirmos
1799 2036 2005 2106 etiam
2040 2036 2320 2127 longius
2354 2036 2611 2127 posi-tos
2644 2036 2887 2106 crebro
2910 2048 3135 2104 trans·

577 2123 767 2193 misit
815 2145 1060 2214 panem
1111 2124 1212 2194 vel
1255 2125 1541 2205 vinum‚·
1572 2146 1700 2195 sua
1754 2124 2231 2196 benedictione
2276 2124 2632 2196 condit-um
2671 2147 2687 2194 :
2737 2145 2957 2213 eoque
3004 2144 3129 2216 gu·-

581 2224 780 2284 stat0.
835 2212 935 2282 illi
967 2212 1326 2283 confestim
1378 2213 1629 2283 melius
1669 2213 2038 2284 habebant.

666 2304 705 2389 ξ
750 2306 902 2373 18.
955 2306 1072 2383 Ea,
1123 2323 1333 2390 quam
1384 2302 1692 2373 diximus
1739 2302 1950 2393 paulo
2000 2322 2234 2392 supra,
2291 2315 2605 2373 matrona
2654 2301 2910 2372 nobilis
2958 2298 3131 2371 Has·

580 2389 881 2482 piendis,
935 2391 1174 2461 crebro
1222 2391 1447 2460 virum
1499 2392 1614 2461 Dei
1664 2392 2012 2474 invisenS,
2065 2391 2398 2462 indicavit
2442 2392 2556 2474 ei,
2609 2390 2681 2460 in
2736 2412 2822 2460 su
2876 2389 3134 2460 radicto

669 2479 868 2551 aedio
916 2501 1197 2551 manere
1241 2479 1595 2552 hominem
1632 2480 2032 2570 quemdam,
2066 2480 2188 2569 qui
2221 2502 2386 2573 prae
2433 2479 2652 2551 nimia
2690 2499 2843 2551 mor
2894 2479 3136 2551 iacer-

634 2569 791 2640 itate
836 2589 1111 2639 omnem
1162 2570 1412 2640 edendi
1461 2569 1858 2641 facultatem
1906 2583 1972 2640 et
2017 2592 2225 2640 usum
2277 2570 2645 2648 amisisset,
2695 2583 2761 2640 et
2808 2569 3135 2640 miseram

581 2658 792 2729 vitam
843 2658 1236 2746 squallendi
1281 2658 1515 2730 edulio
1546 2659 1834 2743 ducens,
1888 2659 1958 2728 in
2010 2659 2251 2749 poenis
2298 2660 2698 2730 tabesceret.
2751 2662 2818 2730 Is
2848 2676 3014 2729 vero
3046 2658 3137 2727 ita

583 2760 906 2838 precatus
961 2761 1107 2818 erat
1151 2748 1334 2818 hanc
1381 2747 1801 2818 foeminam:
1855 2752 2121 2831 Quaeso
2161 2768 2316 2817 mea
2362 2748 2670 2828 domina,
2712 2745 2835 2817 ubi
2875 2747 2965 2817 ad
3014 2746 3137 2817 ho·

582 2837 843 2906 minem
879 2837 992 2905 Dei
1024 2836 1422 2920 accesseris,
1456 2837 1810 2928 significes
1846 2837 1934 2917 ei,
1981 2849 2165 2905 certa
2214 2837 2473 2906 visione
2520 2836 2762 2907 crebro
2794 2836 3137 2906 monitum

584 2945 695 2995 me
724 2946 900 3005 esse,
937 2925 998 2994 si
1044 2924 1131 2995 de
1183 2946 1362 3015 pane
1407 2928 1558 3015 ejus
1608 2925 1964 3017 percipere
2013 2945 2298 3007 merear,
2352 2925 2582 2995 statim
2632 2921 2886 2995 edendi
2932 2924 3136 3016 panis

582 3035 793 3083 usum
844 3034 955 3082 me
982 3026 1598 3104 recuperaturum:
1651 3035 1804 3084 ores
1854 3034 1942 3083 ue
1986 3011 2181 3083 illius
2227 3013 2756 3096 humanitatem,
2800 3026 2879 3084 ut
2918 3011 3139 3084 mittat

583 3099 673 3170 ad
722 3122 833 3171 me
869 3112 1173 3192 optatam
1222 3101 1333 3172 sui
1380 3103 1584 3193 panis
1630 3101 1804 3173 bene
1858 3102 2204 3173 ictionem.
2257 3107 2438 3173 Haec
2484 3115 2563 3174 ut
2607 3102 2806 3173 audit
2835 3103 2943 3173 vir
2981 3122 3139 3172 san·

588 3201 768 3271 ctus,
824 3211 947 3280 pro
993 3190 1247 3261 eximia
1285 3191 1727 3282 miseratione
1774 3191 2043 3261 homini
2088 3191 2543 3284 com-patiens,
2598 3211 2759 3263 cum
2810 3187 3142 3282 lacrymis

589 3279 725 3346 Deo
774 3299 1012 3367 preces
1062 3279 1252 3361 libat,
1304 3290 1370 3350 et
1416 3280 1586 3351 hora
1635 3278 2025 3351 refectionis
2069 3300 2237 3350 suae
2285 3281 2488 3371 panis
2532 3280 2834 3438 appositi
2875 3292 3141 3372 partem

588 3366 948 3457 profusius
994 3366 1436 3450 benedicens,
1490 3389 1613 3461 per
1644 3368 2039 3440 ministrum
2075 3368 2194 3439 dat
2237 3366 2578 3440 foeminae
2614 3368 2637 3437 i
2671 3369 2742 3449 li,
2781 3365 2868 3439 ad
2900 3388 3142 3460 aegro-

588 3467 737 3556 tum
779 3454 1310 3556 deportandam.
1364 3461 1459 3527 Ex
1489 3478 1627 3544 quo
1772 3479 1855 3527 ne
1900 3477 2061 3528 mox
2087 3469 2167 3527 ut
2198 3457 2524 3529 infirmus
2552 3458 2918 3549 quippiam
2960 3459 3035 3527 in
3069 3475 3144 3527 os

588 3543 847 3626 intulit,
903 3564 1038 3614 noa
1088 3545 1314 3617 solum
1364 3545 1569 3616 rediit
1611 3593 1612 3598 ,
1704 3546 1867 3616 endi
1914 3546 2229 3630 facultaS,
2268 3546 2387 3618 sed
2432 3547 2639 3618 etiam
2689 3546 2986 3617 aviditas
3034 3567 3147 3616 ac-

588 3632 819 3716 cessit,
874 3633 967 3703 ita
1016 3646 1093 3705 ut
1138 3635 1209 3704 in
1259 3634 1409 3704 dies
1456 3634 1670 3706 robur
1714 3635 2025 3726 corporis
2088 3635 2594 3707 instauraretur
2626 3687 2643 3719 ,
2693 3634 2882 3723 quod
2937 3629 3150 3727 longa

589 3720 774 3792 fame
817 3723 1125 3793 attritum
1169 3721 1553 3794 videbatur.
1606 3724 1850 3794 Invisit
1896 3722 2058 3794 inde
2103 3722 2295 3796 aliud
2346 3725 2744 3796 monasterii
2779 3724 3147 3827 praedium

588 3811 1101 3895 Vinceredium,
1156 3812 1241 3882 ad
1292 3818 1547 3885 Mosam
1599 3813 1856 3883 flumen
1908 3813 2164 3883 situm:
2214 3812 2337 3884 ubi
2386 3833 2547 3884 cum
2594 3832 2843 3906 paucis
2896 3807 3148 3884 diebus

589 3899 877 3983 fuisset,
1046 3901 1286 3971 aedam
1333 3902 1493 3990 ej-us
1553 3902 1739 3973 ruris
1787 3901 2084 3984 mulier,
2127 3903 2274 3994 jam
2344 3903 2580 3974 decem
2632 3903 2840 3973 annis
2914 3920 3143 3984 caeca,

589 3990 881 4062 accessit
912 4013 950 4060 a
1042 3989 1440 4072 monachos,
1484 3991 1754 4080 itineris
1783 3989 1938 4079 ejus
1968 3991 2214 4074 θοοὶ-οε,
2253 4003 2321 4063 et
2348 3992 2485 4063 ait:
2536 3996 2704 4062 Ante
2748 3992 3147 4082 complures

592 4077 743 4150 dies
791 4100 1015 4150 meam
1069 4079 1242 4150 mihi
1301 4077 1764 4151 calamitatem
1838 4078 2227 4171 deploranti
2289 4082 2618 4173 apparuit
2676 4080 3022 4169 quaedam
3074 4080 3146 4150 in

591 4168 863 4238 somnis
907 4168 1104 4252 visio,
1156 4169 1541 4241 certissime
1569 4168 2003 4261 promittenS,
2056 4170 2117 4240 si
2161 4191 2416 4258 aquam
2469 4189 2803 4240 manuum
2855 4185 3144 4240 suarum

593 4253 950 4328 ablutione
995 4257 1518 4340 sanctificatam,
1571 4256 1660 4328 ad
1708 4256 2076 4329 diluendos
2122 4258 2361 4332 oculos
2399 4279 2589 4330 meos
2627 4257 2739 4329 hic
2772 4259 2982 4329 horno
3014 4263 3143 4327 Deo

597 4342 853 4415 charus
900 4346 1073 4416 mihi
1122 4346 1361 4439 largiri
1407 4345 1591 4429 velit,
1645 4346 1840 4417 illiue
1889 4347 2153 4417 meritis
2200 4349 2570 4419 Dominum
2620 4347 2962 4418 amissum
3022 4346 3139 4416 diu

596 4431 958 4502 oculorum
1009 4435 1243 4505 lumen
1294 4436 1454 4507 ilico
1503 4435 1677 4506 mihi
1740 4436 2250 4507 restituturum.
2311 4441 2558 4509 Precor
2607 4436 2842 4528 igitur,
2900 4447 2982 4507 ut
3027 4453 3137 4506 vos
