3308 5004
605 251 739 319 520
1167 270 1248 322 nx
1293 269 1352 324 s.
1402 269 1735 320 amam
1780 252 1924 319 ua.
1972 267 2369 320 manum.
2753 251 2941 318 Ana.
2988 251 3086 317 20

519 353 991 443 sequentibus,
1041 352 1297 428 frustra
1343 374 1492 426 sese
1523 354 1786 438 conari,
1819 376 1945 426 nec
1991 353 2345 427 ullatenus
2373 375 2448 426 se
2495 365 2857 446 praesente
2885 352 3084 443 ejus-

522 442 709 516 modi
757 464 1070 515 exercere
1118 463 1319 534 posse
1368 465 1444 514 ra
1496 443 1713 515 inam.
2048 473 2053 478 ·
2512 485 2519 496 -

606 535 645 620 ξ
689 536 851 606 88.
905 536 1086 610 Haec
1131 553 1259 604 nos
1303 533 1426 621 qui
1477 555 1585 602 em
1623 531 1711 604 de
1756 531 1976 612 sacris
2024 532 2337 606 moribus
2393 531 2610 623 patris
2656 531 2896 612 nostri,
2952 553 3087 622 pro

522 620 806 702 modulo
869 633 1148 702 nostro,
1214 621 1346 690 sub
1400 621 1730 693 brevitate
1801 621 2354 712 perstrinximus.
2433 626 2788 692 Caeterum
2870 619 3088 712 longe

518 709 937 781 eminentius
966 709 1036 780 in
1086 710 1234 782 suis
1280 709 1397 782 ille
1445 709 1642 783 libris
1687 721 1997 802 apparet,
2047 721 2224 781 etex
2270 710 2472 782 bonis
2523 708 2821 801 propriis
2870 708 3087 779 inno-

519 798 736 880 tescit.
789 804 869 869 In
915 797 1172 888 quibus
1203 799 1299 872 ita
1345 821 1546 872 suam
1591 799 2012 891 expressisse
2045 798 2315 870 videtur
2363 798 2782 890 imaginem,
2842 810 2910 869 et
2956 820 3086 869 ex-

519 886 832 960 hibuisse
875 886 1226 976 quoddam
1279 887 1640 979 speculum
1677 889 1813 970 sui,
1866 899 1943 957 ut
1989 886 2165 960 illud
2212 909 2491 977 quoque
2534 887 3079 960 Ambrosianum

521 975 764 1048 merito
800 975 905 1046 illi
955 998 1152 1067 posse
1179 975 1494 1048 videatur
1521 977 1777 1069 aptari:
1831 976 2061 1047 Laude
2093 976 2241 1068 ipse
2270 999 2345 1048 se
2371 990 2588 1058 sonet,
2624 990 2690 1048 et
2722 976 3081 1048 laureatus

560 1066 772 1156 piritu
802 1120 819 1148 ,
871 1065 1148 1156 scriptis
1201 1078 1570 1151 coronetur
1615 1067 1786 1144 suiS.
1841 1066 1910 1135 Si
1955 1065 2116 1153 quis
2161 1066 2344 1136 enim
2396 1087 2600 1137 nosse
2671 1065 3067 1146 desiderat·,

420 1077 728 1242 quam
758 1152 1068 1230 solicitus
1098 1154 1187 1224 ab
1218 1154 1416 1227 initio
1447 1155 1787 1246 suiipsius
1819 1154 2239 1246 dijudicator
2273 1168 2339 1226 et
2369 1166 2711 1227 scrutator
2746 1155 3065 1235 extiterit,

520 1244 825 1334 primum
888 1265 1084 1333 opus,
1121 1243 1347 1314 illius·
1379 1244 1465 1314 de
1512 1245 1844 1316 aradibus
1904 1244 2313 1316 humilitatis
2382 1244 2492 1314 ins
2546 1243 2731 1314 iciat.
2791 1243 2961 1314 Inde
3008 1243 3071 1313 si

521 1331 879 1420 quaeritur
924 1332 1079 1423 piae
1118 1334 1369 1404 mentis
1417 1332 1741 1423 religiosa
1788 1332 2088 1415 devotio,
2143 1345 2469 1406 transeun
2526 1355 2644 1403 um
2695 1331 2781 1401 ad
2835 1334 3076 1402 Homi-

521 1419 652 1491 lias
684 1421 755 1490 in
781 1420 1138 1500 ⁴laudibus
1186 1420 1487 1511 Virginis
1536 1421 1792 1503 Matris,
1832 1433 1898 1491 et
1938 1420 2164 1503 illum,
2200 1443 2407 1509 quem
2448 1421 2537 1494 de
2564 1420 3074 1523 diligendoDeo

521 1508 761 1592 edidit,
816 1508 1097 1581 librum.
1140 1510 1208 1580 Si
1257 1509 1525 1582 fervens
1554 1523 1793 1582 contra
1842 1532 2131 1582 suorum
2182 1509 2282 1580 vel
2312 1509 2610 1581 aliorum
2661 1511 2825 1580 vitia
2855 1509 3069 1590 zelus,

524 1596 791 1689 legatur
828 1599 930 1681 is,
984 1620 1190 1686 quem
1253 1601 1760 1691 Apoloyeticum
1808 1612 2020 1670 vocat.
2071 1599 2139 1669 Si
2187 1599 2352 1690 vigil
2404 1600 2474 1669 in
2520 1597 2665 1670 zelo
2734 1599 2963 1669 cordis
3006 1611 3078 1670 et

519 1687 1024 1779 circumspecta
1072 1687 1427 1769 discretio,
1472 1687 1557 1757 de
1607 1695 1969 1779 Praecepto
2039 1698 2103 1758 et
2165 1689 2658 1780 dispensatione
2723 1688 3078 1760 disserens

521 1775 870 1854 audiatur.
909 1781 1127 1860 Quam
1185 1800 1342 1847 vero
1389 1776 1616 1848 fidelis
1673 1778 2044 1869 cujuslibet
2097 1777 2251 1866 piae
2297 1776 2836 1850 conversationis
2881 1799 3079 1848 com-

521 1864 885 1944 mendator
928 1864 1222 1936 extiterit
1278 1877 1344 1936 et
1392 1864 1672 1955 adjutor
1702 1920 1719 1949 ,
1780 1867 2307 1938 Eaelzortatorius
2351 1865 2463 1948 *ad
2529 1865 2785 1937 milites
2834 1865 3079 1955 templi

522 1974 751 2024 sermo
788 1953 1112 2024 declarat.
1167 1958 1384 2038 Quam
1430 1978 1565 2027 non
1616 1955 1931 2046 ingratus
1990 1956 2252 2047 gratiae
2308 1954 2445 2028 Dei.
2508 1977 2588 2025 ex
2629 1955 2738 2028 his
2802 1954 3020 2041 lique‘t
3051 2009 3070 2035 ,

520 2061 700 2134 quae
750 2041 835 2112 de
882 2045 1124 2114 Gracia
1160 2053 1224 2113 et
1277 2045 1477 2118 libero
1530 2045 1812 2115 arbitrio
1869 2056 2003 2114 tam
2056 2043 2350 2114 fideliter
2394 2065 2602 2132 quam
2653 2043 2916 2115 utiliter
2962 2042 3077 2112 di-

523 2131 849 2232 sputavit.
903 2136 1120 2215 Quam
1173 2131 1348 2203 liber
1394 2133 1463 2203 in
1499 2155 1685 2215 voce,
1736 2154 1946 2222 quam
1995 2132 2319 2215 disertus,
2370 2133 2542 2206 etin
2594 2154 2822 2204 rerum
2862 2153 3077 2223 supe·

522 2241 786 2290 riorum
835 2220 1093 2311 pariter
1138 2220 1684 2310 inferiorumque
1732 2221 2017 2293 scientia
2058 2221 2390 2313 locuples,
2446 2221 2516 2291 in
2567 2220 2701 2302 his,
2755 2242 2936 2308 quae
2983 2220 3073 2291 ad

521 2312 776 2399 Papam
841 2308 1225 2401 Eugenium
1292 2311 1372 2383 de
1420 2311 1957 2384 consideratione
2022 2311 2156 2381 scri
2210 2312 2341 2391 sit,
2403 2307 2704 2411 diligens
2750 2308 3078 2379 conside·

522 2410 709 2468 rator
754 2412 1099 2491 agnoscet.
1153 2404 1370 2483 Quam
1421 2399 1907 2472 devotissimus
1983 2421 2145 2490 prae
2198 2400 2412 2472 icator
2479 2399 2744 2470 altenae
2815 2399 3075 2469 sancti-

522 2486 703 2570 tatis,
748 2499 884 2559 tam
936 2487 1303 2581 diligenter
1339 2488 1661 2581 Episcopi
1710 2488 1926 2562 sancti
1977 2488 2351 2561 Malachiae
2388 2488 2594 2559 vitam
2655 2500 3071 2579 prosecutus

522 2577 843 2647 ostendit.
894 2582 1061 2649 Nam
1110 2590 1175 2648 et
1207 2577 1277 2647 in
1327 2579 1767 2649 sermonibus
1817 2599 2027 2669 super
2076 2580 2396 2659 Cantica,
2445 2591 2514 2649 et
2582 2576 3072 2669 mysteriorum

522 2665 991 2756 investigator,
1035 2678 1102 2736 et
1148 2688 1421 2738 morum
1469 2667 1867 2738 aedificator
1905 2666 2323 2758 magnificus
2368 2666 2753 2739 innotescit.

608 2756 645 2842 ξ
689 2759 849 2828 84.
903 2759 981 2825 In
1031 2755 1373 2846 Epistolis,
1473 2780 1600 2827 uas
1638 2755 1725 2827 ad
1774 2755 2080 2826 diversas
2126 2777 2458 2847 personas
2487 2756 2576 2827 ob
2633 2754 2907 2846 negotia
2955 2754 3069 2824 di-

522 2864 716 2944 versa
746 2843 1049 2926 dictavit,
1138 2844 1396 2916 rudens
1424 2778 1662 2917 (lector
1693 2845 2018 2927 advertet,
2069 2865 2207 2933 quo
2240 2844 2502 2916 fervore
2534 2844 2821 2935 spiritus
2859 2843 3070 2943 justi·

520 2943 689 3001 tlam
720 2953 996 3003 omnem
1106 2932 1391 3014 ilexerit,
1457 2955 1733 3005 omnem
1791 2954 2009 3021 aeque
2054 2933 2275 3004 oderit
2332 2933 2769 3026 injustitiam.
2816 2931 3065 3003 Fidelis

520 3019 772 3099 etenim
805 3088 809 3093 ,
841 3042 1087 3091 servus
1144 3021 1394 3093 Christi
1465 3044 1599 3093 non
1672 3024 2045 3109 quaerebat
2103 3022 2365 3113 aliquid
2434 3044 2681 3093 suum:
2733 3018 3065 3110 quicquid

522 3121 748 3179 tamen
797 3122 942 3180 erat
971 3109 1243 3192 Christi,
1298 3111 1396 3181 sic
1435 3109 1722 3181 curabat
1769 3122 1847 3182 ut
1893 3133 2127 3183 suum.
2164 3117 2351 3195 Quae
2378 3111 2565 3187 enim
2596 3112 2873 3182 'scelera
2922 3130 3067 3179 non

519 3197 805 3286 arguit?
849 3219 1026 3285 quae
1056 3197 1217 3269 odia
1251 3220 1385 3269 non
1433 3199 1767 3271 extinxit?
1811 3222 1990 3288 quae
2036 3197 2364 3273 scandala
2399 3222 2536 3271 non
2585 3199 3070 3292 compescuit?

519 3306 697 3373 quae
752 3284 1130 3358 schismata
1182 3308 1316 3359 non
1368 3287 1763 3359 resarcivit?
1807 3310 1983 3376 quas
2054 3288 2371 3360 haereses
2432 3310 2568 3359 non
2635 3288 3074 3359 confutavit?

520 3373 696 3475 Quid
739 3396 894 3446 vero
928 3389 1271 3457 sanctum,
1308 3376 1474 3463 quid
1503 3377 1893 3460 honestum,
1930 3377 2101 3467 quid
2133 3378 2494 3469 pudicum,
2532 3376 2699 3466 quid
2737 3377 3067 3454 amabile.

519 3462 685 3551 quid
735 3463 955 3534 bonae
1009 3463 1257 3547 famae,
1308 3464 1477 3552 quid
1527 3465 1797 3539 virtutis
1843 3480 1963 3538 aut
2010 3466 2383 3538 laudabilis
2426 3465 2866 3558 disciplinae,
2916 3466 3072 3536 suis

518 3563 746 3625 ortum
787 3552 859 3623 in
898 3552 1205 3641 qualibet
1239 3554 1568 3655 religione
1605 3555 1878 3638 diebus,
1923 3577 2058 3626 non
2088 3556 2433 3629 roboravit
2468 3556 2620 3627 e‘us
2665 3555 3065 3637 auctoritas,

519 3661 657 3721 non
705 3639 872 3711 fovit
918 3642 1220 3713 charitas
1249 3698 1264 3723 ,
1318 3643 1680 3735 diligentia
1728 3666 1863 3714 non
1920 3645 2309 3735 promovit?
2355 3645 2484 3728 Qui
2580 3656 2739 3715 ante
2791 3665 3074 3736 promo-

520 3741 710 3814 tum,
762 3729 1036 3801 dilatari
1099 3731 1405 3823 amplius
1453 3755 1589 3805 non
1664 3733 1976 3823 optavit?
2019 3733 2188 3821 quid
2237 3733 2408 3806 sorte
2453 3733 2869 3824 collapsum,
2927 3754 3071 3803 non

518 3819 677 3888 totis
723 3840 848 3910 pro
897 3819 1048 3890 loco
1092 3834 1157 3891 et
1190 3833 1496 3912 tempore
1544 3822 1808 3895 viribus
1854 3822 2016 3913 egit,
2053 3834 2131 3894 ut
2176 3825 2660 3914 repararetur?
2698 3822 2867 3906 Quis
2919 3844 3074 3892 ma-

515 3905 736 4009 litiam
785 3930 1301 4011 quamcumque
1345 3910 1747 4002 disponens,
1804 3909 1958 4001 ejus
1993 3911 2215 3983 zelum
2244 3912 2340 3984 ‘et
2378 3913 2875 3984 ⁴auctoritatem
2926 3931 3070 3982 non

461 4076 464 4081 ‚
516 4000 792 4067 timuit?
838 4002 1007 4082 Quis
1035 4021 1427 4089 proponens
1473 4000 1964 4088 quodcumque
1994 4000 2284 4084 bonum,
2313 4000 2494 4088 ejuS,
2539 4001 2597 4073 si
2646 4000 2891 4093 potuit,
2926 4021 3069 4071 non

513 4085 866 4157 consuluit
911 4088 1368 4170 sanctitatem,
1421 4110 1558 4159 non
1608 4087 2069 4163 consideravit
2112 4088 2439 4172 favorem,
2496 4110 2703 4181 opem
2748 4111 2887 4160 non
2939 4088 3073 4161 ssa·

513 4173 802 4276 gitavity
847 4176 1015 4259 Quis
1061 4176 1145 4253 ad
1198 4199 1473 4248 sacrum
1523 4177 1592 4248 in
1621 4177 1795 4267 ,ejus
1827 4189 2096 4268 pectore
2141 4177 2520 4259 habitantis
2567 4178 2904 4271 templum
2960 4177 3070 4253 di-

515 4274 843 4361 vinitatis,
896 4263 983 4333 de
1029 4285 1471 4354 quacumque
1529 4265 1968 4338 tribulatione
2012 4267 2319 4347 fideliter
2361 4266 2790 4341 clamaturus
2834 4288 3070 4336 acces-

517 4360 607 4419 sit
633 4402 651 4431 ,
687 4362 769 4423 ⁴et
833 4351 1275 4425 inefficaciter
1332 4354 1715 4427 laboravit?
1761 4361 2056 4435 Moestus
2092 4358 2183 4428 ab
2224 4378 2309 4429 eo
2358 4357 2710 4441 solatium,
2768 4354 3066 4426 afflictus
