3308 5004
739 352 868 417 ⁴08
1650 367 1731 415 nr.
1778 368 1835 416 s.
1887 365 2192 415 nomino
2910 347 3098 416 Ana.
3141 350 3178 416 t

645 453 1009 545 gaudium,
1047 450 1419 524 exultantis
1464 452 1533 522 in
1578 453 1910 534 nominc,
1959 452 2144 541 quod
2202 453 2272 523 in
2322 452 2586 521 visione
2633 457 3014 534 ostensum,
3067 474 3185 523 suo

645 542 909 633 gremio
964 541 1365 612 contineret.
1425 543 1818 643 Baptizatus
1873 541 2259 632 infantulus
2318 540 2719 611 Dominicus
2774 541 3184 632 appellatur.

642 632 839 701 Matri
873 652 1147 731 quoque
1178 631 1331 720 ejus
1361 631 1734 720 spirituali,
1785 631 2067 702 cuidam
2117 629 2332 701 nobili
2366 629 2709 700 foeminae
2740 651 2934 700 sacer
2966 629 3190 701 infans

646 719 1050 790 Dominicus
1097 719 1166 788 in
1217 720 1372 789 visu
1419 735 1729 811 apparet,
1783 720 2051 792 stellam
2101 719 2530 790 luculentam
2565 718 2634 787 in
2670 717 2891 788 fronte
2936 717 3185 800 ferens,

644 808 756 899 cuj
768 831 849 878 us
876 807 1252 879 immodico
1277 807 1644 900 splendore
1666 821 1848 880 totus
1878 809 2066 879 orbis
2096 808 2584 879 irradiabatur.
2610 806 2980 878 Videamus
3007 830 3193 878 nunc

646 895 1077 988 praeclarum
1132 896 1583 994 infantulum.
1636 898 1938 968 Necdum
1990 909 2220 980 natus,
2276 918 2411 969 non
2461 896 2675 966 dubio
2733 897 2936 987 signo
2972 909 3197 967 osten-

643 986 877 1057 ditur:
934 998 1258 1067 renatus,
1315 985 1596 1056 nomine
1643 986 1905 1077 insigni
1966 986 2505 1057 cohonestatur:
2577 1006 2773 1054 sacro
2830 985 3196 1076 splendore

644 1075 966 1146 micantis
997 1074 1233 1146 stellae
1280 1073 1712 1157 declaratur,
1767 1076 2122 1146 ardentem
2176 1073 2545 1165 praesefert
2592 1073 2939 1154 faculam,
2991 1074 3197 1166 cujus

644 1164 865 1235 multo
889 1164 1036 1254 igni
1077 1176 1258 1233 totus
1307 1163 1778 1234 inflammetur
1826 1164 2054 1235 orbis:
2106 1164 2184 1234 fit
2234 1162 2513 1234 nomine
2559 1174 2697 1232 tam
2745 1161 3064 1244 celebris,
3117 1176 3196 1232 ut

641 1252 1057 1324 adversariis
1101 1252 1190 1322 sit
1237 1253 1523 1323 terrori:
1579 1252 1844 1325 lumine
1893 1265 2031 1323 tam
2081 1253 2418 1335 illustriS,
2471 1265 2549 1322 ut
2577 1265 3034 1408 fpeccatorum
3094 1264 3195 1322 te-

642 1343 893 1413 nebras
942 1341 1329 1422 illuminet,
1379 1355 1446 1411 et
1495 1341 1672 1411 inter
1717 1341 1892 1413 coeli
1956 1353 2139 1412 astra
2186 1342 2437 1412 eximie
2504 1362 2572 1410 re
2605 1339 2835 1432 ulgeat
2864 1395 2880 1422 ,
2933 1340 3198 1410 fervore

640 1430 998 1501 charitatis
1021 1430 1289 1520 igneuS,
1328 1428 1587 1500 famosa
1617 1432 2020 1502 auctoritate
2047 1431 2300 1532 graviS,
2330 1429 2485 1499 luce
2510 1429 2835 1499 scientiae
2862 1428 3192 1517 inclytus.

640 1524 717 1589 In
747 1519 898 1608 ipso
923 1538 1196 1606 quoque
1224 1530 1379 1589 ortu
1402 1540 1527 1589 suo
1557 1519 1785 1589 infans
1811 1519 2274 1599 beatissimus,
2300 1517 2632 1609 praeclari
2662 1518 2963 1599 OrdiniS,
2986 1518 3196 1609 cujus

638 1621 786 1677 erat
832 1607 980 1698 ipse
1018 1606 1297 1678 futurus
1347 1628 1594 1696 parens
1621 1622 1688 1678 et
1723 1609 2068 1699 princepS,
2107 1607 2351 1689 forma,
2393 1606 2680 1696 signifer
2712 1619 2779 1677 et
2810 1620 2994 1676 vates
3032 1606 3192 1677 fuit.

642 1701 934 1767 Fervens
979 1695 1167 1765 enim
1219 1695 1661 1786 praedicatio,
1713 1719 1833 1767 cor
1926 1696 2258 1768 eccatoris
2305 1696 2389 1766 ad
2442 1695 2779 1785 agendam
2835 1696 3199 1786 poeniten-

642 1785 804 1854 tiam
863 1785 1359 1862 inflammans,
1413 1786 1666 1856 ardens
1723 1786 1936 1857 catui
1986 1785 2215 1856 facula
2283 1799 2421 1856 est:
2475 1784 2848 1855 auctoritas
2896 1784 3198 1875 gratiam

636 1874 1043 1956 concilianS,
1092 1873 1430 1964 potentiae
1460 1897 1711 1945 nomen
1761 1889 1907 1946 est:
1960 1874 2316 1946 doctrinae
2347 1874 2628 1944 claritas
2659 1927 2676 1953 ,
2727 1872 2901 1943 alios
2948 1873 3037 1942 ad
3086 1895 3195 1943 sa·

641 1963 966 2055 pientiam
1020 1963 1431 2054 perducens,
1468 1963 1700 2055 fulgor
1729 1963 1965 2035 stellae
2011 1977 2137 2035 est.
2192 1964 2494 2034 Nimium
2548 1983 2713 2033 sane
2759 1976 2965 2043 errat,
3001 1963 3204 2050 quis-

635 2052 797 2139 quis
835 2053 1006 2124 haec
1053 2052 1142 2122 ab
1171 2051 1363 2122 omni
1401 2054 1798 2123 aeternitate
1829 2075 1966 2124 non
2006 2053 2225 2123 credit
2259 2051 2767 2144 praeordinata,
2820 2051 3004 2121 sicut
3039 2073 3204 2122 cae-

641 2138 807 2212 litus
855 2140 968 2211 hic
1005 2141 1440 2231 praesignata
1482 2141 1876 2213 referuntur
1912 2143 1970 2212 ⁴.

726 2230 764 2317 ξ
809 2234 902 2302 8.
955 2235 1163 2301 Porro
1211 2245 1429 2301 mater
1456 2245 1775 2301 accurate
1802 2230 2060 2301 enutrit
2098 2229 2349 2312 filium,
2390 2240 2456 2299 et
2484 2227 2900 2299 laetabunda
2930 2230 3202 2299 sensim

637 2317 726 2387 ad
789 2318 1215 2389 incrementa
1278 2318 1611 2421 perducit.
1681 2324 1844 2391 Cum
1899 2342 1986 2390 ue
2045 2319 2306 2408 jaceret
2360 2317 2735 2405 aliquando
2805 2317 2874 2387 in
2933 2319 3200 2399 cunis,

637 2428 920 2477 examen
973 2429 1183 2497 apum
1234 2430 1420 2478 circa
1466 2430 1544 2479 os
1590 2409 1742 2498 ejus
1797 2431 1876 2479 vo
1909 2409 2090 2479 itans
2124 2461 2140 2484 ‚
2200 2408 2511 2498 linguam
2561 2406 2714 2496 ejus
2762 2405 3041 2476 divinae
3094 2430 3207 2478 sa-

637 2496 939 2599 pientiae
970 2497 1173 2569 melle
1201 2496 1620 2569 affluituram
1675 2497 2049 2568 indicabat.
2104 2500 2342 2585 Itaque
2373 2497 2896 2584 quamprimum
2942 2497 3201 2586 potuit,

638 2585 970 2657 infantiae
1025 2609 1248 2658 annos
1311 2588 1608 2658 necdum
1667 2609 2034 2678 egressuS,
2088 2584 2402 2676 exemplo
2453 2585 2722 2675 piorum
2775 2599 3152 2676 parentum
3183 2642 3202 2669 ,

638 2677 890 2766 templa
942 2677 1185 2748 crebro
1232 2676 1447 2758 adire,
1510 2680 1864 2764 Deumque
1913 2675 2136 2747 colere
2184 2673 2474 2754 studuit,
2531 2672 2858 2744 lectulum
2910 2695 3206 2762 quoque

637 2763 706 2833 in
739 2786 818 2833 ea
856 2766 1097 2836 aetatis
1144 2764 1606 2836 teneritudine
1654 2766 1933 2855 saepius
1972 2763 2274 2852 reliquit,
2337 2776 2404 2832 et
2450 2763 2602 2853 ejus
2660 2761 3021 2833 mollitiem
3076 2763 3208 2834 de-

632 2852 932 2935 clinans,
992 2854 1060 2923 in
1107 2854 1294 2924 nuda
1329 2853 1544 2924 humo
1577 2852 1924 2924 infantilia
1975 2854 2283 2923 membra
2332 2851 2664 2941 reposuit,
2716 2851 2899 2938 quod
2956 2866 3213 2941 postea

637 2940 708 3010 in
740 2940 986 3011 diebus
1019 2941 1168 3013 suis
1208 2942 1731 3032 infatigabiliter
1768 2941 2174 3012 observavit.
2212 2940 2430 3011 Crevit
2463 2940 2675 3031 igitur
2705 2939 3214 3030 religiosorum

636 3043 1001 3119 parentum
1052 3033 1223 3101 cura
1259 3029 1575 3122 religiose
1614 3030 1974 3110 educatus,
2013 3051 2217 3117 quem
2251 3029 2455 3099 etiam
2489 3028 2880 3119 specialiter
2913 3029 2986 3098 in
3027 3052 3218 3119 pue·-

636 3117 835 3188 ritiae
881 3119 1087 3190 annis
1132 3118 1417 3220 quidam
1469 3119 1885 3189 venerabilis
1929 3118 2521 3208 Archipresbyter‚
2566 3118 2717 3206 ejus
2767 3118 3214 3202 avunculuS,

635 3205 705 3274 in
762 3207 1005 3296 primis
1051 3207 1420 3298 diligenter
1466 3207 1859 3289 instituens,
1912 3207 2265 3278 enutrivit.
2319 3214 2535 3294 Atque
2581 3206 2827 3276 horum
2864 3207 3219 3296 prudenti

632 3306 698 3364 et
727 3294 1048 3387 religioso
1097 3295 1387 3367 consilio
1435 3296 1732 3367 traditus
1778 3308 1881 3368 est
1927 3309 2209 3366 sanctus
2259 3316 2433 3387 puer
2479 3294 2955 3365 Ecclesiastico
3047 3318 3228 3368 rae·-

631 3382 837 3474 cipue
883 3383 1108 3454 officio
1157 3383 1628 3455 imbuendus:
1683 3385 2040 3474 adfuitque
2091 3385 2225 3475 piis
2274 3385 2447 3456 votis
2504 3383 2743 3453 divina
2806 3383 2978 3454 bene
3036 3385 3226 3458 ictio

634 3483 701 3541 et
737 3474 1097 3561 promotio,
1136 3472 1498 3564 coepitque
1529 3495 1678 3544 esse
1713 3496 1886 3564 puer
1924 3474 2331 3565 ingeniosus
2369 3486 2435 3543 et
2467 3472 2737 3555 docilis,
2777 3485 3014 3562 utpote
3045 3496 3231 3546 sor—

634 3560 801 3630 titus
839 3562 1145 3632 animam
1197 3562 1476 3644 bonam,
1532 3563 1894 3634 vasculum
1945 3562 2230 3654 gratiae,
2286 3561 2613 3633 scientiae
2644 3561 3226 3653 receptaculum.

632 3649 1006 3720 Proficiens
1057 3664 1285 3721 autem
1337 3650 1407 3720 in
1460 3650 1678 3720 divini
1721 3652 1954 3722 cultus
1985 3652 2318 3721 institutis
2358 3651 2772 3721 venerabilis
2808 3672 3004 3741 puer,
3047 3673 3238 3724 mo-

632 3738 922 3810 rabatur
968 3738 1038 3809 in
1098 3739 1458 3822 ecclesiis,
1512 3763 1671 3810 cum
1726 3739 2005 3811 Clericis
2073 3740 2376 3832 psalmos
2436 3740 2838 3830 promebat,
2890 3739 3240 3830 hymnos

631 3827 1062 3910 concinebat,
1098 3827 1344 3898 altaria
1372 3829 1811 3911 circumibat,
1849 3829 2068 3899 sacris
2099 3828 2446 3920 mysteriis
2470 3828 2760 3899 devotus
2796 3829 3235 3915 assistebat,

632 3916 882 3989 Christi
938 3917 1277 3987 ministris
1323 3928 1391 3988 et
1438 3917 1914 3989 sacerdotibus
1966 3919 2327 4000 serviebat,
2370 3931 2436 3987 et
2477 3916 2663 3988 velut
2701 3931 2871 3988 testa
2919 3937 3239 4005 recens»,

632 4006 912 4077 animus
934 4006 1224 4097 puerilis
1245 4028 1366 4097 per
1387 4007 1557 4078 haec
1574 4008 1896 4078 exercitia
1915 4006 2126 4079 odore
2150 4019 2253 4077 est
2270 4007 2658 4078 sanctitatis
2680 4006 2968 4087 imbuta,
2985 4029 3250 4094 quem

633 4093 751 4164 ille
791 4108 1023 4185 postea
1052 4108 1384 4186 perpetuo
1414 4108 1648 4168 tenore
1678 4096 1992 4167 servavit.
2039 4097 2269 4186 Coepit
2290 4096 2438 4186 jam
2475 4107 2621 4165 tum
2653 4116 2903 4166 manus
2929 4103 3250 4171 summi

633 4182 904 4272 opificis
947 4183 1247 4255 formare
1300 4185 1433 4255 sibi
1465 4206 1545 4254 ex
1592 4185 1712 4254 illo
1755 4207 1874 4256 vas
1929 4184 2308 4265 electionis,
2354 4183 2427 4252 in
2468 4184 2654 4272 quod
2698 4206 2865 4255 suae
2906 4181 3253 4259 benedi-

630 4270 880 4342 ctionis
905 4273 1283 4344 chrismata
1322 4274 1728 4345 effunderet.
1774 4273 2150 4345 custodivit
2180 4272 2440 4343 electus
2473 4294 2646 4363 puer
2691 4273 3246 4361 innocentiam,

682 4432 710 4460 ¹⁸
737 4404 1003 4475 Identidem
1028 4432 1142 4484 styli
1159 4436 1407 4477 immodico
1426 4437 1755 4485 redundantia,
1773 4446 1990 4487 quaeque
2018 4436 2176 4476 minut
2204 4435 2262 4475 ad
2299 4435 2488 4476 laudem
2516 4436 2644 4475 vitae
2667 4436 2717 4475 et
2747 4434 3000 4476 historiam
3021 4431 3257 4491 inelyu

629 4486 929 4528 Patria-chae
953 4485 1258 4538 pertinerent.
1275 4486 1525 4530 brevitati·
1554 4500 1668 4541 ergo
1697 4491 1775 4531 vel
1796 4487 2118 4531 contraximus
2146 4489 2225 4530 vel
2245 4491 2439 4529 omnino
2457 4489 2739 4531 delevimus.
