3308 5004
595 315 732 383 294
2730 316 2916 385 AUG.
2973 316 3054 383 ⁴3

1005 550 1111 653 IN
1178 549 1487 655 LAUD.
1557 551 1640 653 S.
1713 551 2180 655 CASSIANI
2249 553 2560 657 MART.

1205 772 1519 878 'ssnmo
1569 811 1634 878 s.
1690 812 1934 879 Pmm
1983 811 2324 880 nimum

1161 1052 1459 1101 urm.
1535 1036 1605 1100 so
1673 1053 1732 1101 r.
1806 1053 2012 1103 imm.
2088 1053 2389 1104 meum
2485 1009 2491 1015 ’

1401 1268 1654 1326 Passus
1697 1271 1975 1327 saeculo
2015 1270 2136 1327 tv,

599 1483 637 1570 ξ
681 1486 758 1553 1.
809 1479 1252 1551 Admirabilis
1297 1492 1363 1551 et
1400 1480 1702 1583 gloriosa
1747 1483 1965 1553 nostri
2011 1482 2439 1572 dispensatio
2488 1484 2908 1567 conditoris,
2961 1485 3056 1556 ita

510 1589 796 1640 cursum
842 1582 1114 1640 nostrae
1161 1569 1595 1642 mortalitatis
1646 1571 1968 1653 instituit,
2033 1569 2281 1643 fratres
2326 1572 2758 1657 charissimi,
2813 1586 2891 1645 ut
2937 1594 3057 1664 per

509 1657 1029 1730 succedentium
1082 1658 1591 1730 vicissitudines
1640 1673 2025 1751 temporum
2055 1715 2072 1741 ,
2126 1660 2437 1732 diversae
2488 1662 2688 1732 nobis
2735 1663 3054 1733 victorio·

509 1769 743 1819 sorum
793 1747 1040 1817 Christi
1089 1747 1387 1818 militum
1425 1746 1821 1819 festivitates
1844 1761 2236 1831 occurrant,
2266 1772 2447 1838 quae
2481 1763 2751 1822 nostros
2782 1753 3054 1825 animos

510 1835 595 1905 ad
630 1857 934 1906 amorem
997 1835 1188 1907 illius
1234 1857 1550 1907 summae
1597 1849 1662 1907 et
1725 1838 2094 1909 continuae
2141 1838 2597 1910 solemnitatis
2647 1840 3051 1911 accendant.

509 1924 718 1995 Plane
764 1947 921 1994 cum
972 1925 1180 1995 totius
1227 1926 1394 1997 anni
1424 1927 1767 1997 circulum
1817 1925 2369 2018 triumphalibus
2403 1928 2607 1999 modo
2640 1943 3053 2020 martyrum,

512 2013 719 2083 modo
764 2013 1235 2085 confessorum
1271 2013 1492 2086 titulis
1541 2020 1718 2086 Deus
1763 2018 2204 2106 omnipotens
2256 2016 2520 2098 variat,
2586 2018 2755 2105 quid
2814 2018 3004 2089 aliud
3037 2074 3053 2099 ,

510 2124 719 2191 quam
772 2102 956 2174 velut
1001 2115 1260 2173 sertum
1310 2103 1570 2194 gloriae
1614 2105 1989 2186 construit,
2045 2106 2228 2192 quod
2297 2106 2539 2194 utique
2584 2106 2832 2178 decora
2877 2107 3063 2178 lilio-

509 2211 666 2262 rum
716 2205 922 2280 atque
975 2214 1291 2263 rosarum
1351 2193 1671 2263 varietate
1732 2192 2177 2354 depingitur?
2233 2200 2421 2265 Inter
2487 2217 2664 2283 quas
2723 2197 3061 2266 nimirum

507 2278 905 2351 festivitates
960 2294 1028 2352 et
1071 2280 1407 2351 hodierna
1471 2303 1604 2350 non
1657 2281 1821 2373 igno
1875 2283 2025 2367 ilis,
2078 2296 2221 2365 est,
2276 2284 2635 2375 Hyppoliti
2674 2285 2936 2356 scilicet
2993 2297 3061 2355 et

509 2368 815 2442 Cassiani
856 2383 1265 2461 martyrum,
1318 2391 1495 2459 quae
1543 2382 1895 2458 tamquam
1931 2375 2289 2465 geminum
2343 2372 2581 2445 rutilat
2609 2373 2908 2445 duorum
2949 2373 3061 2444 lu-

507 2479 667 2529 men
715 2470 1086 2531 astrorum.
1120 2459 1252 2544 Qui
1296 2458 1599 2551 profecto
1632 2462 1839 2553 Regis
1868 2463 2127 2536 aeterni
2166 2462 2633 2534 strenuissimi
2663 2462 3051 2545 bellatores,

505 2546 799 2619 diversis
871 2549 1153 2636 quidem
1203 2548 1374 2619 locis
1405 2603 1420 2630 ‚
1478 2550 1772 2620 diversis
1820 2553 2228 2642 subjacuere
2292 2552 2697 2643 suppliciis,
2752 2552 2868 2624 sed
2918 2574 3061 2622 una

506 2637 784 2725 utrique
814 2651 959 2708 erat
1003 2659 1215 2708 causa
1245 2639 1668 2722 certaminis,
1722 2640 1888 2728 quia
1933 2664 2071 2713 non
2112 2642 2353 2733 dispar
2408 2652 2780 2730 utrumque
2827 2663 3059 2711 arma-

508 2737 696 2795 verat
746 2725 1076 2816 professio
1123 2727 1450 2797 veritatis.

592 2816 632 2902 §
682 2819 771 2886 2.
849 2814 1213 2886 Enimvero
1260 2816 1653 2896 Cassianus,
1734 2818 1850 2887 cui
1925 2818 2364 2910 potissimum
2429 2817 2893 2890 famulaturus
2953 2830 3058 2889 est

505 2923 757 2983 serm0‚
791 2901 913 2972 diu
955 2903 1236 2991 quidem
1290 2903 1510 2985 latuit,
1565 2904 1681 2975 sed
1732 2927 1892 2975 cum
1942 2907 2029 2977 ad
2079 2918 2423 2977 certamen
2476 2920 2879 2998 perventum
2929 2920 3052 2988 est,

506 2989 674 3077 quid
707 2991 1153 3072 acrimoniae,
1207 2993 1375 3081 quid
1427 2993 1717 3096 saporis,
1760 2994 1928 3081 quid
1977 2994 2406 3067 fortitudinis
2455 3018 2755 3088 granum
2789 2996 3056 3087 sinapis

503 3077 897 3161 occultaret,
951 3080 1244 3171 aperuit.
1283 3086 1454 3152 Nam
1488 3095 1687 3169 Juxta
1735 3083 2041 3154 nominis
2088 3085 2196 3156 sui
2247 3085 2716 3176 praesagium,
2768 3106 2931 3156 cum
2982 3085 3055 3153 in

560 3166 856 3238 assionis
902 3168 1045 3260 pila
1092 3181 1611 3260 persecutorum
1650 3172 1976 3243 manibus
2025 3173 2252 3244 scindi
2292 3174 2517 3264 coepit
2546 3186 2616 3244 et
2642 3174 2863 3255 atteri,
2904 3193 3061 3244 mox

538 3256 958 3346 ragrantiam
1007 3257 1387 3328 odoriferae
1434 3260 1816 3341 suavitatiS,
1859 3284 2039 3348 quae
2089 3262 2158 3332 in
2217 3284 2288 3333 se
2336 3262 2630 3341 latebat,
2682 3262 3050 3351 adspersit.

506 3344 738 3415 Cassia
785 3345 1128 3433 siquidem
1179 3348 1444 3438 species
1491 3360 1594 3420 est
1621 3351 2020 3433 aromatica,
2064 3373 2245 3439 quae
2270 3351 2536 3443 integra
2583 3351 2864 3439 quidem
2901 3350 3059 3421 nul-

504 3432 645 3533 lius
691 3455 842 3535 esse
915 3434 1187 3507 videtur
1231 3436 1462 3507 odoris
1492 3492 1508 3519 ,
1575 3438 1733 3508 trita
1792 3450 2021 3510 autem
2102 3439 2440 3512 naturalis
2505 3439 2641 3508 vim
2699 3440 3059 3511 suavitatis

505 3532 786 3593 emittit.
1361 3561 1368 3568 ·

596 3612 634 3698 ἓ
679 3614 771 3683 8.
824 3616 1071 3683 Beatus
1119 3613 1348 3701 itaque
1395 3615 1764 3685 Cassianus
1811 3617 1920 3706 (ut
1966 3628 2316 3708 gestorum
2368 3615 2559 3688 illius
2608 3629 2896 3689 testatur
2946 3617 3058 3686 hi-

508 3699 747 3784 storia)
793 3699 961 3771 dum
999 3702 1335 3772 scholaris
1379 3703 1619 3774 doctor
1663 3704 2025 3785 existeret,
2100 3705 2563 3793 brevibusque
2611 3707 2793 3777 notis
2854 3706 3060 3776 verba

505 3789 1091 3879 comprehendere
1139 3813 1388 3882 pueros
1423 3793 1750 3874 erudiret,
1791 3816 1915 3885 pro
1965 3793 2099 3863 fide
2145 3794 2395 3864 Christi
2443 3794 2529 3864 ad
2579 3796 3061 3881 quaestionem

506 3876 848 3950 deductus
891 3891 1015 3949 est.
1055 3884 1362 3968 Cumque
1407 3881 1550 3952 zelo
1583 3903 1963 3953 succensus
2011 3882 2195 3964 fidei,
2231 3882 2554 3970 judicum
2586 3882 2859 3954 decreta
2888 3904 3060 3953 con-

507 3976 861 4049 temneret,
901 3980 970 4039 et
998 3969 1341 4040 sacrificia
1379 3969 1663 4060 profana
1710 3969 2028 4051 calcaret,
2066 3970 2574 4062 discipulorum
2613 3971 3044 4043 manibusad

507 4055 968 4127 cruciandum
1015 4057 1308 4128 traditus
1340 4073 1463 4142 est,
1493 4073 1570 4129 ut
1616 4057 1759 4128 illis
1786 4081 1977 4129 versa
2026 4060 2171 4130 vice
2207 4082 2464 4150 poenas
2488 4059 2848 4142 exolveret,
2883 4081 3062 4149 quos

510 4142 657 4233 ipse
703 4144 972 4217 dudum
1029 4147 1160 4217 sub
1205 4146 1617 4238 disciplinae
1665 4146 1887 4217 ferula
1937 4150 2313 4221 terruisset.
2378 4154 2526 4219 Mox
2571 4150 2804 4237 itaque
2851 4149 3064 4219 indu-

511 4232 763 4301 mentis
800 4248 1070 4318 exutuS,
1126 4236 1452 4307 manibus
1500 4247 1653 4326 post
1693 4249 1883 4328 terga
1933 4236 2185 4328 ligatus
2215 4292 2230 4319 ,
2286 4251 2551 4308 armato
2600 4238 2801 4329 stylis
2848 4250 2914 4308 et
2961 4249 3068 4308 ta-

514 4318 698 4389 bulis
746 4343 1113 4411 puerorum
1163 4323 1540 4395 furentium
1586 4325 1865 4416 agmine
1912 4324 2538 4396 circumfunditur:
2577 4329 2699 4415 qui
2747 4327 3062 4414 undique

511 4424 969 4499 compunctus
994 4425 1198 4502 atque
1226 4413 1636 4504 discerptuS‚
1676 4425 1810 4485 toto
1844 4436 2129 4505 corpore
2155 4414 2518 4486 laceratur.
2564 4421 2827 4487 Novum
2860 4415 3063 4508 plane
