3308 5004
644 343 772 406 558
1308 360 1386 405 un
1433 359 1490 404 s.
1544 358 1891 406 runcise&
1933 361 2011 405 ne
2057 358 2344 405 camur„
2776 341 2965 406 AUG.
3021 342 3099 404 21

559 456 702 513 tum
754 443 838 545 ad
897 444 1001 511 Dei
1052 443 1541 532 omnipotentis
1573 442 1848 512 laudem
1884 457 1949 513 et
1982 443 2300 534 gloriam,
2340 457 2481 512 tum
2520 442 2600 510 ad
2650 443 3109 513 imitationem

555 545 695 601 tam
730 534 1020 601 eximiae
1057 545 1716 621 consummataeque
1745 532 2040 602 virtutiS.

644 625 681 708 ξ
726 627 807 692 8.
863 627 911 690 E
959 620 1367 690 clarissimis
1421 621 1822 710 parentibus
1852 675 1867 702 ‚
1924 622 2201 690 Divione
2244 620 2501 710 (Dzjon)
2551 619 2621 688 in
2672 618 3108 709 Burgundia‚

552 717 824 781 Joanna
874 710 1232 778 Francisca
1281 711 1577 779 Fremiot
1623 710 1708 778 de
1756 710 2039 779 Chantal
2091 722 2317 778 ortum
2382 708 2647 777 habuit.
2720 710 2873 777 Piae
2945 731 3116 778 san-

553 812 838 886 ctaeque
885 799 1317 867 educationis
1363 798 1665 867 fructum
1718 797 1894 879 tulit,
1948 820 2153 886 quem
2205 797 2466 877 debuit,
2524 796 2792 887 puellae
2834 796 3107 867 indoles

551 888 637 958 ad
688 889 1004 962 virtutem
1059 900 1241 956 nata.
1294 887 1680 956 Catholicae
1730 887 2083 978 religionis
2126 887 2270 974 jam
2326 886 2485 954 inde
2533 909 2571 955 a
2615 885 2863 955 teneris
2898 887 3112 955 annis

555 988 739 1046 tanto
787 990 932 1046 erat
982 977 1263 1046 incensa
1311 975 1562 1054 studit),
1601 989 1677 1045 ut
1711 975 2033 1064 quintum
2069 975 2308 1044 aetatis
2341 997 2604 1044 annum
2643 974 2953 1044 nondum
2989 997 3111 1043 ex-

550 1066 828 1144 cedens,
867 1066 1284 1134 haereticum
1318 1065 1715 1151 quemdam,
1756 1064 2087 1134 adversus
2129 1065 2474 1133 veritatem
2509 1064 2818 1154 corporis
2857 1063 3111 1133 Christi

552 1155 620 1223 in
671 1155 1091 1223 eucharistia
1138 1153 1616 1232 cavillantem,
1675 1154 2019 1242 sapienter
2066 1164 2267 1240 atque
2316 1154 2627 1222 animose
2678 1153 3108 1243 redarguens

552 1243 815 1334 pudore
865 1243 1314 1312 suffunderet.
1367 1247 1644 1311 Tentata
1693 1241 1951 1313 dolosis
2008 1243 2277 1326 ‚artibus
2340 1264 2380 1311 a
2445 1241 2807 1328 vaferrima
2840 1297 2854 1321 ,
2921 1261 3105 1328 quae

549 1333 738 1402 domi
787 1345 953 1412 erat,
1013 1332 1323 1411 muliere,
1379 1331 1844 1401 innocentiam
1884 1354 2015 1401 non
2056 1332 2217 1434 sine
2242 1331 2574 1422 peculiari
2608 1353 2647 1399 o
2700 1352 2736 1399 e
2772 1330 3103 1420 Deiparae

551 1421 897 1511 Virginis,
951 1443 1161 1507 quam
1211 1419 1573 1490 defunctae
1621 1420 1985 1491 Genitricis
2037 1420 2183 1489 loco
2237 1433 2518 1489 matrem
2570 1420 2653 1487 de
2685 1431 2936 1509 egerat,
2993 1419 3100 1487 in-

549 1512 1084 1579 contaminatam
1140 1510 1450 1578 servavit.
1498 1509 1696 1579 Aliud
1739 1532 2015 1597 quoque
2044 1510 2325 1600 gravius
2360 1507 2645 1578 sortasse
2678 1507 3096 1599 periculum,

549 1598 860 1687 ejusdem
915 1603 984 1668 B.
1042 1599 1341 1689 Virginis
1390 1598 1687 1678 auxiliO,
1741 1599 1956 1668 evasit
2004 1597 2397 1668 incolumis.
2464 1603 2688 1680 Quum
2759 1597 2940 1664 enim
3016 1594 3104 1664 de

550 1688 899 1757 connubio
950 1687 1139 1755 illius
1188 1699 1507 1776 ageretur
1551 1709 1710 1755 cum
1761 1688 1989 1774 equite
2038 1686 2249 1756 nobili
2302 1710 2467 1756 sane
2506 1700 2709 1773 atque
2743 1684 3093 1776 opulent0‚

552 1782 762 1846 Deum
806 1781 1072 1846 Joanna
1108 1776 1469 1844 Francisca
1505 1797 1624 1863 per
1661 1790 1945 1845 matrem
1980 1775 2127 1862 ejus
2154 1775 2663 1845 sanctissimam
2702 1773 3097 1855 consulem,

549 1864 935 1933 calviniana
987 1864 1213 1944 illum,
1269 1865 1534 1932 tametsi
1584 1864 2046 1946 dissimulata,
2100 1864 2367 1934 haeresi
2420 1863 2773 1944 infectum,
2836 1869 2964 1932 Deo
3014 1862 3099 1930 il-

553 1953 909 2032 lustrante,
964 1953 1319 2042 cognovit3
1365 1975 1502 2038 quo
1552 1953 1671 2022 illa
1722 1953 2029 2044 periculo
2071 1955 2161 2022 ita
2196 1966 2538 2022 commota
2567 1965 2690 2030 est,
2732 1964 2807 2022 ut
2848 1951 2943 2021 vel
2991 1975 3097 2020 re·

547 2042 1014 2111 cordationem
1067 2042 1256 2112 illius
1306 2040 1643 2132 refugeret
1689 2043 1969 2111 animus
2017 2065 2095 2111 ac
2193 2043 2712 2110 erhorrescere't.
2762 2047 2802 2109 A
2840 2062 3089 2121 sorore,

549 2130 732 2220 apud
785 2152 993 2216 quam
1046 2131 1455 2217 aliquandiu
1504 2131 1746 2211 fuerat,
1792 2131 1967 2221 patri
2005 2131 2117 2199 red
2178 2132 2291 2212 ita,
2334 2131 2421 2199 ita
2464 2153 2536 2199 se
2578 2129 2677 2198 illi
2712 2130 3092 2219 obsequen-

553 2233 710 2300 tem,
763 2219 1081 2298 docilem,
1136 2241 1439 2299 suavem,
1483 2220 1893 2311 morigeram
1938 2221 2271 2310 praebuit,
2314 2232 2390 2288 ut
2425 2219 2596 2288 nihil
2633 2241 2871 2309 supra.
2912 2218 3086 2288 Nihil

553 2308 619 2377 in
668 2329 747 2377 ea
794 2308 974 2394 quod
1013 2307 1318 2388 deliciaS‚
1357 2309 1539 2395 quod
1581 2308 1849 2390 luxum,
1890 2310 2072 2395 quod
2111 2308 2448 2377 levitatem
2482 2308 2699 2376 animi
2738 2307 3090 2377 redoleret.

551 2398 769 2466 Pietas
819 2398 888 2466 in
927 2403 1137 2466 Deum
1178 2419 1257 2465 ac
1294 2397 1651 2486 Deiparam
1685 2397 1960 2477 eximia,
2001 2419 2350 2466 summurn
2400 2396 2719 2485 precandi
2759 2396 3092 2476 studium,

549 2486 1018 2557 misericordia
1071 2486 1138 2555 in
1195 2509 1531 2576 pauperes
1579 2485 1981 2576 singularis.
2038 2484 2377 2555 Voluntati
2431 2508 2632 2567 suae,
2685 2508 2824 2574 qua
2882 2485 3098 2555 liben-

552 2576 686 2646 tius
735 2576 820 2645 ad
875 2578 1076 2645 vitam
1128 2575 1458 2646 coelibem
1509 2575 1901 2655 serebatur,
1956 2588 2310 2665 paternam
2367 2596 2795 2665 praeponens
2827 2630 2842 2651 ,
2906 2575 3098 2644 nobi-

548 2663 815 2735 lissimo
861 2666 1004 2734 viro
1052 2666 1122 2732 in
1177 2664 1673 2754 temporalibus
1724 2665 2010 2733 Domino
2061 2664 2145 2733 de
2193 2664 2476 2732 Chantal
2528 2665 2778 2751 nuptui
2830 2687 2903 2732 se
2942 2664 3091 2732 dari

549 2775 685 2824 non
738 2755 1100 2825 recusavit.
1153 2752 1548 2822 Praeclarae
1597 2753 1779 2833 illae,
1833 2775 2006 2840 quas
2054 2753 2136 2821 ad
2186 2753 2703 2821 matrimonium
2747 2753 3087 2833 attulerat,

547 2844 830 2914 virtutes
882 2844 1103 2933 magis
1151 2843 1512 2932 magisque
1561 2842 1628 2910 in
1682 2842 1979 2912 aliorum
2030 2864 2307 2929 quoque
2346 2841 2708 2911 utilitatem
2748 2841 3090 2911 redunda-

548 2944 732 3002 runt.
787 2932 1399 3001 Clementer‘enim
1449 2930 1783 3000 familiam
1840 2953 2094 3022 regere,
2148 2931 2329 2999 filios
2377 2946 2612 3000 sancte
2643 2930 2955 3009 educare,
2992 2929 3082 2996 vi-

549 3043 700 3091 rum
753 3021 837 3089 ad
905 3020 1173 3110 pietatis
1235 3042 1401 3090 suae
1465 3020 1913 3089 imitationem
1985 3019 2375 3095 adducere,
2442 3020 2737 3089 invisere
2805 3039 3077 3107 aegrOS,

545 3132 583 3179 e
631 3110 908 3179 entibus
957 3108 1346 3189 subvenire,
1400 3106 1698 3177 subditis
1747 3108 2099 3197 opitulari,
2157 3114 2287 3177 Deo
2335 3121 2399 3176 et
2448 3108 2579 3178 sibi
2622 3130 2884 3191 vacare,
2922 3107 3088 3175 haec

546 3133 739 3268 iffius
785 3210 928 3266 erat
974 3198 1150 3266 vitae
1201 3197 1371 3266 ratio
1422 3196 1763 3267 laboriosa
1812 3219 2106 3287 semper,
2164 3218 2546 3283 numquam
2599 3198 2838 3266 otiosa.
2885 3196 3094 3284 Cujus

544 3287 824 3374 quidem
875 3285 1339 3355 solicitudinis
1385 3285 1652 3355 fructus
1701 3296 1844 3355 erat
1892 3308 2166 3356 summa
2217 3287 2285 3353 in
2337 3285 2541 3355 domo
2593 3309 2762 3377 pax,
2818 3306 3095 3355 summa

548 3374 1037 3463 tranquillitas.
2259 3384 2269 3395 '
3001 3388 3005 3392 ’

632 3467 670 3551 §
716 3467 809 3535 8.
866 3465 989 3532 Sed
1042 3463 1369 3533 adversae
1416 3482 1523 3532 res
1571 3462 2007 3542 inciderunt,
2063 3462 2320 3550 quibus
2369 3475 2503 3532 tam
2559 3462 2911 3551 praeclara
2963 3463 3095 3532 ista

547 3554 616 3623 in
666 3552 993 3622 secundis
1040 3552 1258 3621 virtus
1307 3550 1509 3708 longe
1556 3551 1986 3642 splendidior
2031 3551 2311 3623 effulsit.
2365 3552 2729 3621 Vulnerato
2763 3552 2951 3620 enim
2990 3552 3098 3619 in·

545 3655 647 3712 ter
691 3640 1110 3721 venandum,
1161 3652 1226 3709 et
1277 3640 1513 3731 paulo
1562 3652 1712 3731 post
1758 3641 2056 3710 extincto
2106 3642 2274 3721 vim,
2328 3662 2531 3727 quem
2569 3663 2807 3710 carum
2843 3642 2913 3709 in
2955 3639 3096 3727 pri-

547 3731 679 3800 mis
727 3730 1045 3810 habebat,
1097 3752 1337 3800 casum
1388 3729 1668 3817 quidem
1720 3729 2250 3799 acerbissimum
2302 3729 2610 3799 dolenter
2642 3729 2818 3809 tulit,
2865 3728 3095 3799 sedin

544 3841 623 3888 eo
651 3818 1020 3888 consilium
1058 3819 1195 3899 Dei,
1232 3819 1354 3906 qui
1390 3831 1594 3889 totam
1631 3819 1766 3888 sibi
1799 3819 2219 3908 deposceret,
2265 3820 2498 3888 animo
2535 3822 2888 3908 reputans,
2934 3838 3097 3886 san-

543 3909 891 3978 ctissimae
938 3907 1127 3979 illius
1174 3906 1503 3977 voluntati
1555 3909 1920 3995 acquievit,
1975 3930 2054 3993 ac
2099 3921 2445 3996 praeterea
2483 3907 2569 3976 ad
2604 3930 2797 3977 aram
2842 3905 3093 3976 beatis-

544 3996 760 4067 simae
807 3998 1106 4087 Virginis
1138 4052 1152 4077 ,
1212 4002 1382 4077 De0,
1438 3997 1707 4066 meliori
1756 3999 1991 4084 utique
2040 4018 2330 4085 sponso,
2389 4008 2619 4065 votum
2671 4015 3089 4084 nuncupans

531 4098 913 4177 >perpetuae
960 4085 1314 4165 castitatis,
1369 4108 1440 4157 se
1486 4085 1873 4155 obstrinxit.
1929 4084 2034 4153 Illi
2069 4096 2322 4167 autem,
2368 4087 2483 4172 qui
2521 4086 2667 4154 viro
2704 4086 2948 4175 ipsius,
2985 4096 3086 4151 ta-

545 4175 741 4243 metsi
792 4175 1223 4264 imprudenS,
1284 4174 1529 4244 lethale
1580 4173 1832 4243 vulnus
1881 4174 2243 4255 inflixerat,
2290 4195 2426 4242 non
2469 4173 2675 4244 modo
2704 4173 2975 4243 veniam
3010 4171 3091 4240 li-

547 4264 784 4333 benter
811 4264 1124 4345 indulsit,
1164 4263 1277 4335 sed
1315 4266 1383 4333 in
1419 4276 1906 4353 argumentum
1943 4262 2148 4332 etiam
2185 4262 2553 4353 peculiaris
2583 4261 3089 4332 benevolentiae

543 4349 734 4420 illius
784 4352 1003 4420 filium
1054 4375 1091 4422 e
1142 4374 1337 4423 sacro
1391 4352 1576 4422 fonte
1636 4352 1963 4440 suscepit.
2019 4357 2166 4434 Qua
2213 4351 2490 4438 quidem
2544 4353 2613 4420 in
2666 4374 2761 4432 re,
2816 4349 3088 4438 aequis·

544 4439 721 4509 simo
769 4441 1097 4510 virtutum
1165 4441 1597 4512 aestimatore
1664 4447 1728 4511 S.
1784 4441 2147 4512 Francisco
2209 4441 2468 4511 Salesio
2518 4452 2721 4522 teste,
2781 4440 3088 4511 heroicae
