3308 5004
700 296 787 362 96
1363 310 1442 358 ns
1490 310 1547 358 s.
1600 306 1930 358 summo
1979 309 2141 357 rara
2179 311 2371 359 naar.
2878 290 3058 358 Auo.
3103 291 3141 357 2

614 420 776 468 cum
811 396 1157 466 docuisset
1185 393 1271 464 de
1303 393 1522 463 salute
1547 416 1625 464 ac
1656 394 1926 465 coelesti
1953 399 2199 485 'Regno
2231 407 2515 466 sanctus
2541 394 2881 466 Pontifex:
2913 416 2950 461 α
2973 399 3135 474 Esto,

614 485 865 587 inquit,
903 485 1027 554 tibi
1076 482 1302 558 frater,
1358 482 1484 551 boc
1534 504 1713 553 onus
1754 483 2183 573 impositum,
2225 498 2302 554 ut
2343 484 2722 555 multorum
2775 495 3140 572 martyrum

615 574 943 662 reliquias
981 573 1344 663 diligenter
1410 571 1746 659 inquiras».
1795 594 1832 638 »
1895 576 2059 642 Cum
2123 572 2251 642 hoc
2316 573 2718 643 mandatum
2781 573 3145 663 accepisset

613 662 1063 743 Tertullinus,
1106 673 1255 751 post
1282 659 1459 729 duos
1497 659 1644 731 dies
1677 682 1883 746 quam
1931 660 2285 751 presbyter
2307 662 2672 733 ordinatus
2703 673 2827 742 cst,
2863 683 2904 731 a
2937 666 3146 731 Marco

613 752 915 822 Tribuno
947 750 1509 840 comprehensus,
1566 748 1653 817 ad
1699 748 2130 819 Valerianum
2167 749 2470 821 ducitur.
2526 751 2647 821 Cui
2704 750 3139 821 Valerianus:

614 846 661 910 Α
714 863 772 921 e,
826 840 1073 926 inquit,
1127 838 1391 908 domini
1441 837 1538 907 tui
1593 838 1922 927 pecunias
1974 838 2107 908 huc
2155 839 2368 909 affer:
2423 861 2649 920 secus,
2694 838 3137 909 interficieris.

616 864 712 999 ΑΞ
769 930 938 999 haec
990 926 1410 997 Tertullinus
1452 926 1850 1027 respondit:
1905 948 1941 993 α
1975 927 2044 996 Si
2095 930 2424 1017 pecunias
2478 928 2745 998 domini
2800 928 2929 997 mei
2970 939 3031 996 et
3076 940 3146 998 tu

615 1018 870 1088 habere
897 1017 1120 1106 cupis,
1147 1028 1495 1085 aeternam
1524 1029 1729 1084 vitam
1760 1016 2033 1102 assequi
2074 1018 2363 1106 poteris:
2405 1040 2559 1087 nam
2596 1016 2711 1086 ille
2791 1038 2865 1085 ro
2896 1016 3145 1087 Christo

617 1108 919 1177 moriens
945 1161 960 1186 ,
1018 1110 1147 1174 Deo
1182 1104 1317 1194 ipsi
1355 1102 1714 1173 facultates
1762 1126 1925 1173 suas
1971 1106 2264 1186 obtulit,
2323 1106 2390 1182 in
2429 1105 2659 1177 futuro
2694 1106 2738 1174 il
2772 1126 2812 1174 o
2842 1127 3004 1174 aevo
3037 1127 3146 1177 eas

614 1210 1043 1287 recepturus.
1106 1193 1173 1263 Si
1220 1212 1385 1280 ergo
1432 1203 1496 1260 et
1546 1204 1622 1261 tu
1674 1215 1827 1261 vere
1861 1193 1929 1261 in
1989 1197 2197 1263 Deum
2250 1194 2649 1275 credideriS,
2704 1207 3028 1280 mutaque
3069 1215 3144 1264 ac

618 1306 870 1354 sensus
903 1283 1204 1373 expertia
1236 1280 1418 1350 idola
1448 1294 1800 1350 execratus
1827 1280 2067 1362 fueriS,
2126 1283 2514 1354 misericors
2547 1297 2611 1353 et
2643 1282 2949 1352 clemens
2980 1287 3148 1352 Deus

613 1385 678 1442 te
712 1371 1195 1464 poenitentiam
1223 1382 1535 1471 agentem
1566 1370 2089 1459 amplectetur.»
2118 1376 2306 1442 Tunc
2327 1372 2497 1441 dixit
2519 1372 2949 1441 Valerianus:
2986 1376 3149 1461 Ergo

614 1461 883 1530 domini
922 1461 1018 1530 tui
1049 1480 1377 1550 pecuniae
1411 1471 1753 1528 aeternam
1801 1459 2003 1528 vitam
2037 1460 2505 1552 illiafferunt?
2529 1483 2564 1527 «
2589 1459 2896 1540 Maxime,
2933 1459 3149 1546 inquit

616 1549 1063 1629 Tertullinus,
1119 1561 1184 1617 et
1234 1570 1365 1618 non
1415 1548 1635 1617 solum
1673 1562 2021 1619 aeternam
2059 1550 2288 1631 vitam,
2330 1549 2446 1620 sed
2492 1561 2900 1641 perpetuum
2951 1548 3146 1618 etiam

614 1643 934 1729 Regnum
984 1635 1383 1707 conciliant.
1424 1660 1461 1704 »

706 1727 742 1815 ἓ
791 1731 943 1800 13.
997 1727 1118 1796 His
1168 1725 1447 1808 auditis,
1506 1725 1906 1795 Valerianus
1953 1725 2039 1794 ad
2087 1748 2203 1796 eos
2251 1748 2633 1797 sermonem
2684 1726 2992 1826 dirigens
3036 1725 3148 1812 qui

616 1815 944 1885 aderant:
1002 1815 1275 1895 Delirat,
1339 1814 1587 1902 inquit,
1642 1813 2062 1884 Tertullinus
2101 1815 2247 1885 iste.
2293 1821 2769 1886 Prosternatur
2827 1814 3036 1904 igitur
3080 1814 3146 1883 in

617 1916 893 1984 terram,
931 1915 995 1973 et
1028 1903 1264 1973 multis
1290 1903 1501 1994 virgis
1531 1903 1975 1992 percutiatur.
2009 1909 2244 1991 Itaque
2268 1927 2426 1974 cum
2465 1905 2702 1974 beatus
2735 1901 3150 1974 Tertullinus

617 1994 767 2063 sine
804 1991 1280 2068 ,misericordia
1317 1991 1808 2072 verberaretur,
1843 2015 2000 2062 voce
2032 2016 2282 2084 magna
2313 1994 2620 2063 dicebat:
2657 2015 2692 2059 (ι
2726 1992 2992 2063 Gratias
3018 2012 3141 2081 ago

619 2082 766 2162 tibi,
805 2081 1087 2150 Domine
1118 2082 1291 2150 Jesu
1326 2080 1573 2159 Chiste‚
1618 2080 1798 2167 quod
1844 2103 1979 2151 non
2012 2080 2403 2172 disjunxisti
2445 2104 2551 2149 me
2586 2104 2628 2150 a
2657 2080 2939 2150 domino
2973 2101 3139 2162 mec,

614 2182 681 2239 et
709 2192 899 2240 servo
932 2184 1048 2239 tuo
1079 2169 1419 2260 Olympio,
1447 2169 1566 2256 qui
1597 2182 1663 2239 et
1696 2193 1802 2239 me
1828 2171 2189 2241 antecessit
2221 2171 2546 2260 martyrio
2578 2168 2882 2239 functus,
2913 2191 2949 2235 »
2990 2172 3152 2239 Cum

616 2259 847 2346 itaque
882 2259 1057 2329 inter
1097 2259 1376 2329 verbera
1423 2272 1493 2328 et
1532 2258 1770 2359 plagas
1803 2258 1932 2328 hoc
1972 2259 2269 2341 diceret,
2324 2260 2534 2350 jussit
2583 2264 2964 2348 Imperator
3007 2257 3153 2346 ejus

615 2347 947 2418 lateribus
1004 2348 1020 2417 i
1080 2370 1232 2417 nem
1296 2347 1573 2435 subjici.
1652 2348 1772 2417 Cui
1824 2347 2063 2417 nefarii
2124 2360 2328 2435 atque
2385 2347 2580 2437 impii
2652 2347 2968 2416 homines
3027 2345 3155 2414 hoc

617 2459 820 2528 saepe
868 2438 1031 2507 incu
1065 2437 1358 2507 cabant:
1413 2435 1787 2507 Tertulline
1834 2436 2203 2528 sacrilege,
2258 2436 2465 2507 redde
2520 2435 2849 2527 pecunias
2889 2433 3157 2504 domini

616 2527 741 2596 tui.
796 2532 1040 2598 Beatus
1097 2548 1250 2596 vero
1303 2526 1725 2596 Tertullinus
1789 2528 2127 2598 constanti
2175 2527 2409 2596 animo
2456 2538 2660 2613 atque
2709 2524 2912 2594 hilari
2961 2523 3160 2593 vultu

614 2616 886 2687 dicebat
936 2616 1334 2685 Valeriano:
1392 2638 1427 2681 «
1462 2619 1618 2705 Age,
1680 2615 1909 2696 miser,
1956 2614 2061 2685 fac
2094 2615 2448 2685 celerrime
2494 2613 2825 2702 quicquid
2881 2613 3024 2692 νίς,
3080 2622 3162 2682 ut

614 2726 736 2795 per
783 2704 1185 2775 incendium
1238 2716 1303 2772 et
1342 2703 1662 2773 flammas
1712 2704 1879 2773 istas
1930 2726 2038 2772 me
2086 2704 2504 2773 sacrificium
2558 2707 2689 2772 Deo
2728 2712 3002 2791 gratum
3052 2699 3158 2771 of-

613 2792 790 2862 ferre
841 2794 1125 2883 possim.
1165 2815 1200 2858 »
1251 2797 1439 2861 Tunc
1465 2791 1677 2879 jussit
1723 2790 2124 2861 Valerianus
2165 2791 2618 2861 Tertullinum
2663 2812 2797 2858 non
2847 2788 3161 2880 amplius

614 2880 983 2963 verberari,
1044 2880 1158 2951 sed
1215 2880 1384 2948 tradi
1439 2880 1732 2970 Sapritio
1784 2881 1982 2949 Urbis
2042 2880 2364 2971 praesidi,
2417 2881 2532 2951 cui
2580 2879 2786 2949 dixit:
2841 2883 2996 2969 Age,
3055 2901 3166 2948 re-

613 2969 813 3127 guire
862 2970 948 3038 ab
999 2968 1126 3038 isto
1178 2968 1507 3057 pecunias
1557 2968 1859 3058 Olympii
1908 2968 2173 3038 domini
2221 2971 2378 3038 sui:
2433 2969 2683 3039 deinde
2738 2990 2905 3059 coge
2952 2966 3162 3038 illum

666 3057 752 3126 iis
783 3056 999 3127 libare
1031 3081 1044 3120 :
1079 3055 1261 3143 quod
1293 3056 1425 3125 nisi
1458 3055 1714 3136 fecerit,
1755 3057 1962 3126 variis
1996 3058 2350 3127 tormentis
2383 3060 2750 3128 crucietur.

702 3149 740 3233 ξ
780 3151 921 3218 ss.
968 3148 1131 3213 Cum
1172 3144 1300 3214 hoc
1334 3145 1738 3214 mandatum
1775 3146 2149 3234 accepisset
2183 3146 2544 3247 Sapritius,
2591 3146 2818 3218 statim
2854 3143 3166 3214 tribunal

614 3234 749 3305 sibi
784 3233 1012 3323 parari
1051 3233 1264 3322 jussit
1328 3234 1395 3302 in
1444 3255 1522 3303 eo
1573 3234 1719 3303 loco
1751 3288 1766 3314 ,
1819 3235 1940 3321 qui
1988 3236 2370 3305 Mamertini
2420 3235 2670 3305 domus
2716 3232 3164 3334 appellatur:

615 3322 1100 3413 praecepitque
1158 3321 1409 3390 adduci
1460 3321 1546 3390 ad
1596 3344 1668 3391 se
1727 3336 2094 3411 martyrem
2129 3379 2145 3407 ,
2203 3346 2541 3414 praecone
2596 3324 2695 3394 sic
2763 3322 3166 3392 indicente:

613 3411 1015 3481 Adducatur
1055 3410 1191 3480 huc
1233 3408 1615 3499 sacrilegus
1662 3411 2103 3481 Tertullinus.
2158 3413 2508 3495 Adductus
2557 3412 2787 3500 itaque
2823 3410 2954 3479 fuit
3001 3414 3173 3478 Ter-
3237 3414 3252 3437 ³

615 3501 934 3582 tullinus,
989 3520 1193 3587 quem
1245 3505 1523 3568 Praeses
1571 3499 2038 3591 interrogavit,
2093 3523 2231 3589 quo
2280 3502 2559 3570 nomine
2605 3512 2982 3570 vocaretur.
3040 3498 3177 3569 Cui

613 3587 1081 3659 Tertullinus:
1137 3611 1172 3654 «
1216 3593 1554 3669 Peccator,
1612 3588 1859 3676 inquit,
1921 3613 2074 3660 sum
2119 3612 2267 3682 ego,
2306 3611 2544 3659 servus
2593 3610 2945 3659 servorum
2994 3592 3179 3657 Jesu

614 3677 888 3747 Christi.
930 3700 966 3745 »
1008 3683 1196 3746 Tunc
1245 3677 1586 3767 Sapritius
1628 3683 1905 3749 Praeses
1955 3679 2053 3750 sic
2101 3701 2262 3749 eum
2312 3679 2559 3750 affatus
2594 3690 2736 3748 est:
2793 3676 3181 3746 Considera

612 3787 791 3853 quae
834 3788 1019 3836 nunc
1069 3765 1192 3835 tibi
1228 3767 1771 3857 praecipiuntur,
1807 3780 1872 3838 et
1911 3769 2060 3837 sine
2092 3790 2283 3838 mora
2315 3767 2532 3838 facias
2590 3766 2778 3854 quod
2829 3765 2984 3835 dico
3016 3820 3035 3847 ,
3094 3778 3185 3836 ut

612 3854 826 3924 vivas.
888 3855 1007 3945 Eja
1060 3854 1273 3944 igitur
1319 3855 1455 3925 diis
1503 3857 1821 3925 sacrifica
1852 3910 1867 3938 ,
1924 3870 1988 3925 et
2038 3858 2271 3939 redde,
2324 3879 2500 3944 quae
2542 3856 2875 3944 jubemus
2905 3909 2921 3934 ,
2983 3855 3186 3924 bona

612 3942 915 4102 Olympii
951 3943 1217 4014 domini
1265 3945 1410 4014 tui:
1464 3945 1571 4014 sin
1610 3945 1870 4025 minus,
1912 3957 2404 4016 tormentorum
2440 3944 2807 4036 suppliciis
2837 3965 3187 4013 consum-

614 4045 774 4122 ptus
847 4034 1051 4104 ueris.
1104 4032 1199 4102 Ad
1234 4033 1401 4104 haec
1449 4032 1806 4124 respondit
1851 4034 2322 4104 Tertullinus:
2377 4056 2414 4100 «
2452 4033 2520 4102 Si
2570 4055 2806 4103 nosses
2843 4045 3186 4102 aeternae

614 4121 792 4191 vitae
818 4121 1238 4203 felicitatem,
1281 4143 1417 4191 non
1444 4143 1631 4192 esses
1660 4121 1745 4191 de
1772 4124 2111 4211 praesenti
2151 4121 2385 4195 seculo
2422 4122 2669 4192 anxius
2698 4142 2778 4191 ac
2817 4120 3178 4202 solicituS,

612 4230 696 4278 ea
727 4232 982 4283 curans
1015 4233 1191 4299 quae
1224 4234 1263 4279 a
1296 4211 1782 4294 daemonibuS,
1838 4233 2011 4298 quos
2039 4234 2158 4284 vos
2196 4210 2422 4281 colitis
2452 4265 2468 4293 ,
2530 4221 3047 4311 suggeruntur,
3109 4222 3188 4278 et

613 4297 740 4368 tibi
774 4311 840 4368 et
878 4300 977 4369 tui
1031 4299 1380 4387 similibus
1413 4313 1727 4369 aeternos
1760 4301 2110 4373 cruciatus
2150 4300 2457 4370 afferent.
2498 4322 2535 4367 »
2569 4304 2691 4369 His
2718 4297 2998 4379 auditiS,
3045 4302 3187 4368 Sa-

614 4386 865 4478 pritius
907 4393 1182 4458 Praeses
1221 4389 1434 4478 jussit
1467 4388 1827 4459 Tertullini
1873 4388 2117 4459 faciem
2165 4389 2517 4481 lapidibus
2564 4387 2823 4459 collidi.
2864 4391 3186 4459 Sanctus
