3308 5004
188 325 390 393 A'UG.
443 324 529 391 23
927 342 1006 391 us
1054 344 1109 391 s.
1163 341 1417 391 smomo
1464 342 1754 391 Avonam.
1809 343 2010 392 ause.
2532 328 2661 394 569

188 429 268 500 id
310 439 436 509 est,
471 426 654 498 alius
695 426 1050 519 presbyter
1099 428 1307 498 mittit
1342 428 1707 510 nuncium,
1741 427 2022 499 dicens:
2068 428 2258 510 Veni,
2314 449 2400 498 ne
2441 429 2753 501 tardave-

191 519 346 589 ris:
399 528 477 588 ut
521 537 701 605 quae
730 516 844 586 die
890 517 1206 587 hesterna
1259 515 1460 589 nobis
1489 529 1973 598 convenerant,
2021 519 2277 608 pariter
2313 518 2747 608 expleamus,

192 606 330 678 Sed
366 627 530 677 cum
562 626 891 696 responsa
921 605 1086 677 dare
1117 604 1422 676 differret
1466 606 1830 685 exanimis,
1883 604 2143 677 elevato
2178 627 2351 697 puer
2384 605 2532 677 velo
2560 608 2742 691 ostii,

192 695 456 782 reperit
483 693 847 765 dominum
886 716 1097 785 super
1133 694 1454 765 sellulam
1486 715 1803 766 secessus
1830 693 2262 766 defunctum.
2312 695 2505 766 Unde
2538 696 2751 768 indu-

193 786 494 856 bitatum
542 795 667 864 est,
721 804 860 853 non
913 783 1201 853 minoris
1247 783 1566 853 criminis
1615 783 1806 854 hunc
1855 805 2048 854 reum
2108 806 2261 855 esse
2294 839 2311 865 ,
2363 806 2576 873 quam
2626 792 2752 856 Ar-

196 878 383 944 rium
419 871 645 952 illum,
695 873 810 942 cui
858 872 1178 942 similiter
1207 873 1275 941 in
1318 893 1592 944 secessu
1624 871 1904 942 suerunt
1935 873 2204 942 interna
2251 873 2588 963 deposita,
2624 897 2752 978 per

195 960 820 1054 partesinferiores
846 973 1113 1053 egesta:
1164 961 1329 1049 quia
1363 981 1487 1029 nec
1536 959 1707 1030 illud
1753 961 1902 1032 sine
1936 961 2201 1031 haeresi
2240 975 2462 1052 potest
2490 966 2742 1056 accipi,

195 1053 378 1122 utin
421 1049 722 1120 Ecclesia
751 1071 884 1119 non
926 1050 1288 1120 obediatur
1322 1049 1657 1120 sacerdoti
1687 1050 1827 1131 Dei,
1865 1050 1981 1120 cui
2007 1050 2091 1120 ad
2130 1051 2555 1141 pascendum
2591 1074 2752 1124 oves

195 1140 614 1211 commissae
662 1151 868 1209 sunt:
921 1152 987 1209 et
1028 1138 1143 1208 ille
1197 1160 1270 1208 se
1319 1139 1586 1228 ingerat
1635 1139 1974 1230 potestati,
2026 1140 2142 1209 cui
2206 1161 2426 1228 neque
2472 1163 2513 1210 a
2564 1146 2695 1211 Deo
2726 1198 2741 1223 ‚

199 1249 428 1317 neque
458 1227 547 1299 ab
594 1227 998 1299 hominibus
1037 1227 1297 1316 aliquid
1337 1241 1441 1298 est
1470 1228 1948 1298 commissum.

288 1321 458 1406 §AE
513 1318 688 1387 Hinc
739 1318 979 1387 beatus
1028 1316 1347 1390 sacerdos
1378 1371 1393 1396 ‚
1450 1338 1591 1386 uno
1631 1316 1860 1386 adhuc
1911 1324 2232 1387 manente
2290 1317 2750 1390 nibilominus

198 1406 513 1476 inimico.
565 1427 730 1475 suae
769 1405 1153 1476 restituitur
1202 1406 1539 1496 potestati.
1594 1410 1873 1476 Factum
1923 1419 2027 1475 est
2070 1420 2300 1477 autem
2358 1421 2507 1497 post
2550 1407 2741 1489 haec,

194 1508 277 1565 ut
322 1494 688 1564 accedente
719 1494 928 1575 febre,
981 1509 1332 1584 aegrotare
1380 1495 1756 1585 coepisset:
1808 1495 1929 1582 qui
1979 1507 2175 1584 rogat
2220 1517 2410 1578 suos,
2462 1509 2539 1566 ut
2588 1519 2746 1567 eum

195 1584 271 1653 in
319 1582 680 1654 ecclesiam
729 1582 971 1653 serant.
1026 1589 1335 1671 Cumque
1384 1582 1550 1654 illuc
1591 1583 1826 1653 illatus
1864 1583 2129 1664 fuisset,
2182 1585 2633 1655 conveniebat
2662 1585 2747 1655 ad

196 1671 809 1743 illum-multitudo
843 1673 1144 1741 virorum
1189 1695 1286 1741 ac
1335 1672 1736 1754 mulierum,
1790 1672 2138 1760 simulque
2184 1674 2390 1744 etiam
2425 1687 2490 1744 et
2525 1673 2751 1754 infan-

200 1763 405 1841 tium,
445 1760 917 1861 plangentium
959 1773 1164 1848 atque
1188 1761 1567 1831 dicentium
1598 1784 1613 1829 ε
1649 1766 1785 1831 Cur
1815 1783 1939 1832 nos
1966 1761 2231 1832 deseris
2263 1776 2496 1853 pastor
2544 1764 2743 1846 bone,

197 1863 322 1920 aut
350 1873 467 1920 cui
508 1871 634 1919 nos
680 1851 879 1937 quasi
908 1851 1257 1939 orphanos
1295 1849 1721 1938 derelinquis
1745 1852 1776 1916 ’ἓ
1821 1850 2168 1938 Numquid
2201 1852 2333 1922 erit
2362 1853 2563 1922 nobis
2598 1866 2749 1954 post

203 1939 570 2009 transitum
624 1951 817 2009 tuum
855 1939 1027 2009 vita‘?
1082 1938 1419 2027 numquid
1456 1941 1585 2009 erit
1624 1938 2091 2029 postmodum,
2144 1941 2264 2027 qui
2313 1963 2440 2010 nos
2471 1963 2753 2032 sapien-

202 2028 358 2097 tiae·
397 2025 539 2095 sale
593 2027 693 2097 sic
739 2028 1070 2098 condiat?
1115 2040 1235 2097 aut
1296 2026 1379 2096 ad
1436 2029 1772 2098 Dominici
1837 2028 2141 2097 nominis
2207 2030 2519 2099 timorem
2587 2028 2750 2100 talis

201 2113 609 2210 prudentiae
670 2116 932 2186 ratione
979 2116 1404 2207 redarguat?
1451 2121 1629 2187 Haec
1677 2129 1744 2187 et
1798 2116 1909 2186 his
1956 2117 2214 2187 similia
2259 2118 2538 2208 populis
2586 2141 2747 2189 cum

204 2225 458 2295 magno
504 2205 667 2275 fletu
716 2205 1131 2285 dicentibuS‚
1170 2205 1445 2275 tandem
1484 2205 1805 2275 sacerdos
1840 2205 2100 2295 Spiritu
2150 2207 2220 2276 in
2262 2228 2335 2275 se
2365 2212 2613 2277 Sancto
2649 2208 2752 2277 in-

208 2292 482 2374 fluente,
539 2293 935 2384 respondit:
991 2293 1270 2364 «Nolite
1317 2296 1601 2375 timere,
1653 2315 1696 2364 o
1749 2294 2012 2385 populi.
2066 2299 2238 2364 Ecce
2296 2295 2505 2365 frater
2555 2318 2751 2367 meus

201 2382 643 2471 Aprunculus
682 2382 865 2463 vivit,
920 2395 986 2452 et
1032 2383 1180 2474 ipse
1225 2383 1353 2452 erit
1400 2383 1721 2453 sacerdos
1771 2397 2009 2453 vester.
2050 2405 2089 2450 »
2130 2382 2262 2466 Qui
2312 2406 2445 2453 non
2500 2379 2752 2454 intelli-

202 2483 476 2562 genteS,
534 2472 870 2561 putabant
927 2493 1086 2542 eum
1140 2471 1329 2560 loqui
1376 2471 1638 2560 aliquid
1693 2473 1763 2542 in
1813 2473 2084 2544 ecstasi.
2145 2476 2293 2556 Quo
2356 2473 2744 2565 migrante,

202 2560 560 2650 presbyter
606 2561 721 2630 ille
763 2582 1085 2648 nequam,
1121 2561 1290 2631 alter
1321 2583 1402 2631 ex
1441 2561 1742 2642 duobuS,
1776 2562 1897 2649 qui
1948 2573 2394 2643 remanserat,
2433 2563 2751 2653 protinus

199 2670 477 2719 omnem
529 2648 924 2719 facultatem
976 2648 1340 2731 Ecclesiae,
1398 2662 1746 2737 tamquam
1800 2651 1856 2719 si
1898 2649 2043 2738 jam
2096 2651 2481 2741 Episcopus
2528 2664 2745 2732 esset,

198 2737 481 2807 inhians
527 2738 906 2829 cupiditate
964 2752 1440 2829 praeoccupat,
1488 2738 1770 2808 dicens:
1823 2737 2122 2808 Tandem
2176 2741 2470 2830 respexit
2520 2740 2589 2809 in
2641 2762 2754 2811 me

204 2831 404 2908 Deus,
441 2848 862 2916 cognoscens
896 2849 1003 2897 me
1041 2828 1403 2918 justiorem
1439 2849 1588 2897 esse
1616 2827 1922 2909 Sidonio,
1962 2826 2390 2919 largitusque
2423 2842 2526 2899 est
2574 2829 2751 2899 mihi

200 2913 384 2986 hanc
429 2926 856 3016 potestatem.
910 2919 1218 3003 Cumque
1268 2938 1387 3007 per
1436 2930 1642 2985 totam
1693 2917 1935 2986 urbem
1997 2917 2341 3006 superbus
2403 2916 2698 2989 ferretur
2728 2974 2743 2997 ,

93 3094 96 3097 Ι
199 3003 603 3075 adveniente
666 3004 778 3074 die
827 3005 1224 3086 Dominico,
1276 3005 1397 3105 qui
1462 3004 1869 3075 imminebat
1934 3017 2086 3106 post
2148 3006 2513 3077 transitum
2566 3008 2748 3077 beati

201 3093 353 3173 viri,
413 3106 817 3184 praeparato
853 3093 1085 3184 epulo,
1129 3094 1344 3184 jussit
1389 3107 1679 3164 cunctos
1706 3094 1891 3164 cives
1928 3116 1999 3162 1n
2033 3093 2240 3164 domo
2277 3095 2609 3166 ecclesiae
2644 3096 2750 3166 in-

202 3181 423 3263 vitari,
477 3181 954 3272 despectisque
987 3182 1399 3264 senioribuS,
1442 3183 1710 3274 primus
1741 3182 2080 3254 recumbit
2117 3182 2188 3252 in
2222 3195 2391 3254 toro.
2436 3185 2558 3255 Cui
2591 3187 2751 3257 offe-

203 3292 362 3341 rens
397 3270 728 3360 pincerna
763 3269 1114 3363 poculum‚
1159 3271 1254 3341 ait
1283 3295 1298 3338 ε

278 3361 327 3516 Ξ
373 3365 465 3432 ὅ.
519 3361 804 3430 Domine
858 3360 994 3440 mi,
1050 3359 1188 3429 vidi
1237 3360 1585 3430 somnium
1618 3415 1635 3442 ,
1688 3360 1873 3449 quod
1922 3361 1985 3429 si
2033 3362 2399 3452 permittis,
2449 3363 2743 3433 edicam.

201 3447 275 3517 vi
326 3447 526 3518 eham
580 3448 706 3519 hac
755 3460 951 3518 nocte
997 3449 1402 3520 Dominica:
1453 3462 1520 3519 et
1565 3471 1725 3519 ecce
1753 3462 1900 3520 erat
1936 3449 2188 3535 domus
2231 3473 2508 3542 magna,
2562 3464 2627 3521 et
2675 3452 2748 3522 in

202 3536 407 3606 domo
439 3549 585 3607 erat
617 3537 911 3621 thronus
948 3537 1235 3625 positus,
1281 3539 1350 3606 in
1390 3559 1531 3625 quo
1560 3539 1763 3626 quasi
1789 3538 2001 3626 J'udex
2058 3539 2422 3621 residebat,
2478 3541 2751 3611 cunctis

205 3638 531 3715 potestate
560 3625 1059 3718 praestantior:
1114 3628 1223 3696 cui
1276 3627 1692 3697 assistebant
1740 3627 1942 3697 multi
1990 3628 2421 3698 sacerdotum
2467 3629 2534 3698 in
2571 3628 2751 3698 albis

206 3715 552 3796 vestibus,
604 3714 723 3785 sed
783 3726 849 3784 et
902 3716 1336 3804 promiscuae
1395 3715 1815 3807 populorum
1874 3715 2117 3786 turbae
2178 3717 2743 3788 innumerabiles

207 3807 448 3872 Verum
497 3825 660 3874 cum
710 3803 878 3873 haec
929 3803 1238 3894 trepidus
1285 3804 1825 3895 contemplarer,
1877 3804 2020 3873 vidi
2077 3805 2254 3875 inter
2306 3827 2423 3876 eos
2470 3807 2749 3875 beatum

203 3890 473 3962 adstare
521 3892 880 3963 Sidonium
910 3945 926 3973 ,
988 3903 1255 3962 etcum
1315 3893 1716 3983 presbytero
1770 3893 1890 3963 illo
1945 3893 2068 3963 tibi
2116 3893 2527 3964 charissimo
2557 3948 2572 3975 ,
2626 3894 2749 3982 qui

205 3991 360 4050 ante
389 3979 518 4051 hos
567 4002 829 4072 paucos
873 4000 1096 4050 annos
1142 3979 1229 4050 de
1276 3981 1406 4051 hoc
1456 3981 1720 4051 mundo
1772 3982 2116 4072 migravit,
2167 3994 2420 4052 attente
2470 3982 2750 4073 litigan-

204 4079 360 4139 tem.
396 4074 545 4153 Quo
591 4070 879 4149 devicto,
904 4068 1107 4169 jubet
1153 4074 1313 4151 Rex,
1356 4082 1431 4139 ut
1468 4071 1537 4139 in
1583 4071 1744 4140 imis
1789 4070 2087 4139 carceris
2134 4071 2477 4171 angustiis
2525 4085 2749 4141 retru-

209 4155 433 4228 datur.
481 4158 858 4247 Ablatoque
906 4170 1059 4238 isto,
1112 4174 1351 4228 contra
1403 4172 1465 4228 te
1513 4158 1762 4228 iterum
1811 4179 1891 4228 su
1946 4160 2143 4250 gerit,
2197 4159 2438 4231 dicens
2471 4174 2534 4230 te
2563 4161 2634 4229 in
2668 4181 2749 4231 eo

206 4244 481 4327 scelere,
538 4261 817 4339 propter
860 4246 1046 4335 quod
1087 4247 1278 4338 prior
1323 4246 1440 4316 ille
1486 4247 1859 4317 damnatus
1899 4180 2152 4330 querat,
2205 4247 2419 4319 fuisse
2469 4249 2749 4341 partici-

206 4354 387 4434 pem.
438 4340 687 4408 Verum
738 4336 860 4407 ubi
899 4334 1139 4426 judex,
1174 4357 1380 4425 quem
1414 4335 1494 4404 ad
1548 4349 1611 4407 te
1646 4337 2156 4418 transmitteret,
2216 4337 2480 4408 solicite
2526 4338 2750 4429 coepit

202 4423 575 4511 inquirere,
611 4446 738 4517 ego
771 4447 882 4497 me
912 4425 1093 4495 inter
1130 4426 1435 4513 reliquos
1472 4424 1787 4496 occulere
1834 4426 2052 4517 coepi,
2103 4439 2169 4497 et
2214 4448 2254 4496 a
2288 4439 2477 4519 tergo
2508 4427 2741 4509 statui,
