<?xml version="1.0" encoding="UTF-8"?>
<!DOCTYPE html PUBLIC "-//W3C//DTD XHTML 1.0 Transitional//EN"
    "http://www.w3.org/TR/xhtml1/DTD/xhtml1-transitional.dtd">
<html xmlns="http://www.w3.org/1999/xhtml" xml:lang="en" lang="en">
 <head>
  <title>
</title>
<meta http-equiv="Content-Type" content="text/html;charset=utf-8" />
  <meta name='ocr-system' content='tesseract 3.04.00' />
  <meta name='ocr-capabilities' content='ocr_page ocr_carea ocr_par ocr_line ocrx_word'/>
</head>
<body>
  <div class='ocr_page' id='page_1' title='image "./historiaeseuvit01lippgoog_0370.png"; bbox 0 0 3308 5004; ppageno 0'>
   <div class='ocr_carea' id='block_1_1' title="bbox 678 342 3167 411">
    <p class='ocr_par' dir='ltr' id='par_1_1' title="bbox 678 342 3167 411">
     <span class='ocr_line' id='line_1_1' title="bbox 678 342 3167 411; baseline -0 -2"><span class='ocrx_word' id='word_1_1' title='bbox 678 343 808 409; x_wconf 82' lang='lat'>356</span> <span class='ocrx_word' id='word_1_2' title='bbox 1268 360 1348 408; x_wconf 75' lang='lat' dir='ltr'>nn</span> <span class='ocrx_word' id='word_1_3' title='bbox 1395 359 1453 407; x_wconf 87' lang='lat' dir='ltr'>S.</span> <span class='ocrx_word' id='word_1_4' title='bbox 1503 359 1839 410; x_wconf 62' lang='lat' dir='ltr'>annuntio</span> <span class='ocrx_word' id='word_1_5' title='bbox 1887 360 2212 411; x_wconf 73' lang='lat' dir='ltr'>suassion.</span> <span class='ocrx_word' id='word_1_6' title='bbox 2266 358 2466 409; x_wconf 69' lang='lat' dir='ltr'>ausc.</span> <span class='ocrx_word' id='word_1_7' title='bbox 2808 342 2993 410; x_wconf 82' lang='lat' dir='ltr'><strong>AUG.</strong></span> <span class='ocrx_word' id='word_1_8' title='bbox 3060 343 3167 409; x_wconf 67' lang='lat'>⁴5</span> 
     </span>
    </p>
   </div>
   <div class='ocr_carea' id='block_1_2' title="bbox 485 443 3169 4538">
    <p class='ocr_par' dir='ltr' id='par_1_2' title="bbox 485 443 3169 1427">
     <span class='ocr_line' id='line_1_2' title="bbox 581 443 3169 538; baseline -0 -22"><span class='ocrx_word' id='word_1_9' title='bbox 581 466 744 516; x_wconf 90' lang='lat' dir='ltr'>cum</span> <span class='ocrx_word' id='word_1_10' title='bbox 794 445 1135 536; x_wconf 85' lang='lat' dir='ltr'>armigero</span> <span class='ocrx_word' id='word_1_11' title='bbox 1167 466 1295 516; x_wconf 90' lang='lat' dir='ltr'>suo</span> <span class='ocrx_word' id='word_1_12' title='bbox 1330 444 1583 516; x_wconf 91' lang='lat' dir='ltr'>mansit</span> <span class='ocrx_word' id='word_1_13' title='bbox 1630 445 1799 530; x_wconf 89' lang='lat' dir='ltr'>illic,</span> <span class='ocrx_word' id='word_1_14' title='bbox 1854 456 2256 538; x_wconf 88' lang='lat' dir='ltr'>partemque</span> <span class='ocrx_word' id='word_1_15' title='bbox 2299 444 2482 516; x_wconf 84' lang='lat' dir='ltr'>foeni</span> <span class='ocrx_word' id='word_1_16' title='bbox 2531 443 2603 514; x_wconf 91' lang='lat' dir='ltr'>in</span> <span class='ocrx_word' id='word_1_17' title='bbox 2654 454 2904 515; x_wconf 90' lang='lat' dir='ltr'>terram</span> <span class='ocrx_word' id='word_1_18' title='bbox 2953 444 3169 536; x_wconf 88' lang='lat' dir='ltr'>abji-</span> 
     </span>
     <span class='ocr_line' id='line_1_3' title="bbox 583 532 3160 626; baseline -0 -22"><span class='ocrx_word' id='word_1_19' title='bbox 583 535 866 617; x_wconf 79' lang='lat' dir='ltr'>cientes,</span> <span class='ocrx_word' id='word_1_20' title='bbox 903 546 968 604; x_wconf 91' lang='lat' dir='ltr'>et</span> <span class='ocrx_word' id='word_1_21' title='bbox 1007 534 1213 605; x_wconf 86' lang='lat' dir='ltr'>aliam</span> <span class='ocrx_word' id='word_1_22' title='bbox 1248 556 1409 605; x_wconf 90' lang='lat' dir='ltr'>cum</span> <span class='ocrx_word' id='word_1_23' title='bbox 1461 534 1773 626; x_wconf 89' lang='lat' dir='ltr'>plaustro</span> <span class='ocrx_word' id='word_1_24' title='bbox 1822 557 2036 606; x_wconf 91' lang='lat' dir='ltr'>manu</span> <span class='ocrx_word' id='word_1_25' title='bbox 2083 532 2489 615; x_wconf 77' lang='lat' dir='ltr'>sustollenS,</span> <span class='ocrx_word' id='word_1_26' title='bbox 2539 533 2613 604; x_wconf 90' lang='lat' dir='ltr'>in</span> <span class='ocrx_word' id='word_1_27' title='bbox 2661 555 2820 605; x_wconf 89' lang='lat' dir='ltr'>eum</span> <span class='ocrx_word' id='word_1_28' title='bbox 2871 532 3160 616; x_wconf 84' lang='lat' dir='ltr'>locum,</span> 
     </span>
     <span class='ocr_line' id='line_1_4' title="bbox 581 621 3158 715; baseline -0 -21"><span class='ocrx_word' id='word_1_29' title='bbox 581 645 792 712; x_wconf 85' lang='lat' dir='ltr'>quem</span> <span class='ocrx_word' id='word_1_30' title='bbox 832 645 1070 715; x_wconf 88' lang='lat' dir='ltr'>vepres</span> <span class='ocrx_word' id='word_1_31' title='bbox 1117 635 1183 694; x_wconf 88' lang='lat' dir='ltr'>et</span> <span class='ocrx_word' id='word_1_32' title='bbox 1231 623 1472 714; x_wconf 89' lang='lat' dir='ltr'>spinae</span> <span class='ocrx_word' id='word_1_33' title='bbox 1517 623 1952 705; x_wconf 77' lang='lat' dir='ltr'><strong>obsidebant,</strong></span> <span class='ocrx_word' id='word_1_34' title='bbox 2004 635 2071 695; x_wconf 92' lang='lat' dir='ltr'>et</span> <span class='ocrx_word' id='word_1_35' title='bbox 2117 624 2245 695; x_wconf 91' lang='lat' dir='ltr'>iter</span> <span class='ocrx_word' id='word_1_36' title='bbox 2290 634 2667 714; x_wconf 90' lang='lat' dir='ltr'>angustum</span> <span class='ocrx_word' id='word_1_37' title='bbox 2717 621 3158 705; x_wconf 84' lang='lat' dir='ltr'>efficiebant,</span> 
     </span>
     <span class='ocr_line' id='line_1_5' title="bbox 587 711 3157 804; baseline 0 -22"><span class='ocrx_word' id='word_1_38' title='bbox 587 712 1022 804; x_wconf 85' lang='lat' dir='ltr'>longiuscule</span> <span class='ocrx_word' id='word_1_39' title='bbox 1067 712 1516 803; x_wconf 80' lang='lat' dir='ltr'>transposuit,</span> <span class='ocrx_word' id='word_1_40' title='bbox 1569 725 1775 801; x_wconf 87' lang='lat' dir='ltr'>atque</span> <span class='ocrx_word' id='word_1_41' title='bbox 1821 714 1918 784; x_wconf 88' lang='lat' dir='ltr'>ita</span> <span class='ocrx_word' id='word_1_42' title='bbox 1965 713 2111 783; x_wconf 91' lang='lat' dir='ltr'>viae</span> <span class='ocrx_word' id='word_1_43' title='bbox 2158 711 2520 784; x_wconf 87' lang='lat' dir='ltr'>obstacula</span> <span class='ocrx_word' id='word_1_44' title='bbox 2567 712 2693 781; x_wconf 85' lang='lat' dir='ltr'>iter</span> <span class='ocrx_word' id='word_1_45' title='bbox 2736 712 3157 803; x_wconf 82' lang='lat' dir='ltr'>agentibuS,</span> 
     </span>
     <span class='ocr_line' id='line_1_6' title="bbox 585 800 3167 893; baseline 0 -22"><span class='ocrx_word' id='word_1_46' title='bbox 585 823 724 871; x_wconf 87' lang='lat' dir='ltr'>non</span> <span class='ocrx_word' id='word_1_47' title='bbox 774 803 1010 873; x_wconf 90' lang='lat' dir='ltr'>minus</span> <span class='ocrx_word' id='word_1_48' title='bbox 1039 800 1260 884; x_wconf 84' lang='lat' dir='ltr'>facile,</span> <span class='ocrx_word' id='word_1_49' title='bbox 1294 823 1504 889; x_wconf 88' lang='lat' dir='ltr'>quam</span> <span class='ocrx_word' id='word_1_50' title='bbox 1553 801 1874 893; x_wconf 90' lang='lat' dir='ltr'>benigne,</span> <span class='ocrx_word' id='word_1_51' title='bbox 1928 801 2207 873; x_wconf 90' lang='lat' dir='ltr'>amovit.</span> <span class='ocrx_word' id='word_1_52' title='bbox 2259 801 2511 872; x_wconf 89' lang='lat' dir='ltr'>Omnia</span> <span class='ocrx_word' id='word_1_53' title='bbox 2554 800 2957 891; x_wconf 81' lang='lat' dir='ltr'>Arnulphus</span> <span class='ocrx_word' id='word_1_54' title='bbox 3007 802 3167 871; x_wconf 87' lang='lat' dir='ltr'>mi-</span> 
     </span>
     <span class='ocr_line' id='line_1_7' title="bbox 586 889 3164 982; baseline 0.002 -23"><span class='ocrx_word' id='word_1_55' title='bbox 586 890 771 960; x_wconf 80' lang='lat' dir='ltr'>litiae</span> <span class='ocrx_word' id='word_1_56' title='bbox 805 891 1128 962; x_wconf 84' lang='lat' dir='ltr'>exercitia</span> <span class='ocrx_word' id='word_1_57' title='bbox 1153 902 1220 961; x_wconf 89' lang='lat' dir='ltr'>et</span> <span class='ocrx_word' id='word_1_58' title='bbox 1249 890 1478 961; x_wconf 87' lang='lat' dir='ltr'>studia</span> <span class='ocrx_word' id='word_1_59' title='bbox 1557 891 1876 974; x_wconf 90' lang='lat' dir='ltr'>ercurrit,</span> <span class='ocrx_word' id='word_1_60' title='bbox 1909 890 2380 982; x_wconf 90' lang='lat' dir='ltr'>Imperatoriis</span> <span class='ocrx_word' id='word_1_61' title='bbox 2421 903 2625 979; x_wconf 87' lang='lat' dir='ltr'>atque</span> <span class='ocrx_word' id='word_1_62' title='bbox 2673 890 2905 981; x_wconf 85' lang='lat' dir='ltr'>Regiis</span> <span class='ocrx_word' id='word_1_63' title='bbox 2933 889 3164 964; x_wconf 89' lang='lat' dir='ltr'>bellis</span> 
     </span>
     <span class='ocr_line' id='line_1_8' title="bbox 485 979 3162 1080; baseline 0.001 -32"><span class='ocrx_word' id='word_1_64' title='bbox 485 990 496 999; x_wconf 79' lang='grc'><strong><em>’</em></strong></span> <span class='ocrx_word' id='word_1_65' title='bbox 585 979 920 1061; x_wconf 80' lang='lat' dir='ltr'><strong>interfuit,</strong></span> <span class='ocrx_word' id='word_1_66' title='bbox 978 980 1340 1050; x_wconf 81' lang='lat' dir='ltr'>Flandriae</span> <span class='ocrx_word' id='word_1_67' title='bbox 1384 991 1450 1049; x_wconf 90' lang='lat' dir='ltr'>et</span> <span class='ocrx_word' id='word_1_68' title='bbox 1549 980 1903 1050; x_wconf 89' lang='lat' dir='ltr'>rabantiae</span> <span class='ocrx_word' id='word_1_69' title='bbox 1937 980 2090 1051; x_wconf 90' lang='lat' dir='ltr'>lites</span> <span class='ocrx_word' id='word_1_70' title='bbox 2113 992 2179 1050; x_wconf 88' lang='lat' dir='ltr'>et</span> <span class='ocrx_word' id='word_1_71' title='bbox 2218 980 2401 1049; x_wconf 82' lang='lat' dir='ltr'>rixas</span> <span class='ocrx_word' id='word_1_72' title='bbox 2447 979 2901 1080; x_wconf 80' lang='lat' dir='ltr'>compescuit:</span> <span class='ocrx_word' id='word_1_73' title='bbox 2932 980 3162 1051; x_wconf 87' lang='lat' dir='ltr'>rectis</span> 
     </span>
     <span class='ocr_line' id='line_1_9' title="bbox 582 1067 3161 1162; baseline 0.001 -25"><span class='ocrx_word' id='word_1_74' title='bbox 582 1080 650 1140; x_wconf 87' lang='lat' dir='ltr'>et</span> <span class='ocrx_word' id='word_1_75' title='bbox 693 1069 933 1162; x_wconf 81' lang='lat' dir='ltr'>probis</span> <span class='ocrx_word' id='word_1_76' title='bbox 979 1069 1308 1141; x_wconf 90' lang='lat' dir='ltr'>omnibus</span> <span class='ocrx_word' id='word_1_77' title='bbox 1354 1068 1614 1156; x_wconf 90' lang='lat' dir='ltr'>ubique</span> <span class='ocrx_word' id='word_1_78' title='bbox 1639 1069 1899 1140; x_wconf 88' lang='lat' dir='ltr'>charus</span> <span class='ocrx_word' id='word_1_79' title='bbox 1940 1082 2007 1139; x_wconf 88' lang='lat' dir='ltr'>et</span> <span class='ocrx_word' id='word_1_80' title='bbox 2039 1068 2384 1149; x_wconf 90' lang='lat' dir='ltr'>amabilis,</span> <span class='ocrx_word' id='word_1_81' title='bbox 2427 1090 2658 1159; x_wconf 78' lang='lat' dir='ltr'>pravis</span> <span class='ocrx_word' id='word_1_82' title='bbox 2687 1080 2753 1138; x_wconf 90' lang='lat' dir='ltr'>et</span> <span class='ocrx_word' id='word_1_83' title='bbox 2799 1067 3161 1159; x_wconf 85' lang='lat' dir='ltr'>improbis</span> 
     </span>
     <span class='ocr_line' id='line_1_10' title="bbox 585 1155 3161 1245; baseline 0 -18"><span class='ocrx_word' id='word_1_84' title='bbox 585 1158 915 1228; x_wconf 90' lang='lat' dir='ltr'>terribilis</span> <span class='ocrx_word' id='word_1_85' title='bbox 953 1170 1019 1228; x_wconf 93' lang='lat' dir='ltr'>et</span> <span class='ocrx_word' id='word_1_86' title='bbox 1066 1158 1356 1229; x_wconf 78' lang='lat' dir='ltr'>invisus,</span> <span class='ocrx_word' id='word_1_87' title='bbox 1399 1162 1565 1228; x_wconf 86' lang='lat' dir='ltr'>Nam</span> <span class='ocrx_word' id='word_1_88' title='bbox 1600 1170 1678 1228; x_wconf 93' lang='lat' dir='ltr'>ut</span> <span class='ocrx_word' id='word_1_89' title='bbox 1724 1171 1869 1229; x_wconf 92' lang='lat' dir='ltr'>erat</span> <span class='ocrx_word' id='word_1_90' title='bbox 1909 1157 2182 1228; x_wconf 83' lang='lat' dir='ltr'>validus</span> <span class='ocrx_word' id='word_1_91' title='bbox 2213 1155 2770 1245; x_wconf 57' lang='lat' dir='ltr'>etzformidabilis</span> <span class='ocrx_word' id='word_1_92' title='bbox 2816 1156 2903 1227; x_wconf 90' lang='lat' dir='ltr'>ad</span> <span class='ocrx_word' id='word_1_93' title='bbox 2944 1179 3161 1228; x_wconf 83' lang='lat' dir='ltr'>exer—</span> 
     </span>
     <span class='ocr_line' id='line_1_11' title="bbox 585 1245 3147 1338; baseline 0.001 -21"><span class='ocrx_word' id='word_1_94' title='bbox 585 1246 875 1327; x_wconf 88' lang='lat' dir='ltr'>cendam</span> <span class='ocrx_word' id='word_1_95' title='bbox 920 1247 1342 1317; x_wconf 88' lang='lat' dir='ltr'>vindictam:</span> <span class='ocrx_word' id='word_1_96' title='bbox 1397 1246 1489 1317; x_wconf 91' lang='lat' dir='ltr'>ita</span> <span class='ocrx_word' id='word_1_97' title='bbox 1521 1245 1832 1319; x_wconf 81' lang='lat' dir='ltr'>ediverso</span> <span class='ocrx_word' id='word_1_98' title='bbox 1882 1269 2006 1338; x_wconf 91' lang='lat' dir='ltr'>pro</span> <span class='ocrx_word' id='word_1_99' title='bbox 2034 1268 2406 1317; x_wconf 88' lang='lat' dir='ltr'>causarum</span> <span class='ocrx_word' id='word_1_100' title='bbox 2458 1246 2719 1317; x_wconf 91' lang='lat' dir='ltr'>ratione</span> <span class='ocrx_word' id='word_1_101' title='bbox 2746 1258 2812 1316; x_wconf 91' lang='lat' dir='ltr'>et</span> <span class='ocrx_word' id='word_1_102' title='bbox 2860 1247 3147 1330; x_wconf 80' lang='lat' dir='ltr'>merite,</span> 
     </span>
     <span class='ocr_line' id='line_1_12' title="bbox 586 1334 2902 1427; baseline -0.002 -22"><span class='ocrx_word' id='word_1_103' title='bbox 586 1357 713 1425; x_wconf 90' lang='lat' dir='ltr'>pro</span> <span class='ocrx_word' id='word_1_104' title='bbox 761 1335 911 1406; x_wconf 83' lang='lat' dir='ltr'>loco</span> <span class='ocrx_word' id='word_1_105' title='bbox 956 1348 1022 1405; x_wconf 92' lang='lat' dir='ltr'>et</span> <span class='ocrx_word' id='word_1_106' title='bbox 1068 1348 1396 1426; x_wconf 87' lang='lat' dir='ltr'>tempore,</span> <span class='ocrx_word' id='word_1_107' title='bbox 1437 1336 1622 1407; x_wconf 88' lang='lat' dir='ltr'>mitis</span> <span class='ocrx_word' id='word_1_108' title='bbox 1654 1348 1801 1406; x_wconf 85' lang='lat' dir='ltr'>erat</span> <span class='ocrx_word' id='word_1_109' title='bbox 1846 1349 1912 1407; x_wconf 91' lang='lat' dir='ltr'>et</span> <span class='ocrx_word' id='word_1_110' title='bbox 1943 1335 2272 1427; x_wconf 81' lang='lat' dir='ltr'>profusus</span> <span class='ocrx_word' id='word_1_111' title='bbox 2310 1334 2397 1405; x_wconf 90' lang='lat' dir='ltr'>ad</span> <span class='ocrx_word' id='word_1_112' title='bbox 2438 1335 2902 1406; x_wconf 87' lang='lat' dir='ltr'>clementiam.</span> 
     </span>
    </p>

    <p class='ocr_par' dir='ltr' id='par_1_3' title="bbox 583 1423 3152 4095">
     <span class='ocr_line' id='line_1_13' title="bbox 673 1423 3151 1515; baseline -0.001 -18"><span class='ocrx_word' id='word_1_113' title='bbox 673 1426 712 1511; x_wconf 68' lang='grc' dir='ltr'><strong>ξ</strong></span> <span class='ocrx_word' id='word_1_114' title='bbox 756 1429 844 1497; x_wconf 68' lang='lat'>⁶.</span> <span class='ocrx_word' id='word_1_115' title='bbox 900 1424 1025 1495; x_wconf 91' lang='lat' dir='ltr'>Sed</span> <span class='ocrx_word' id='word_1_116' title='bbox 1065 1446 1225 1495; x_wconf 89' lang='lat' dir='ltr'>cum</span> <span class='ocrx_word' id='word_1_117' title='bbox 1277 1437 1372 1496; x_wconf 90' lang='lat' dir='ltr'>tot</span> <span class='ocrx_word' id='word_1_118' title='bbox 1401 1437 1467 1495; x_wconf 91' lang='lat' dir='ltr'>et</span> <span class='ocrx_word' id='word_1_119' title='bbox 1516 1437 1704 1496; x_wconf 90' lang='lat' dir='ltr'>tanta</span> <span class='ocrx_word' id='word_1_120' title='bbox 1750 1426 2083 1496; x_wconf 88' lang='lat' dir='ltr'>virtutum</span> <span class='ocrx_word' id='word_1_121' title='bbox 2140 1424 2491 1515; x_wconf 89' lang='lat' dir='ltr'>germina,</span> <span class='ocrx_word' id='word_1_122' title='bbox 2554 1445 2732 1511; x_wconf 90' lang='lat' dir='ltr'>quae</span> <span class='ocrx_word' id='word_1_123' title='bbox 2779 1423 3015 1494; x_wconf 89' lang='lat' dir='ltr'>divina</span> <span class='ocrx_word' id='word_1_124' title='bbox 3071 1425 3151 1494; x_wconf 92' lang='lat' dir='ltr'>in</span> 
     </span>
     <span class='ocr_line' id='line_1_14' title="bbox 587 1510 3146 1605; baseline 0.002 -24"><span class='ocrx_word' id='word_1_125' title='bbox 587 1510 707 1582; x_wconf 83' lang='lat' dir='ltr'>illo</span> <span class='ocrx_word' id='word_1_126' title='bbox 754 1513 975 1603; x_wconf 91' lang='lat' dir='ltr'>gratia</span> <span class='ocrx_word' id='word_1_127' title='bbox 1040 1514 1536 1596; x_wconf 82' lang='lat' dir='ltr'>seminaverat,</span> <span class='ocrx_word' id='word_1_128' title='bbox 1618 1536 1755 1584; x_wconf 92' lang='lat' dir='ltr'>non</span> <span class='ocrx_word' id='word_1_129' title='bbox 1804 1528 2083 1605; x_wconf 86' lang='lat' dir='ltr'>possent</span> <span class='ocrx_word' id='word_1_130' title='bbox 2148 1514 2397 1584; x_wconf 78' lang='lat' dir='ltr'>uberes</span> <span class='ocrx_word' id='word_1_131' title='bbox 2462 1512 2767 1603; x_wconf 83' lang='lat' dir='ltr'>proferre</span> <span class='ocrx_word' id='word_1_132' title='bbox 2814 1512 3093 1583; x_wconf 80' lang='lat' dir='ltr'>fructus</span> <span class='ocrx_word' id='word_1_133' title='bbox 3129 1570 3146 1587; x_wconf 84' lang='lat'><strong>.</strong></span> 
     </span>
     <span class='ocr_line' id='line_1_15' title="bbox 587 1601 3152 1688; baseline 0 -18"><span class='ocrx_word' id='word_1_134' title='bbox 587 1622 811 1688; x_wconf 90' lang='lat' dir='ltr'>neque</span> <span class='ocrx_word' id='word_1_135' title='bbox 857 1623 1006 1673; x_wconf 91' lang='lat' dir='ltr'>sese</span> <span class='ocrx_word' id='word_1_136' title='bbox 1051 1602 1461 1681; x_wconf 83' lang='lat' dir='ltr'>diffundere,</span> <span class='ocrx_word' id='word_1_137' title='bbox 1515 1615 1786 1673; x_wconf 89' lang='lat' dir='ltr'>terrena</span> <span class='ocrx_word' id='word_1_138' title='bbox 1837 1603 2086 1673; x_wconf 75' lang='lat' dir='ltr'>militia</span> <span class='ocrx_word' id='word_1_139' title='bbox 2125 1601 2329 1672; x_wconf 87' lang='lat' dir='ltr'>illum</span> <span class='ocrx_word' id='word_1_140' title='bbox 2384 1601 2793 1681; x_wconf 80' lang='lat' dir='ltr'>retardante,</span> <span class='ocrx_word' id='word_1_141' title='bbox 2847 1602 3152 1672; x_wconf 87' lang='lat' dir='ltr'>salutari</span> 
     </span>
     <span class='ocr_line' id='line_1_16' title="bbox 584 1690 3150 1781; baseline 0 -22"><span class='ocrx_word' id='word_1_142' title='bbox 584 1690 773 1781; x_wconf 92' lang='lat' dir='ltr'>apud</span> <span class='ocrx_word' id='word_1_143' title='bbox 808 1713 882 1761; x_wconf 90' lang='lat' dir='ltr'>se</span> <span class='ocrx_word' id='word_1_144' title='bbox 912 1690 1205 1762; x_wconf 89' lang='lat' dir='ltr'>consilio</span> <span class='ocrx_word' id='word_1_145' title='bbox 1252 1692 1488 1762; x_wconf 82' lang='lat' dir='ltr'>statuit</span> <span class='ocrx_word' id='word_1_146' title='bbox 1536 1692 1839 1763; x_wconf 81' lang='lat' dir='ltr'>laborem</span> <span class='ocrx_word' id='word_1_147' title='bbox 1872 1705 1938 1762; x_wconf 92' lang='lat' dir='ltr'>et</span> <span class='ocrx_word' id='word_1_148' title='bbox 1984 1713 2192 1763; x_wconf 87' lang='lat' dir='ltr'>curas</span> <span class='ocrx_word' id='word_1_149' title='bbox 2242 1690 2528 1760; x_wconf 89' lang='lat' dir='ltr'>militiae</span> <span class='ocrx_word' id='word_1_150' title='bbox 2574 1691 2645 1759; x_wconf 91' lang='lat' dir='ltr'>in</span> <span class='ocrx_word' id='word_1_151' title='bbox 2696 1690 2960 1779; x_wconf 87' lang='lat' dir='ltr'>aliquid</span> <span class='ocrx_word' id='word_1_152' title='bbox 2998 1712 3150 1760; x_wconf 90' lang='lat' dir='ltr'>me-</span> 
     </span>
     <span class='ocr_line' id='line_1_17' title="bbox 588 1779 3147 1872; baseline 0 -23"><span class='ocrx_word' id='word_1_153' title='bbox 588 1779 726 1850; x_wconf 89' lang='lat' dir='ltr'>lius</span> <span class='ocrx_word' id='word_1_154' title='bbox 771 1792 1222 1862; x_wconf 89' lang='lat' dir='ltr'>commutare,</span> <span class='ocrx_word' id='word_1_155' title='bbox 1260 1780 1448 1850; x_wconf 92' lang='lat' dir='ltr'>unde</span> <span class='ocrx_word' id='word_1_156' title='bbox 1495 1779 1616 1851; x_wconf 82' lang='lat' dir='ltr'>ina</span> <span class='ocrx_word' id='word_1_157' title='bbox 1666 1793 1894 1871; x_wconf 90' lang='lat' dir='ltr'>posset</span> <span class='ocrx_word' id='word_1_158' title='bbox 1925 1780 2272 1872; x_wconf 89' lang='lat' dir='ltr'>stipendia</span> <span class='ocrx_word' id='word_1_159' title='bbox 2318 1792 2696 1869; x_wconf 85' lang='lat' dir='ltr'>expectare,</span> <span class='ocrx_word' id='word_1_160' title='bbox 2748 1801 2927 1868; x_wconf 87' lang='lat' dir='ltr'>quae</span> <span class='ocrx_word' id='word_1_161' title='bbox 2959 1779 3147 1850; x_wconf 86' lang='lat' dir='ltr'>vitae</span> 
     </span>
     <span class='ocr_line' id='line_1_18' title="bbox 586 1867 3150 1958; baseline 0.001 -21"><span class='ocrx_word' id='word_1_162' title='bbox 586 1880 652 1937; x_wconf 87' lang='lat' dir='ltr'>et</span> <span class='ocrx_word' id='word_1_163' title='bbox 699 1867 929 1939; x_wconf 91' lang='lat' dir='ltr'>laudis</span> <span class='ocrx_word' id='word_1_164' title='bbox 978 1869 1248 1939; x_wconf 90' lang='lat' dir='ltr'>nullum</span> <span class='ocrx_word' id='word_1_165' title='bbox 1298 1870 1630 1941; x_wconf 86' lang='lat' dir='ltr'>sentirent</span> <span class='ocrx_word' id='word_1_166' title='bbox 1677 1870 1913 1940; x_wconf 85' lang='lat' dir='ltr'>finem.</span> <span class='ocrx_word' id='word_1_167' title='bbox 1968 1875 2206 1958; x_wconf 88' lang='lat' dir='ltr'>Itaque</span> <span class='ocrx_word' id='word_1_168' title='bbox 2252 1869 2643 1940; x_wconf 89' lang='lat' dir='ltr'>convocatis</span> <span class='ocrx_word' id='word_1_169' title='bbox 2690 1867 2965 1939; x_wconf 90' lang='lat' dir='ltr'>duobus</span> <span class='ocrx_word' id='word_1_170' title='bbox 3029 1890 3150 1940; x_wconf 90' lang='lat' dir='ltr'>ar·</span> 
     </span>
     <span class='ocr_line' id='line_1_19' title="bbox 588 1956 3146 2058; baseline 0.002 -34"><span class='ocrx_word' id='word_1_171' title='bbox 588 1956 874 2058; x_wconf 84' lang='lat' dir='ltr'>migeris</span> <span class='ocrx_word' id='word_1_172' title='bbox 923 1958 1089 2040; x_wconf 89' lang='lat' dir='ltr'>suis,</span> <span class='ocrx_word' id='word_1_173' title='bbox 1135 1958 1330 2045; x_wconf 90' lang='lat' dir='ltr'>jubet</span> <span class='ocrx_word' id='word_1_174' title='bbox 1375 1960 1898 2050; x_wconf 84' lang='lat' dir='ltr'>quamprimum</span> <span class='ocrx_word' id='word_1_175' title='bbox 1949 1960 2183 2028; x_wconf 90' lang='lat' dir='ltr'>omnia</span> <span class='ocrx_word' id='word_1_176' title='bbox 2231 1979 2583 2028; x_wconf 86' lang='lat' dir='ltr'>armorum</span> <span class='ocrx_word' id='word_1_177' title='bbox 2634 1978 2889 2048; x_wconf 88' lang='lat' dir='ltr'>genera</span> <span class='ocrx_word' id='word_1_178' title='bbox 2933 1978 3146 2048; x_wconf 85' lang='lat' dir='ltr'>expe-</span> 
     </span>
     <span class='ocr_line' id='line_1_20' title="bbox 586 2045 3145 2140; baseline 0 -25"><span class='ocrx_word' id='word_1_179' title='bbox 586 2045 746 2127; x_wconf 79' lang='lat' dir='ltr'>dim,</span> <span class='ocrx_word' id='word_1_180' title='bbox 793 2057 868 2115; x_wconf 91' lang='lat' dir='ltr'>ut</span> <span class='ocrx_word' id='word_1_181' title='bbox 912 2068 1074 2118; x_wconf 90' lang='lat' dir='ltr'>cum</span> <span class='ocrx_word' id='word_1_182' title='bbox 1122 2046 1373 2117; x_wconf 82' lang='lat' dir='ltr'>eximio</span> <span class='ocrx_word' id='word_1_183' title='bbox 1401 2062 1651 2120; x_wconf 90' lang='lat' dir='ltr'>ornatu</span> <span class='ocrx_word' id='word_1_184' title='bbox 1697 2061 1765 2119; x_wconf 92' lang='lat' dir='ltr'>et</span> <span class='ocrx_word' id='word_1_185' title='bbox 1813 2070 2106 2140; x_wconf 88' lang='lat' dir='ltr'>pompa,</span> <span class='ocrx_word' id='word_1_186' title='bbox 2177 2052 2597 2116; x_wconf 84' lang='lat' dir='ltr'>Francorum</span> <span class='ocrx_word' id='word_1_187' title='bbox 2648 2047 2854 2137; x_wconf 86' lang='lat' dir='ltr'>Regis</span> <span class='ocrx_word' id='word_1_188' title='bbox 2905 2045 3145 2116; x_wconf 86' lang='lat' dir='ltr'>aulam</span> 
     </span>
     <span class='ocr_line' id='line_1_21' title="bbox 587 2134 3146 2228; baseline 0 -23"><span class='ocrx_word' id='word_1_189' title='bbox 587 2134 806 2225; x_wconf 85' lang='lat' dir='ltr'>possit</span> <span class='ocrx_word' id='word_1_190' title='bbox 853 2135 1066 2206; x_wconf 90' lang='lat' dir='ltr'>adire.</span> <span class='ocrx_word' id='word_1_191' title='bbox 1118 2140 1365 2206; x_wconf 88' lang='lat' dir='ltr'>Parent</span> <span class='ocrx_word' id='word_1_192' title='bbox 1411 2137 1739 2228; x_wconf 86' lang='lat' dir='ltr'>armigeri</span> <span class='ocrx_word' id='word_1_193' title='bbox 1772 2136 2164 2228; x_wconf 84' lang='lat' dir='ltr'>imperanti,</span> <span class='ocrx_word' id='word_1_194' title='bbox 2204 2148 2618 2226; x_wconf 90' lang='lat' dir='ltr'>praeparant</span> <span class='ocrx_word' id='word_1_195' title='bbox 2653 2156 2892 2223; x_wconf 87' lang='lat' dir='ltr'>equos,</span> <span class='ocrx_word' id='word_1_196' title='bbox 2945 2157 3146 2205; x_wconf 89' lang='lat' dir='ltr'>arma</span> 
     </span>
     <span class='ocr_line' id='line_1_22' title="bbox 584 2224 3138 2316; baseline 0 -23"><span class='ocrx_word' id='word_1_197' title='bbox 584 2237 1053 2314; x_wconf 89' lang='lat' dir='ltr'>componunt,</span> <span class='ocrx_word' id='word_1_198' title='bbox 1106 2225 1339 2295; x_wconf 89' lang='lat' dir='ltr'>omnia</span> <span class='ocrx_word' id='word_1_199' title='bbox 1391 2247 1478 2294; x_wconf 90' lang='lat' dir='ltr'>ue</span> <span class='ocrx_word' id='word_1_200' title='bbox 1551 2239 1834 2296; x_wconf 88' lang='lat' dir='ltr'>strenuo</span> <span class='ocrx_word' id='word_1_201' title='bbox 1909 2225 2127 2295; x_wconf 90' lang='lat' dir='ltr'>milite</span> <span class='ocrx_word' id='word_1_202' title='bbox 2199 2224 2413 2316; x_wconf 89' lang='lat' dir='ltr'>digna</span> <span class='ocrx_word' id='word_1_203' title='bbox 2470 2246 2619 2295; x_wconf 90' lang='lat' dir='ltr'>com</span> <span class='ocrx_word' id='word_1_204' title='bbox 2676 2237 2898 2294; x_wconf 89' lang='lat' dir='ltr'>arant.</span> <span class='ocrx_word' id='word_1_205' title='bbox 2968 2229 3138 2295; x_wconf 87' lang='lat' dir='ltr'>Tum</span> 
     </span>
     <span class='ocr_line' id='line_1_23' title="bbox 585 2313 3145 2415; baseline -0 -33"><span class='ocrx_word' id='word_1_206' title='bbox 585 2313 985 2403; x_wconf 80' lang='lat' dir='ltr'>Arnulphus</span> <span class='ocrx_word' id='word_1_207' title='bbox 1035 2314 1236 2384; x_wconf 90' lang='lat' dir='ltr'>matri</span> <span class='ocrx_word' id='word_1_208' title='bbox 1272 2336 1350 2384; x_wconf 91' lang='lat' dir='ltr'>va</span> <span class='ocrx_word' id='word_1_209' title='bbox 1380 2314 1659 2385; x_wconf 88' lang='lat' dir='ltr'>edicens</span> <span class='ocrx_word' id='word_1_210' title='bbox 1704 2313 1880 2405; x_wconf 89' lang='lat' dir='ltr'>(jam</span> <span class='ocrx_word' id='word_1_211' title='bbox 1930 2315 2114 2384; x_wconf 87' lang='lat' dir='ltr'>enirn</span> <span class='ocrx_word' id='word_1_212' title='bbox 2148 2325 2345 2415; x_wconf 90' lang='lat' dir='ltr'>pater</span> <span class='ocrx_word' id='word_1_213' title='bbox 2381 2314 2646 2384; x_wconf 89' lang='lat' dir='ltr'>obierat</span> <span class='ocrx_word' id='word_1_214' title='bbox 2681 2369 2697 2395; x_wconf 94' lang='lat'>,</span> <span class='ocrx_word' id='word_1_215' title='bbox 2734 2313 2989 2404; x_wconf 83' lang='lat' dir='ltr'>arripit</span> <span class='ocrx_word' id='word_1_216' title='bbox 3019 2314 3145 2383; x_wconf 87' lang='lat' dir='ltr'>iter</span> 
     </span>
     <span class='ocr_line' id='line_1_24' title="bbox 586 2402 3144 2495; baseline 0 -24"><span class='ocrx_word' id='word_1_217' title='bbox 586 2424 827 2472; x_wconf 88' lang='lat' dir='ltr'>versus</span> <span class='ocrx_word' id='word_1_218' title='bbox 875 2404 1262 2474; x_wconf 86' lang='lat' dir='ltr'>Franciam:</span> <span class='ocrx_word' id='word_1_219' title='bbox 1313 2415 1378 2473; x_wconf 91' lang='lat' dir='ltr'>et</span> <span class='ocrx_word' id='word_1_220' title='bbox 1411 2402 1717 2495; x_wconf 85' lang='lat' dir='ltr'>neglecta</span> <span class='ocrx_word' id='word_1_221' title='bbox 1751 2402 1958 2494; x_wconf 88' lang='lat' dir='ltr'>Regis</span> <span class='ocrx_word' id='word_1_222' title='bbox 1989 2403 2290 2495; x_wconf 86' lang='lat' dir='ltr'>Phihppi</span> <span class='ocrx_word' id='word_1_223' title='bbox 2321 2402 2506 2484; x_wconf 75' lang='lat' dir='ltr'>aula,</span> <span class='ocrx_word' id='word_1_224' title='bbox 2553 2402 2843 2474; x_wconf 85' lang='lat' dir='ltr'>festinus</span> <span class='ocrx_word' id='word_1_225' title='bbox 2889 2403 3144 2493; x_wconf 86' lang='lat' dir='ltr'>expetit</span> 
     </span>
     <span class='ocr_line' id='line_1_25' title="bbox 583 2490 3139 2582; baseline 0 -21"><span class='ocrx_word' id='word_1_226' title='bbox 583 2490 945 2563; x_wconf 86' lang='lat' dir='ltr'>ecclesiam</span> <span class='ocrx_word' id='word_1_227' title='bbox 1000 2492 1167 2563; x_wconf 91' lang='lat' dir='ltr'>almi</span> <span class='ocrx_word' id='word_1_228' title='bbox 1215 2491 1629 2565; x_wconf 85' lang='lat' dir='ltr'>confessoris</span> <span class='ocrx_word' id='word_1_229' title='bbox 1678 2492 2020 2574; x_wconf 85' lang='lat' dir='ltr'>Medardi,</span> <span class='ocrx_word' id='word_1_230' title='bbox 2086 2515 2265 2581; x_wconf 89' lang='lat' dir='ltr'>quae</span> <span class='ocrx_word' id='word_1_231' title='bbox 2322 2505 2424 2564; x_wconf 90' lang='lat' dir='ltr'>est</span> <span class='ocrx_word' id='word_1_232' title='bbox 2482 2491 2614 2563; x_wconf 90' lang='lat' dir='ltr'>sita</span> <span class='ocrx_word' id='word_1_233' title='bbox 2658 2491 2844 2582; x_wconf 89' lang='lat' dir='ltr'>apud</span> <span class='ocrx_word' id='word_1_234' title='bbox 2899 2513 3139 2562; x_wconf 90' lang='lat' dir='ltr'>muros</span> 
     </span>
     <span class='ocr_line' id='line_1_26' title="bbox 584 2580 3144 2672; baseline -0 -22"><span class='ocrx_word' id='word_1_235' title='bbox 584 2581 782 2651; x_wconf 90' lang='lat' dir='ltr'>urbis</span> <span class='ocrx_word' id='word_1_236' title='bbox 831 2583 1370 2654; x_wconf 88' lang='lat' dir='ltr'>Suessionensis.</span> <span class='ocrx_word' id='word_1_237' title='bbox 1415 2587 1573 2652; x_wconf 88' lang='lat' dir='ltr'>Erat</span> <span class='ocrx_word' id='word_1_238' title='bbox 1620 2594 1786 2652; x_wconf 90' lang='lat' dir='ltr'>tunc</span> <span class='ocrx_word' id='word_1_239' title='bbox 1836 2581 1905 2651; x_wconf 91' lang='lat' dir='ltr'>in</span> <span class='ocrx_word' id='word_1_240' title='bbox 1959 2582 2079 2651; x_wconf 84' lang='lat' dir='ltr'>illo</span> <span class='ocrx_word' id='word_1_241' title='bbox 2126 2583 2540 2652; x_wconf 89' lang='lat' dir='ltr'>monasterio</span> <span class='ocrx_word' id='word_1_242' title='bbox 2599 2580 2951 2672; x_wconf 82' lang='lat' dir='ltr'>praeclara</span> <span class='ocrx_word' id='word_1_243' title='bbox 3000 2602 3144 2649; x_wconf 87' lang='lat' dir='ltr'>mo-</span> 
     </span>
     <span class='ocr_line' id='line_1_27' title="bbox 587 2669 3139 2762; baseline -0 -23"><span class='ocrx_word' id='word_1_244' title='bbox 587 2669 971 2741; x_wconf 90' lang='lat' dir='ltr'>nachorum</span> <span class='ocrx_word' id='word_1_245' title='bbox 1024 2671 1490 2762; x_wconf 87' lang='lat' dir='ltr'>congregatio,</span> <span class='ocrx_word' id='word_1_246' title='bbox 1542 2693 1844 2759; x_wconf 90' lang='lat' dir='ltr'>quorum</span> <span class='ocrx_word' id='word_1_247' title='bbox 1893 2670 2182 2740; x_wconf 89' lang='lat' dir='ltr'>honesta</span> <span class='ocrx_word' id='word_1_248' title='bbox 2230 2669 2711 2740; x_wconf 88' lang='lat' dir='ltr'>celebrabatur</span> <span class='ocrx_word' id='word_1_249' title='bbox 2756 2669 3139 2746; x_wconf 87' lang='lat' dir='ltr'>institutio,</span> 
     </span>
     <span class='ocr_line' id='line_1_28' title="bbox 588 2758 3144 2848; baseline 0 -20"><span class='ocrx_word' id='word_1_250' title='bbox 588 2758 803 2848; x_wconf 87' lang='lat' dir='ltr'>digna</span> <span class='ocrx_word' id='word_1_251' title='bbox 852 2763 986 2828; x_wconf 90' lang='lat' dir='ltr'>Deo</span> <span class='ocrx_word' id='word_1_252' title='bbox 1033 2759 1406 2830; x_wconf 89' lang='lat' dir='ltr'>immolans</span> <span class='ocrx_word' id='word_1_253' title='bbox 1439 2759 1729 2830; x_wconf 89' lang='lat' dir='ltr'>laudum</span> <span class='ocrx_word' id='word_1_254' title='bbox 1767 2759 2109 2830; x_wconf 86' lang='lat' dir='ltr'>sacrificia</span> <span class='ocrx_word' id='word_1_255' title='bbox 2140 2759 2271 2829; x_wconf 90' lang='lat' dir='ltr'>sub</span> <span class='ocrx_word' id='word_1_256' title='bbox 2302 2758 2554 2829; x_wconf 81' lang='lat' dir='ltr'>Abbate</span> <span class='ocrx_word' id='word_1_257' title='bbox 2593 2758 2950 2830; x_wconf 85' lang='lat' dir='ltr'>Reinaldo.</span> <span class='ocrx_word' id='word_1_258' title='bbox 2983 2758 3144 2845; x_wconf 88' lang='lat' dir='ltr'>Ejus</span> 
     </span>
     <span class='ocr_line' id='line_1_29' title="bbox 590 2846 3145 2938; baseline -0 -21"><span class='ocrx_word' id='word_1_259' title='bbox 590 2847 725 2917; x_wconf 88' lang='lat' dir='ltr'>loci</span> <span class='ocrx_word' id='word_1_260' title='bbox 773 2846 1019 2916; x_wconf 84' lang='lat' dir='ltr'>fratres</span> <span class='ocrx_word' id='word_1_261' title='bbox 1048 2847 1448 2938; x_wconf 78' lang='lat' dir='ltr'>prudenteS,</span> <span class='ocrx_word' id='word_1_262' title='bbox 1491 2862 1556 2919; x_wconf 87' lang='lat' dir='ltr'>et</span> <span class='ocrx_word' id='word_1_263' title='bbox 1596 2859 1743 2919; x_wconf 88' lang='lat' dir='ltr'>tum</span> <span class='ocrx_word' id='word_1_264' title='bbox 1795 2848 2053 2928; x_wconf 90' lang='lat' dir='ltr'>divina,</span> <span class='ocrx_word' id='word_1_265' title='bbox 2094 2859 2240 2917; x_wconf 85' lang='lat' dir='ltr'>tum</span> <span class='ocrx_word' id='word_1_266' title='bbox 2290 2846 2601 2918; x_wconf 89' lang='lat' dir='ltr'>humana</span> <span class='ocrx_word' id='word_1_267' title='bbox 2632 2848 2909 2918; x_wconf 74' lang='lat' dir='ltr'>solertia</span> <span class='ocrx_word' id='word_1_268' title='bbox 2951 2869 3145 2937; x_wconf 87' lang='lat' dir='ltr'>prae-</span> 
     </span>
     <span class='ocr_line' id='line_1_30' title="bbox 587 2934 3146 3028; baseline 0 -24"><span class='ocrx_word' id='word_1_269' title='bbox 587 2934 740 3016; x_wconf 91' lang='lat' dir='ltr'>diti,</span> <span class='ocrx_word' id='word_1_270' title='bbox 794 2956 1028 3005; x_wconf 90' lang='lat' dir='ltr'>coram</span> <span class='ocrx_word' id='word_1_271' title='bbox 1092 2940 1222 3006; x_wconf 88' lang='lat' dir='ltr'>Deo</span> <span class='ocrx_word' id='word_1_272' title='bbox 1268 2950 1333 3007; x_wconf 93' lang='lat' dir='ltr'>et</span> <span class='ocrx_word' id='word_1_273' title='bbox 1391 2937 1796 3008; x_wconf 89' lang='lat' dir='ltr'>hominibus</span> <span class='ocrx_word' id='word_1_274' title='bbox 1862 2958 2022 3006; x_wconf 86' lang='lat' dir='ltr'>cum</span> <span class='ocrx_word' id='word_1_275' title='bbox 2081 2935 2398 3026; x_wconf 81' lang='lat' dir='ltr'>Apostolo</span> <span class='ocrx_word' id='word_1_276' title='bbox 2461 2938 2643 3007; x_wconf 91' lang='lat' dir='ltr'>bona</span> <span class='ocrx_word' id='word_1_277' title='bbox 2705 2936 3146 3028; x_wconf 87' lang='lat' dir='ltr'>providentes</span> 
     </span>
     <span class='ocr_line' id='line_1_31' title="bbox 583 3023 3143 3114; baseline 0 -22"><span class='ocrx_word' id='word_1_278' title='bbox 583 3023 843 3114; x_wconf 91' lang='lat' dir='ltr'>(neque</span> <span class='ocrx_word' id='word_1_279' title='bbox 889 3024 1073 3094; x_wconf 89' lang='lat' dir='ltr'>enim</span> <span class='ocrx_word' id='word_1_280' title='bbox 1124 3047 1272 3096; x_wconf 88' lang='lat' dir='ltr'>esse</span> <span class='ocrx_word' id='word_1_281' title='bbox 1352 3025 1617 3097; x_wconf 82' lang='lat' dir='ltr'>oterant</span> <span class='ocrx_word' id='word_1_282' title='bbox 1646 3026 1960 3097; x_wconf 91' lang='lat' dir='ltr'>moribus</span> <span class='ocrx_word' id='word_1_283' title='bbox 1999 3024 2271 3106; x_wconf 87' lang='lat' dir='ltr'>inculti,</span> <span class='ocrx_word' id='word_1_284' title='bbox 2322 3026 2445 3112; x_wconf 88' lang='lat' dir='ltr'>qui</span> <span class='ocrx_word' id='word_1_285' title='bbox 2484 3027 2693 3097; x_wconf 85' lang='lat' dir='ltr'>totius</span> <span class='ocrx_word' id='word_1_286' title='bbox 2730 3025 3055 3095; x_wconf 84' lang='lat' dir='ltr'>Franciae</span> <span class='ocrx_word' id='word_1_287' title='bbox 3079 3036 3143 3093; x_wconf 86' lang='lat' dir='ltr'>et</span> 
     </span>
     <span class='ocr_line' id='line_1_32' title="bbox 588 3112 3137 3201; baseline -0 -19"><span class='ocrx_word' id='word_1_288' title='bbox 588 3118 938 3183; x_wconf 87' lang='lat' dir='ltr'>Romanae</span> <span class='ocrx_word' id='word_1_289' title='bbox 985 3126 1190 3201; x_wconf 88' lang='lat' dir='ltr'>atque</span> <span class='ocrx_word' id='word_1_290' title='bbox 1240 3120 1292 3185; x_wconf 87' lang='lat' dir='ltr'>R</span> <span class='ocrx_word' id='word_1_291' title='bbox 1346 3117 1648 3187; x_wconf 86' lang='lat' dir='ltr'>emensis</span> <span class='ocrx_word' id='word_1_292' title='bbox 1682 3116 1918 3186; x_wconf 89' lang='lat' dir='ltr'>curiae</span> <span class='ocrx_word' id='word_1_293' title='bbox 1949 3115 2192 3185; x_wconf 88' lang='lat' dir='ltr'>crebra</span> <span class='ocrx_word' id='word_1_294' title='bbox 2227 3114 2613 3185; x_wconf 89' lang='lat' dir='ltr'>visitatione</span> <span class='ocrx_word' id='word_1_295' title='bbox 2645 3112 3137 3200; x_wconf 82' lang='lat' dir='ltr'>afficerentur),</span> 
     </span>
     <span class='ocr_line' id='line_1_33' title="bbox 588 3200 3142 3296; baseline 0 -26"><span class='ocrx_word' id='word_1_296' title='bbox 588 3200 1025 3291; x_wconf 80' lang='lat' dir='ltr'>Arnulphum</span> <span class='ocrx_word' id='word_1_297' title='bbox 1077 3203 1433 3275; x_wconf 89' lang='lat' dir='ltr'>devotione</span> <span class='ocrx_word' id='word_1_298' title='bbox 1492 3205 1868 3296; x_wconf 86' lang='lat' dir='ltr'>praecipua</span> <span class='ocrx_word' id='word_1_299' title='bbox 1928 3204 2013 3273; x_wconf 91' lang='lat' dir='ltr'>ad</span> <span class='ocrx_word' id='word_1_300' title='bbox 2066 3202 2412 3274; x_wconf 90' lang='lat' dir='ltr'>Christum</span> <span class='ocrx_word' id='word_1_301' title='bbox 2476 3216 2998 3294; x_wconf 87' lang='lat' dir='ltr'>properantem,</span> <span class='ocrx_word' id='word_1_302' title='bbox 3049 3201 3142 3271; x_wconf 86' lang='lat' dir='ltr'>ita</span> 
     </span>
     <span class='ocr_line' id='line_1_34' title="bbox 586 3291 3139 3385; baseline 0 -26"><span class='ocrx_word' id='word_1_303' title='bbox 586 3301 667 3360; x_wconf 92' lang='lat' dir='ltr'>ut</span> <span class='ocrx_word' id='word_1_304' title='bbox 715 3313 838 3381; x_wconf 91' lang='lat' dir='ltr'>par</span> <span class='ocrx_word' id='word_1_305' title='bbox 865 3303 1008 3361; x_wconf 90' lang='lat' dir='ltr'>erat</span> <span class='ocrx_word' id='word_1_306' title='bbox 1039 3293 1415 3384; x_wconf 86' lang='lat' dir='ltr'>excipiunt,</span> <span class='ocrx_word' id='word_1_307' title='bbox 1468 3306 1534 3362; x_wconf 89' lang='lat' dir='ltr'>at</span> <span class='ocrx_word' id='word_1_308' title='bbox 1586 3315 1675 3362; x_wconf 88' lang='lat' dir='ltr'>ue</span> <span class='ocrx_word' id='word_1_309' title='bbox 1732 3292 2019 3363; x_wconf 79' lang='lat' dir='ltr'>militiae</span> <span class='ocrx_word' id='word_1_310' title='bbox 2065 3291 2428 3382; x_wconf 86' lang='lat' dir='ltr'>cingulum</span> <span class='ocrx_word' id='word_1_311' title='bbox 2490 3305 2928 3385; x_wconf 88' lang='lat' dir='ltr'>respuentem</span> <span class='ocrx_word' id='word_1_312' title='bbox 2960 3346 2978 3371; x_wconf 93' lang='lat'>,</span> <span class='ocrx_word' id='word_1_313' title='bbox 3033 3312 3139 3360; x_wconf 91' lang='lat' dir='ltr'>ar·</span> 
     </span>
     <span class='ocr_line' id='line_1_35' title="bbox 589 3379 3141 3477; baseline 0 -29"><span class='ocrx_word' id='word_1_314' title='bbox 589 3401 842 3467; x_wconf 89' lang='lat' dir='ltr'>maque</span> <span class='ocrx_word' id='word_1_315' title='bbox 889 3402 1050 3451; x_wconf 88' lang='lat' dir='ltr'>cum</span> <span class='ocrx_word' id='word_1_316' title='bbox 1102 3381 1407 3452; x_wconf 90' lang='lat' dir='ltr'>vestibus</span> <span class='ocrx_word' id='word_1_317' title='bbox 1460 3404 1549 3452; x_wconf 88' lang='lat' dir='ltr'>cu</span> <span class='ocrx_word' id='word_1_318' title='bbox 1582 3381 1893 3462; x_wconf 89' lang='lat' dir='ltr'>tissimis,</span> <span class='ocrx_word' id='word_1_319' title='bbox 1948 3403 2124 3469; x_wconf 89' lang='lat' dir='ltr'>quas</span> <span class='ocrx_word' id='word_1_320' title='bbox 2182 3379 2536 3462; x_wconf 88' lang='lat' dir='ltr'>attulerat,</span> <span class='ocrx_word' id='word_1_321' title='bbox 2598 3381 2930 3452; x_wconf 88' lang='lat' dir='ltr'>ecclesiae</span> <span class='ocrx_word' id='word_1_322' title='bbox 2977 3401 3141 3477; x_wconf 39' lang='lat' dir='ltr'>con-</span> 
     </span>
     <span class='ocr_line' id='line_1_36' title="bbox 586 3468 3144 3560; baseline -0.001 -23"><span class='ocrx_word' id='word_1_323' title='bbox 586 3468 944 3551; x_wconf 86' lang='lat' dir='ltr'>ferentem,</span> <span class='ocrx_word' id='word_1_324' title='bbox 1002 3470 1326 3551; x_wconf 91' lang='lat' dir='ltr'>tondent,</span> <span class='ocrx_word' id='word_1_325' title='bbox 1376 3481 1442 3539; x_wconf 90' lang='lat' dir='ltr'>et</span> <span class='ocrx_word' id='word_1_326' title='bbox 1488 3482 1766 3541; x_wconf 91' lang='lat' dir='ltr'>tonsum</span> <span class='ocrx_word' id='word_1_327' title='bbox 1823 3470 2068 3541; x_wconf 88' lang='lat' dir='ltr'>habitu</span> <span class='ocrx_word' id='word_1_328' title='bbox 2131 3469 2435 3560; x_wconf 86' lang='lat' dir='ltr'>regulari</span> <span class='ocrx_word' id='word_1_329' title='bbox 2497 3482 2562 3540; x_wconf 93' lang='lat' dir='ltr'>et</span> <span class='ocrx_word' id='word_1_330' title='bbox 2601 3470 2837 3541; x_wconf 87' lang='lat' dir='ltr'>Crucis</span> <span class='ocrx_word' id='word_1_331' title='bbox 2897 3469 3144 3539; x_wconf 74' lang='lat' dir='ltr'>Christi</span> 
     </span>
     <span class='ocr_line' id='line_1_37' title="bbox 588 3558 3140 3642; baseline -0.001 -15"><span class='ocrx_word' id='word_1_332' title='bbox 588 3558 1116 3629; x_wconf 87' lang='lat' dir='ltr'>mortificatione</span> <span class='ocrx_word' id='word_1_333' title='bbox 1162 3558 1490 3628; x_wconf 88' lang='lat' dir='ltr'>induunt.</span> <span class='ocrx_word' id='word_1_334' title='bbox 1541 3559 1694 3629; x_wconf 90' lang='lat' dir='ltr'>Jam</span> <span class='ocrx_word' id='word_1_335' title='bbox 1744 3581 1902 3630; x_wconf 90' lang='lat' dir='ltr'>vero</span> <span class='ocrx_word' id='word_1_336' title='bbox 1949 3560 2370 3630; x_wconf 87' lang='lat' dir='ltr'>monachum</span> <span class='ocrx_word' id='word_1_337' title='bbox 2402 3560 2746 3642; x_wconf 84' lang='lat' dir='ltr'>effectum,</span> <span class='ocrx_word' id='word_1_338' title='bbox 2778 3571 2847 3630; x_wconf 93' lang='lat' dir='ltr'>et</span> <span class='ocrx_word' id='word_1_339' title='bbox 2879 3579 2952 3629; x_wconf 89' lang='lat' dir='ltr'>re</span> <span class='ocrx_word' id='word_1_340' title='bbox 2986 3577 3140 3627; x_wconf 91' lang='lat' dir='ltr'>vera</span> 
     </span>
     <span class='ocr_line' id='line_1_38' title="bbox 587 3635 3141 3739; baseline -0.001 -23"><span class='ocrx_word' id='word_1_341' title='bbox 587 3646 753 3718; x_wconf 88' lang='lat' dir='ltr'>huic</span> <span class='ocrx_word' id='word_1_342' title='bbox 811 3648 1075 3718; x_wconf 90' lang='lat' dir='ltr'>mundo</span> <span class='ocrx_word' id='word_1_343' title='bbox 1132 3646 1570 3729; x_wconf 84' lang='lat' dir='ltr'>crucifixum,</span> <span class='ocrx_word' id='word_1_344' title='bbox 1626 3635 1856 3718; x_wconf 82' lang='lat' dir='ltr'>literis⁸</span> <span class='ocrx_word' id='word_1_345' title='bbox 1882 3647 2252 3731; x_wconf 85' lang='lat' dir='ltr'>erudiunt,</span> <span class='ocrx_word' id='word_1_346' title='bbox 2322 3646 2592 3739; x_wconf 83' lang='lat' dir='ltr'>legibus</span> <span class='ocrx_word' id='word_1_347' title='bbox 2637 3661 2703 3718; x_wconf 89' lang='lat' dir='ltr'>et</span> <span class='ocrx_word' id='word_1_348' title='bbox 2761 3647 3141 3739; x_wconf 88' lang='lat' dir='ltr'>praeceptis</span> 
     </span>
     <span class='ocr_line' id='line_1_39' title="bbox 589 3735 3134 3826; baseline -0.002 -20"><span class='ocrx_word' id='word_1_349' title='bbox 589 3737 967 3808; x_wconf 89' lang='lat' dir='ltr'>Dominicis</span> <span class='ocrx_word' id='word_1_350' title='bbox 995 3735 1393 3818; x_wconf 86' lang='lat' dir='ltr'>informant,</span> <span class='ocrx_word' id='word_1_351' title='bbox 1423 3737 1831 3826; x_wconf 87' lang='lat' dir='ltr'>cunctisque</span> <span class='ocrx_word' id='word_1_352' title='bbox 1862 3737 2260 3808; x_wconf 87' lang='lat' dir='ltr'>monasticis</span> <span class='ocrx_word' id='word_1_353' title='bbox 2282 3736 2759 3807; x_wconf 89' lang='lat' dir='ltr'>sanctionibus</span> <span class='ocrx_word' id='word_1_354' title='bbox 2786 3736 3134 3806; x_wconf 91' lang='lat' dir='ltr'>imbuunt:</span> 
     </span>
     <span class='ocr_line' id='line_1_40' title="bbox 584 3823 3140 3914; baseline -0.002 -18"><span class='ocrx_word' id='word_1_355' title='bbox 584 3847 768 3914; x_wconf 87' lang='lat' dir='ltr'>quae</span> <span class='ocrx_word' id='word_1_356' title='bbox 807 3825 925 3895; x_wconf 91' lang='lat' dir='ltr'>ille</span> <span class='ocrx_word' id='word_1_357' title='bbox 961 3825 1198 3894; x_wconf 89' lang='lat' dir='ltr'>omnia</span> <span class='ocrx_word' id='word_1_358' title='bbox 1256 3824 1330 3894; x_wconf 90' lang='lat' dir='ltr'>in</span> <span class='ocrx_word' id='word_1_359' title='bbox 1389 3823 1737 3897; x_wconf 87' lang='lat' dir='ltr'>interioris</span> <span class='ocrx_word' id='word_1_360' title='bbox 1785 3826 2090 3897; x_wconf 87' lang='lat' dir='ltr'>hominis</span> <span class='ocrx_word' id='word_1_361' title='bbox 2137 3826 2313 3896; x_wconf 87' lang='lat' dir='ltr'>cella</span> <span class='ocrx_word' id='word_1_362' title='bbox 2359 3825 2530 3897; x_wconf 87' lang='lat' dir='ltr'>adeo</span> <span class='ocrx_word' id='word_1_363' title='bbox 2594 3825 3009 3906; x_wconf 90' lang='lat' dir='ltr'>recondidit,</span> <span class='ocrx_word' id='word_1_364' title='bbox 3050 3835 3140 3898; x_wconf 70' lang='grc' dir='ltr'>,ιιι</span> 
     </span>
     <span class='ocr_line' id='line_1_41' title="bbox 588 3913 3138 4008; baseline -0.001 -24"><span class='ocrx_word' id='word_1_365' title='bbox 588 3914 859 3986; x_wconf 88' lang='lat' dir='ltr'>semina</span> <span class='ocrx_word' id='word_1_366' title='bbox 896 3913 1086 3985; x_wconf 91' lang='lat' dir='ltr'>verbi</span> <span class='ocrx_word' id='word_1_367' title='bbox 1135 3913 1251 3983; x_wconf 91' lang='lat' dir='ltr'>Dei</span> <span class='ocrx_word' id='word_1_368' title='bbox 1287 3935 1412 3984; x_wconf 87' lang='lat' dir='ltr'>nec</span> <span class='ocrx_word' id='word_1_369' title='bbox 1452 3937 1654 3986; x_wconf 89' lang='lat' dir='ltr'>secus</span> <span class='ocrx_word' id='word_1_370' title='bbox 1687 3915 1893 3995; x_wconf 89' lang='lat' dir='ltr'>viam,</span> <span class='ocrx_word' id='word_1_371' title='bbox 1933 3914 2162 3985; x_wconf 86' lang='lat' dir='ltr'>necin</span> <span class='ocrx_word' id='word_1_372' title='bbox 2202 3926 2496 4008; x_wconf 88' lang='lat' dir='ltr'>petrosa,</span> <span class='ocrx_word' id='word_1_373' title='bbox 2540 3936 2667 3986; x_wconf 87' lang='lat' dir='ltr'>nec</span> <span class='ocrx_word' id='word_1_374' title='bbox 2696 3915 2877 3986; x_wconf 85' lang='lat' dir='ltr'>inter</span> <span class='ocrx_word' id='word_1_375' title='bbox 2905 3913 3138 4006; x_wconf 90' lang='lat' dir='ltr'>spinas</span> 
     </span>
     <span class='ocr_line' id='line_1_42' title="bbox 586 4003 2093 4095; baseline -0.001 -20"><span class='ocrx_word' id='word_1_376' title='bbox 586 4004 943 4085; x_wconf 83' lang='lat' dir='ltr'>cecidisse,</span> <span class='ocrx_word' id='word_1_377' title='bbox 997 4025 1293 4092; x_wconf 90' lang='lat' dir='ltr'>sequens</span> <span class='ocrx_word' id='word_1_378' title='bbox 1338 4003 1491 4094; x_wconf 89' lang='lat' dir='ltr'>ejus</span> <span class='ocrx_word' id='word_1_379' title='bbox 1536 4005 1646 4074; x_wconf 88' lang='lat' dir='ltr'>via</span> <span class='ocrx_word' id='word_1_380' title='bbox 1688 4003 2093 4095; x_wconf 86' lang='lat' dir='ltr'>prodiderit.</span> 
     </span>
    </p>

    <p class='ocr_par' dir='ltr' id='par_1_4' title="bbox 588 4091 3137 4538">
     <span class='ocr_line' id='line_1_43' title="bbox 681 4091 3137 4184; baseline -0.003 -19"><span class='ocrx_word' id='word_1_381' title='bbox 681 4096 718 4181; x_wconf 67' lang='grc' dir='ltr'><strong>ξ</strong></span> <span class='ocrx_word' id='word_1_382' title='bbox 765 4098 857 4165; x_wconf 68' lang='lat'>8.</span> <span class='ocrx_word' id='word_1_383' title='bbox 930 4098 1083 4163; x_wconf 80' lang='lat' dir='ltr'>Jam</span> <span class='ocrx_word' id='word_1_384' title='bbox 1147 4115 1465 4164; x_wconf 91' lang='lat' dir='ltr'>annuum</span> <span class='ocrx_word' id='word_1_385' title='bbox 1513 4115 1801 4164; x_wconf 89' lang='lat' dir='ltr'>cursum</span> <span class='ocrx_word' id='word_1_386' title='bbox 1851 4095 1924 4162; x_wconf 92' lang='lat' dir='ltr'>in</span> <span class='ocrx_word' id='word_1_387' title='bbox 1975 4091 2276 4184; x_wconf 88' lang='lat' dir='ltr'>regulari</span> <span class='ocrx_word' id='word_1_388' title='bbox 2342 4092 2613 4164; x_wconf 88' lang='lat' dir='ltr'>tramite</span> <span class='ocrx_word' id='word_1_389' title='bbox 2672 4103 3033 4184; x_wconf 82' lang='lat' dir='ltr'>exegerat,</span> <span class='ocrx_word' id='word_1_390' title='bbox 3079 4100 3137 4158; x_wconf 88' lang='lat' dir='ltr'>et</span> 
     </span>
     <span class='ocr_line' id='line_1_44' title="bbox 593 4179 3134 4282; baseline -0.001 -32"><span class='ocrx_word' id='word_1_391' title='bbox 593 4193 875 4282; x_wconf 89' lang='lat' dir='ltr'>propter</span> <span class='ocrx_word' id='word_1_392' title='bbox 917 4181 1072 4270; x_wconf 87' lang='lat' dir='ltr'>ejus</span> <span class='ocrx_word' id='word_1_393' title='bbox 1128 4182 1347 4252; x_wconf 90' lang='lat' dir='ltr'>animi</span> <span class='ocrx_word' id='word_1_394' title='bbox 1394 4182 1824 4254; x_wconf 88' lang='lat' dir='ltr'>devotionem</span> <span class='ocrx_word' id='word_1_395' title='bbox 1875 4195 1940 4252; x_wconf 92' lang='lat' dir='ltr'>et</span> <span class='ocrx_word' id='word_1_396' title='bbox 1995 4182 2424 4253; x_wconf 84' lang='lat' dir='ltr'>obedientiae</span> <span class='ocrx_word' id='word_1_397' title='bbox 2524 4181 2980 4265; x_wconf 89' lang='lat' dir='ltr'>robationem,</span> <span class='ocrx_word' id='word_1_398' title='bbox 3038 4179 3134 4248; x_wconf 92' lang='lat' dir='ltr'>in-</span> 
     </span>
     <span class='ocr_line' id='line_1_45' title="bbox 588 4269 3132 4362; baseline 0 -23"><span class='ocrx_word' id='word_1_399' title='bbox 588 4269 911 4359; x_wconf 69' lang='lat' dir='ltr'>jungitur</span> <span class='ocrx_word' id='word_1_400' title='bbox 947 4270 1012 4341; x_wconf 92' lang='lat' dir='ltr'>ei</span> <span class='ocrx_word' id='word_1_401' title='bbox 1057 4293 1228 4341; x_wconf 91' lang='lat' dir='ltr'>cura</span> <span class='ocrx_word' id='word_1_402' title='bbox 1274 4272 1753 4362; x_wconf 82' lang='lat' dir='ltr'>eleemosynae</span> <span class='ocrx_word' id='word_1_403' title='bbox 1800 4271 2278 4362; x_wconf 88' lang='lat' dir='ltr'>praestandae,</span> <span class='ocrx_word' id='word_1_404' title='bbox 2321 4282 2388 4341; x_wconf 89' lang='lat' dir='ltr'>et</span> <span class='ocrx_word' id='word_1_405' title='bbox 2502 4271 2842 4342; x_wconf 90' lang='lat' dir='ltr'>endorum</span> <span class='ocrx_word' id='word_1_406' title='bbox 2933 4289 3132 4359; x_wconf 84' lang='lat' dir='ltr'>aupe-</span> 
     </span>
     <span class='ocr_line' id='line_1_46' title="bbox 595 4358 3127 4452; baseline 0 -26"><span class='ocrx_word' id='word_1_407' title='bbox 595 4379 750 4427; x_wconf 89' lang='lat' dir='ltr'>rum</span> <span class='ocrx_word' id='word_1_408' title='bbox 793 4358 1183 4430; x_wconf 85' lang='lat' dir='ltr'>solicitudo.</span> <span class='ocrx_word' id='word_1_409' title='bbox 1215 4360 1514 4451; x_wconf 89' lang='lat' dir='ltr'>Dignum</span> <span class='ocrx_word' id='word_1_410' title='bbox 1563 4361 1769 4452; x_wconf 86' lang='lat' dir='ltr'>plane</span> <span class='ocrx_word' id='word_1_411' title='bbox 1814 4373 1983 4441; x_wconf 90' lang='lat' dir='ltr'>erat,</span> <span class='ocrx_word' id='word_1_412' title='bbox 2020 4372 2097 4431; x_wconf 89' lang='lat' dir='ltr'>ut</span> <span class='ocrx_word' id='word_1_413' title='bbox 2141 4360 2205 4430; x_wconf 92' lang='lat' dir='ltr'>ei</span> <span class='ocrx_word' id='word_1_414' title='bbox 2236 4382 2406 4430; x_wconf 88' lang='lat' dir='ltr'>cura</span> <span class='ocrx_word' id='word_1_415' title='bbox 2433 4381 2814 4452; x_wconf 89' lang='lat' dir='ltr'>egenorum</span> <span class='ocrx_word' id='word_1_416' title='bbox 2905 4377 3127 4429; x_wconf 85' lang='lat' dir='ltr'>ernan-</span> 
     </span>
     <span class='ocr_line' id='line_1_47' title="bbox 594 4445 3126 4538; baseline 0.002 -22"><span class='ocrx_word' id='word_1_417' title='bbox 594 4445 899 4531; x_wconf 87' lang='lat' dir='ltr'>daretur,</span> <span class='ocrx_word' id='word_1_418' title='bbox 951 4448 1075 4538; x_wconf 91' lang='lat' dir='ltr'>qui</span> <span class='ocrx_word' id='word_1_419' title='bbox 1121 4448 1631 4522; x_wconf 86' lang='lat' dir='ltr'>misericordiae</span> <span class='ocrx_word' id='word_1_420' title='bbox 1693 4449 2079 4524; x_wconf 88' lang='lat' dir='ltr'>visceribus</span> <span class='ocrx_word' id='word_1_421' title='bbox 2123 4448 2476 4534; x_wconf 86' lang='lat' dir='ltr'>afflueret,</span> <span class='ocrx_word' id='word_1_422' title='bbox 2528 4462 2596 4522; x_wconf 94' lang='lat' dir='ltr'>et</span> <span class='ocrx_word' id='word_1_423' title='bbox 2659 4448 2969 4522; x_wconf 90' lang='lat' dir='ltr'>liberalis</span> <span class='ocrx_word' id='word_1_424' title='bbox 3022 4463 3126 4538; x_wconf 74' lang='lat' dir='ltr'>per</span> 
     </span>
    </p>
   </div>
  </div>
 </body>
</html>
