3308 5004
202 341 385 407 AUG.
438 341 527 406 2⁰
864 358 942 405 nr.
989 357 1046 404 s.
1099 357 1428 405 nanniano
1475 357 1617 403 Ana.
1671 354 2059 410 emanata.
2527 344 2646 411 451

196 441 612 533 impetravit.
666 447 744 513 Et
787 464 870 512 ex
918 441 1041 512 illo
1068 441 1181 511 die
1219 441 1291 512 in
1313 441 1559 513 labore
1609 463 1772 531 prae
1807 443 2096 515 caeteris
2135 444 2431 533 peritum
2474 466 2548 515 se
2591 466 2747 516 ωδε

192 554 362 603 cum
422 531 724 620 quadam
766 530 1203 620 jucunditate
1250 530 1682 621 gratulatur,
1754 541 1939 601 tanto
1987 532 2056 600 in
2109 532 2239 604 hoc
2284 555 2491 624 opere
2542 533 2748 606 devo-

193 621 352 702 tior,
395 635 655 708 quanto
704 642 776 692 se
821 621 893 690 in
945 620 1074 691 hoc
1130 620 1279 711 ipso
1331 618 1726 691 facultatem
1765 642 1846 690 ex
1883 619 2036 698 solo
2081 622 2198 691 Dei
2234 621 2418 692 dono
2459 623 2749 696 remini·

193 711 417 781 scitur
460 709 833 800 accepisse.
871 710 1181 779 Feriatus
1226 721 1454 780 autem
1494 710 1595 780 ab
1640 708 2048 780 hu'usmodi
2098 710 2331 781 labore
2366 710 2467 782 vel
2506 734 2738 803 opere,

186 800 453 891 jugiter
481 811 600 869 aut
636 800 899 879 orabat,
944 810 1063 868 aut
1102 796 1389 888 legebat,
1442 811 1562 868 aut
1610 819 1721 868 me
1774 798 2096 869 itabatur.
2140 799 2236 870 Ad
2285 801 2631 872 orandum
2681 804 2746 874 si

199 910 269 959 se
316 888 617 959 solitudo
656 888 966 968 offerret,
1018 889 1383 958 utebatur:
1436 887 1541 956 sin
1594 898 1849 968 autem,
1902 887 2329 976 ubicumque
2381 911 2506 959 seu
2552 891 2744 980 apud

198 999 316 1055 se,
368 998 490 1047 seu
546 976 618 1045 in
686 976 890 1047 turba
942 987 1163 1056 esset,
1216 975 1664 1047 solitudinem
1711 975 1940 1046 cordis
1987 976 2137 1066 ipse
2199 977 2335 1047 sibi
2381 977 2738 1061 efficienS,

198 1066 455 1154 ubique
502 1065 691 1137 solus
735 1077 903 1136 erat.
955 1064 1332 1135 Canonicas
1379 1076 1608 1135 autem
1646 1064 2036 1152 Scripturas
2076 1065 2487 1155 simpliciter
2524 1090 2605 1137 ac
2640 1090 2745 1138 se-

198 1156 426 1226 riatim
462 1154 792 1225 libentius
814 1177 894 1225 ac
923 1153 1522 1249 saepiuslegebat,
1558 1174 1682 1223 nec
1706 1153 1872 1224 ullis
1895 1153 2140 1254 magis,
2184 1176 2393 1242 quam
2426 1156 2741 1246 ipsarum

195 1245 422 1316 verbis
467 1266 585 1313 eas
632 1243 1016 1333 intelligere
1052 1241 1474 1312 sedicebat:
1526 1254 1593 1312 et
1636 1241 1967 1329 quicquid
2017 1265 2085 1311 tn
2122 1243 2224 1315 eis
2282 1243 2558 1313 divinae
2606 1244 2744 1315 sibi

194 1333 509 1404 elucebat
555 1333 856 1402 veritatis
903 1344 1023 1402 aut
1056 1331 1349 1411 virtutiS,
1395 1331 1465 1400 in
1522 1331 1788 1422 primae
1819 1331 1955 1400 sibi
2001 1331 2292 1421 originis
2341 1355 2507 1403 suae
2553 1332 2741 1404 fonte

195 1423 448 1513 magis,
488 1444 698 1508 quam
738 1421 804 1490 in
842 1420 1371 1490 decurrentibus
1414 1420 1921 1509 expositionum
1971 1420 2138 1490 rivis
2176 1442 2415 1511 sapere
2450 1422 2745 1492 testaba-

196 1523 331 1581 tur.
399 1516 680 1580 Sanctos
728 1522 958 1579 tamen
1019 1521 1086 1579 et
1130 1508 1542 1580 orthodoxos
1601 1530 1842 1579 earum
1901 1510 2321 1598 expositores
2387 1510 2747 1580 humiliter

190 1599 258 1670 le
307 1622 477 1679 ens,
530 1620 966 1686 nequaquam
1016 1597 1339 1667 sensibus
1386 1618 1627 1668 eorum
1679 1618 1846 1667 suos
1891 1618 2141 1669 sensus
2188 1599 2569 1686 aequabat,
2625 1598 2746 1670 sed

190 1623 603 1774 su‘lijiciebat
633 1685 1056 1757 formandos:
1080 1698 1146 1756 et
1174 1686 1481 1777 vestigiis
1505 1707 1746 1756 eorum
1778 1684 2072 1756 fideliter
2099 1686 2507 1769 adhaerens,
2541 1709 2748 1777 saepe

190 1777 281 1846 de
332 1777 537 1856 fonte,
590 1775 778 1845 unde
826 1775 928 1844 illi
977 1775 1395 1856 hauserant,
1456 1788 1523 1845 et
1570 1776 1720 1864 ipse
1779 1774 2081 1845 bibebat.
2136 1775 2305 1847 Inde
2353 1788 2500 1858 est,
2554 1776 2742 1864 quod

195 1865 446 1955 plenus
493 1887 527 1934 s
581 1865 766 1946 iritu,
805 1885 943 1951 quo
973 1864 1202 1933 omnis
1251 1885 1447 1934 sacra
1494 1863 1850 1953 Scriptura
1877 1862 2213 1935 divinitus
2244 1878 2348 1934 est
2377 1865 2741 1955 inspirata,

193 1968 334 2024 tam
374 1976 501 2024 con
560 1952 802 2023 denter
845 1966 912 2023 et
942 1951 1204 2023 utiliter
1247 1975 1329 2023 ea
1377 1975 1598 2040 usque
1630 1951 1858 2032 hodie,
1910 1951 2090 2023 sicut
2121 1954 2486 2043 Apostolus
2533 1954 2740 2034 dicit,

189 2043 412 2113 utitur
437 2043 522 2112 ad
558 2041 947 2112 docendum
982 2096 997 2122 ,
1042 2041 1128 2110 ad
1185 2042 1621 2130 arguendum
1650 2095 1668 2122 ,
1720 2041 1809 2110 ad
1858 2041 2404 2130 corripiendum,
2449 2043 2535 2114 ad
2585 2064 2748 2112 eru-

190 2130 578 2201 diendum:
630 2144 697 2201 et
742 2130 911 2200 dum
962 2129 1311 2220 praedicat
1362 2131 1643 2201 verbum
1699 2130 1863 2211 Dei,
1915 2130 2247 2217 quicquid
2300 2131 2386 2201 de
2423 2153 2503 2201 ea
2552 2131 2748 2201 affert

190 2221 266 2289 in
302 2219 635 2300 medium,
689 2219 790 2289 sic
840 2232 1080 2308 patens
1125 2232 1192 2289 et
1240 2218 1521 2309 placens
1566 2217 1797 2298 efficit,
1850 2232 1916 2288 et
1968 2218 2153 2289 circa
2211 2220 2304 2297 id,
2357 2218 2548 2289 unde
2596 2220 2746 2320 agi-

194 2322 350 2389 tur,
401 2308 642 2379 efficax
687 2307 775 2378 ad
828 2306 1298 2388 monendum,
1351 2321 1430 2378 ut
1480 2308 1819 2378 mirentur
1862 2329 2142 2388 omneS,
2197 2321 2335 2377 tam
2385 2307 2736 2388 seculari,

191 2396 800 2557 guflmdspirimali
830 2396 1142 2486 *praediti
1188 2395 1526 2478 doctrina,
1580 2396 1652 2466 in
1704 2396 1928 2467 verbis
1975 2396 2236 2487 gratiae
2277 2418 2458 2485 quae
2503 2418 2742 2487 proce-

246 2500 373 2558 unt
465 2509 505 2556 e
550 2508 668 2556 ore
713 2509 749 2555 e
782 2509 889 2558 us.

280 2579 320 2665 ξ
371 2581 526 2649 24.
580 2508 771 2646 Cum¹¹
797 2586 1028 2645 autem
1081 2574 1340 2665 placuit
1385 2574 1488 2649 ei,
1539 2574 1662 2660 qui
1709 2596 1869 2644 eum
1921 2572 2307 2664 segregavit
2353 2596 2395 2644 a
2456 2574 2737 2656 seculo,

188 2678 259 2735 et
305 2665 590 2744 vocavit,
642 2677 721 2735 ut
751 2663 1086 2754 ampliore
1134 2663 1354 2753 gratia
1407 2663 1734 2733 revelaret
1783 2663 1853 2731 in
1901 2683 1980 2732 eo
2029 2662 2320 2753 gloriam
2372 2685 2617 2742 suam,
2673 2676 2741 2733 et

190 2753 452 2823 multos
501 2753 682 2822 filios
730 2753 869 2835 Dei,
906 2754 1028 2840 qui
1061 2765 1258 2823 erant
1287 2752 1610 2841 dispersi,
1664 2764 2113 2842 congregaret
2147 2751 2514 2821 inunum:
2554 2752 2745 2822 misit

186 2844 260 2913 in
310 2864 432 2912 cor
462 2842 731 2914 abbatis
764 2842 1116 2932 Stephani,
1157 2840 1245 2911 ad
1286 2838 1797 2912 aedificandum
1847 2840 2133 2911 domum
2169 2840 2606 2910 claraevallis
2633 2840 2746 2930 (a)

186 2932 462 3002 mittere
507 2929 751 3001 fratres
796 2931 970 3020 ejus,
1026 2944 1090 3001 et
1136 2953 1295 3000 cum
1330 2930 1431 2999 eis
1462 2930 1635 2999 alios
1670 2929 1849 2998 viros
1882 2929 2265 3020 religiosos.
2311 2929 2579 3012 Quibus
2620 2930 2743 2998 ab·-

184 3020 544 3101 euntibuS,
597 3020 831 3110 ipsum
879 3022 1085 3090 etiam
1134 3019 1497 3090 dominum
1549 3017 1974 3088 Bernardum
2016 3018 2338 3108 praefecit
2383 3018 2738 3099 Abbatem,

188 3109 612 3179 mirantibus
660 3130 826 3180 sane
870 3108 1035 3190 illis,
1089 3121 1441 3195 tamquam
1495 3106 1788 3178 maturis
1833 3120 1900 3177 et
1947 3107 2271 3188 strenuiS,
2327 3119 2466 3176 tam
2506 3108 2579 3177 in
2629 3129 2740 3177 re-

186 3197 475 3289 ligione,
511 3219 722 3285 quam
771 3198 843 3266 in
890 3196 1127 3267 seculo
1157 3198 1367 3267 viris:
1409 3207 1476 3267 et
1510 3195 1915 3267 timentibus
1944 3195 2008 3265 ei
2043 3207 2188 3267 tum
2224 3218 2348 3287 pro
2381 3195 2745 3266 tenerioris

186 3300 412 3358 aetate
448 3286 874 3375 juventutis,
927 3298 1073 3356 tum
1126 3308 1249 3376 pro
1308 3284 1617 3375 corporis
1667 3285 2108 3365 infirmitate,
2163 3296 2229 3355 et
2293 3285 2560 3355 minore
2605 3307 2747 3355 usu

184 3375 545 3446 exterioris
591 3373 1086 3465 occupationis,
1139 3380 1298 3445 Erat
1330 3387 1559 3444 autem
1593 3372 2033 3444 claraevallis
2064 3373 2259 3444 locus
2292 3373 2364 3442 in
2401 3373 2747 3444 territorio

189 3464 637 3554 Lingonensi,
691 3485 829 3533 non
880 3463 1083 3564 longe
1127 3487 1170 3534 a
1215 3463 1426 3533 fluvio
1472 3462 1634 3533 Alba
1686 3462 2004 3552 (l’Aube),
2062 3463 2348 3549 antiqua
2389 3462 2748 3553 ,spelunca

190 3554 539 3624 latronum
572 3575 589 3620 ε
640 3565 706 3623 et
752 3551 1137 3639 antiquitus
1176 3552 1538 3623 dicebatur
1569 3554 1780 3621 Vallis
1812 3553 2265 3642 absynthialis
2297 3550 2438 3620 sive
2468 3574 2739 3630 amara,

194 3665 318 3713 seu
369 3653 644 3732 propter
689 3640 1111 3712 abundantis
1153 3641 1246 3711 ibi
1294 3639 1649 3729 absynthii
1697 3641 1993 3729 copiam,
2048 3662 2174 3709 seu
2225 3652 2504 3730 propter
2549 3662 2746 3708 ama-

197 3732 572 3802 ritudinem
621 3729 903 3810 doloris,
960 3730 1412 3800 incidentium
1450 3729 1542 3798 ibi
1592 3729 1662 3798 in
1716 3750 1966 3798 manus
2013 3727 2388 3798 latronum.
2442 3728 2544 3797 Ibi
2575 3748 2740 3826 ergo

194 3822 265 3890 in
316 3820 466 3891 loco
514 3819 819 3889 horroris
877 3830 943 3888 et
1004 3831 1228 3889 vastae
1288 3818 1685 3889 solitudinis
1736 3815 2199 3887 consederunt
2256 3815 2383 3884 viri
2442 3814 2547 3884 illi
2611 3836 2746 3884 vir-

200 3910 386 3991 tutis,
430 3908 677 3979 facturi
724 3907 810 3977 de
850 3907 1181 3998 spelunca
1214 3907 1585 3985 latronum,
1638 3904 1975 3994 templum
2013 3905 2128 3974 Dei
2159 3916 2227 3974 et
2272 3903 2556 3974 domum
2592 3924 2747 3972 ora·

197 3998 427 4069 tionis.
474 3998 600 4068 Ubi
637 3995 1042 4088 simpliciter
1088 3995 1441 4084 aliquanto
1491 4007 1794 4085 tempore
1842 3998 1975 4063 Deo
2022 3994 2405 4063 servierunt
2454 3992 2525 4061 in
2571 4013 2746 4080 pau-

198 4099 457 4179 pertate
504 4086 814 4176 spiritus,
868 4085 939 4154 in
979 4084 1161 4155 fame
1207 4097 1274 4155 et
1320 4084 1456 4165 siti,
1511 4083 1583 4152 in
1631 4083 1886 4173 frigore
1913 4095 1979 4152 et
2009 4081 2341 4160 nuditate,
2381 4081 2450 4149 in
2484 4079 2745 4171 vigiliis

245 4218 308 4263 (a)
335 4210 618 4256 ctu-avallis
644 4212 773 4265 (gan.
801 4211 1081 4262 matroon).
1106 4209 1261 4253 sancti
1288 4207 1532 4260 regimine,
1558 4208 1821 4251 vix-tutibus
1839 4219 1894 4250 ιο
1914 4207 2142 4259 prodigus
2162 4209 2277 4248 adeo
2298 4208 2439 4258 longo
2455 4207 2648 4258 tuteque
2667 4216 2750 4247 no·

199 4268 406 4314 him-ta.
420 4279 449 4309 ο
465 4266 657 4311 moolao
676 4265 984 4319 Hacquevitle
1003 4268 1053 4307 in
1073 4264 1281 4307 carmine
1300 4266 1357 4306 de
1379 4262 1600 4305 laudibus
1620 4266 1667 4306 8.
1686 4264 1914 4305 Βεωιτάί
1937 4261 2007 4305 sic
2026 4259 2340 4304 describitur:
2363 4313 2367 4318 ι

836 4321 1005 4363 Abdita
1022 4317 1161 4360 vallis
1182 4320 1283 4359 crat
1300 4314 1467 4358 mediis
1489 4318 1539 4356 in
1559 4315 1813 4363 montibus,
1833 4318 1933 4356 alto

890 4376 951 4416 m
968 4382 1188 4424 memore,
1208 4376 1255 4414 et
1278 4370 1417 4412 viridi
1436 4373 1553 4411 tunc
1572 4373 1796 4422 adoperta
1815 4369 1950 4410 rubo.

837 4429 967 4470 Hanc
986 4429 1093 4468 alba
1113 4425 1321 4478 irriguus
1342 4421 1543 4466 mediam
1563 4421 1824 4474 perlabitur
1845 4419 2011 4468 amnis,

886 4483 1011 4523 Pons
1033 4478 1119 4521 tibi
1141 4481 1370 4533 perpetuo
1393 4488 1591 4520 munere
1610 4478 1757 4519 donat
1778 4485 1960 4526 nquam.
