3308 5004
643 331 770 395 ⁴80
1285 346 1364 392 na
1410 345 1466 392 s.
1519 343 1822 394 oswxmo
1867 342 2139 393 menon.
2192 340 2356 392 asez
2801 323 2975 389 AUG.
3022 323 3058 387 ὅ

553 433 623 502 in
658 454 795 520 quo
835 453 1014 519 aqua
1055 429 1307 501 lavacri
1346 428 1537 500 illius
1569 430 1787 500 effusa
1838 441 1963 511 est,
2019 427 2220 498 multi
2254 429 2403 519 jam
2453 428 2672 499 sanati
2710 439 2925 498 esseut
2966 426 3065 494 in-

553 521 762 591 firmi.
803 527 878 590 At
928 520 1043 589 illa
1094 519 1286 610 petiit
1318 518 1450 588 sibi
1483 519 1864 610 portionem
1910 515 2214 619 pulveris
2262 517 2597 588 salutiferi
2643 517 2811 597 dari,
2860 528 2923 584 et
2963 536 3068 584 ac-

551 610 816 700 cipiens
856 608 1195 699 illigatum
1249 628 1502 698 panno,
1557 606 1868 677 condidit
1918 627 1986 675 1n
2038 605 2364 695 capsella,
2401 619 2467 675 et
2498 605 2719 677 rediit.

640 700 676 786 ξ
724 701 871 770 19.
927 704 1293 767 Transacto
1340 709 1565 765 autem
1622 710 1924 786 tempore
1973 693 2363 782 aliquanto,
2417 717 2576 765 cum
2627 707 2799 765 esset
2843 694 2908 762 in
2950 713 3068 762 suo

552 786 1014 867 monasterio,
1079 785 1261 854 venit
1309 784 1474 854 illuc
1528 785 1811 872 quidam
1873 784 2169 874 hospes,
2228 785 2348 871 qui
2410 783 2670 855 solebat
2735 781 3073 853 nocturnis

553 877 830 965 saepius
887 875 1075 945 horis
1141 888 1415 963 repente
1476 873 1562 942 ab
1613 873 1977 942 immundo
2049 872 2298 962 spiritu
2416 874 2768 942 ravissime
2831 870 3064 941 vexari.

552 965 681 1047 Qui
731 987 887 1034 cum
935 964 1230 1054 benigne
1269 975 1634 1050 susceptus
1664 1016 1679 1040 ,
1737 975 2215 1052 post-coenam
2272 962 2339 1030 in
2417 975 2561 1031 ecto
2614 961 2911 1030 membra
2962 981 3074 1048 po-

552 1055 823 1134 suisset,
880 1053 1108 1123 subito
1156 1074 1195 1121 a
1242 1050 1517 1120 diabolo
1565 1063 1906 1142 arreptus,
1962 1049 2360 1130 inclamare,
2399 1049 2723 1119 dentibus
2752 1047 3070 1126 frendere,

550 1164 875 1231 spumare
904 1196 924 1222 ,
987 1156 1052 1210 et
1099 1140 1388 1209 diversis
1438 1139 1739 1208 motibus
1786 1139 2010 1229 coepit
2053 1139 2359 1208 membra
2400 1152 2734 1226 torquere.
2788 1143 3080 1223 Cumque

550 1254 591 1300 a
638 1229 829 1301 nullo
876 1228 978 1299 vel
1032 1230 1244 1298 teneri
1295 1229 1394 1298 vel
1448 1228 1645 1318 ligari
1699 1229 2054 1317 potuisset,
2107 1227 2416 1297 cucurrit
2467 1227 2801 1308 minister,
2845 1239 2909 1295 et
2939 1223 3078 1314 pul-

552 1341 714 1390 sans
762 1319 846 1388 ad
897 1318 1151 1388 ostium
1186 1372 1201 1396 ,
1258 1318 1611 1387 nunciavit
1658 1317 2078 1387 Abbatissae.
2131 1321 2208 1386 At
2261 1315 2379 1385 illa
2438 1317 2756 1406 aperiens
2799 1316 3076 1404 januam

550 1408 974 1488 monasterii,
1027 1407 1231 1476 exivit
1262 1406 1425 1496 *ipsa
1459 1428 1616 1475 cum
1657 1429 1798 1475 una
1827 1404 2460 1475 sanctimonialium
2504 1403 2959 1475 foeminarum
2997 1399 3075 1471 ad

551 1496 780 1567 locum
831 1497 1184 1565 virorum:
1237 1508 1303 1564 et
1348 1497 1638 1565 evocans
1688 1495 2163 1585 presbyterum
2195 1548 2216 1575 ,
2275 1494 2536 1585 rogavit
2586 1516 2822 1565 secum
2861 1491 3110 1583 venire⁴

549 1585 631 1655 ad
686 1585 1079 1675 patientem.
1133 1589 1280 1667 Quo
1327 1585 1719 1666 venientes,
1776 1583 2097 1653 viderunt
2163 1581 2415 1653 multos
2478 1582 2764 1653 adesse:
2815 1581 2932 1669 qui
2984 1601 3083 1648 ve·

547 1686 782 1745 xatum
836 1686 1085 1755 tenere,
1139 1686 1203 1743 et
1254 1686 1481 1743 motus
1526 1672 1680 1761 ejus
1730 1673 2012 1743 insanos
2058 1672 2514 1762 comprimere
2542 1672 2795 1753 conati,
2836 1690 3082 1757 nequa-

548 1785 760 1850 quam
808 1761 1149 1833 valebant.
1205 1762 1478 1832 Dicebat
1524 1762 1878 1853 presbyter
1938 1761 2445 1841 exorcismum,
2501 1774 2566 1831 et
2611 1777 3082 1848 quaecumque

549 1864 814 1942 poterat
859 1873 984 1942 pro
1032 1849 1334 1920 sedando
1369 1849 1601 1920 miseri
1637 1849 1867 1920 furore
1896 1849 2181 1941 agebat:
2235 1849 2353 1919 sed
2404 1871 2530 1919 nec
2562 1849 2737 1940 ipse,
2772 1844 3082 1938 quamvis

549 1939 850 2010 multum
902 1939 1246 2019 laborans,
1308 1938 1635 2028 proficere
1683 1938 1944 2027 aliquid
2000 1938 2286 2008 valebat.
2342 1942 2647 2029 Cumque
2699 1938 2796 2007 nil
2848 1934 3082 2007 salutis

550 2028 808 2098 furenti
848 2050 1206 2119 superesse
1252 2028 1617 2108 videretur,
1675 2041 1950 2119 repente
1993 2028 2174 2110 venit
2226 2028 2294 2095 in
2351 2043 2648 2097 mentem
2699 2026 3087 2097 Abbatissae

603 2117 781 2186 ulvis
828 2116 943 2185 ille
992 2116 1384 2206 praefatus:
1440 2117 1809 2205 statimque
1848 2116 2062 2206 jussit
2112 2117 2208 2185 ire
2259 2115 2673 2198 ministram,
2719 2130 2788 2187 et
2832 2110 3086 2203 capsel-

579 2228 689 2275 am
722 2259 737 2281 ,
789 2206 859 2275 in
909 2227 1048 2292 qua
1092 2219 1258 2286 erat,
1314 2205 1680 2286 adducere,
1718 2218 1783 2275 et
1813 2228 2044 2276 secum
2081 2206 2344 2274 afferre.
2391 2209 2577 2288 Quae
2614 2227 2779 2275 cum
2818 2204 3090 2273 intraret

551 2294 805 2364 atrium
849 2295 1099 2365 domus
1130 2349 1145 2376 ,
1209 2294 1278 2363 in
1335 2296 1537 2384 cujus
1591 2294 2034 2364 interioribus
2066 2293 2555 2364 daemoniosus
2596 2293 3083 2382 torquebatur,

550 2384 881 2454 conticuit
915 2383 1030 2453 ille
1064 2383 1315 2464 subito,
1354 2396 1420 2452 et
1450 2384 1647 2470 quasi
1687 2385 1756 2453 in
1798 2405 2119 2453 somnum
2158 2382 2446 2463 laxatuS,
2492 2381 2821 2472 deposuit
2857 2388 3080 2469 caput,

549 2473 861 2545 membra
909 2474 976 2543 in
1027 2474 1323 2561 quietem
1376 2474 1611 2543 omnia
1659 2472 2073 2563 composuit.
2127 2471 2523 2541 Conticuere
2556 2493 2828 2553 omnes,
2875 2470 3091 2539 inten-

484 2586 495 2598 ·
554 2563 739 2650 tique
768 2584 888 2632 ora
923 2564 1266 2643 tenebant,
1318 2584 1523 2649 quem
1565 2584 1672 2632 res
1701 2564 1956 2632 exitum
2005 2563 2303 2641 baberet,
2351 2559 2595 2630 soliciti
2633 2571 3085 2652 expectantes.

550 2656 627 2721 Et
670 2665 821 2742 post
858 2651 1292 2738 aliquantum
1344 2652 1553 2720 borae
1592 2651 1920 2742 spatium,
1975 2650 2225 2720 resedit
2262 2649 2384 2737 qui
2418 2650 2816 2731 vexabatur,
2858 2663 2922 2718 et
2949 2668 3095 2738 gra·

549 2742 719 2810 viter
766 2742 1173 2831 suspirans:
1228 2739 1445 2817 Modo,
1479 2740 1726 2826 inquit,
1781 2761 2026 2808 sanum
2067 2740 2283 2827 sapio,
2322 2739 2545 2827 recepi
2582 2740 2779 2808 enim
2817 2755 3090 2809 sensum

551 2830 768 2898 animi
804 2830 961 2898 mei.
1014 2833 1091 2898 At
1122 2828 1223 2897 illi
1254 2827 1495 2897 sedulo
1529 2828 2082 2903 sciscitabantur,
2121 2826 2465 2913 quomodo
2499 2827 2629 2897 hoc
2669 2826 3089 2917 contigisset.

514 2918 682 3000 ..Qui
720 2918 815 2987 ait
848 2941 863 2983 ε
919 2922 1064 2986 Mox
1095 2929 1173 2985 ut
1209 2916 1397 3006 virgo
1430 2917 1599 2987 haec
1630 2939 1793 2986 cum
1825 2914 2151 3007 capsella,
2193 2936 2402 3001 quam
2458 2917 2800 3006 portabat,
2855 2932 3094 3005 appro-

551 3005 915 3097 pinquavit
943 3005 1115 3073 atrio
1155 3003 1404 3074 domus
1444 3004 1682 3092 hujus,
1719 3005 2092 3075 discessere
2121 3024 2361 3073 omnes
2393 3004 2514 3091 qui
2550 3027 2660 3074 me
2700 3004 3099 3097 premebant

550 3094 840 3182 spiritus
903 3092 1232 3182 maligni,
1293 3106 1358 3162 et
1413 3116 1520 3162 me
1568 3093 1849 3174 relicto,
1905 3113 2245 3179 nusquam
2288 3106 2862 3184 comparuerunt.
2916 3098 3098 3162 Tunc

551 3182 741 3252 dedit
779 3182 841 3252 ei
888 3180 1245 3251 Abbatissa
1282 3182 1790 3270 portiunculam
1827 3180 1911 3250 de
1945 3181 2225 3271 pulvere
2267 3179 2385 3251 illo
2417 3205 2431 3250 ε
2484 3195 2551 3252 et
2589 3183 2694 3253 sic
2744 3185 2906 3254 data
2952 3200 3099 3251 ora-

554 3272 737 3339 tione
798 3293 840 3341 a
906 3270 1350 3360 presbytero,
1423 3283 1685 3340 noctem
1752 3269 1939 3340 illam
2000 3270 2503 3357 quietissimam
2567 3272 2818 3355 duxit,
2885 3287 3100 3356 neque

553 3357 814 3517 aliquild
866 3379 946 3429 ex
996 3371 1132 3428 toto
1182 3360 1498 3428 nocturni
1551 3360 1816 3429 timoris
1864 3372 1983 3430 aut
2030 3359 2404 3430 vexationis
2443 3362 2530 3431 ab
2569 3363 2868 3451 antiquo
2914 3360 3100 3429 hoste

604 3459 752 3517 ertu
786 3459 860 3516 1t.

556 3468 599 3537 p
641 3538 676 3693 ξ
726 3540 894 3608 Do.
951 3541 1286 3623 Sequente
1315 3534 1567 3606 dehinc
1602 3551 1904 3626 tempore
1944 3535 2075 3605 fuit
2102 3536 2169 3604 in
2206 3535 2445 3607 eodem
2477 3538 2902 3608 monasterio
2938 3553 3099 3628 pue-

553 3647 638 3695 ru
672 3647 755 3695 us
785 3623 1108 3711 quidam,
1177 3624 1288 3694 lon
1343 3647 1381 3693 o
1435 3624 1730 3695 febrium
1782 3623 2219 3695 incommodo
2266 3625 2564 3716 graviter
2611 3642 2925 3697 vexatus.
2978 3620 3101 3707 Qui

552 3735 712 3784 cum
749 3712 862 3784 die
890 3713 1192 3802 quadam
1228 3735 1302 3783 so
1337 3713 1539 3783 icitus
1586 3715 1827 3784 horam
1879 3714 2295 3785 accessionis
2325 3713 2619 3784 febrium
2662 3724 3095 3807 expectaret,

553 3803 915 3893 ingressus*
942 3802 1027 3871 ad
1062 3823 1219 3872 eum
1256 3801 1537 3889 quidam
1591 3802 1678 3873 de
1725 3802 2076 3883 fratribus,
2118 3802 2254 3883 Vis,
2309 3803 2554 3890 inquit,
2608 3806 2705 3872 mi
2757 3818 2940 3884 nate,
2996 3800 3105 3871 do·

552 3914 741 3962 ceam
794 3903 880 3973 te,
938 3890 1282 3978 quomodo
1329 3891 1595 3961 cureris
1642 3892 1730 3962 ab
1773 3892 1984 3982 hujus
2047 3891 2355 3961 molestia
2398 3891 2804 3981 languoris?
2838 3898 3056 3982 Surge
3084 3941 3100 3969 ,

553 3980 622 4049 in
680 3980 912 4051 redere
950 3978 1338 4060 ecclesiam,
1375 3993 1442 4051 et
1492 3980 1826 4051 accedens
1872 3979 1960 4051 ad
2012 4001 2082 4049 se
2137 3979 2405 4051 ulcrum
2468 3982 2790 4064 Oswaldi,
2854 3982 2954 4052 ibi
3003 4001 3107 4050 re-

556 4067 614 4137 si
667 4091 726 4151 e,
776 4081 842 4139 et
874 4069 1149 4156 quietus
1197 4090 1528 4149 manens,
1581 4069 1878 4138 adhaere
1938 4080 2083 4138 tum
2139 4090 2258 4138 ae:
2312 4067 2464 4138 vide
2498 4091 2582 4139 ne
2639 4092 2847 4141 exeas
2897 4068 3100 4148 inde,

556 4178 683 4226 nec
722 4157 807 4226 de
857 4156 1003 4227 loco
1053 4158 1412 4239 moveariS,
1464 4157 1685 4228 donec
1733 4156 1901 4226 hora
1931 4158 2338 4228 recessionis
2370 4157 2665 4229 febrium
2718 4156 3101 4229 transierit.

555 4249 746 4313 Tunc
795 4246 942 4336 ipse
988 4244 1281 4327 intrabo,
1333 4259 1399 4316 et
1428 4245 1717 4316 educam
1752 4257 1815 4315 te
1848 4245 2033 4316 inde.
2088 4246 2269 4316 Fecit
2315 4258 2391 4316 ut
2437 4246 2554 4316 ille
2593 4259 2961 4318 suaserat:
3000 4268 3106 4316 se·
3160 4276 3193 4322 ο

557 4333 969 4421 dentemque
1000 4357 1156 4406 eum
1185 4334 1272 4405 ad
1322 4335 1632 4405 tumbam
1666 4334 1908 4417 sancti,
1938 4334 2309 4405 infirmitas
2340 4349 2618 4426 tangere
2659 4355 3108 4424 nequaquam

556 4423 1068 4515 praesumpsit:
1118 4424 1284 4513 quia
1314 4424 1656 4497 intantum
1699 4423 1949 4495 timens
1981 4422 2275 4515 aufugit,
2312 4436 2390 4495 ut
2428 4446 2552 4496 nec
2599 4425 2916 4495 secunda
2962 4423 3103 4505 die,
