3308 5004
66 537 101 556 Χ

218 356 405 423 AUG.
459 313 585 422 27Δ
924 375 1004 422 nt
1050 375 1109 422 s.
1163 374 1469 423 casamo
1515 374 1713 424 muse.
1768 376 2034 453 itam-r.
2553 366 2682 432 659

215 459 519 529 Audiens
566 457 636 528 id
686 458 789 528 vir
836 459 976 541 Dei,
1013 457 1247 530 dolore
1342 459 1551 530 ariter
1595 471 1661 531 et
1711 460 1959 553 pietate
2005 475 2417 547 commotuS,
2472 469 2772 540 venienti

212 549 541 618 flammae
591 545 897 638 procedit
952 547 1250 630 obviam,
1355 547 1499 630 umi
1579 549 1670 619 ad
1744 572 1978 640 preces
2056 555 2539 643 prosternitur,
2613 579 2774 629 mox

213 637 456 741 igneos
504 637 755 728 premit
799 637 1153 740 abigitque
1185 637 1472 729 globos:
1503 653 1932 710 concurrunt
1964 657 2044 710 eo
2081 661 2347 725 omnes,
2382 656 2450 714 et
2495 644 2775 718 divinae

214 726 490 797 virtutis
536 726 863 798 consonis
915 726 1199 797 vocibus
1266 726 1509 798 laudes
1567 726 2029 800 celebrantur.
2097 730 2430 822 Deinceps
2490 756 2648 805 vero
2696 736 2772 806 in

215 828 404 886 tanta
456 815 645 907 apud
701 836 944 887 omnes
981 815 1440 886 admiratione
1470 815 1622 898 fuit,
1659 830 1738 887 ut
1784 819 1853 887 in
1895 840 1975 889 ea
2014 820 2186 889 urbe
2226 841 2361 891 non
2412 821 2641 893 solum
2691 839 2770 895 ut

214 903 540 985 Pontifex,
579 927 816 975 verum
849 904 1056 975 etiam
1105 905 1327 976 instar
1362 906 1683 998 Apostoli.
1711 905 2104 991 haberetur,
2147 919 2218 978 et
2312 912 2769 986 ersecutionis

213 1006 447 1065 auctor
481 993 803 1064 diabolus
838 993 1235 1084 pudefieret,
1292 1016 1584 1068 cernens
1615 1018 1802 1078 eum,
1855 1018 2061 1084 quem
2108 1019 2233 1088 pro
2283 999 2524 1070 itionis
2568 1023 2765 1073 reum

213 1104 538 1175 peragere
568 1083 765 1153 nisus
811 1094 1010 1164 esset,
1048 1081 1268 1153 divini
1305 1082 1533 1174 operis
1594 1085 1953 1156 miraculis
2000 1085 2285 1157 clarere.
2330 1088 2422 1178 Id
2468 1112 2623 1161 vero
2674 1091 2770 1162 ita

210 1184 482 1264 gestum
532 1193 704 1253 esse,
748 1182 824 1241 ut
854 1170 1183 1255 diximuS,
1237 1172 1426 1243 fideli
1473 1172 1806 1245 relatione
1852 1176 2349 1266 comperimus,
2411 1183 2412 1190 ’

301 1263 339 1349 ξ
384 1267 518 1333 11.
573 1265 739 1330 Cum
776 1272 1005 1330 autem
1042 1260 1186 1333 illic
1232 1260 1529 1421 degjeret,
1581 1263 1687 1334 uti
1732 1285 2007 1355 semper
2053 1277 2119 1335 et
2168 1266 2772 1354 ubiqueconsue-

212 1364 421 1431 verat,
474 1348 853 1420 Ecclesiam
898 1349 1134 1420 docuit
1204 1351 1321 1422 red
1375 1373 1486 1424 ere
1557 1352 1828 1424 Caesari
1876 1375 2053 1441 quae
2101 1369 2265 1425 sunt
2314 1357 2657 1440 Caesaris,
2703 1370 2771 1430 et

209 1460 389 1526 quae
436 1451 599 1509 sunt
639 1439 777 1520 Dei,
820 1443 992 1510 Deo:
1031 1439 1343 1521 Obedire,
1394 1441 1589 1530 juxta
1637 1441 2061 1533 Apostolum,
2102 1443 2411 1534 Regibus
2458 1459 2525 1517 et
2575 1459 2767 1537 pote-

212 1527 529 1609 statibus,
583 1526 863 1616 quando
878 1528 1070 1619 justa
1112 1530 1588 1631 praecipiunt:
1641 1531 1757 1601 sed
1790 1531 1858 1600 in
1909 1532 2194 1603 Arriano
2235 1534 2550 1625 principe
2597 1559 2767 1606 con-

214 1629 514 1686 temnere
544 1616 887 1707 dogmatis
940 1630 1365 1707 pravitatem.
1419 1624 1630 1707 Atque
1663 1619 1781 1701 ita,
1833 1620 2426 1708 quemadmodum
2477 1636 2767 1695 testatur

213 1705 497 1787 VeritaS,
534 1727 667 1775 non
722 1706 942 1795 potuit
989 1705 1271 1779 lucerna
1304 1707 1637 1781 abscondi
1678 1731 1890 1800 supra
1937 1709 2437 1782 candelabrum
2492 1714 2765 1784 Domini

214 1795 476 1885 posita:
518 1793 635 1863 sed
669 1816 1109 1883 quocumque
1155 1796 1465 1878 accessit,
1504 1818 1746 1868 omnes
1795 1797 2238 1870 illuminavit.
2285 1806 2523 1872 Postea
2576 1823 2760 1886 vem.

214 1905 425 1972 quam
461 1882 641 1952 beati
674 1884 799 1952 viri
852 1884 1317 1955 innocentiam
1370 1888 1706 1978 comperit
1762 1886 2067 1958 nefarius
2117 1889 2465 1982 princepS,
2518 1892 2761 1976 oravit,

207 1984 290 2042 ut
309 1972 394 2040 ad
432 1993 627 2041 suam
658 1985 1103 2043 reverteretur
1137 1973 1394 2057 sedem,
1437 1997 1647 2064 seque
1685 1987 1751 2046 et
1781 1976 2048 2047 civibus
2076 1989 2142 2048 et
2167 1977 2355 2048 Clero
2384 1979 2764 2052 exhiberet:

263 2083 422 2131 orro
451 2058 821 2130 delatorem
881 2061 1031 2152 ejus
1060 2062 1274 2153 jussit
1325 2063 1679 2156 lapidibus
1725 2065 2052 2156 opprimi.
2107 2068 2367 2158 Populo
2415 2070 2631 2161 igitur
2677 2069 2767 2140 ad

246 2148 485 2239 apides
522 2163 997 2232 concurrente,
1052 2152 1281 2223 subito
1314 2153 1399 2223 ad
1435 2176 1639 2226 aures
1671 2154 1800 2224 viri
1838 2155 1950 2224 Dei
1990 2155 2218 2246 jussio
2260 2159 2465 2248 Regis
2505 2158 2768 2249 perfer-

213 2248 350 2308 tur.
405 2240 725 2330 Properat
772 2237 933 2309 ilico
961 2251 1027 2309 et
1055 2262 1185 2310 sua
1229 2241 1719 2314 intercessione
1768 2242 2012 2314 maluit
2043 2259 2514 2316 accusatorem
2551 2268 2765 2318 suum

214 2348 480 2397 servare
510 2327 817 2418 agendae
850 2328 1327 2418 poenitentiae,
1362 2352 1569 2419 quam
1592 2333 1787 2420 justa
1833 2332 2431 2403 animadversione
2481 2336 2760 2425 puniri:

211 2427 288 2485 ut
327 2416 632 2486 animam
666 2416 822 2575 elius
873 2438 994 2507 per
1034 2419 1516 2509 poenitentiam
1569 2432 1863 2502 curaret,
1916 2441 2123 2509 quam
2173 2421 2320 2512 ipse
2368 2423 2607 2512 iniqua
2646 2423 2768 2494 de-

209 2505 458 2576 latione
491 2506 695 2577 diabo
727 2529 766 2576 o
814 2508 1154 2597 captivam
1193 2505 1604 2590 reddiderat,
1648 2522 1714 2579 et
1745 2509 1926 2579 hosti
1955 2509 2335 2581 domestico
2384 2512 2765 2584 clementer

206 2594 600 2695 ignoscens,
654 2595 1018 2684 antiquum
1068 2597 1540 2669 adversarium
1588 2598 1661 2668 in
1711 2620 1852 2669 una
1892 2619 1962 2667 re
1989 2599 2414 2672 conscientia
2449 2623 2624 2691 pura
2655 2602 2766 2675 bis

209 2699 534 2755 vinceret.

296 2774 332 2858 ἓ
379 2778 529 2845 1².
585 2771 855 2843 Solebat
889 2794 1044 2843 vero
1079 2787 1359 2847 sanctus
1406 2776 1510 2844 vir
1547 2774 1614 2845 id
1651 2786 1970 2845 accurate
2007 2776 2394 2861 observare,
2433 2790 2511 2848 ut
2558 2801 2762 2851 nemo

204 2881 286 2928 ex
338 2858 499 2939 illis,
553 2862 674 2949 qui
708 2861 842 2952 ipsi
877 2863 1228 2952 parebant,
1269 2866 1410 2935 sive
1443 2864 1619 2935 servi
1676 2863 1780 2933 illi
1827 2878 2078 2947 essent,
2135 2866 2277 2935 sive
2326 2866 2639 2958 ingenui,
2698 2870 2757 2938 si

259 2968 334 3016 ro
381 2948 587 3040 culpa
621 2974 747 3021 sua
807 2951 1210 3042 flagellandi
1257 2967 1508 3034 essent,
1564 2952 1868 3044 amplius
1926 2954 2456 3044 trigintanovem
2509 2956 2763 3027 ictibus

234 3037 599 3109 erirentur.
641 3041 709 3110 Si
756 3040 914 3128 quis
954 3064 1111 3111 vero
1152 3042 1221 3111 in
1264 3040 1456 3132 gravi
1488 3042 1696 3132 culpa
1727 3042 2434 3134 deprehensusesset,
2475 3046 2761 3136 permit·-
2869 3118 2876 3125 ,

207 3127 394 3197 tebat
423 3127 731 3214 quidem,
784 3139 858 3199 ut
891 3144 1042 3221 post
1070 3130 1222 3200 dies
1260 3152 1519 3220 paucos
1560 3130 1810 3203 iterum
1860 3132 2240 3222 vapularet,
2294 3132 2412 3203 sed
2457 3135 2755 3225 paucis:

205 3216 858 3306 contestabaturque
881 3217 1211 3290 ecclesiae
1300 3218 1664 3298 raefectos,
1718 3219 1779 3288 si
1831 3221 1991 3308 quis
2042 3221 2317 3309 juberet
2354 3223 2760 3315 quempiam

203 3304 474 3376 diutius
506 3306 865 3397 flagellari,
918 3320 985 3376 et
1021 3329 1102 3377 ea
1140 3242 1418 3379 verbera
1451 3308 1554 3378 illi
1596 3322 1882 3379 mortem
1918 3309 2262 3393 afferrent,
2316 3324 2394 3382 ut
2432 3312 2493 3382 is
2533 3312 2760 3383 homi-

203 3394 373 3464 cidii
423 3417 618 3465 reum
670 3417 743 3465 se
772 3394 999 3464 sciret.
1058 3395 1182 3466 Ubi
1222 3408 1453 3467 autem
1505 3397 1896 3489 percrebuit
1943 3399 2127 3490 apud
2163 3399 2589 3472 Arelatenses
2633 3402 2761 3472 ho-

202 3484 466 3555 minem
529 3484 644 3553 Dei
699 3484 981 3566 reverti,
1046 3485 1331 3574 jamque
1376 3509 1537 3556 eum
1596 3486 1756 3559 urbi
1819 3489 2431 3579 appropinquare,
2515 3513 2760 3562 omnes

203 3574 573 3661 utriusque
626 3594 828 3645 sexus
878 3595 1036 3643 cum
1075 3575 1411 3647 Crucibus
1459 3588 1526 3646 et
1571 3576 1789 3646 cereis
1843 3578 1906 3646 ei
1968 3600 2364 3669 processere
2426 3579 2701 3651 obviam
2736 3633 2752 3660 ,

202 3662 600 3753 psallenteS,
652 3675 716 3732 et
749 3661 1136 3763 ingressum
1179 3666 1331 3756 ejus
1363 3686 1451 3756 op
1504 3665 1822 3736 erientes.
1856 3666 2021 3735 Cum
2060 3666 2270 3738 soleat
2299 3680 2531 3738 autem
2564 3668 2756 3738 Chri-

207 3761 351 3823 stus
384 3773 614 3823 servos
647 3773 807 3822 suos
838 3750 1183 3823 illustrare
1224 3753 1454 3824 virtuti
1509 3777 1613 3835 us,
1651 3766 1717 3824 et
1741 3753 2038 3845 perfidos
2058 3768 2294 3846 aperta
2322 3755 2755 3827 mirabilium

204 3860 493 3931 operum
548 3840 701 3911 luce
749 3838 1195 3926 confundere,
1240 3842 1325 3913 ad
1383 3843 1752 3914 adventum
1811 3844 2033 3914 sancti
2073 3844 2200 3913 viri
2246 3845 2581 3916 Dominus
2623 3857 2759 3915 ter-

204 3951 380 4011 ram,
420 3929 829 4020 longissima
862 3931 1168 4002 siccitate
1214 3944 1547 4014 arentem,
1586 3931 1980 4023 largissimo
2031 3932 2335 4024 perfudit
2379 3934 2628 4015 imbre,
2681 3946 2759 4005 ut

205 4039 364 4087 cum
414 4031 788 4089 revertente
814 4019 1208 4111 gratissimo
1241 4021 1740 4113 dispensatore,
1779 4019 2135 4093 fructuum
2170 4044 2445 4112 quoque
2476 4023 2756 4095 ubertas

206 4120 629 4192 sequeretur.

294 4197 332 4283 ἐ
381 4201 523 4270 18.
567 4202 735 4267 Cum
770 4196 882 4268 die
927 4197 1229 4286 quodam
1269 4211 1449 4270 esset
1484 4199 1571 4270 ad
1604 4199 1842 4280 altare,
1883 4199 2368 4272 animadvertit
2413 4200 2756 4289 quosdam

205 4284 382 4355 lecto
418 4286 783 4377 Evangelio
815 4309 895 4358 ex
926 4287 1218 4360 ecclesia
1263 4287 1521 4379 egredi,
1565 4288 1748 4376 quod
1791 4290 2014 4359 sancti
2041 4289 2168 4361 viri
2215 4290 2581 4362 conciones
2629 4312 2757 4360 au·-

203 4372 503 4445 scultare
553 4376 747 4447 initio
787 4376 1260 4449 detrectarent.
1317 4384 1462 4449 Mox
1511 4377 1733 4469 igitur
1787 4377 2079 4457 advolat,
2133 4379 2436 4471 appellat
2489 4380 2597 4449 his
2638 4401 2754 4449 vo-

201 4463 406 4535 cibus
453 4465 830 4558 populum:
885 4492 921 4536 «
952 4467 1131 4553 Quid
1160 4467 1383 4539 facitis
1416 4466 1594 4538 filii?
1622 4466 1790 4557 quid
1825 4467 1920 4538 ita
1948 4468 2130 4541 foras
2168 4469 2539 4542 absceditis
2570 4467 2755 4539 mala
