3308 5004
171 362 361 430 ΑΗΕ.
410 362 495 429 24
830 381 910 427 ns
956 381 1013 429 s.
1065 381 1359 431 aurionno
1404 381 1604 433 zrisc.
1659 382 2024 433 sortione.
2505 365 2636 434 587

173 478 466 556 gereret,
498 466 1052 536 renovandorum
1088 480 1152 538 et
1181 468 1803 538 construendorum
1838 469 2324 540 coenobiorum
2353 470 2586 542 studio
2619 470 2728 541 in-

170 558 499 627 sisteret:
552 555 1003 646 pauperibuS,
1063 557 1478 648 peregriniS,
1526 557 1793 639 viduis,
1850 558 2207 648 orphanis,
2259 560 2727 648 omnibusque

170 646 646 717 necessitatem
687 645 1107 735 patientibus
1148 646 1258 736 pie
1285 646 1730 730 subveniret:
1783 646 1912 717 hoc
1961 647 2200 717 dicens
2237 647 2507 749 justum
2539 669 2719 730 esse,

168 748 250 805 ut
273 748 710 815 cunctorum,
755 734 877 822 qui
923 735 1078 823 ejus
1111 735 1370 806 ditione
1418 749 1836 818 tenerentur,
1880 736 2268 807 necessitati
2299 736 2722 808 condoleret.

172 829 312 894 Rex
360 844 517 893 vero
558 824 980 913 Dagobertus
1026 846 1264 896 aurem
1316 825 1462 895 viro
1507 824 1964 896 Deilibenter
2002 826 2071 895 in
2112 826 2442 897 omnibus
2470 879 2492 908 ,
2546 848 2729 929 quae

174 914 600 994 hortabatur,
640 913 1243 984 accommodabat:
1282 927 1489 1002 atque
1516 935 1668 984 eam
1701 914 1789 984 ob
1826 936 1965 984 rem
2003 927 2067 984 et
2104 915 2375 986 cunctis
2409 914 2726 987 hostibus

172 1001 304 1072 fuit
328 1002 587 1083 fortior,
618 1014 682 1071 et
704 1001 1033 1073 omnibus
1067 1008 1483 1073 Francorum
1510 1005 1837 1094 Regibus,
1876 1003 1996 1091 qui
2024 1016 2182 1073 ante
2209 1002 2439 1093 ipsum
2476 1025 2722 1096 regna-

175 1105 456 1172 verant,
511 1090 799 1161 felicior.
854 1096 1020 1161 Nam
1076 1114 1196 1182 per
1243 1091 1310 1162 id
1364 1105 1640 1183 tempus
1692 1092 2126 1163 nobilissima
2174 1106 2572 1163 sanctorum
2624 1095 2726 1163 vi·-

173 1201 409 1250 rorum
452 1180 796 1261 examina,
853 1181 1070 1250 instar
1115 1203 1328 1271 apum
1369 1180 1624 1270 inclyta
1676 1186 2093 1252 Francorum
2148 1182 2335 1273 regio
2391 1182 2716 1272 protulit:

169 1290 467 1357 quorum
499 1268 832 1338 mellifluo
863 1268 1153 1359 collegio
1189 1269 1368 1339 idem
1421 1270 1524 1340 vir
1553 1271 1826 1341 Domini
1859 1271 2228 1342 Audoenus
2260 1273 2725 1361 apocrisarius

174 1358 403 1449 Regis,
459 1357 642 1428 velut
688 1357 1336 1447 splendidissimum
1375 1358 1594 1440 siduS,
1648 1380 1949 1450 magnus
1997 1360 2243 1432 Christi
2282 1359 2481 1429 miles
2513 1361 2582 1428 in
2617 1381 2725 1433 ec:

169 1447 380 1517 clesia
428 1445 844 1534 quandoque
891 1447 1192 1519 futui-ue.
1240 1448 1386 1539 jam
1437 1449 1801 1519 emicabat.
1859 1449 2049 1518 Unde
2097 1470 2233 1520 non
2282 1460 2386 1518 est
2435 1449 2719 1531 mirum,

170 1536 229 1606 si
291 1536 406 1606 ille
455 1541 592 1605 Rex
623 1590 638 1616 ,
694 1536 1034 1606 malorum
1086 1536 1520 1607 infestatione
1567 1538 1889 1608 submota
1924 1592 1940 1619 ,
1996 1537 2337 1628 ponendis
2395 1536 2726 1608 hincinde

174 1624 539 1716 praesidiis
581 1625 771 1715 pacis
806 1679 820 1705 ,
877 1637 1064 1695 tanta
1120 1641 1223 1697 est
1265 1648 1440 1697 usus
1481 1627 1932 1718 prosperitate
1962 1681 1978 1709 ,
2021 1627 2142 1714 qui
2206 1640 2342 1697 tam
2397 1626 2722 1717 prudenti

171 1713 553 1784 silentiario
597 1713 1006 1804 potiebatur.

260 1805 296 1890 ἕ
342 1809 432 1875 ὅ.
486 1802 798 1873 Florebat
845 1823 1002 1873 vero
1053 1803 1120 1873 in
1171 1803 1328 1874 aula
1384 1805 1588 1895 Regis
1638 1805 1844 1874 etiam
1888 1802 2069 1874 beati
2118 1803 2244 1872 viri
2276 1801 2536 1874 sodalis
2584 1803 2723 1874 Eli-

169 1892 330 1983 gius
375 1891 411 1926 *
447 1946 462 1972 ,
517 1892 844 1961 virtutum
898 1894 1255 1962 sanctitate
1303 1892 1669 1963 mirandus
1698 1947 1714 1973 ‚
1776 1914 1981 1981 quem
2035 1892 2221 1962 haud
2272 1913 2473 1964 secus
2520 1907 2724 1981 atque

168 1981 477 2050 animam
530 2001 724 2050 suam
777 1979 1157 2070 diligebat:
1211 1996 1491 2070 eratque
1538 1982 1639 2052 eis
1690 2003 1888 2051 amor
1944 2004 2177 2062 unus,
2229 2002 2350 2051 cor
2387 2002 2609 2051 unuin
2658 1994 2726 2051 et

170 2068 409 2138 anima
433 2090 615 2138 uua:
663 2070 950 2160 parique
982 2070 1356 2141 intentione
1389 2072 1521 2142 sub
1552 2070 1795 2142 habitu
1825 2069 2057 2141 adhuc
2105 2069 2403 2140 seculari
2452 2083 2725 2140 aeterno

174 2157 344 2247 Regi
374 2157 779 2240 militabant,
833 2161 1046 2230 ambo
1094 2159 1231 2229 fide
1280 2160 1665 2230 Christiana
1705 2159 2119 2239 firmissimi,
2163 2161 2371 2230 ambo
2419 2164 2722 2250 Evange-

172 2246 309 2315 lica
347 2245 657 2317 doctrina
690 2247 952 2337 repleti.
991 2250 1089 2320 Ab
1119 2249 1219 2318 eis
1257 2269 1500 2319 omnes
1534 2254 1954 2319 Francorum
1999 2250 2315 2337 proceres
2360 2247 2726 2336 capiebant

171 2335 479 2424 exempla
550 2335 975 2407 Christianae
1040 2337 1437 2428 religionis,
1509 2339 1598 2408 ab
1653 2337 1755 2407 eis
1821 2336 2244 2407 hauriebant
2296 2337 2555 2404 monita
2599 2336 2723 2406 do-

174 2424 435 2493 ctrinae
481 2425 834 2495 salutaris.
888 2432 1223 2497 Noverant
1255 2421 1355 2495 illi
1398 2429 1792 2496 animarum
1835 2425 2129 2495 salutem
2168 2438 2235 2494 et
2285 2424 2544 2516 patriae
2573 2445 2723 2494 coe-

170 2513 362 2583 lestis
410 2515 909 2586 beatitudinem
959 2528 1025 2586 et
1071 2516 1511 2586 dulcedinem
1571 2514 2014 2605 praedicare:
2074 2525 2140 2584 et
2180 2526 2531 2600 tamquam
2582 2514 2722 2584 duo

170 2601 532 2673 fortissimi
583 2603 868 2684 milites,
925 2605 1210 2695 paribus
1270 2606 1485 2675 armis
1532 2605 1719 2685 fidei,
1774 2602 2022 2674 Christi
2071 2598 2415 2673 Ecclesiae
2476 2603 2725 2673 servie-

168 2690 361 2760 bant.
416 2697 665 2762 Eorum
715 2714 908 2762 arma
967 2694 1348 2764 haereticae
1403 2694 1759 2784 pravitatis
1796 2692 2034 2782 jacula
2085 2705 2345 2762 tentare
2384 2704 2716 2782 poterant,

171 2794 530 2870 penetrare
579 2802 717 2850 non
770 2795 1101 2872 poterant.
1157 2783 1294 2853 Etsi
1343 2794 1572 2852 autem
1623 2782 1869 2852 beatus
1923 2780 2295 2852 audoenus
2344 2781 2413 2850 in
2467 2779 2723 2871 palatio

168 2869 377 2958 Regis
408 2869 691 2939 militari
725 2870 969 2942 habitu
1018 2885 1234 2942 tectus
1283 2870 1650 2951 videretur,
1703 2883 1773 2940 at
1820 2883 2070 2940 tamen·
2098 2871 2186 2940 ab
2218 2870 2549 2939 omnibus
2588 2868 2725 2940 fere

168 2958 557 3028 monachus
609 2960 858 3048 potiuS,
912 2981 1121 3048 quam
1174 2960 1395 3030 laicus
1442 2959 1853 3030 habebatur.
1906 2964 2073 3029 Nam
2124 2958 2530 3050 saepissime
2575 2979 2725 3048 pre-

164 3046 364 3117 tiosis
415 3047 720 3120 vestibus
775 3061 841 3118 et
888 3071 1096 3119 aureo
1144 3049 1366 3120 balteo
1413 3049 1842 3120 extrinsecus
1889 3059 2178 3117 ornatus
2208 3101 2224 3129 ,
2277 3047 2527 3117 subtus
2575 3060 2722 3117 ute-

171 3135 380 3205 batur
425 3136 690 3205 cilicio:
750 3138 1293 3239 persistebatque
1341 3137 1860 3229 infatigabiliter
1910 3137 1975 3205 in
2011 3136 2464 3215 orationibus,
2504 3136 2574 3204 in
2626 3137 2723 3205 vi-

166 3222 384 3317 giliis,
434 3223 502 3293 in
545 3225 863 3315 jejuniis,
918 3226 988 3296 in
1041 3227 1329 3297 lectione
1366 3226 1627 3307 divina,
1679 3227 1750 3295 in
1801 3222 2228 3316 excipiendis
2277 3224 2716 3315 hospitibus:

170 3334 556 3404 pauperum
610 3335 766 3384 vero
825 3328 892 3386 et
941 3316 1375 3385 infirmorum
1445 3313 1832 3387 ministerio
1900 3335 2072 3406 pene
2124 3334 2400 3404 semper
2444 3312 2724 3383 deditus

163 3415 337 3471 erat.
378 3407 673 3472 Terrena
724 3405 942 3493 patria
977 3406 1196 3475 instar
1239 3403 1423 3474 exilii
1470 3405 1534 3473 ei
1580 3418 1772 3475 erat:
1827 3403 2186 3475 coelestem
2242 3415 2316 3473 ut
2366 3403 2718 3492 propriam

165 3490 539 3582 diligebat:
572 3490 686 3561 illa
723 3493 1047 3563 utebatur
1082 3506 1433 3581 tamquam
1462 3492 1645 3574 exul,
1691 3492 1778 3563 ad
1821 3493 2001 3562 hanc
2028 3513 2159 3561 ceu
2187 3492 2335 3562 avis
2375 3491 2716 3562 tendebat.

256 3581 294 3666 ξ
342 3586 435 3653 Β.
490 3584 728 3669 Itaque
778 3580 846 3649 in
912 3583 1288 3673 Brigiensis
1354 3582 1588 3672 sylvae
1636 3581 2025 3653 recessibus
2080 3580 2412 3652 Rasbacis
2459 3580 2723 3650 fluvioli

166 3667 484 3739 officinas
534 3669 987 3760 perlustrans„
1025 3671 1433 3759 cunctisque
1466 3672 1581 3742 Dei
1611 3672 1828 3741 servis
1860 3669 2268 3741 necessariis
2302 3668 2720 3740 habitaculis

168 3758 543 3838 instruens,
585 3758 656 3828 in
706 3779 832 3828 suo
884 3761 1301 3850 patrimonio
1352 3760 1849 3831 monasterium
1901 3758 2341 3849 supradictae
2391 3778 2462 3828 re
2565 3757 2717 3837 lae,

166 3845 350 3932 quod
399 3846 901 3937 Jerosolymam
971 3849 1186 3919 voluit
1244 3848 1430 3930 dici,
1482 3848 1854 3919 efficaciter
1912 3847 2337 3918 construxit:
2407 3868 2460 3916 u
2510 3847 2532 3915 i
2582 3864 2722 3915 non

171 3935 394 4006 solum
447 3950 874 4027 praesentem
923 3938 1177 4026 quietis
1227 3960 1464 4038 pacem
1516 3938 1695 4008 veris
1726 3936 1974 4008 Christi
2021 3935 2432 4036 cultoribus,
2480 3955 2717 4004 verum

167 4023 372 4092 etiam
423 4039 678 4095 certam
745 4025 1063 4097 coelestis
1117 4028 1401 4097 visionis
1469 4026 1775 4115 requiem
1839 4025 1988 4095 suis
2052 4023 2512 4094 sectatoribus
2574 4035 2718 4093 tum

172 4115 673 4203 praesentibus,
729 4119 872 4185 tum
929 4116 1239 4205 posteris
1295 4114 1588 4185 feliciter
1632 4113 2085 4203 comparavit.
2139 4111 2326 4182 Idem
2382 4133 2541 4182 vero
2575 4132 2722 4182 mo-

169 4203 549 4273 nasterium
599 4226 640 4273 o
693 4205 854 4274 imis
897 4204 1475 4296 possessionibus,
1512 4202 1940 4274 ornamentis
1971 4200 2479 4282 ecclesiasticiS,
2519 4199 2718 4271 libris

169 4292 567 4377 atque.aliis
665 4293 906 4363 iversis
955 4295 1186 4375 rebuS,
1242 4293 1328 4363 ad
1381 4293 1494 4362 Dei
1546 4291 1899 4365 servitium
1949 4303 2015 4360 et
2060 4288 2327 4361 cultum
2382 4289 2722 4392 pertinen-

176 4378 388 4461 tibus,
438 4380 723 4452 devotus
750 4381 1085 4474 implevit,
1120 4395 1187 4453 et
1223 4395 1621 4453 sanctorum
1663 4380 2158 4450 monachorum
2197 4376 2714 4450 multitudinem

222 4504 249 4530 ¹·
279 4503 378 4545 col.
395 4503 597 4545 Sanctus
620 4515 635 4547 i
658 4507 766 4546 Dee.
