3308 5004
170 329 365 397 ΔΗΕ.
416 327 505 394 ΞΘ
826 345 905 392 nr
952 343 1008 391 s.
1058 342 1392 392 arnasano
1438 343 1583 391 Ana.
1633 341 2017 390 cumana.
2500 325 2630 392 404·
2693 355 2717 410 ς

164 433 564 522 quisquam.
597 428 1105 510 condemnare,
1157 450 1362 516 quem
1417 433 1593 498 Deus
1631 426 2015 517 Justificat,
2069 439 2205 497 tam
2258 426 2522 505 multa,
2579 440 2720 497 tam

170 520 510 593 sublimia
539 540 701 589 cum
750 539 831 588 eo
875 530 943 586 et
990 539 1110 606 per
1153 538 1311 587 eum
1363 516 1738 607 operando.
1776 515 1981 596 Felix,
2018 515 2133 586 cui
2183 515 2309 585 soli
2363 528 2723 606 reputatur

170 610 261 681 ad
296 609 603 699 culpam,
642 607 826 695 quod
862 606 1110 676 caeteri
1143 606 1277 677 sibi
1313 623 1752 696 praesumere
1797 604 2018 673 solent
2046 604 2129 673 ad
2164 603 2538 695 gloriam...

256 700 303 856 ἓ
352 702 508 772 42.
563 702 640 766 Et
689 696 990 786 primum
1038 694 1320 783 quidem
1377 694 1562 765 circa
1620 692 2167 763 resuscitandum
2221 693 2290 762 in
2344 694 2721 765 monastico

172 810 254 859 or
307 787 420 855 ine
448 786 772 873 antiquae
806 783 1158 875 religionis
1205 782 1560 862 servorem,
1612 782 1952 873 primitias
1979 782 2366 872 juventutis
2398 804 2565 852 suae
2598 782 2722 852 de·

177 875 456 957 dicavit,
494 874 806 965 exemplo
834 885 900 943 et
931 873 1132 943 verbo
1169 872 1536 943 conventui
1565 871 1853 941 fratrum
1885 870 2064 941 intra
2094 883 2284 959 septa
2321 871 2722 941 monasterii

178 964 268 1036 ad
327 962 453 1034 hoc
508 963 699 1034 omni
754 962 982 1032 studio
1031 983 1307 1032 vacans.
1362 960 1803 1032 Postmodum
1853 972 2108 1040 autem,
2161 980 2321 1028 cum
2371 959 2457 1029 ad
2493 959 2718 1030 alium

181 1053 355 1124 vitae
384 1065 450 1123 et
486 1051 1024 1122 conversationis
1064 1050 1375 1121 ordinem
1431 1049 1831 1119 infirmitate
1883 1049 2195 1139 corporis
2237 1062 2621 1138 cogeretur,
2655 1060 2723 1119 et

183 1143 366 1213 sicut
411 1141 673 1211 dictum
730 1151 881 1222 est,
938 1140 1310 1209 necessitas
1365 1137 1788 1208 infirmitatis
1837 1149 1905 1207 et
1962 1136 2131 1207 ordo
2187 1138 2635 1218 necessitatis»,
2681 1160 2724 1207 a

175 1230 534 1301 communi
573 1251 731 1300 eum
780 1229 1295 1300 conversatione
1339 1240 1722 1298 conventus
1772 1226 1928 1317 plus
1977 1225 2175 1296 solito
2224 1239 2717 1315 sequestraret,

179 1320 352 1390 haec
396 1320 623 1421 prima
661 1318 894 1408 ‚coepit
936 1338 1087 1387 esse
1131 1317 1403 1387 occasio
1433 1371 1450 1396 ,
1503 1328 1581 1386 ut
1624 1315 1826 1403 quasi
1894 1314 2298 1386 hominibus
2344 1314 2430 1385 de
2489 1315 2724 1386 seculo

174 1422 573 1499 expositus,
644 1429 939 1494 quorum
999 1405 1145 1493 jam
1196 1404 1280 1475 ad
1343 1427 1502 1475 eum
1557 1402 1930 1475 multitudo
1980 1425 2230 1494 magna
2286 1404 2717 1486 confluebat,

180 1499 198 1567 i
256 1520 331 1568 se
374 1498 583 1567 etiam
637 1494 1090 1586 praesentiam
1137 1516 1336 1564 suam
1392 1494 1677 1565 liberius
1702 1493 1804 1563 eis
1835 1515 1916 1561 ac
1952 1491 2306 1563 liberalius
2339 1513 2727 1564 accommo-

229 1608 382 1668 ans,
430 1585 712 1656 verbum
769 1584 1213 1675 praedicaret.
1279 1589 1585 1671 Cumque
1630 1595 1697 1652 et
1747 1581 2021 1672 longius
2067 1580 2446 1668 aliquando
2484 1604 2525 1651 a
2577 1603 2725 1652 mo-

177 1675 480 1746 nasterio
531 1696 652 1764 pro
698 1673 930 1742 causis
964 1671 1302 1742 Ecclesiae
1333 1671 1831 1742 communibus
1870 1670 2261 1740 obedientia
2310 1670 2718 1752 traheretur,

175 1776 243 1834 et
287 1783 728 1852 quocumque
776 1762 1055 1841 veniret,
1092 1762 1581 1849 undecumque
1630 1760 2013 1841 locuturus„
2050 1758 2135 1829 de
2169 1765 2300 1828 Deo
2348 1759 2551 1830 silere
2585 1780 2723 1830 non

180 1867 434 1943 posset,
477 1863 543 1921 et
587 1872 789 1940 agere
834 1871 1012 1938 quae
1063 1850 1174 1920 Dei
1225 1863 1409 1931 sunt,
1466 1870 1600 1919 non
1649 1860 1991 1918 cessaret:
2044 1849 2144 1919 sic
2195 1848 2261 1917 in
2302 1849 2488 1918 brevi
2529 1848 2725 1918 inno-

183 1941 317 2012 tuit
361 1940 548 2032 apud
587 1939 923 2019 homines,
969 1950 1045 2009 ut
1083 1938 1386 2008 Ecclesia
1424 1937 1535 2007 Dei
1592 1950 1727 2007 tam
1779 1936 1933 2007 utili
1976 1937 2285 2007 membro
2332 1937 2402 2006 in
2438 1958 2724 2027 corpore

184 2051 313 2100 suo
354 2042 619 2119 reperto
653 2028 776 2110 uti,
820 2027 905 2099 ad
941 2027 1428 2115 quodcumque
1458 2028 1838 2118 oportebat,
1882 2048 2017 2095 non
2049 2026 2548 2096 dissimularet.
2595 2025 2723 2095 Sed

186 2131 253 2188 et
294 2117 451 2187 licet
499 2140 541 2187 a
592 2118 815 2219 primo
866 2118 1031 2186 ssore
1078 2117 1383 2186 ineuntis
1430 2116 1673 2185 aetatis
1711 2114 2051 2185 fructibus
2107 2114 2395 2204 spiritus
2451 2135 2727 2205 semper

189 2206 665 2287 abundaverit,
704 2206 792 2276 ab
830 2205 960 2275 hoc
1013 2218 1235 2274 tamen
1281 2217 1582 2295 tempore
1613 2204 1963 2296 copiosius
2008 2204 2070 2272 ei
2104 2203 2338 2272 addita
2381 2216 2505 2282 est,
2544 2204 2728 2273 sicut

185 2295 546 2385 Apostolus
579 2296 767 2375 dicit,
810 2293 1266 2364 manifestatio
1299 2294 1585 2384 spiritus
1614 2292 1700 2363 ad
1736 2292 2143 2363 utilitatem:
2198 2313 2426 2362 sermo
2457 2291 2723 2362 scilicet

189 2383 592 2454 foecundior
636 2383 1013 2474 sapientiae
1050 2397 1115 2452 et
1161 2382 1486 2453 scientiae
1532 2403 1694 2452 cum
1735 2382 1954 2472 gratia
1988 2379 2409 2481 prophetiae,
2451 2393 2517 2450 et
2563 2401 2725 2471 ope·

189 2474 486 2544 rationes
521 2472 875 2554 virtutum,
912 2485 978 2543 et
1007 2471 1434 2543 diversarum
1466 2470 1956 2562 opitulationes
1981 2481 2382 2541 sanitatum.
2414 2474 2723 2553 Quorum

181 2563 546 2650 quaedam,
581 2568 759 2650 quae
797 2574 980 2631 certa
1022 2561 1412 2631 narratione
1441 2560 1681 2642 didici,
1734 2582 1869 2647 qua
1911 2559 2048 2629 fide
2098 2581 2137 2628 a
2185 2558 2510 2628 fidelibus
2551 2557 2725 2628 mihi

187 2651 351 2721 viris
384 2652 733 2742 assignata
773 2662 958 2731 sunt,
999 2649 1239 2720 eadem
1273 2661 1339 2719 et
1369 2650 1517 2741 ipse
1548 2649 1610 2719 le
1660 2649 1937 2719 entibus
1985 2648 2282 2738 resigno,

271 2742 310 2828 ξ
356 2745 512 2813 43.
570 2740 872 2809 Primum
921 2761 1084 2827 ergo
1131 2739 1188 2807 si
1246 2760 1413 2809 num
1449 2736 1575 2808 hoc
1607 2672 1784 2818 finit,
1825 2736 2009 2825 quod
2054 2737 2121 2806 in
2166 2757 2378 2805 manu
2404 2736 2577 2805 servi
2613 2735 2726 2806 sui

187 2828 451 2899 mundo
483 2828 746 2898 celebre
779 2827 1090 2898 Christus
1125 2850 1162 2897 e
1216 2828 1371 2896 ecit.
1409 2826 1576 2896 Cum
1619 2825 2008 2912 aliquantos
2047 2826 2192 2915 jam
2237 2825 2306 2893 in
2355 2823 2727 2894 claravalle

183 2916 519 3006 explesset
551 2939 793 2997 annoS,
833 2916 1544 3006 contigitJosbertum
1592 2913 1964 3003 quemdam
2017 2912 2315 2983 nobilem
2368 2912 2589 2984 virum
2641 2912 2726 2983 de

185 3004 466 3076 castello
515 3007 846 3096 proximo,
897 3005 1012 3076 cui
1064 3003 1443 3075 Firmitas⁸
1484 3025 1733 3073 nomen
1790 3014 1914 3084 est,
1970 3014 2345 3093 aegrotare.
2421 3007 2728 3090 Cumque

187 3095 701 3184 ingravescente
751 3094 979 3165 subito
1013 3094 1444 3184 aegritudine
1481 3095 2005 3173 obmutesceret,
2043 3103 2108 3161 et
2155 3091 2294 3180 jam
2341 3090 2515 3160 mori
2551 3090 2727 3160 inci-

236 3183 409 3263 iens,
472 3184 623 3253 sine
677 3183 922 3253 viatico
971 3182 1134 3252 hinc
1175 3182 1439 3252 abiret:
1492 3193 1869 3272 coeperunt
1913 3202 2154 3251 omnes
2200 3201 2279 3250 eo
2331 3178 2553 3270 magis
2601 3179 2726 3250 do·

211 3293 329 3341 ore
360 3271 594 3361 affligi,
633 3285 767 3341 tam
806 3272 1026 3362 ipsius
1051 3271 1239 3361 aegri
1270 3271 1457 3341 filius
1482 3269 1654 3341 alter
1682 3270 2057 3350 sosbertus,
2093 3291 2301 3356 quam
2348 3268 2725 3359 propinqui

184 3360 436 3430 caeteri
482 3374 548 3431 et
578 3361 809 3441 amici,
854 3361 1218 3447 omnisque
1266 3360 1552 3441 familia,
1596 3359 1778 3446 quod
1815 3359 1966 3429 sine
2005 3357 2434 3429 confessione
2489 3379 2729 3447 pecca-

189 3462 412 3518 torum
449 3461 515 3519 et
544 3448 1057 3519 communionis
1083 3470 1319 3518 sacrae
1354 3449 1788 3540 perceptione
1815 3461 2217 3529 moreretur,
2258 3447 2360 3529 vir
2400 3447 2730 3516 honestus

186 3538 569 3608 secundum
602 3536 939 3618 seculum,
977 3548 1042 3607 et
1077 3538 1445 3629 magnifice
1491 3537 1894 3608 honoratus,
1935 3541 2092 3607 Erat
2129 3548 2355 3606 autem
2391 3547 2729 3625 cognatus

187 3627 317 3696 viri
350 3627 462 3695 Dei
498 3625 885 3696 secundum
922 3647 1226 3695 carnem.
1272 3631 1578 3713 Cumque
1610 3625 1698 3695 ad
1739 3648 1897 3696 eum
1930 3625 2348 3696 cucurrisset
2398 3624 2723 3704 nuncius,

188 3715 461 3785 rediens
506 3738 548 3784 a
596 3715 1010 3785 monasterio
1058 3715 1266 3784 trium
1304 3716 1645 3797 Fontium,
1697 3714 1880 3802 quod
1932 3715 2000 3783 in
2093 3713 2369 3784 arochia
2417 3711 2730 3783 Catalau-

186 3804 385 3873 nensi
426 3804 728 3895 primum
759 3803 1070 3873 omnium
1104 3804 1123 3872 i
1178 3824 1252 3873 se
1283 3802 1620 3884 fundavit,
1661 3803 1937 3873 divertit
1974 3825 2013 3872 a
2087 3801 2447 3873 ecclesiam
2479 3821 2730 3888 quarn-

189 3891 394 3974 dam,
447 3905 516 3961 et
566 3914 687 3981 pro
725 3891 963 3962 eodem
1034 3891 1098 3960 in
1134 3914 1312 3962 trmo
1359 3891 1608 3963 obtulit
1657 3892 1949 3963 hostiam
2009 3891 2411 3962 salutarem.
2471 3887 2727 3958 Eadem

191 3994 413 4052 autem
458 3981 627 4051 hora
663 3982 731 4050 in
767 4002 838 4052 se
878 3980 1148 4050 rediens
1206 3981 1434 4063 homo,
1471 3981 1768 4062 :locutus
1803 3992 1928 4059 est,
1987 3992 2053 4049 et
2090 3990 2358 4070 peccata
2396 3999 2524 4049 sua
2566 3998 2727 4046 cum

191 4068 518 4160 lacrymis
566 4068 927 4141 fatebatur.
982 4068 1109 4139 Sed
1161 4084 1238 4139 ut
1272 4068 1395 4138 dili
1449 4082 1640 4140 enter
1689 4070 2050 4160 probatum
2101 4077 2225 4149 est,
2279 4067 2399 4137 ubi
2447 4077 2730 4136 sanctus

188 4160 289 4227 vir
322 4158 742 4229 sacrificium
770 4158 1300 4239 consummavit,
1347 4157 1390 4227 il
1423 4182 1461 4230 e
1487 4180 1764 4247 quoque
1787 4157 2157 4237 obmutuit,
2193 4167 2270 4226 ut
2305 4155 2521 4246 prius.
2558 4159 2727 4224 Cum

185 4260 419 4317 autem
465 4247 897 4319 desideratus
927 4247 1453 4318 Christi-servus
1491 4247 1760 4319 adesset
1805 4268 1964 4316 cum
2015 4244 2314 4317 Gerardo
2363 4243 2569 4314 fratre
2599 4263 2729 4314 suo

186 4348 253 4405 et
298 4335 641 4406 avunculo
668 4336 1010 4420 Galdric0‚
1045 4335 1133 4407 ab
1171 4335 1418 4406 amicis
1451 4335 1672 4427 ipsius
1700 4334 2023 4407 obnixius
2063 4333 2458 4427 rogabatur,
2496 4345 2572 4404 ut
2603 4353 2728 4425 pro

241 4461 267 4486 ⁵
295 4462 364 4508 L..
380 4462 758 4506 tores-curuum.
