3308 5004
693 338 820 404 3⁴4
1397 354 1475 400 ns
1521 354 1578 401 s.
1629 351 2006 401 nummus
2051 351 2283 399 anema
2814 331 3000 398 AUG.
3056 331 3155 397 ⁴3

603 440 871 523 Quibus
916 437 1363 508 redeuntibus
1393 492 1408 518 ,
1464 460 1652 508 mare
1712 438 2041 508 fluctibus
2089 458 2209 507 coe
2262 436 2314 505 it
2361 435 2632 526 agitari,
2688 435 2783 505 ita
2827 448 2905 504 ut
2953 434 3156 506 mul-

603 530 692 599 tis
739 527 842 597 illi
886 527 1131 618 obJecti
1181 526 1530 617 periculis,
1576 526 1924 615 ejusmodi
1976 525 2204 615 procel
2235 547 2316 596 as
2357 537 2423 594 et
2470 535 2901 614 tempestates
2950 545 3151 593 nun-

601 638 811 704 quam
875 637 947 686 se
994 615 1247 686 vidisse
1313 613 1713 685 fateremur.
1789 614 2260 706 Quadraginta
2305 613 2555 684 diebus
2598 626 2665 683 et
2713 612 3035 682 noctibus
3068 613 3149 682 in

602 705 832 776 medio
904 704 1076 773 mari
1127 703 1197 772 in
1246 725 1597 774 summum
1651 705 1826 774 vitae
1872 704 2244 774 discrimen
2319 702 2649 792 conjecti,
2715 724 2872 771 cum
2927 702 3151 771 vitam

602 793 807 885 plane
857 794 1347 882 desperarent,
1407 806 1474 862 et
1537 815 1723 863 mors
1767 794 1867 864 eis
1913 793 2001 863 ob
2048 790 2286 861 oculos
2345 802 2728 861 versaretur
2760 845 2776 869 ‚
2841 791 3024 859 inter
3071 811 3156 859 se

601 896 845 953 mutuo
904 880 1294 962 conciliati,
1353 881 1597 1040 pelago
1664 881 1820 952 illos
1870 881 2297 972 jamjamque
2348 879 2715 950 absorbere
2759 878 3148 969 cupiente,

605 992 799 1041 voces
844 970 912 1039 in
948 970 1214 1040 coelum
1265 967 1351 1039 da
1405 983 1545 1048 ant,
1582 971 1677 1040 ita
1722 970 2059 1039 dicentes:
2115 968 2398 1038 Domina
2450 967 2918 1055 Radegundis,
2972 968 3155 1036 sub-

602 1060 755 1129 veni
804 1059 1018 1130 servis
1069 1058 1228 1138 tuiS,
1267 1071 1344 1127 ut
1374 1059 1495 1145 qui
1529 1059 1650 1129 tibi
1691 1058 2147 1136 obedivimus,
2194 1058 2343 1127 sine
2378 1056 2689 1127 subsidio
2736 1078 2867 1125 non
2902 1076 3154 1147 perea-

602 1170 784 1219 mus.
831 1148 1067 1217 Libera
1125 1167 1250 1215 nos
1297 1146 1383 1216 de
1423 1148 1983 1236 praesentissimo
2038 1146 2540 1216 submersionis
2589 1144 2920 1236 periculo.
2976 1143 3155 1214 Ubi-

598 1258 901 1325 cumque
944 1257 1023 1305 ex
1057 1235 1193 1304 fide
1224 1235 1585 1318 invocaris,
1622 1236 1934 1306 misereri
1970 1235 2187 1305 soles:
2240 1234 2491 1325 adjuva
2520 1255 2684 1324 ergo
2711 1234 2916 1304 etiam
2952 1246 3145 1311 tuos,

601 1347 689 1395 ne
719 1346 1105 1415 pereamus.
1139 1323 1230 1392 Ad
1264 1323 1388 1395 has
1421 1347 1615 1396 voces
1646 1326 1719 1394 in
1755 1324 1980 1395 medio
2010 1326 2181 1393 mari
2211 1322 2533 1393 columba
2567 1323 2652 1392 ad
2685 1345 2802 1393 eos
2826 1321 3145 1401 venienS,

600 1436 842 1484 navem
882 1424 983 1481 ter
1029 1412 1568 1483 circumvolavit.
1617 1418 1923 1501 Cumque
1956 1413 2151 1483 tertio
2196 1413 2263 1482 id
2313 1412 2563 1481 faceret
2602 1412 2671 1480 in
2704 1411 2981 1481 nomine
3033 1432 3153 1479 sa-

597 1514 994 1573 crosanctae
1057 1501 1452 1583 TrinitatiS,
1521 1524 1731 1590 quam
1793 1504 1989 1574 beata
2053 1500 2499 1592 Radegundis
2546 1521 2821 1589 semper
2878 1500 2947 1567 in
3006 1520 3149 1568 suo

598 1591 844 1661 habuit
912 1602 1225 1679 pectore,
1279 1588 1586 1661 famulus
1632 1592 1784 1681 ejus
1834 1596 2214 1661 Benesarus
2282 1611 2565 1659 manum
2628 1585 2996 1659 extendens
3030 1641 3050 1668 ,
3107 1609 3149 1656 e

598 1679 825 1751 cauda
888 1680 1038 1769 ejus
1089 1692 1224 1748 tres
1269 1681 1554 1749 extraxit
1609 1701 1918 1769 pennas:
1970 1701 2146 1767 quas
2197 1679 2370 1748 mari
2421 1678 2816 1767 intingenS‚
2882 1689 3152 1765 tempe-

601 1782 843 1839 statem
879 1767 1161 1837 sedavit.
1199 1772 1300 1838 Ita
1332 1767 1415 1837 ad
1455 1769 1563 1837 sui
1601 1768 1904 1840 nominis
1938 1768 2434 1837 invocationem
2469 1767 2664 1837 beata
2695 1764 3157 1854 Radegundis

604 1856 674 1925 in
709 1856 1071 1927 columbae
1121 1857 1346 1946 specie
1402 1878 1769 1947 apparenS,
1823 1879 1986 1927 suos
2033 1878 2111 1926 ex
2162 1856 2333 1946 ipsis
2381 1856 2622 1925 mortis
2669 1855 2984 1924 lancibus
3036 1875 3154 1922 re-

599 1944 796 2015 duxit
843 1944 925 2014 ad
973 1944 1205 2013 vitam.
1251 1949 1447 2014 Facta
1495 1967 1658 2035 ergo
1709 1945 2199 2032 tranquillitate
2257 1945 2326 2012 in
2372 1944 2592 2025 mari,
2647 1943 2748 2012 illi
2795 1942 2931 2012 alta
2978 1963 3153 2011 voce

598 2033 1121 2103 exclamabant:
1173 2032 1515 2103 Advenisti
1566 2033 1745 2103 bona
1793 2034 2099 2114 domina,
2137 2032 2385 2123 pietate
2430 2033 2654 2122 plena,
2709 2045 2784 2100 ut
2825 2043 2974 2100 tuo's
3020 2052 3153 2100 ca-

601 2122 822 2213 ptivos
851 2122 1175 2211 eriperes,
1230 2143 1315 2191 ne
1368 2122 1715 2194 fluctibus,
1735 2122 2291 2193 absorberentur.
2353 2126 2486 2192 Nec
2534 2120 2637 2190 illi
2693 2119 2819 2190 soli
2870 2120 3148 2189 liberati

601 2224 787 2291 sunt,
845 2210 963 2280 sed
1011 2210 1214 2279 etiam
1265 2209 1380 2279 alii
1434 2232 1676 2282 omnes
1727 2212 1987 2281 meritis
2034 2211 2270 2280 beatae
2307 2209 2521 2280 illius.
2562 2215 2691 2279 Eas
2737 2229 2997 2299 pennas
3049 2208 3146 2277 ad

600 2321 727 2370 nos
760 2299 1046 2369 attulere
1087 2298 1134 2367 ii
1167 2299 1300 2389 ipsi
1334 2322 1374 2369 a
1425 2311 1609 2369 tanto
1641 2299 1951 2389 periculo
1981 2299 2236 2379 educti,
2294 2311 2360 2368 et
2400 2321 2519 2389 per
2562 2298 2710 2368 loca
2745 2308 2980 2367 sancta
3025 2297 3150 2386 pie

599 2388 1126 2458 distribuerunt.
1187 2392 1469 2475 Itaque,
1521 2402 1599 2458 ut
1656 2390 2002 2469 diximus,
2060 2388 2484 2474 ubicumque
2541 2388 2897 2456 invocatur
2940 2385 3150 2455 beata

600 2476 1069 2568 Radegundis‚
1124 2475 1422 2568 benigne
1467 2477 1769 2548 exaudit.
1823 2478 1890 2548 Si
1938 2476 2337 2548 febricitans
2384 2476 2732 2567 quispiam
2762 2531 2777 2556 ,
2842 2486 2960 2545 aut
3012 2496 3148 2565 pu·

600 2566 783 2638 stula
832 2580 1136 2645 vexatus,
1180 2580 1301 2636 aut
1346 2566 1483 2637 alia
1529 2568 1772 2654 quavis
1818 2566 2112 2637 afflictus
2163 2567 2584 2647 infirmitate,
2633 2567 2700 2634 in
2754 2564 3145 2654 longinqua

598 2657 866 2747 positus
897 2655 1195 2745 regione,
1232 2657 1320 2725 ob
1352 2655 1618 2727 itineris
1653 2653 2107 2745 prolixitatem
2144 2656 2226 2724 ad
2265 2677 2415 2725 eam
2449 2655 2679 2724 venire
2714 2674 2849 2721 non
2882 2655 3134 2742 potuit,

597 2743 886 2816 candela
928 2743 994 2812 in
1030 2744 1181 2833 ejus
1229 2745 1510 2814 nomine
1539 2765 1854 2826 accensa,
1894 2765 2166 2813 omnem
2200 2742 2454 2814 febrem
2497 2742 2788 2834 depulit.

687 2835 723 2920 ἓ
770 2835 906 2906 18.
960 2835 1227 2914 Quanto
1260 2854 1492 2902 amore
1516 2834 2113 2924 congregationem
2166 2853 2362 2901 suam
2398 2844 2754 2922 prosecuta
2785 2829 2897 2909 sit,
2938 2850 3145 2900 nemo

599 2920 701 2989 vel
737 2934 1011 2989 centum
1063 2919 1324 3009 linguis
1352 2921 1696 3012 explicare
1728 2932 1955 3008 queat.
2009 2920 2314 2991 Instituit
2359 2921 2533 3009 ipsa,
2578 2932 2653 2989 ut
2687 2940 2965 2989 mensae
2996 2917 3143 2989 illis

600 3007 1088 3091 assidentibuS,
1142 3029 1413 3098 semper
1461 3009 1659 3079 lectio
1707 3010 2196 3079 adhiberetur:
2252 3030 2336 3076 ne
2383 3008 2568 3078 solae
2616 3008 2849 3078 fauces
2908 3008 3144 3076 hauri·

603 3106 754 3166 rent
801 3097 1060 3177 cibum,
1107 3095 1224 3165 sed
1281 3119 1484 3168 aures
1530 3098 1735 3167 etiam
1795 3097 2220 3186 susciperent
2274 3097 2388 3165 Dei
2431 3099 2739 3167 verbum.
2793 3095 3141 3183 Quicquid

599 3197 721 3255 aut
744 3183 900 3255 aliis
930 3186 1277 3274 praecepit
1314 3185 1734 3267 faciendum,
1772 3198 1893 3255 aut
1921 3185 2072 3274 ipsa
2119 3184 2299 3264 fecit,
2346 3208 2618 3276 semper
2649 3190 2859 3256 causa
2892 3185 3144 3255 Christi

602 3273 667 3343 id
713 3273 872 3362 egit.
927 3279 1024 3343 Ita
1071 3273 1275 3342 etiam
1310 3274 1641 3361 quicquid
1678 3274 1889 3345 vetuit
1934 3273 2107 3344 alias
2144 3273 2388 3356 facere,
2441 3289 2561 3345 aut
2607 3274 2880 3364 sibiipsi
2930 3274 3142 3344 inter-

601 3361 795 3440 dixit,
852 3383 987 3431 non
1037 3362 1166 3430 nisi
1219 3363 1334 3432 Dei
1386 3361 1777 3452 impellente
1822 3362 1965 3434 zelo
2014 3363 2079 3432 id
2133 3361 2312 3442 fecit,
2353 3362 2528 3432 nihil
2568 3361 2954 3433 secundum
2986 3384 3142 3432 car-

601 3471 757 3520 nem
794 3464 914 3520 aut
945 3451 1224 3532 faciem,
1262 3464 1382 3520 aut
1406 3452 1706 3542 sapiens,
1736 3457 1816 3521 Et
1844 3451 2008 3538 quia
2039 3474 2393 3538 nunquam
2427 3452 2516 3523 ab
2539 3473 2743 3541 opere
2775 3451 2888 3520 Dei
2923 3452 3144 3520 otiosa

600 3560 766 3639 esse·
789 3537 1024 3640 voluit,
1079 3539 1436 3611 insistebat
1481 3541 1799 3622 orationi,
1844 3540 2142 3621 lectioni,
2186 3539 2638 3628 eleemosynis
2684 3553 2750 3610 et
2784 3538 3143 3629 praedica-

602 3639 773 3696 tioni
818 3649 967 3696 slne
1007 3629 1536 3711 intermissione,
1589 3641 1666 3699 ut
1708 3651 1791 3698 ne
1834 3651 1971 3717 qua
2031 3641 2256 3720 posset
2312 3629 2741 3716 ignorantiae
2791 3641 3143 3718 praetextu

602 3738 674 3785 se
714 3716 911 3785 tueri.
947 3722 1155 3785 Tanta
1207 3718 1275 3785 in
1325 3740 1404 3786 ea
1452 3716 1581 3787 fuit
1626 3718 1900 3788 divinae
1947 3719 2206 3811 gratiae
2254 3716 2559 3807 largitas,
2604 3730 2680 3787 ut
2730 3716 3143 3786 humilitatis

603 3806 1009 3896 magistrum
1070 3805 1432 3875 Dominum
1484 3813 1722 3877 Jesum
1756 3863 1772 3890 ‚
1832 3809 1948 3895 qui
2007 3829 2048 3877 a
2094 3805 2369 3876 coelesti
2420 3806 2591 3876 solio
2645 3806 2711 3874 in
2772 3819 2987 3875 terras
3021 3805 3144 3875 de-

600 3893 889 3974 scendit,
931 3893 1288 3975 imitando,
1325 3917 1480 3964 eum
1516 3918 1549 3965 s
1602 3895 1768 3965 iritu
1800 3910 2031 3967 secuta
2060 3897 2170 3976 sit,
2208 3916 2650 3982 quocumque
2680 3894 2934 3964 ivisset.
2971 3898 3140 3964 Cum

602 3983 1162 4053 sanctimoniales
1192 4005 1431 4054 omnes
1463 3919 1774 4054 cubitum
1810 3985 2007 4064 irent,
2066 3984 2181 4053 illa
2236 3998 2644 4073 pernoctans
2680 3985 2747 4052 in
2800 3983 3135 4062 oratione,

600 4084 668 4140 et
705 4085 940 4142 sancta
993 4072 1265 4142 dextera
1307 4089 1442 4142 sua
1482 4074 1719 4143 Crucis
1767 4072 2044 4162 signum
2095 4073 2512 4162 exprimens,
2567 4084 2774 4142 totam
2826 4071 3141 4142 servabat

601 4161 1224 4250 congregationem.
1278 4160 1509 4232 Stabat
1553 4161 1972 4248 quandoque
2035 4177 2229 4231 nocte
2298 4174 2455 4230 ante
2500 4160 2822 4231 cellulam
2892 4182 3089 4231 suam
3121 4214 3137 4239 ‚

602 4248 806 4317 corde
838 4263 902 4318 et
939 4272 1053 4319 ore
1090 4271 1321 4340 preces
1351 4251 1729 4320 Canonicas
1759 4250 2169 4340 depromens
2201 4272 2216 4315 ι
2269 4270 2569 4336 cumque
2600 4264 2936 4319 nocturna
2966 4249 3132 4327 aviS,

603 4334 1007 4435 bominibus
1056 4339 1298 4418 invisa,
1353 4339 1422 4407 in
1475 4338 1703 4408 medio
1753 4339 2164 4409 monasterio
2211 4338 2317 4409 ab-
2347 4338 2591 4408 arbore
2646 4337 3034 4418 clamitans,
3075 4336 3135 4405 ei

604 4422 849 4494 infesta
896 4440 1074 4496 esset
1140 4426 1416 4496 ululatu
1477 4448 1648 4509 sun,
1708 4450 1849 4497 una
1918 4448 1998 4497 ex
2061 4427 2497 4498 adstantibus
2556 4426 2729 4497 dixit
2789 4426 2874 4497 ad
2936 4447 3130 4496 eam:
