3308 5004
653 356 785 420 226
1227 370 1306 417 nn
1353 370 1446 418 ss.
1475 369 1612 417 mi.
1669 366 2066 420 secunmmo
2115 368 2437 418 arsocns
2829 352 3016 420 AUG.
3067 356 3110 421 9

558 457 744 545 quod
793 455 1002 526 audio
1065 453 1149 524 de
1212 454 1327 523 te?
1362 476 1396 521 »
1448 452 1930 524 Secundianus
1989 453 2380 542 respondit:
2437 477 2474 521 «
2525 453 2859 541 Equidem
2930 456 3109 525 nihil

560 547 685 616 tibi
733 545 909 616 dixi:
963 542 1132 631 quid
1182 555 1283 614 est
1329 554 1585 624 autem,
1638 542 1826 629 quod
1874 542 2181 612 audisti?
2218 566 2253 609 »
2301 541 2710 612 Valerianus
2743 543 2877 613 ait:
2924 567 2962 610 «
2993 545 3111 613 Di-

558 635 698 705 dici
745 656 825 705 ex
872 633 1061 715 aliis,
1115 643 1178 702 te
1228 632 1479 702 mentis
1530 632 1805 721 inopem
1855 653 2028 701 esse.
2082 658 2104 692 u
2162 630 2647 701 Secundianus
2697 631 3104 721 respondit:

564 747 601 791 «
642 729 779 825 Ego
829 744 983 792 vero
1032 721 1310 812 sapiens
1358 720 1641 791 effectus
1690 741 1871 790 sum.
1919 744 1954 787 »
2003 720 2409 790 Valerianus
2456 720 2671 790 dixit:
2727 743 2764 787 «
2795 720 3013 791 Audio
3047 735 3111 793 te

470 829 481 842 ‘
562 812 1026 883 Chrlstianum
1079 808 1248 878 velle
1295 808 1658 900 appellari.
1697 832 1732 876 »
1785 808 2267 879 Secundianus
2315 810 2442 879 ait:
2497 832 2534 876 «
2584 814 2663 879 Et
2711 820 2831 891 tu,
2886 810 2944 879 si
2992 832 3107 880 sa—

561 923 781 992 peres,
839 900 1020 970 idem
1071 897 1304 967 velles.
1355 903 1449 967 An
1503 919 1640 968 non
1694 898 2028 968 memoria
2078 909 2307 979 teneS‚
2359 897 2601 986 quales
2648 909 2715 969 et
2761 911 2930 986 quot
2985 899 3112 969 do—

562 990 738 1060 mini
786 989 968 1070 mei,
1033 986 1373 1057 mundum
1443 999 1509 1056 et
1567 1008 1735 1077 opes
1796 1008 2036 1057 omnes
2102 1000 2621 1078 contempsere,
2694 997 2769 1056 ut
2837 1000 3113 1078 possent

563 1079 770 1148 vitam
820 1076 1115 1167 adipisci
1164 1076 1709 1165 sempiternam?
1755 1096 1930 1162 quos
1975 1096 2103 1167 ego
2154 1076 2384 1158 miser,
2430 1090 2588 1145 tuae
2621 1074 3111 1149 obsecundans

563 1166 922 1247 voluntati,
975 1163 1374 1235 cruciabam
1422 1177 1490 1234 et
1534 1164 1925 1255 affligebam
1974 1165 2045 1233 in
2098 1186 2330 1235 meum
2379 1164 2681 1236 dedecus
2713 1175 2779 1234 et
2814 1165 3113 1255 ignomi-

565 1256 753 1325 niam
802 1267 1192 1325 aeternam:
1246 1252 1364 1322 sed
1414 1253 1620 1323 credo
1668 1268 1895 1323 tamen
1944 1266 2011 1324 et
2058 1275 2259 1344 spero
2308 1254 2576 1323 veniam
2629 1274 2737 1322 me
2786 1253 3112 1342 impetra-

563 1355 796 1415 turum
833 1367 874 1413 a
909 1341 1195 1413 Domino
1225 1362 1377 1412 meo
1406 1347 1575 1413 Jesu
1607 1342 1895 1422 Christe,
1935 1342 2497 1431 quandoquidem
2532 1342 2864 1432 ignorans
2892 1341 3109 1412 feci.»

563 1432 969 1503 Valerianus
1016 1429 1222 1499 dixit:
1278 1454 1314 1498 «
1366 1436 1557 1501 Itane
1588 1453 1752 1522 ergo
1785 1430 2215 1501 Christianus
2246 1432 2528 1502 effectus
2559 1430 2682 1500 es'?
2721 1453 2757 1497 »
2800 1435 3110 1521 Respon-

564 1520 667 1592 dit
714 1519 1232 1591 Secundianus:
1286 1543 1322 1586 «
1375 1525 1449 1589 Et
1500 1541 1656 1590 vero
1705 1519 2159 1591 Christianus,
2197 1543 2234 1588 »
2286 1518 2666 1590 Subridens
2706 1518 3112 1591 Valerianus

567 1609 998 1700 praefectus,
1053 1607 1265 1677 dixit:
1318 1631 1355 1675 «
1405 1608 1551 1679 Noli
1603 1623 1665 1677 te
1712 1609 1814 1679 vel
1863 1630 1903 1678 a
1955 1622 2231 1690 nostra,
2287 1607 2389 1678 vel
2440 1607 2747 1678 Caesaris
2795 1609 3106 1680 amicitia

565 1698 871 1769 alienum
918 1697 1207 1767 efficere.
1248 1720 1286 1764 »
1318 1697 1798 1769 Secundianus
1830 1698 2219 1789 respondit:
2260 1720 2296 1764 «
2328 1697 2425 1767 Sit
2465 1697 2587 1767 tibi
2623 1708 2741 1767 tua
2772 1697 3105 1780 amicitia,

565 1809 809 1875 quam,
862 1799 1125 1857 certum
1176 1799 1315 1865 est,
1368 1786 1725 1856 inimicam
1776 1808 1926 1856 esse
1974 1786 2266 1856 Creatori
2320 1798 2651 1856 nostre.»
2699 1785 3108 1857 Valerianus

564 1876 950 1968 praefectus
995 1874 1128 1944 ait:
1181 1896 1217 1940 «
1268 1880 1445 1946 Num
1492 1897 1629 1962 qua
1680 1876 1802 1945 tibi
1841 1890 1892 1946 ι
1928 1897 2036 1944 me
2076 1875 2409 1946 hactenus
2441 1875 2741 1963 irrogata
2780 1886 2881 1944 est
2920 1875 3108 1964 inju-

564 1965 717 2035 ria?
763 1970 903 2055 Ego
948 1975 1242 2033 veterem
1293 1964 1669 2033 amicitiam
1713 1965 1899 2034 tuam
1938 1985 2076 2033 non
2111 1976 2500 2045 contemno,
2537 1962 2657 2034 sed
2689 1974 2752 2033 te
2783 1976 3107 2033 curatum

566 2053 797 2145 cupio.
844 2076 880 2120 »
931 2050 1187 2122 Deinde
1224 2051 1437 2142 jussit
1481 2074 1641 2123 eum
1692 2053 1760 2121 in
1812 2051 2128 2122 custodia
2175 2053 2456 2124 servari.
2510 2057 2677 2121 Cum
2712 2064 2943 2122 autem
2973 2051 3107 2121 du-

563 2153 832 2212 ceretur
876 2141 966 2210 ad
1013 2161 1383 2222 carcerem,
1430 2141 1914 2211 marcellianus
1948 2155 2014 2211 et
2053 2142 2387 2212 verianus
2425 2140 2860 2211 clamabant:
2897 2164 2933 2207 «
2971 2145 3109 2211 Cur

563 2230 924 2302 includitis
973 2229 1324 2299 hominem
1376 2229 1867 2300 innocentem?
1913 2230 2103 2312 Quod
2157 2231 2217 2299 si
2263 2233 2476 2300 causa
2518 2230 2821 2299 nominis
2853 2229 3106 2300 Christi

562 2319 632 2389 id
681 2319 929 2402 facitis,
980 2329 1045 2388 et
1097 2340 1220 2390 nos
1267 2317 1638 2388 Christiani
1688 2341 1959 2389 sumus.
1999 2342 2035 2386 »
2086 2325 2232 2389 Mox
2282 2318 2574 2388 relatum
2623 2331 2725 2388 est
2772 2317 2859 2388 ad
2909 2317 3106 2388 Vale-

562 2409 838 2479 rianum
891 2407 1311 2499 praefectum
1361 2406 1446 2477 de
1494 2408 1604 2477 his
1653 2408 1953 2478 duobus.
2010 2407 2133 2478 Ille
2180 2429 2339 2477 vero
2390 2408 2604 2497 jussit
2664 2428 2781 2477 eos
2852 2407 3111 2496 pariter

561 2497 916 2569 custodiae
966 2496 1375 2589 mancipari.

653 2590 688 2676 ξ
735 2593 831 2658 θ.
883 2586 1052 2657 Inde
1099 2586 1186 2656 ad
1237 2587 1517 2657 Decium
1568 2591 1922 2657 Caesarem
1963 2587 2347 2676 ingressuS‚
2385 2585 2646 2654 invenit
2675 2606 2831 2655 eum
2874 2584 3109 2656 laetis-

560 2676 846 2757 simum,
899 2674 1209 2763 dixitque
1255 2676 1355 2744 ei:
1410 2697 1447 2742 «
1499 2676 2088 2832 Suggerodpietati
2139 2687 2318 2757 tuae,
2367 2673 2880 2744 Secundianum
2914 2684 3109 2764 toga-

562 2776 752 2844 tum,
809 2765 1030 2834 virum
1082 2763 1724 2854 sapientissimum,
1779 2786 1817 2832 a
1916 2763 2458 2834 Christianorum
2524 2762 3102 2834 consuetudinem

561 2852 958 2923 accessisse.
999 2876 1035 2919 »
1085 2852 1466 2944 Respondit
1509 2852 1796 2923 Decius:
1835 2876 1870 2918 «
1906 2851 1982 2921 Id
2018 2874 2305 2943 prorsus
2339 2851 2747 2922 incredibile
2775 2863 2898 2933 est,
2935 2874 3098 2921 cum

561 2940 677 3009 ille
726 2941 1058 3011 hactenus
1106 2942 1346 3031 poenis
1393 2941 1694 3011 affecerit
1749 2962 1990 3010 omnes
2045 2941 2168 3026 qui
2230 2940 2479 3012 Christi
2537 2962 2786 3011 nomen
2826 2941 3106 3010 invoca-

557 3040 735 3103 rent.
774 3051 811 3096 »
863 3029 1268 3099 Valerianus
1311 3029 1440 3100 ait:
1491 3052 1527 3096 «
1562 3036 1702 3119 Ego
1733 3028 1932 3099 illum
1965 3030 2435 3100 examinatum
2463 3030 2643 3117 Jussi
2677 3029 2750 3098 in
2786 3028 3106 3099 custodia

561 3117 826 3186 haberi.
874 3140 911 3185 »
961 3119 1203 3188 Decius
1248 3122 1490 3189 Caesar
1549 3118 1755 3188 dixit:
1811 3141 1847 3183 «
1906 3117 2237 3188 Maturius
2304 3119 2389 3188 ad
2451 3140 2559 3189 me
2614 3116 3021 3188 adducatur.
3066 3141 3108 3185 »

560 3211 838 3275 Postera
889 3228 1051 3307 ergo
1105 3206 1257 3275 luce
1302 3228 1535 3276 coram
1583 3210 1866 3278 Caesare
1906 3207 2252 3276 exhibitus
2309 3221 2458 3289 est,
2531 3207 2650 3293 qui
2713 3207 2813 3278 sic
2872 3205 2968 3277 ait
3012 3206 3103 3276 ad

563 3315 765 3363 eum:
805 3316 841 3360 «
876 3294 1053 3377 Quid
1106 3295 1200 3364 ita
1244 3307 1551 3365 mutatus
1589 3308 1690 3365 est
1730 3295 1959 3366 vultus
2000 3307 2159 3366 tuus
2201 3295 2677 3366 secundiane?
2716 3318 2753 3362 »
2794 3301 3107 3386 Respon-

566 3382 667 3451 dit
712 3381 860 3452 ille:
919 3406 956 3449 «
1008 3387 1176 3453 Puto
1230 3382 1581 3454 meliorem
1633 3396 1700 3454 et
1748 3383 2273 3455 luculentiorem
2329 3407 2490 3455 eum
2536 3405 2709 3454 esse.
2765 3407 2801 3451 »
2856 3383 3108 3453 Videns

564 3481 794 3541 autem
829 3476 1072 3542 Caesar
1112 3473 1352 3542 Decius
1392 3471 1658 3543 vultum
1700 3495 1861 3543 eum
1899 3473 2294 3564 angelicum
2330 3495 2492 3564 prae
2531 3496 2603 3543 se
2633 3471 2836 3553 ferre,
2869 3473 3100 3542 subri-

564 3560 735 3630 dens
773 3561 898 3630 ait:
946 3584 983 3628 «
1017 3560 1277 3631 Adhibe
1309 3562 1378 3630 in
1422 3562 1792 3632 consilium
1829 3563 2126 3653 priscam
2183 3563 2593 3664 sapientiam
2645 3574 2864 3632 tuam.
2912 3584 2948 3628 »
2985 3565 3107 3631 Se-

564 3648 956 3719 cundianus
1004 3649 1209 3719 dixit:
1250 3673 1287 3717 «
1323 3654 1543 3719 Immo
1578 3650 1964 3733 stultitiam,
2022 3655 2152 3721 Deo
2188 3651 2567 3721 immicam.
2608 3673 2643 3716 »
2688 3650 2930 3720 Decius
2962 3650 3098 3741 ait:

567 3741 834 3820 «Quem
862 3759 1023 3829 ergo
1054 3750 1117 3809 te
1145 3738 1525 3827 profiteris?
1544 3762 1580 3807 »
1614 3739 2092 3810 Secundianus
2116 3738 2509 3831 respondit:
2542 3762 2578 3805 «
2599 3739 3108 3809 Christianus»

560 3827 806 3896 Decius
840 3829 1084 3896 Caesar
1109 3826 1316 3897 dixit:
1353 3851 1390 3894 «
1427 3832 1743 3900 Facessat
1767 3828 1935 3899 haec
1966 3829 2237 3898 insania
2266 3827 2558 3919 pectoris
2586 3828 2710 3909 tui,
2741 3841 2808 3898 et
2834 3827 3104 3898 vivas.»

563 3915 1042 3987 Secundianus
1072 3916 1467 4008 respondit:
1513 3939 1549 3982 «
1586 3923 1687 3987 Tu
1727 3918 1956 4009 potius
1997 3917 2235 3987 recede
2273 3917 2360 3988 ab
2391 3916 2662 3988 insania
2699 3929 2839 3999 tua,
2893 3928 2960 3985 et
3002 3917 3107 3985 vi-

561 4026 702 4086 vas,
747 4004 869 4093 qui
901 4026 1131 4075 revera
1162 4006 1396 4076 vivens
1453 4018 1769 4077 mortuus
1811 4028 1907 4076 eS.
1947 4030 1982 4073 »
2033 4010 2257 4076 Iratus
2309 4005 2550 4076 Decius
2586 4006 2804 4096 jussit
2846 4009 3105 4075 Secun-

560 4092 874 4175 dianum,
906 4092 1423 4164 Marcellianum
1455 4105 1520 4163 et
1545 4095 1910 4164 Verianum
1934 4095 2003 4163 in
2033 4094 2316 4165 exilium
2340 4093 2709 4187 deportari.
2740 4094 3102 4164 Valeriano

562 4182 900 4272 praefecto
933 4182 1345 4264 sciscitante,
1382 4203 1585 4269 quern
1618 4184 1690 4253 in
1724 4183 1952 4254 locum
1993 4183 2277 4274 relegari
2311 4205 2426 4255 eos
2456 4181 2678 4265 vellet,
2718 4183 2964 4253 Decius
2993 4203 3104 4252 re-

564 4270 875 4359 spondit:
922 4293 958 4336 «
997 4276 1348 4342 Ducantur
1378 4272 1876 4344 Centumcellas
1914 4272 1999 4341 ad
2042 4272 2481 4343 Consularem
2525 4278 2945 4352 Promotum,
3005 4271 3099 4340 is-

559 4377 694 4443 que
726 4358 1095 4450 compellat
1131 4382 1246 4430 eos
1277 4359 1410 4429 diis
1450 4360 1867 4432 sacrificare.
1909 4384 1945 4427 »
