3308 5004
188 286 399 354 AUG.
454 288 538 352 30
1091 303 1172 353 ni:
1219 305 1277 354 S.
1330 304 1605 354 Bononio
1652 305 1894 354 Anu-ri:
2542 291 2676 358 743

193 390 536 481 potuerit,
576 388 839 460 Lavabo
869 412 989 492 per
1021 388 1336 483 singulas
1366 403 1598 462 noctes
1643 391 1898 463 lectum
1934 413 2193 475 meum,
2229 393 2557 485 lacrymis
2591 393 2764 467 meis

194 491 506 550 stratum
547 500 777 548 meum
830 478 1092 570 rigabo,

287 572 330 656 ἓ
378 574 467 640 ὅ.
529 571 783 639 Graves
833 590 955 659 per
1003 568 1123 638 illa
1174 581 1483 661 tempora
1530 568 1873 659 procellae
1938 573 2316 662 Aegyptum
2366 570 2763 643 universam

189 678 623 728 concussere
657 711 673 736 ,
729 657 1058 728 Romanis
1107 659 1473 749 Aegyptios
1518 657 1701 728 bello
1753 659 2376 748 persequentibus,
2430 661 2763 732 commis-

193 767 424 832 soque
473 745 735 904 praelio
783 767 942 816 cum
997 747 1324 849 utrinque
1370 768 1627 839 magna
1676 760 1938 838 strages
1986 748 2198 835 fieret,
2253 770 2475 836 neque
2513 750 2764 819 trium-

190 836 393 927 phus
433 839 476 905 C
533 835 843 905 ristianis
890 835 1057 906 satis
1106 834 1395 906 feliciter
1441 835 1861 917 succederet,
1913 858 2154 907 eorum
2218 837 2422 907 etiam
2476 837 2765 928 plurimi

188 923 459 1014 captivi
507 924 698 994 ducti
758 936 972 1006 sunt,
1026 936 1090 994 et
1137 925 1317 994 inter
1360 946 1478 995 eos
1541 927 1748 995 etiam
1799 925 2075 996 divinae
2138 926 2511 997 memoriae
2558 947 2764 997 vene-

194 1012 473 1083 randus
504 1011 955 1083 vercellensis
1002 1011 1344 1083 Ecclesiae
1378 1013 1672 1085 Antistes
1700 1019 1962 1085 Petrus,
2002 1013 2136 1098 Qui
2183 1015 2251 1084 in
2297 1027 2551 1086 tantam
2605 1037 2763 1107 per-

197 1114 469 1173 tractus
508 1101 888 1183 miseriam,
932 1101 1328 1190 inquirebat
1357 1101 1747 1193 diligenter,
1794 1103 1850 1175 si
1882 1103 2041 1190 quis
2068 1124 2190 1194 per
2213 1126 2365 1174 eam
2398 1104 2752 1194 regionem

198 1190 639 1262 Christianus
672 1203 873 1273 esset,
918 1191 1120 1292 cujus
1153 1190 1445 1263 consilio
1483 1204 1551 1261 at
1602 1213 1688 1261 ue
1739 1214 1868 1282 ope
1921 1192 2197 1262 liberari
2248 1205 2499 1283 posset.
2554 1192 2758 1262 Inde-

198 1279 517 1349 sinenter
549 1292 781 1349 autem
821 1280 1203 1370 suspiranti
1255 1302 1477 1368 neque
1517 1303 1562 1351 u
1598 1280 1742 1351 lum
1798 1280 2126 1371 precandi
2176 1281 2382 1351 finem
2426 1280 2755 1364 facienti,

200 1367 458 1449 adfuit,
493 1369 617 1456 qui
646 1369 712 1437 in
744 1390 816 1440 se
846 1382 1202 1459 sperantes
1232 1391 1594 1456 nunquam
1636 1368 1890 1440 deserit
1930 1375 2131 1451 Deus,
2169 1383 2234 1440 et
2265 1374 2330 1439 S.
2366 1370 2756 1441 Bononium

202 1459 279 1527 iri
336 1456 476 1527 illis
526 1457 930 1547 regionibus
990 1458 1199 1527 vitam
1257 1480 1461 1548 agere
1514 1458 1899 1529 admonuit.
1964 1458 2095 1542 Qui
2141 1459 2516 1529 accersitus
2579 1459 2757 1530 nihil

201 1546 699 1638 praetermisit,
752 1568 931 1633 quae
977 1546 1064 1616 ad
1127 1568 1285 1616 eum
1346 1559 1786 1635 caeterosque
1840 1547 1959 1635 qui
2007 1549 2401 1620 carceribus
2449 1548 2763 1618 conclusi

204 1635 626 1705 tenebantur
674 1633 1133 1705 consolandos
1182 1657 1261 1705 ac
1325 1634 1720 1706 liberandos
1776 1637 2158 1727 excogitare
2219 1647 2468 1726 posset.
2524 1641 2763 1724 Itaque

206 1735 278 1794 et
311 1723 608 1794 carceris
634 1724 978 1805 custodeS,
1012 1736 1090 1793 ut
1121 1723 1202 1794 ad
1241 1745 1359 1794 eos
1397 1725 1528 1794 sibi
1572 1725 1748 1795 liber
1771 1725 2002 1796 aditus
2032 1727 2309 1815 pateret,
2349 1727 2760 1796 muneribus

209 1813 351 1884 sibi
384 1812 727 1881 devinxit:
779 1824 845 1882 et
897 1812 1154 1915 regiam
1197 1812 1533 1884 familiam
1599 1815 1963 1904 ipsamque
2024 1815 2206 1906 regis
2264 1814 2637 1906 conjugem
2686 1814 2758 1883 in

213 1923 383 1971 suas
431 1914 656 1990 partes
707 1912 1074 1991 pertraxit,
1128 1914 1204 1972 ut
1252 1924 1374 1993 pro
1423 1925 1502 1972 ca
1556 1903 1711 1972 tivis
1758 1904 1904 1973 suis
1953 1901 2283 1973 fratribus
2331 1901 2751 1973 intercedere

215 1988 494 2059 vellent.
550 1995 801 2091 Regem
869 2012 1077 2081 erg0,
1129 2013 1288 2061 cum
1351 2012 1472 2082 per
1569 2004 1750 2062 ortos
1797 1991 2302 2064 odoratissimis
2365 1991 2757 2063 balsamitis

211 2078 516 2148 consitos
575 2079 791 2148 animi
832 2082 1044 2150 causa
1095 2093 1278 2150 certo
1334 2080 1635 2168 quodam
1696 2094 2000 2172 tempore
2039 2079 2540 2163 obambularet,
2585 2103 2763 2151 una-

214 2167 442 2236 nimes
489 2189 712 2237 unove
758 2170 897 2249 ore,
934 2167 1169 2238 divino
1220 2167 1423 2270 plane
1452 2168 1808 2251 instinctu,
1847 2171 2154 2261 aggressi
2193 2170 2376 2257 quod
2411 2169 2763 2260 supplices

213 2256 575 2346 rogabant,
621 2270 698 2326 ut
735 2257 1042 2349 captivos
1091 2257 1511 2328 Christianos
1558 2258 1864 2328 Bononio
1911 2259 2354 2341 condonaret,
2394 2258 2595 2329 facile
2626 2259 2764 2330 im-

259 2356 594 2415 etrarunt.

211 2367 254 2435 p
297 2436 451 2522 ἓθ.
487 2433 647 2505 Navi
679 2456 843 2537 ergo
876 2434 1237 2526 impositos
1272 2448 1658 2526 postquam
1711 2455 1900 2505 mare
1949 2436 2381 2517 transissent,
2418 2435 2762 2525 lerosoly-

206 2545 392 2592 mam
416 2523 747 2615 primum,
776 2524 937 2594 inde
963 2525 1033 2594 in
1066 2537 1363 2594 montem
1396 2524 1584 2593 Sinai
1616 2522 1957 2613 perduxit,
1986 2545 2193 2611 quam
2224 2525 2372 2616 ipse
2403 2525 2537 2597 sibi
2570 2525 2765 2595 habi-

208 2613 531 2683 tationem
559 2614 704 2704 jam
740 2625 887 2683 tum
937 2614 1171 2684 animo
1219 2612 1648 2703 designabat,
1704 2624 1782 2682 ut
1830 2612 1897 2681 in
1947 2635 2027 2683 eo
2075 2614 2254 2684 sicut
2287 2619 2553 2704 Moyses
2592 2613 2756 2684 olim

132 2771 140 2782 ,
208 2701 322 2770 Dei
351 2701 594 2793 legem,
635 2702 735 2772 sic
761 2702 909 2793 ipse
936 2701 1232 2793 Spiritus
1267 2701 1495 2772 Sancti
1521 2701 1811 2792 gratiam
1842 2700 2364 2793 adipisceretur.
2404 2708 2560 2773 Post
2588 2724 2764 2789 quae

210 2788 356 2858 loca
386 2790 801 2881 perlustrata
833 2788 1491 2881 Constantinopolim
1553 2789 1928 2872 contendit,
1968 2790 2090 2860 ubi
2130 2813 2289 2860 cum
2322 2790 2408 2860 ad
2451 2790 2617 2861 litus
2645 2814 2765 2882 ap-

210 2876 571 2968 pulissent,
605 2892 955 2967 tamquam
985 2903 1026 2949 a
1049 2878 1471 2967 quibusdam
1502 2878 1911 2950 metuendae
1938 2878 2231 2949 insidiae
2256 2892 2485 2950 essent
2509 2878 2595 2948 ad
2626 2884 2764 2949 Im-

212 2980 588 3057 peratorem
641 2967 871 3051 delati,
926 2969 1076 3059 ejus
1113 2968 1321 3055 jussu
1351 2967 1706 3038 custodiae
1738 2968 2116 3058 mancipati
2154 2981 2341 3051 sunt,
2377 2980 2755 3056 antequam

212 3055 328 3212 gui
358 3069 587 3125 essent
633 3070 698 3127 et
731 3058 848 3145 qui
885 3057 1252 3139 venissent,
1295 3055 1567 3126 edoceri
1615 3079 1690 3127 se
1735 3070 1913 3127 esset
1948 3079 2220 3147 passuS,
2259 3079 2557 3145 quorum
2594 3080 2761 3127 cuin

262 3143 460 3213 einde
508 3145 974 3217 innocentiam
1025 3144 1480 3216 referentibus
1529 3145 1596 3214 in
1635 3167 1714 3216 ea
1761 3146 1934 3215 urbe
1981 3146 2098 3214 Dei
2148 3144 2534 3219 cultoribus
2579 3145 2766 3215 didi-

214 3232 437 3314 cisset,
482 3255 613 3303 non
668 3235 892 3306 solum
947 3234 1223 3317 liberos,
1277 3233 1395 3303 sed
1449 3234 1859 3304 muneribus
1904 3256 1984 3304 ex
2033 3233 2199 3304 fisco
2248 3235 2537 3325 insuper
2563 3234 2766 3305 vesti-

215 3323 480 3409 busque
550 3321 889 3404 donatos‚
957 3345 1195 3394 eorum
1269 3334 1518 3392 sortem
1587 3324 1959 3394 miseratus
2022 3323 2313 3393 dimisit.
2378 3329 2765 3395 conscensa

217 3410 427 3502 igitur
474 3427 720 3482 rursus
772 3411 975 3494 navi,
1037 3432 1197 3482 cum
1261 3411 1415 3482 laeti
1479 3413 1551 3481 in
1614 3435 1812 3483 suam
1855 3412 2115 3503 quippe
2164 3412 2458 3503 patriam
2510 3411 2789 3483 reversi·

220 3512 464 3583 essent,
517 3500 721 3569 etiarn
752 3505 988 3571 Petrus
1027 3500 1410 3592 Episcopus
1443 3523 1609 3572 suae
1649 3500 1797 3574 sedi
1832 3513 1935 3572 est
1972 3501 2354 3584 restitutuS,
2393 3502 2509 3573 cui
2547 3501 2766 3572 multo

217 3602 363 3680 post
411 3603 718 3680 tempore
756 3590 1074 3680 praefuit.
1643 3621 1646 3622 f

303 3680 339 3766 ἓ
387 3683 465 3750 ⁸2.
521 3682 871 3750 Caeterum
905 3679 1255 3750 Bononius
1282 3679 1408 3748 Dei
1438 3701 1679 3750 servus
1711 3677 1798 3748 ad
1847 3691 2148 3750 montem
2186 3679 2376 3750 Sinai
2411 3700 2768 3770 regressus

216 3789 367 3837 cum
410 3779 625 3838 totum
666 3767 808 3837 illic
839 3767 1115 3838 divinae
1155 3790 1229 3838 se
1269 3767 1406 3870 legi
1442 3768 1932 3857 mancipasset,
1983 3783 2393 3860 magnarum
2430 3769 2765 3838 virtutum

220 3856 269 3924 si
325 3856 432 3925 nis
496 3857 589 3926 ita
637 3855 1014 3939 inclaruit,
1067 3868 1145 3927 ut
1192 3857 1588 3947 gratissimo
1654 3857 2138 3927 sanctissimae
2200 3879 2368 3928 suae
2414 3857 2768 3948 opinionis

223 3964 259 4012 o
306 3966 419 4014 ore
465 3945 965 4035 Jerosolymam
1016 3957 1082 4016 et
1127 3946 1355 4016 vicina
1403 3945 1550 4016 loca
1600 3945 1916 4036 repleret.
1955 3950 2122 4016 Cum
2174 3969 2310 4017 non
2364 3945 2584 4016 multo
2618 3957 2771 4036 post

220 4047 433 4103 autem
468 4033 907 4104 Lucediensis
938 4035 1336 4106 monasterii
1360 4035 1488 4194 qq),
1526 4035 1713 4123 quod
1744 4047 1847 4105 est
1888 4034 1959 4103 in
1994 4033 2291 4107 dioecesi
2322 4034 2764 4117 vercellensi,

221 4120 433 4191 Abbas
478 4122 804 4206 obiisset,
857 4123 979 4213 qui
1031 4146 1242 4214 supra
1291 4146 1380 4194 no
1437 4147 1493 4194 is
1557 4137 1978 4198 memoratus
2025 4136 2167 4205 est,
2229 4123 2769 4195 vercellensium

270 4262 329 4316 (a)
355 4267 505 4316 Prope
534 4268 887 4308 crescentinum
916 4267 1115 4309 vercell.
1148 4264 1386 4309 Dioecesic
1416 4268 1694 4318 oppidulum
1720 4265 1814 4309 ruit
1831 4264 2029 4310 Abbatin
2048 4268 2093 4309 S.
2109 4265 2370 4315 Michaelis,
2390 4278 2518 4309 nunc
2539 4268 2583 4308 S.
2601 4268 2774 4308 sanun·

221 4317 286 4364 rll,
312 4320 367 4360 de
397 4321 580 4360 Lucaedt'o
607 4322 732 4361 dictu
759 4319 846 4371 (att
865 4322 1030 4362 rmo-
1049 4323 1108 4363 sb
1127 4320 1355 4372 Ecclesia)
1377 4331 1405 4360 ι
1424 4321 1672 4369 repentina
1691 4319 1795 4363 luce
1816 4319 1866 4362 in
1886 4323 2008 4362 silva
2031 4320 2233 4361 finitima
2252 4324 2519 4371 conspecta.
2536 4322 2605 4361 Ex
2624 4322 2772 4362 Abba·

223 4371 283 4412 tin
305 4375 437 4414 ortus
467 4384 616 4425 pugus
644 4378 717 4417 est
747 4376 791 4416 S.
820 4377 1052 4423 Ianua-ss,
1079 4375 1169 4418 hoc
1186 4377 1377 4418 nomine
1399 4375 1600 4417 donatus
1624 4385 1652 4414 ι
1671 4385 1870 4426 corpore
1887 4376 2139 4426 eujusdam
2156 4376 2317 4416 Sancti
2334 4374 2482 4417 Rom
2500 4377 2594 4416 huo
2613 4375 2773 4416 delato

222 4435 247 4466 ι
266 4427 464 4476 quodam
484 4428 661 4479 Nepote
683 4428 839 4471 cni-ou
857 4428 1028 4480 mgni.
