3308 5004
671 323 801 389 358
1247 338 1327 386 na
1372 337 1430 385 s.
1481 335 1819 388 sal-turmo
1867 335 2197 387 sunssron.
2248 335 2450 386 msc.
2707 308 2740 345 '¹
2803 319 2988 386 AUG.
3047 320 3149 385 ⁴5

579 426 930 497 facturum
971 422 1273 495 fideliter
1319 421 1663 514 promisit.
1725 426 2035 510 Cumque
2078 443 2123 492 a
2185 421 2422 493 seculo
2467 422 2895 515 emigrasset,
2931 423 3152 514 juxta

583 513 1142 607 promissionem,
1186 534 1379 583 servo
1434 510 1550 582 Dei
1595 510 1953 603 Arnulpho
1989 510 2385 602 jucundam
2423 511 2511 582 de
2558 534 2634 582 se
2678 513 2999 604 praebuit
3026 513 3151 582 vi-

584 604 877 685 sionem,
920 601 1217 672 alacrem
1267 612 1333 671 et
1378 600 1835 693 gaudentem,
1871 600 2273 689 ‘beataeque
2318 601 2581 689 requiei
2618 622 2692 672 se
2744 613 3150 692 compotem

582 690 1042 763 blandissime
1088 689 1595 765 demonstrans.
1647 691 1753 761 Ait
1799 701 2031 761 autem
2077 688 2169 760 ad
2226 711 2386 761 eum
2442 689 2897 782 Arnulphus:
2952 689 3149 774 Quid

584 782 760 873 agis,
813 791 1029 873 pater,
1083 791 1151 850 et
1194 778 1542 866 quomodo
1579 778 1845 850 habes?
1891 784 2186 849 Poenam
2239 799 2325 849 ne
2370 778 2681 868 aliquam
2726 779 2977 870 culpae
3006 779 3154 850 ali-

586 869 795 959 cujus
834 867 1225 960 pertulisti?
1253 866 1377 940 Ille
1414 868 1810 959 respondit:
1864 868 2087 938 Laetis
2119 866 2312 939 illius
2357 872 2593 951 causa,
2631 867 2815 956 quod
2848 880 2926 939 tu
2961 868 3152 939 mihi

583 959 1017 1041 ministrasti,
1059 969 1127 1027 et
1161 978 1290 1049 ego
1336 957 1647 1040 comedi,
1704 956 2025 1028 nonnihil
2076 977 2456 1047 poenarum
2525 978 2896 1049 perpessus
2944 979 3144 1041 sum,

582 1047 771 1136 quod
807 1047 986 1117 illud
1037 1046 1142 1117 lac
1191 1068 1578 1137 pauperum
1627 1045 2017 1118 substantia
2060 1066 2560 1136 comparasses,
2599 1045 2729 1118 Sed
2777 1058 2925 1116 tum
2975 1046 3146 1127 hoc,

578 1148 727 1207 tum
776 1149 1043 1206 caetera
1091 1146 1370 1226 peccata
1417 1135 1652 1205 omnia
1716 1135 1889 1206 mihi
1957 1135 2248 1205 remissa
2313 1146 2517 1219 sunt,
2590 1148 2658 1206 et
2705 1157 2896 1206 nunc
2944 1134 3153 1207 fruor

581 1224 861 1318 gaudiis
900 1224 1284 1295 beatorum.

668 1316 708 1403 ξ
752 1317 836 1385 8.
889 1318 1033 1383 Hac
1080 1313 1342 1384 visione
1388 1311 1799 1383 venerabilis
1827 1310 2227 1403 Arnulphus
2252 1311 2628 1383 admodum
2657 1312 3149 1383 inflammatus

579 1416 685 1473 est
731 1401 819 1472 ad
867 1402 1141 1472 divinae
1188 1401 1535 1474 servitutis
1596 1401 1912 1471 studium
1978 1413 2043 1472 et
2080 1400 2389 1483 cultum,
2444 1423 2569 1472 nec
2615 1401 2944 1493 deinceps
2992 1423 3145 1473 cec-

580 1491 758 1561 savit
781 1513 821 1561 a
852 1490 1199 1583 precibus,
1228 1490 1445 1562 donec
1476 1492 1874 1582 impetraret
1900 1490 2083 1577 quod
2114 1490 2417 1582 optabat,
2447 1503 2525 1562 ut
2554 1502 2783 1582 posset
2812 1489 3146 1560 eamdem

581 1591 882 1650 secretae
926 1580 1468 1652 conversationis
1513 1580 1850 1650 rationem
1900 1578 2170 1660 sectari,
2221 1590 2288 1649 et
2346 1579 2440 1649 ita
2486 1580 2803 1650 inclusus
2857 1578 3145 1670 degere.

582 1673 677 1738 Eo
712 1682 944 1739 autem
981 1669 1241 1760 potitus
1284 1669 1652 1751 desiderio,
1684 1668 1909 1740 factus
1939 1680 2042 1739 est
2072 1668 2320 1738 Christi
2355 1669 2583 1739 bonus
2628 1668 2800 1740 odor
2830 1668 2902 1736 in
2939 1667 3147 1738 omni

583 1756 756 1840 loco,
798 1770 865 1828 et
910 1757 1064 1846 ejus
1109 1758 1422 1850 exemplo
1461 1757 1809 1848 provocati
1840 1757 2042 1828 multi
2075 1757 2145 1826 in
2183 1758 2596 1849 propinquis
2629 1770 2696 1827 et
2727 1757 2969 1848 longin
3026 1757 3147 1827 uis

581 1845 799 1929 locis,
854 1849 1305 1917 monasticam
1368 1847 1961 1919 conversationem
2020 1847 2334 1917 certatim
2391 1846 2820 1938 expetebant.
2874 1850 2970 1917 Eo
3021 1868 3141 1917 em

579 1936 767 2005 enim
801 1948 1107 2027 tempore
1151 1935 1587 2007 Theobaldus
1634 1935 1892 2022 nobilis
1935 1934 2362 2018 adolescens,
2406 1935 2561 2024 ejus
2596 1933 2909 2026 exemplo
2959 1935 3145 2005 inci-

581 2034 789 2104 tatus,
843 2022 1021 2094 clam
1070 2024 1347 2117 fugiens
1394 2025 1665 2096 sodales
1699 2046 1885 2106 sung,
1919 2024 2076 2094 exul
2124 2036 2190 2094 et
2228 2024 2432 2116 inops
2467 2025 2755 2095 Domino
2789 2023 3141 2105 militavit,

579 2122 649 2183 et
694 2112 1009 2183 laborum
1044 2115 1354 2204 praemia
1413 2126 1618 2202 atque
1665 2135 1990 2184 coronam
2041 2113 2231 2184 brevi
2277 2127 2679 2195 assecutuS,
2741 2113 3139 2193 victoriam,

569 2239 573 2242 <
629 2223 721 2271 ua
769 2223 958 2273 nunc
1005 2200 1283 2283 fruitur,
1330 2203 1712 2273 multorum
1753 2202 2106 2274 mentibus
2150 2201 2387 2274 affixit.
2442 2208 2520 2273 Et
2580 2203 2762 2291 quis,
2815 2222 2961 2282 ore,
3017 2223 3150 2272 au·

634 2290 783 2361 iens
804 2289 1265 2383 Arnulphum,
1297 2314 1523 2384 nuper
1547 2303 2059 2383 praepotentem
2096 2291 2386 2362 militem
2420 2313 2502 2362 ac
2533 2291 2732 2362 valde
2758 2290 3140 2373 celebrem,

579 2379 833 2450 mundi
893 2402 1220 2472 pompam
1272 2381 1663 2483 respuisse,
1722 2402 1859 2450 non
1909 2381 2240 2453 continuo
2297 2379 2545 2451 mundi
2591 2402 2633 2450 a
2696 2378 2769 2451 se
2827 2400 3146 2449 amorem

578 2490 857 2540 omnem
909 2469 1244 2573 abjiciat?
1269 2475 1440 2555 Quis
1487 2470 1653 2540 satis
1702 2468 1943 2540 mirari
1994 2481 2262 2562 posset,
2316 2470 2665 2542 hominem
2717 2489 2967 2560 genere
3014 2489 3145 2538 no-

578 2558 820 2640 bilem,
871 2560 1120 2630 amicis
1166 2582 1332 2651 prae
1428 2560 1735 2631 tentibus
1801 2558 2056 2631 fultum
2092 2613 2110 2632 .
2163 2561 2429 2631 statura
2486 2559 2879 2650 procerum,
2943 2556 3150 2628 vultu

582 2647 939 2731 decorum,
981 2649 1098 2719 cui
1148 2671 1317 2720 mun
1371 2672 1457 2721 us
1494 2647 1970 2740 applauderet,
2022 2648 2139 2718 cui
2186 2649 2415 2719 omnis
2469 2647 2716 2718 mundi
2769 2646 2994 2738 gloria
3035 2644 3149 2715 fa-

580 2748 790 2820 veret,
827 2748 970 2807 tam
1019 2751 1300 2829 repente
1328 2759 1767 2817 conversum,
1820 2748 1899 2807 ut
1943 2758 1983 2805 a
2030 2736 2329 2806 summis
2375 2735 2635 2807 divitiis
2683 2735 2772 2806 ad
2821 2735 3146 2805 infimam

581 2847 723 2916 pau
777 2839 1063 2897 ertatem
1095 2826 1461 2909 deductu3‚
1514 2826 1764 2897 Christi
1794 2845 2029 2896 amore
2061 2825 2366 2915 seipsum
2419 2824 2625 2916 plane
2669 2834 3148 2896 contemneret

581 2927 651 2984 et
682 2937 724 2984 a
766 2915 1009 3003 jiceret
1031 2918 1063 2984 'P
1086 2916 1280 2986 Multi
1328 2936 1494 2986 sane
1531 2936 1569 2985 e
1593 2914 1961 2985 Brabantia
1988 2924 2055 2984 et
2090 2913 2413 2984 Flandria
2450 2926 2590 2983 tam
2630 2912 2896 2996 Clerici,
2925 2934 3149 3001 quam

581 3001 769 3085 laici,
822 3002 911 3071 ad
963 3024 1237 3073 sacrum
1286 3003 1468 3075 beati
1530 3003 1839 3074 Medardi
1885 3002 2382 3073 monasterium
2437 3001 2899 3083 advolarunt,
2952 3001 3145 3089 quod

582 3087 729 3160 illic
774 3091 946 3161 ordo
992 3092 1421 3164 monasticus
1458 3093 1756 3174 floreret,
1798 3103 1869 3163 et
1897 3090 2273 3162 venerandi
2305 3090 2581 3163 alumni
2609 3092 2761 3182 ejus
2793 3089 3148 3180 Arnulphi

570 3177 718 3269 jam
765 3178 1025 3250 inclusi
1051 3201 1249 3250 amor
1294 3202 1413 3253 eos
1445 3181 1742 3251 mirifice
1775 3180 2170 3251 attraheret.

670 3269 709 3355 ξ
753 3270 851 3337 9.
903 3267 1027 3337 Ille
1074 3289 1232 3339 vero
1279 3268 1366 3339 de
1411 3269 1662 3340 virtute
1707 3270 1781 3339 in
1830 3269 2152 3340 virtutem
2200 3266 2508 3356 quotidie
2553 3267 3033 3361 proficiscens,
3077 3278 3152 3337 et

578 3375 763 3445 quae
789 3356 1131 3427 *hactenus
1160 3357 1446 3448 egisset,
1527 3380 1603 3428 ro
1637 3357 1857 3429 nihilo
1885 3358 2174 3440 ducenS,
2210 3356 2507 3428 cellulae
2523 3357 2922 3449 'angustiaS,
2960 3355 3149 3426 intra

571 3464 790 3532 quam
828 3466 977 3516 sese
1008 3444 1407 3529 incluserat,
1496 3446 1734 3517 elicias
1767 3446 2073 3538 paradisi
2120 3446 2549 3529 aestimabat,
2594 3446 3148 3533 continuamque

583 3532 898 3625 corporis
927 3533 1365 3605 afflictionem
1414 3557 1555 3606 non
1585 3534 1892 3607 dolorem
1942 3535 2233 3625 putabat
2268 3547 2388 3605 aut
2426 3535 2802 3616 tristitiam,
2841 3533 2961 3607 sed
3045 3533 3151 3603 lo-

581 3620 762 3693 riam
811 3633 879 3693 et
923 3621 1368 3712 voluptatem.
1403 3625 1864 3708 Quamobrem
1898 3623 2144 3695 cellam
2193 3623 2579 3725 egrediens,
2622 3624 2791 3695 foris
2821 3623 2956 3694 sub
3036 3624 3149 3696 ivo

581 3709 840 3783 fossam
889 3710 1134 3794 effecit,
1184 3725 1255 3783 at
1305 3734 1393 3783 ue
1447 3714 1518 3782 in
1575 3734 1658 3783 ea
1704 3712 2041 3796 residenS,
2094 3712 2448 3784 stillicidia
2493 3736 2536 3784 a
2590 3725 2765 3785 tecto
2810 3712 3149 3783 ecclesiae

583 3821 798 3891 super
833 3811 1043 3900 caput
1073 3812 1139 3870 et
1184 3822 1264 3872 co
1299 3801 1445 3872 lum
1477 3801 1629 3892 ejus
1677 3802 2066 3873 decidentia
2101 3823 2264 3873 exce
2315 3801 2413 3872 it:
2464 3824 2591 3874 nec
2625 3801 2916 3873 mutavit
2946 3801 3147 3872 illam

583 3887 812 3960 fossae
863 3888 1356 3960 habitationem
1412 3902 1481 3961 et
1530 3890 1908 3963 sessionem
1957 3890 2164 3962 etiam
2291 3892 2452 3962 u-via
2496 3905 2564 3961 et
2607 3891 2764 3961 nive
2806 3889 3095 3961 cadente
3126 3944 3143 3971 ,

584 3976 812 4070 frigus
856 3991 1063 4068 atque
1108 3978 1272 4070 gelu
1317 3979 1609 4050 minime
1658 3978 2064 4050 declinans:
2116 3913 2259 4050 sed,
2284 3979 2372 4050 ad
2419 4001 2696 4051 omnem
2744 3979 2919 4050 coeli
2952 3979 3147 4070 inju-

588 4065 764 4137 riam
812 4079 878 4137 et
921 4067 1562 4139 incommoditatem
1603 4081 2118 4160 perseveranter
2146 4090 2357 4140 orans
2385 4083 2450 4140 et
2489 4068 2818 4159 psallens,
2855 4089 3147 4160 gemens

583 4166 672 4255 et·
700 4155 1005 4246 plorans,
1060 4167 1266 4245 atque
1323 4157 1676 4228 interdum
1723 4157 2000 4229 lectioni
2050 4180 2305 4230 vacans
2333 4212 2350 4239 ,
2402 4157 2846 4250 perdurabat.
2897 4156 3148 4228 Tribus

584 4253 792 4313 etiam
840 4247 1043 4317 annis
1088 4258 1156 4316 et
1203 4246 1564 4319 mensibus
1610 4267 1731 4318 sex
1777 4246 1956 4317 nulli
2014 4246 2411 4318 mortalium
2459 4246 2686 4318 ullum
2722 4246 2998 4317 locutus
3043 4257 3148 4316 est

584 4330 900 4414 verbum,
953 4334 1140 4405 intra
1168 4347 1583 4426 perpetuum
1620 4357 1771 4407 sese
1802 4335 2158 4409 silentium
2197 4335 2583 4419 continenS,
2620 4349 2686 4407 et
2733 4334 3143 4407 coelestium

587 4421 1169 4512 contemplatione
1214 4437 1420 4513 atque
1466 4424 1755 4497 assidua
1798 4426 1991 4497 verbi
2040 4424 2158 4495 Dei
2204 4424 2582 4498 delectatus
2640 4424 3088 4496 meditatione
3119 4478 3136 4506 ,
