3308 5004
208 357 403 424 AUG.
459 358 542 423 46
883 376 964 423 ns
1009 375 1274 424 nucum
1320 375 1639 424 naussum.
1686 377 1750 423 n.
1804 375 1868 423 n.
1920 377 1973 423 J.
2027 374 2086 424 c.
2557 359 2686 427 389

209 460 663 543 transituruS,
702 482 827 551 pro
874 459 996 530 illa
1042 461 1250 534 veteri
1299 460 1533 531 inutili
1583 460 1935 542 columna,
1987 481 2146 530 eum
2195 482 2403 549 quem
2454 483 2583 552 par
2627 471 2775 533 erat

205 549 484 620 cultum
532 561 598 619 et
644 550 975 620 honorem
1032 562 1097 620 et
1133 549 1604 620 adorationem
1642 548 1972 619 tribueret
2012 549 2217 641 longe
2265 549 2662 621 admirabili
2709 562 2776 621 et

204 638 714 708 miraculorum
763 637 1089 709 effectrici
1135 638 1382 709 Christi
1422 638 1746 730 Imagini,
1813 651 1880 708 et
1925 638 2026 708 sic
2073 638 2552 728 ingrederetur
2600 640 2774 710 civi-

206 738 420 797 tatem
471 726 787 798 Edessae.
841 731 1078 815 Itaque
1143 741 1625 798 conservatum
1676 738 1781 797 est
1842 727 1971 796 hoc
2029 726 2248 815 hujus
2309 728 2435 797 viri
2502 728 2776 819 pietatis

204 837 613 907 expressum
658 815 1187 898 monimentum,
1227 828 1293 886 et
1341 821 1474 886 Deo
1523 815 1922 886 dedicatum
1964 813 2333 886 donarium
2364 872 2379 898 ,
2432 816 2652 887 donec
2698 818 2775 888 in

206 904 342 974 hoc
377 904 551 974 vitae
586 903 888 975 incolatu
923 906 1178 976 mansit
1209 905 1586 995 Abagarus,
1632 917 1701 975 et
1726 906 1878 996 ejus
1909 903 2122 987 filius,
2174 905 2296 993 qui
2327 906 2525 996 regni
2560 905 2769 978 simul

207 1006 274 1063 et
308 993 584 1083 pietatis
634 1006 959 1085 paternae
1007 994 1137 1064 fuit
1183 1015 1567 1065 successor.

301 1084 340 1169 ἓ
386 1086 526 1155 u.
585 1086 935 1152 Caeterum
986 1104 1223 1152 eorum
1275 1082 1465 1152 filius
1512 1094 1576 1152 et
1624 1104 1863 1172 nep05‚
1908 1081 2039 1151 fuit
2076 1081 2361 1169 quidem
2412 1103 2773 1153 successor

209 1172 487 1261 paterni
532 1183 599 1241 et
644 1171 809 1241 aviti
866 1170 1180 1260 imperii:
1232 1192 1368 1241 non
1419 1171 1550 1241 fuit
1608 1185 1837 1242 autem
1894 1170 2137 1240 haeres
2183 1171 2388 1240 etiam
2442 1171 2768 1262 pietatis:

208 1258 330 1328 sed
384 1260 455 1327 in
490 1261 808 1350 pietatem
832 1259 1169 1343 calcibus,
1220 1272 1298 1330 ut
1328 1261 1421 1330 ita
1469 1259 1726 1342 dicam,
1762 1259 2142 1340 insultavit,
2176 1271 2242 1330 et
2275 1258 2358 1328 ad
2402 1259 2775 1331 daemones

207 1360 276 1418 et
326 1347 510 1417 idola
561 1348 956 1439 transfugit.
1004 1349 1462 1431 Quamobrem
1528 1350 1900 1418 daemones
1955 1368 2231 1435 quoque
2280 1347 2488 1418 veluti
2547 1369 2778 1418 remu-

208 1458 492 1519 nerans,
534 1437 770 1519 voluit,
815 1438 1146 1525 quoniam
1207 1437 1360 1525 ejus
1407 1460 1579 1508 avus
1635 1436 1963 1508 idolicam
2025 1436 2215 1506 illam
2284 1436 2535 1507 delevit
2598 1437 2776 1506 ima-—

207 1526 490 1617 ginem‚
546 1526 860 1595 eamdem
912 1525 1155 1596 afferre
1211 1526 1862 1597 condemnationem
1927 1525 2201 1595 Domini
2258 1526 2578 1617 Imagini.
2645 1523 2775 1594 Sed

203 1614 398 1702 quod
446 1616 788 1705 captabat,
843 1615 1136 1684 minime
1165 1627 1268 1686 est
1297 1627 1658 1685 assecutus
1707 1617 1812 1684 vir
1843 1613 2354 1683 fraudulentus.
2409 1620 2578 1687 Nam
2610 1635 2775 1684 cum

204 1704 344 1773 hoc
403 1704 879 1793 praescivisset
928 1703 1059 1772 loci
1118 1703 1526 1795 Episcopus,
1592 1726 1696 1784 ea,
1768 1725 1905 1791 qua
1954 1702 2090 1793 ipsi
2140 1702 2379 1784 licuit,
2453 1726 2628 1774 usus
2673 1714 2777 1773 est

206 1792 671 1950 ¹plrovidentid.
715 1797 794 1862 Et
825 1793 1153 1879 quoniam
1207 1792 1426 1874 locuS‚
1471 1794 1539 1862 in
1578 1814 1717 1895 quo
1765 1793 1897 1862 sita
1944 1804 2090 1861 erat
2150 1796 2412 1883 Imag0,
2466 1790 2779 1864 servabat

263 1903 512 1972 guram
567 1880 1090 1972 hemisphaerii,
1146 1882 1444 1970 speciem
1486 1881 1791 1970 cylindri
1841 1880 2220 1963 referentiS‚
2283 1901 2574 1951 accensa
2619 1891 2778 1949 ante

207 1970 589 2059 imaginem
625 1969 932 2052 lacerus,
977 1980 1042 2040 et
1089 1970 1414 2060 imposita
1466 1981 1526 2039 te
1581 1969 1732 2051 ulfi,
1796 1991 1958 2040 cum
2008 1969 2197 2040 calce
2245 1981 2311 2038 et
2354 1969 2570 2041 coctis
2608 1969 2776 2039 late-

207 2059 410 2128 ribus
442 2058 893 2129 obstruxisset
935 2057 1067 2128 loci
1114 2058 1408 2141 aditum,
1452 2081 1519 2128 re
1572 2058 1713 2160 egit
1762 2079 2039 2128 murum
2079 2059 2148 2126 in
2194 2057 2475 2149 planam
2529 2079 2776 2149 super-

204 2146 465 2216 ficiem.
503 2152 666 2217 Cum
720 2147 936 2239 igitur
965 2169 1101 2216 non
1136 2147 1483 2217 videretur
1509 2147 1747 2217 divina
1780 2146 2028 2228 forma,
2063 2145 2325 2216 destitit
2362 2146 2479 2217 ille
2511 2146 2776 2236 impius

206 2257 246 2305 a
281 2248 559 2306 conatu.
598 2235 761 2306 Ideo
808 2248 1063 2317 autem,
1123 2248 1203 2306 ut
1248 2236 1569 2318 arbitror,
1632 2249 1966 2306 statutum
2019 2246 2122 2305 est
2179 2257 2221 2305 a
2268 2236 2641 2316 sacerdote,
2697 2246 2779 2305 ut

211 2336 371 2394 ante
407 2324 780 2416 imaginem
817 2337 1186 2415 poneretur
1232 2325 1488 2414 tegula,
1543 2345 1628 2393 ne
1674 2324 1913 2412 aliqua
1968 2323 2415 2415 putrefactiO,
2468 2345 2647 2411 quae
2696 2323 2776 2394 fit

208 2434 291 2482 ex
324 2413 465 2485 situ
510 2412 834 2495 aedificii,
872 2426 937 2483 et
982 2435 1062 2482 ex
1111 2412 1403 2483 humore
1442 2412 1680 2495 calcis,
1754 2414 2009 2482 inesset
2059 2413 2128 2481 in
2182 2411 2390 2482 linteo
2447 2412 2777 2504 imaginis

208 2501 667 2592 receptaculo,
707 2514 772 2572 et
800 2524 880 2572 ex
911 2501 1368 2572 diuturnitate
1416 2515 1548 2573 tem
1605 2502 1748 2573 oris
1794 2499 2060 2589 aliquid
2107 2500 2347 2570 damni
2396 2501 2764 2591 acciperet.

294 2593 332 2679 ξ
382 2596 525 2663 15.
580 2590 802 2661 Fluxit
849 2592 1079 2679 itaque
1111 2591 1386 2662 interim
1432 2605 1734 2661 mutum
1772 2591 2125 2681 temporiS,
2178 2602 2245 2660 et
2292 2612 2372 2659 ex
2406 2590 2772 2661 hominum

205 2679 472 2749 effluxit
519 2680 853 2750 memoria
887 2702 1122 2750 sacrae
1183 2680 1396 2772 hujus
1443 2681 1776 2771 imaginis
1824 2680 1893 2749 in
1954 2679 2281 2749 columna
2341 2679 2593 2749 erectio
2622 2733 2639 2760 ,
2692 2701 2775 2749 ac

203 2770 519 2858 ejusdem
569 2769 957 2839 absconsio.
1017 2774 1382 2857 Postquam
1434 2781 1663 2838 autem
1727 2790 1855 2840 suo
1912 2780 2220 2858 tempore
2269 2767 2564 2839 chosroe
2635 2772 2772 2837 Rex

205 2863 601 2939 Persarum,
645 2858 840 2927 Asiae
885 2857 1194 2928 civitates
1240 2857 1604 2947 diripiens»,
1643 2858 1829 2927 venit
1875 2857 2080 2926 etiam
2118 2855 2470 2939 Edessam,
2523 2866 2590 2927 et
2618 2869 2776 2927 ante

204 2968 357 3017 eam
391 2957 939 3028 castrametatuS‚
975 2968 1252 3016 omnem
1290 2947 1502 3017 movit
1552 2947 1977 3027 machinam,
2012 2957 2078 3015 et
2110 2967 2318 3015 omne
2350 2945 2778 3036 comparavit

204 3038 745 3105 instrumentum
782 3048 1022 3127 aptum
1066 3035 1152 3104 ad
1201 3034 1749 3126 oppugnandam
1800 3034 2144 3104 civitatem
2192 3032 2620 3125 (fabricatus
2667 3047 2772 3104 est

205 3145 510 3211 namque
546 3124 805 3205 omnia,
840 3146 1017 3212 quae
1113 3124 1410 3194 ertinent
1443 3124 1529 3194 ad
1580 3123 1956 3194 emittenda
1998 3123 2152 3203 tela,
2204 3122 2776 3211 conquassandos

207 3234 473 3293 muroS,
525 3225 591 3283 et
637 3212 1040 3305 confringen
1099 3236 1176 3283 as
1226 3213 1510 3303 portas).
1567 3213 1636 3295 in
1704 3226 1973 3283 tantum
2026 3211 2417 3304 periculum
2490 3211 2775 3282 adducti

206 3301 555 3382 Edesseni,
611 3302 744 3391 ipsi
792 3323 1066 3390 quoque
1113 3302 1592 3391 excogitabant
1639 3323 1818 3390 quae
1858 3312 2195 3392 poterant,
2249 3300 2335 3370 ad
2385 3302 2494 3371 sui
2542 3300 2777 3370 defen-

203 3390 500 3460 sionem.
554 3390 887 3461 Miserunt
941 3403 1171 3461 autem
1231 3390 1492 3482 legatos
1542 3412 1818 3479 quoque
1866 3390 1950 3460 ad
2006 3388 2379 3481 petendum
2429 3390 2775 3460 auxilium

204 3501 243 3548 a
280 3479 581 3549 ducibus
601 3481 895 3549 Romani
926 3480 1289 3549 exercitus.
1322 3479 1496 3549 Ilion
1537 3501 1718 3561 vero,
1757 3480 1879 3567 qui
1913 3492 2077 3550 tunc
2106 3488 2420 3570 praeerat
2447 3477 2776 3549 Romanis

204 3568 449 3658 copiiS,
505 3581 570 3637 et
608 3589 732 3657 per
786 3590 859 3639 se
911 3568 1287 3638 vexabatur
1332 3570 1420 3639 ab
1470 3568 1823 3650 hostibuS,
1900 3591 2037 3638 non
2090 3578 2352 3658 poterat
2408 3566 2775 3637 Edessenis

203 3658 472 3726 mittere
504 3655 841 3726 auxilium
875 3680 891 3724 :
931 3656 1169 3728 Literis
1213 3669 1442 3727 autem
1484 3656 1782 3727 addebat
1827 3658 2169 3736 animum,
2225 3655 2588 3758 epistolam
2646 3661 2774 3726 Do—

205 3745 381 3814 mini
418 3747 744 3816 revocans
794 3746 862 3813 in
903 3745 1332 3826 memoriam,
1372 3758 1438 3815 et
1471 3768 1728 3825 veram,
1773 3767 1951 3832 quae
1997 3757 2100 3816 est
2146 3745 2215 3813 in
2271 3766 2422 3835 ipsa
2471 3743 2765 3835 prolata,

202 3835 639 3915 sententiam,
684 3855 808 3924 per
837 3854 1044 3922 quam
1096 3833 1353 3905 dicitur
1382 3846 1449 3905 et
1476 3834 1784 3905 creditur
1828 3832 1993 3916 fore,
2032 3844 2111 3904 ut
2149 3845 2592 3905 conservetur
2631 3853 2769 3902 non

201 3923 472 4014 direpta
508 3923 776 3992 civitas,

290 4013 327 4098 ξ
375 4016 527 4083 16.
607 4016 850 4081 Persae
914 4022 1143 4081 autem
1205 4031 1364 4080 cum
1414 4022 1651 4102 aperta
1709 4012 2066 4081 invasione
2125 4010 2433 4081 occultas
2494 4030 2770 4096 quoque

204 4099 673 4170 moliebantur
719 4098 1047 4187 insidias.
1089 4105 1168 4170 Et
1214 4122 1373 4169 cum
1431 4099 1669 4190 procul
1728 4101 2118 4191 coepissent
2182 4098 2414 4168 fodere
2443 4152 2458 4179 ,
2513 4098 2774 4187 cogita—

200 4190 371 4258 bant
420 4211 544 4279 per
572 4189 939 4259 cuniculos
986 4187 1259 4277 ingredi
1306 4188 1680 4258 civitatem.
1734 4192 1899 4258 Cum
1941 4209 2099 4257 vero
2152 4186 2442 4278 perinde
2489 4208 2569 4256 ae
2615 4186 2773 4275 qui-

200 4278 361 4346 dam
393 4279 786 4348 urinatores
832 4279 1180 4348 subterra
1212 4291 1439 4347 essent
1488 4278 1670 4347 intra
1721 4298 1980 4357 muros,
2036 4297 2118 4345 ex
2174 4275 2292 4345 tali
2335 4297 2547 4346 causa
2601 4296 2772 4345 con-

202 4369 248 4434 ti
302 4366 377 4447 it,
432 4380 508 4436 ut
542 4365 947 4437 manifestae
980 4366 1223 4437 fierent
1267 4365 1563 4435 insidiae
1611 4365 1699 4435 iis
1746 4366 1867 4452 qui
1914 4378 2113 4435 erant
2151 4365 2335 4435 intra
2381 4365 2652 4435 urbem.
2690 4369 2771 4435 In

200 4389 318 4524 ilfa
356 4457 544 4524 enim
595 4455 793 4526 urbis
842 4468 1030 4545 parte
1077 4455 1434 4526 habitabat
1507 4453 1701 4523 faber
1746 4454 1925 4524 aeris
1981 4455 2164 4525 intra
2233 4475 2509 4536 muroS,
2561 4455 2765 4546 cujus
