3308 5004
713 316 847 382 tm
1219 389 1226 399 ‚
1610 328 1700 381 nt
1739 333 1798 381 s.
1850 331 2154 381 namurco
2868 311 3039 378 MJC.
3081 308 3120 376 t

615 418 1009 490 institutum
1057 414 1417 488 obscurari
1450 416 1751 488 omnino
1799 416 2043 499 noluit,
2096 415 2306 505 idq-ue
2349 416 2420 486 in
2469 436 2602 488 sua·
2637 413 2892 507 Regula
2935 414 3123 485 scribi

614 506 990 588 mandavit,
1044 505 1294 576 Scribit
1324 506 1428 576 vir
1461 505 1792 596 prudens,
1849 529 1882 578 s
1935 504 2091 578 inas
2138 527 2375 576 semen
2425 504 2495 574 in
2548 504 2734 595 ipsas
2764 504 3120 592 conjectum

614 596 977 674 suffocare.
1029 597 1268 696 Itaque
1329 616 1414 664 ne
1475 616 1795 687 pungens
1913 595 2261 665 ivitiarum
2327 593 2738 674 solicitudo,
2783 606 2855 662 et·
2897 592 3128 693 auxius

616 706 848 755 rerum
915 683 1291 754 labentium
1356 704 1597 765 amor,
1626 684 2039 755 *sanctitatis
2096 683 2400 754 fructum
2450 681 3128 773 aut=praedicanon1s

615 795 852 845 semen
900 795 989 863 op
1044 772 1342 853 rimeret‚
1400 785 1871 862 paupertatem
1923 772 2432 863 Evangelicam,
2466 794 2666 861 quae,
2712 771 2956 871 rejecta
2984 768 3132 868 soli-

613 861 945 943 citudine,
1030 883 1069 930 e
1104 861 1409 931 crastino
1449 882 1584 930 non
1617 861 1892 952 cogitat,
1928 861 2290 951 amplexus
2315 871 2440 943 est,
2482 860 2962 947 mandavltque
2986 858 3132 926 filiis

614 949 1192 1042 amplectendam.
1267 954 1439 1019 Dum
1500 949 1689 1020 enim
1751 950 2252 1041 temporalibus
2321 949 2653 1020 curandis
2720 948 2877 1041 plus
2937 967 3135 1033 aequo

614 1039 1068 1120 incumbitur,
1108 1039 1336 1109 minor
1365 1038 1661 1109 habetur
1686 1061 1864 1109 eura¹
1898 1039 2346 1130 spiritalium,
2402 1052 2469 1109 et
2505 1038 2918 1128 plerumque
2965 1056 3137 1126 prae-

614 1128 896 1200 dicandi
962 1127 1425 1198 ministerium
1476 1128 1838 1198 omittitur.
1906 1131 2134 1220 Longe
2192 1127 2321 1198 hoc
2378 1126 2600 1199 abfuit
2658 1150 2701 1197 a
2766 1124 3137 1197 beatissimo

618 1230 809 1309 patre
847 1229 1084 1289 nostro
1122 1216 1478 1286 Dominico
1509 1271 1524 1297 ,
1577 1217 1698 1304 qui
1748 1238 2111 1305 nunquam
2161 1216 2294 1288 sibi
2332 1238 2549 1287 curae
2593 1238 2748 1287 esse
2791 1214 3010 1286 ,voluit
3045 1232 3140 1280 res

614 1306 1110 1397 temporarias:
1165 1305 1281 1377 sed
1334 1317 1611 1396 propter
1659 1305 2004 1376 Christum
2054 1316 2119 1375 et
2167 1304 2640 1396 Evangelium,
2687 1300 3140 1375 omnia-detri-

617 1408 929 1466 mentum
980 1394 1158 1474 fecit,
1205 1405 1275 1463 et
1309 1406 1386 1464 ut
1436 1406 1735 1465 stercora
1784 1394 2145 1484 reputavit,
2204 1394 2453 1466 Christi
2502 1394 2743 1485 inopia
2782 1393 2970 1463 dives
3001 1391 3143 1461 effe·

614 1498 792 1556 ctus.
831 1483 1186 1554 Gaudebat
1222 1481 1338 1552 ille
1384 1482 1619 1574 inopia
1651 1497 1716 1554 et
1760 1484 2051 1573 penuria
2091 1482 2382 1554 fratrum
2418 1483 2604 1553 haud
2660 1504 2904 1555 secus,
2957 1492 3144 1566 atque

615 1572 854 1643 laetari
917 1571 1135 1643 solent
1205 1571 1520 1643 homines
1593 1571 1932 1643 mundani
1997 1594 2231 1643 rerum
2298 1572 2675 1643 affluentia.
2752 1569 3142 1646 Exultabat,

613 1660 893 1748 quando
928 1661 1387 1731 nunciabatur
1440 1661 1502 1731 ei
1543 1683 1859 1731 annonae
1905 1661 2213 1731 defectus
2243 1715 2258 1742 ,
2313 1661 2624 1731 nuditate
2664 1660 3142 1731 delectabatur.

614 1749 784 1820 Inde
835 1748 1293 1840 proculdubio
1352 1749 1682 1820 existebat
1741 1750 1809 1819 in
1870 1751 2104 1819 animo
2159 1751 2311 1840 ejus
2365 1750 2744 1823 abundans
2808 1748 3048 1841 gratia,
3090 1756 3150 1814 et

615 1838 919 1909 charitas
968 1859 1101 1907 non
1153 1837 1331 1909 ficta.
1404 1838 1814 1926 Plerumque
1862 1850 2027 1910 tunc
2074 1837 2318 1909 fratres
2366 1838 2603 1930 inopia
2673 1838 2943 1930 pressi,
3001 1849 3148 1934 cum

614 1939 852 1997 sancto
903 1940 1090 2018 patre
1150 1927 1476 1997 bibebant
1535 1948 1785 2015 aquam
1823 1982 1840 2008 ,
1897 1927 2306 2015 modicoque
2366 1927 2523 1999 cibo
2587 1927 2945 1999 contenti.
3005 1924 3151 1994 laeti

621 2016 909 2086 Domino
969 2016 1226 2106 gratias
1285 2017 1603 2106 agebant.
1670 2017 1952 2086 Animae
2011 2017 2200 2086 enim
2266 2015 2542 2086 illorum
2605 2017 2796 2087 sicut
2856 2015 3055 2104 adipe
3094 2021 3154 2080 et

619 2104 1038 2196 pinguedine
1076 2105 1362 2174 caelitus
1397 2127 1467 2175 re
1522 2105 1861 2176 lebantur.
1903 2110 2081 2175 Haec
2121 2102 2418 2195 profecto
2452 2116 2731 2196 patrum
2772 2117 3154 2176 nostrorum

616 2193 777 2273 vita,
820 2192 1142 2284 perfectio
1190 2199 1461 2285 Evange
1493 2195 1598 2264 ica
1635 2194 1810 2264 fuit:
1865 2216 1990 2264 nos
2038 2208 2265 2264 autem
2321 2195 2456 2264 vita
2497 2194 2805 2264 vivimus
2857 2204 3150 2269 tantum,

615 2294 681 2352 et
728 2304 861 2351 non
911 2283 1040 2352 erit
1097 2281 1228 2352 tale
1287 2304 1536 2353 nomen
1603 2297 1940 2353 nostrum.
1996 2283 2443 2353 Beatissimus
2504 2288 2708 2353 Pater
2771 2281 3160 2353 Dominicus

617 2392 751 2442 non
785 2371 994 2441 semel
1021 2371 1318 2441 ostiatim
1350 2373 1580 2462 petivit
1611 2371 2144 2462 eleemosynam,
2181 2394 2303 2441 nec
2335 2372 2706 2443 recusabat
2741 2374 2850 2442 vir
2883 2367 3160 2441 humilis

620 2471 1008 2551 porrectum
1046 2460 1178 2531 sibi
1206 2482 1328 2552 pro
1362 2461 1921 2533 Christinomine
1954 2483 2198 2553 panem
2231 2463 2450 2533 instar
2486 2461 2802 2532 mendici
2833 2460 2980 2533 acci
3034 2479 3159 2529 ere.

618 2553 719 2620 Im
818 2549 1023 2621 llebat
1060 2572 1216 2620 vero
1249 2573 1405 2620 eum
1458 2552 1541 2621 ad
1594 2552 1724 2621 hoc
1774 2572 1908 2621 non
1962 2551 2309 2642 cupiditas
2343 2564 2463 2621 aut
2498 2564 2783 2651 egestas
2813 2606 2830 2633 ,
2889 2573 2962 2621 se
3050 2549 3167 2617 hu·

618 2638 714 2708 mi
747 2639 877 2711 itas
911 2653 976 2709 et
1012 2640 1340 2711 charitas.
1385 2640 1812 2727 Quandoque
1839 2640 1943 2711 sic
1998 2639 2417 2710 mendicanti
2455 2639 2759 2727 quidam
2823 2642 3168 2731 integrum

664 2749 864 2797 anem
901 2727 1111 2809 dedit,
1157 2750 1362 2815 quem
1403 2728 1553 2809 ille,
1600 2729 1795 2797 flexis
1894 2728 2166 2810 enibus,
2210 2751 2372 2799 cum
2425 2728 2649 2799 multa
2701 2729 3072 2800 devotione
3110 2737 3171 2794 et

664 2816 1026 2896 umilitate,
1062 2837 1190 2886 ceu
1234 2838 1490 2888 munus
1520 2840 1560 2887 a
1596 2822 1727 2887 Deo
1755 2816 1844 2888 ob
1874 2828 2091 2898 atum,
2137 2818 2412 2908 recepit.

705 2909 897 2973 Limia
947 2909 1050 2974 lv.
1104 2906 1142 2993 ξ
1186 2911 1264 2978 1.
1317 2910 1506 2975 Anno
1560 2904 1954 2975 Dominicae
2009 2905 2509 2976 incarnationis
2555 2927 2777 2978 mccxx
2829 2930 2870 2977 a
2927 2904 3176 2977 contir-

615 2993 916 3062 matione
963 2993 1260 3062 instituti
1320 2993 1751 3064 Dominicani
1805 3005 2090 3080 quarto,
2156 3015 2396 3063 servus
2445 2995 2705 3068 Christi
2773 2995 3176 3068 Dominicus

614 3102 738 3171 pro
784 3080 1093 3171 ejusdem
1138 3082 1437 3152 instituti
1486 3082 1628 3151 sive
1676 3080 1952 3152 Ordinis
1996 3082 2510 3153 conservatione
2549 3084 2900 3168 decrevit,
2955 3098 3033 3155 ut
3067 3088 3177 3154 Ca-

665 3167 831 3238 itula
867 3169 1213 3260 generalia
1242 3170 1375 3259 (sic
1404 3171 1589 3240 enim
1624 3175 2008 3241 Conventus
2051 3183 2323 3261 patrum
2371 3171 2687 3245 celebres
2725 3174 3016 3265 vocant)
3061 3173 3178 3242 ha-

702 3272 959 3328 rentur.
1012 3261 1375 3348 Acceperat
1420 3260 1604 3328 enim
1670 3281 1709 3328 a
1758 3258 1926 3329 Sede
1975 3261 2358 3349 Apostolica
2424 3260 2710 3351 plenam
2772 3276 3182 3355 potestatem

618 3344 705 3416 de
746 3358 881 3416 toto
913 3346 1167 3417 Ordine
1196 3347 1635 3437 disponendi,
1689 3348 2178 3429 constituendi,
2230 3361 2296 3420 et
2333 3350 2771 3442 corrigendi.
2830 3349 3183 3423 Mandavit

611 3454 774 3535 ergo
813 3436 958 3524 ipse
998 3436 1265 3525 primus
1296 3437 1573 3506 Ordinis
1604 3436 1947 3537 generalis
1979 3437 2320 3527 Magister,
2358 3439 2669 3529 inclytus
2709 3456 2921 3533 pater
2958 3440 3186 3512 Domi-

616 3544 813 3592 nicus
849 3545 968 3613 per
1015 3524 1266 3605 literas,
1305 3539 1380 3597 ut
1411 3530 1672 3597 Lutetia
1704 3538 2002 3614 quatuor
2033 3525 2277 3598 fratres
2312 3529 2762 3602 mitterentur
2793 3531 3184 3602 Bononiam

613 3612 702 3682 ob
739 3612 1227 3683 celebrandum
1276 3615 1667 3706 Capitulum
1702 3614 2043 3706 generale.
2098 3617 2346 3687 Missus
2392 3627 2495 3688 est
2526 3640 2700 3709 ergo
2755 3618 3187 3693 venerabilis

612 3700 820 3772 frater
875 3702 1221 3772 Jordanus
1283 3709 1489 3773 Teuto
1544 3726 1702 3775 cum
1770 3704 1926 3775 aliis
1981 3704 2227 3777 tribus.
2282 3711 2372 3775 Eo
2439 3719 2755 3798 tempore
2822 3710 3189 3781 Jordanus

612 3790 909 3861 necdum
940 3804 1072 3863 tres
1104 3814 1371 3863 menses
1397 3791 1642 3864 fecerat
1674 3793 1741 3862 in
1771 3793 1889 3862 illo
1920 3793 2270 3864 instituto:
2306 3794 2424 3865 sed
2451 3809 2597 3865 erat
2621 3800 2872 3886 gratia
2901 3800 3183 3891 plenus,

610 3890 674 3948 et
706 3879 791 3950 ad
824 3901 1028 3950 omne
1065 3903 1243 3983 opus
1282 3883 1538 3952 bonum
1588 3895 1872 3972 paratus
1917 3895 1983 3951 et
2022 3882 2338 3953 idoneus.
2383 3888 2461 3953 In
2499 3884 2627 3955 hoc
2665 3889 3012 3978 Capitulo
3046 3887 3191 3956 sive

609 3972 978 4051 Conventu,
1012 3993 1127 4039 eui
1161 3970 1400 4041 beatus
1431 3971 1829 4041 Dominicus
1867 3971 2229 4061 praesedit,
2259 3972 2549 4043 consilio
2583 3977 2841 4048 Sancti
2881 3977 3197 4071 Spiritus

606 4068 672 4126 et
702 4057 1075 4129 illustrium
1130 4060 1455 4139 virorum,
1494 4082 1670 4148 quos
1699 4060 2057 4142 acciverat,
2112 4061 2322 4152 hujus
2369 4061 2646 4131 Ordinis
2702 4066 2818 4135 vel
2877 4065 3195 4137 instituti

609 4143 826 4216 locata
858 4159 1022 4218 sunt
1061 4147 1530 4219 fundamenta.
1567 4149 1669 4219 Ibi
1708 4160 2075 4240 paupertas
2110 4151 2511 4241 Evangelica
2555 4152 2973 4241 primarius
3007 4154 3199 4248 lapis

610 4231 761 4303 fuit.
816 4236 1221 4326 Abjecerunt
1285 4239 1469 4308 enim
1519 4250 1773 4308 statuto
1836 4253 2164 4329 perpetuo
2229 4241 2703 4330 possessiones
2771 4257 2847 4316 et
2911 4246 3196 4320 redit-us

612 4326 1098 4413 temporarios,
1150 4326 1354 4396 etiam
1405 4326 1544 4396 illis
1608 4327 2125 4409 renuntiantes,
2177 4351 2354 4416 quae
2406 4329 2590 4420 apud
2658 4333 3017 4408 Tolosam
3070 4334 3202 4406 ha-

611 4410 935 4492 buerant,
992 4427 1457 4506 paupertatem
1508 4415 1756 4487 Christi
1802 4417 2293 4508 Aegyptiorum
2350 4416 2608 4490 divitiis
2661 4424 3197 4510 praeferentes.
