3308 5004
560 3540 573 3555 ⁸
670 3528 791 3598 red

762 320 890 386 598
1334 334 1415 382 nx
1461 334 1517 381 s.
1570 333 1870 383 Atmoxno
1915 332 2116 382 msc.
2169 332 2535 383 aomone.
2909 315 3120 383 Ano.
3172 319 3238 383 24

670 421 999 493 adversus
1097 429 1397 489 arentem
1446 430 1810 499 exerceret,
1862 430 1932 488 at
1977 417 2094 488 ille
2142 429 2372 489 tamen
2404 417 2665 488 monita
2707 417 2866 519 eJus
2900 419 3240 490 salutaria

675 511 920 581 audire
971 530 1054 578 no
1088 509 1211 579 uit.
1251 506 1379 577 Sed
1430 529 1567 578 non
1599 507 1816 577 multo
1864 518 2082 597 posta
2123 511 2681 598 DeopercussuS,
2732 507 3240 598 impiissimam

676 600 980 670 animam
1029 596 1392 676 exhalavit,
1444 595 2036 684 quemadmodum
2083 597 2146 666 ei
2179 595 2284 666 vir
2334 596 2447 666 Dei
2480 607 2637 666 ante
2680 596 3168 687 praedixerat.

765 696 804 771 ἓ
850 689 999 760 81.
1052 691 1211 757 Orta
1258 696 1488 755 autem
1541 684 1894 756 discordia
1939 685 2120 755 inter
2173 689 2471 756 Francos
2525 698 2593 755 et
2636 687 3098 768 austrasios»,
3156 687 3240 754 νὴ

675 778 916 848 beatus
961 772 1485 864 componendae
1532 774 1726 864 pacis
1771 776 1985 845 causa
2023 773 2376 844 Coloniam
2428 774 2632 844 venit.
2673 774 2802 845 Ubi
2852 797 3036 846 cum
3079 798 3238 845 mar-

676 879 902 957 tyrum
955 874 1405 934 monumenta
1480 862 1967 952 perlustraret,
2018 875 2225 951 atque
2272 884 2402 934 suo
2451 884 2640 934 more
2717 863 3108 952 Reliquias
3179 888 3239 934 ex

671 977 910 1025 eorum
961 951 1434 1023 monumentis
1482 952 1770 1034 ablataS,
1828 974 2060 1021 secum
2114 973 2367 1043 magno
2415 974 2576 1023 cum
2628 952 2896 1022 honore
2948 954 3236 1044 abspor-

675 1056 866 1125 taret,
918 1041 1202 1112 obvium
1236 1040 1479 1111 habuit
1520 1053 1792 1111 mutum
1827 1040 2226 1128 quemdam,
2277 1041 2399 1128 qui
2451 1041 2600 1131 jam
2649 1041 2857 1111 annis
2915 1043 3234 1113 undecim

672 1132 948 1203 nullum
996 1130 1326 1218 cuiquam
1375 1130 1665 1200 verbum
1735 1129 2045 1201 fudisset.
2106 1130 2422 1200 Permisit
2469 1143 2698 1200 autem
2751 1132 3122 1202 Dominus
3169 1146 3238 1202 tot

670 1221 876 1292 annis
926 1219 1125 1290 illum
1175 1220 1276 1288 sic
1325 1240 1730 1310 permanere
1786 1220 1857 1288 in
1925 1218 2169 1288 famuli
2225 1219 2334 1289 sui
2383 1218 2692 1289 Audoeni
2739 1217 3134 1300 honorem,
3184 1237 3235 1288 ut

671 1332 795 1411 per
839 1331 998 1378 eum
1031 1308 1322 1378 facultas
1354 1309 1417 1377 ei
1467 1306 1792 1395 loquendi
1842 1308 2336 1389 restitueretur,
2388 1307 2608 1378 etdiu
2657 1320 2899 1378 tacens
2975 1309 3231 1400 lingua,

671 1421 743 1467 in
796 1397 1045 1467 Christi
1093 1396 1334 1467 laudes
1359 1408 1775 1487 erumperet.
1830 1395 2126 1487 Illiergo
2154 1410 2344 1466 muto
2374 1396 2479 1466 vir
2515 1396 2628 1466 Dei
2677 1396 2975 1486 signum
3017 1401 3234 1468 Crucis

671 1486 1069 1577 impressit,
1122 1497 1332 1576 caput
1406 1486 1558 1576 ejus
1605 1485 2077 1576 consignans:
2152 1507 2446 1573 moxque
2507 1484 2737 1555 locuta
2781 1498 2894 1555 est
2948 1485 3232 1579 lingua.

675 1574 918 1645 tandiu
968 1588 1219 1644 tacens.
1258 1579 1429 1644 Tum
1461 1596 1619 1644 vero
1671 1575 1846 1644 inter
1892 1573 2246 1644 discordes
2289 1573 2582 1663 populos
2626 1574 3035 1671 instaurato
3070 1579 3233 1665 pacis

671 1664 963 1746 foedere,
999 1663 1161 1732 inde
1208 1663 1571 1734 discedens
1618 1664 1691 1732 in
1741 1663 2154 1743 Neustriam‚
2225 1662 2611 1732 virdunum
2669 1665 3029 1752 pervenit.
3089 1670 3229 1735 Cum

673 1767 903 1823 autem
955 1753 1025 1821 in
1075 1752 1228 1840 ejus
1261 1753 1458 1824 urbis
1506 1749 1871 1822 ecclesiam
1902 1751 2400 1841 ingrederetur,
2436 1750 2692 1821 mulier
2727 1753 3060 1838 quadam
3099 1754 3227 1822 dae-

671 1842 991 1912 moniaca
1059 1841 1282 1910 vexari
1332 1842 1555 1932 coepit
1612 1839 2135 1910 miserabiliter:
2203 1839 2665 1928 frendensque
2729 1841 3128 1922 dentibus,
3178 1845 3223 1910 in

672 1931 902 2000 virum
952 1929 1067 1998 Dei
1115 1928 1360 2020 rapido
1390 1951 1601 1999 cursu
1651 1929 2125 1999 invehebatur.
2176 1933 2253 1998 At
2305 1929 2409 1999 vir
2455 1929 2696 1999 beatus
2757 1952 2990 1999 manu
3047 1945 3226 2019 caput

672 2019 825 2109 ejus
860 2019 1229 2108 stringens,
1263 2017 1422 2087 ilico
1470 2018 1876 2088 daemonem
1916 2018 2136 2107 ejecit,
2169 2041 2551 2106 sanamque
2586 2017 2776 2087 illam
2825 2021 3221 2106 parentibus

676 2106 999 2178 reddidit.
1056 2107 1222 2177 Inde
1268 2106 1352 2176 ad
1435 2107 1768 2197 palatium
1836 2108 2166 2187 veniens,
2220 2128 2399 2194 quae
2444 2107 2529 2177 de
2576 2105 3032 2177 conficienda
3091 2129 3224 2199 pace

673 2218 998 2288 prospere
1046 2197 1391 2287 gessisset,
1447 2207 1698 2266 cuncta
1745 2196 2129 2287 explicavit.
2186 2196 2313 2265 Sed
2357 2196 2504 2284 jam
2555 2208 2832 2284 tempus
2871 2211 3012 2276 est,
3059 2197 3220 2267 'utde

676 2285 1158 2377 pretiosissimi
1208 2284 1335 2355 viri
1382 2285 1576 2355 obitu
1606 2284 1920 2354 calamus
1969 2295 2201 2355 noster
2244 2284 2582 2372 quaedam
2634 2297 2949 2356 annotet.

760 2377 796 2533 ἓ
842 2378 1005 2446 82.
1058 2374 1532 2464 Annoigitur
1588 2373 2048 2443 decimosexto
2093 2373 2127 2408 ⁴*
2181 2374 2373 2464 regni
2443 2373 2847 2443 ‘theodorici
2903 2379 3121 2465 Regis
3175 2391 3216 2442 et

674 2463 766 2535 Ch
800 2463 1095 2534 odoildis
1128 2469 1222 2535 Re
1276 2463 1466 2543 inae,
1522 2485 1629 2533 res
1680 2462 1915 2553 palatii
1964 2461 2490 2535 administrante
2540 2467 2937 2534 Warattone
2997 2465 3218 2535 subre-

673 2553 861 2643 gulO,
916 2553 1100 2643 apud
1139 2553 1226 2621 vil
1261 2575 1369 2622 am
1424 2553 1853 2643 Clypiacum‚
1909 2553 2027 2622 ubi
2078 2563 2225 2621 turn
2268 2554 2371 2622 vir
2409 2553 2650 2623 beatus
2695 2552 2781 2621 de
2833 2575 3015 2642 pace
3073 2555 3220 2622 inter

672 2647 1091 2712 Francorum
1129 2640 1422 2732 populos
1470 2642 1844 2711 constituta
1876 2641 2214 2711 nuncium
2267 2641 2608 2720 attulerat,
2656 2639 2804 2727 jam
2861 2641 3222 2733 longaevae

671 2732 911 2801 aetatis
951 2730 1141 2800 senio
1190 2729 1566 2810 consectus,
1604 2730 1675 2799 in
1717 2732 2036 2800 morbum
2088 2730 2356 2800 incidit.
2392 2729 3020 2821 Appropinquabat
3051 2733 3224 2799 enim

672 2819 820 2890 dies
846 2832 1142 2909 optatuS,
1179 2841 1314 2906 quo
1363 2819 1687 2910 cupiebat
1720 2818 2028 2902 dissolvi,
2075 2832 2138 2889 et
2164 2841 2314 2889 esse
2356 2840 2516 2888 cum
2550 2818 2861 2888 Christo:
2920 2824 3227 2907 terraque
3279 2868 3280 2903 2

671 2908 934 2988 relicta,
992 2921 1347 2997 penetrare
1396 2909 1645 2986 coelos,
1682 2921 1748 2977 et
1789 2907 2016 2977 videre
2055 2908 2204 2998 jam
2253 2907 2424 2977 facie
2470 2907 2556 2976 ad
2593 2906 2870 2987 faciem,
2921 2908 3104 2995 quod
3159 2910 3222 2977 in
3279 2922 3280 2925 ’

670 2997 1056 3086 aenigmate
1099 2996 1523 3087 jampridem
1575 2997 1879 3067 vidisset.
1917 3001 2223 3084 Cumque
2267 2996 2574 3067 febribus
2621 3018 2884 3087 corpus
2918 3009 3228 3065 attenua·

670 3097 880 3164 retur,
920 3097 985 3154 et
1030 3085 1293 3155 obitum
1330 3108 1535 3155 suum
1567 3086 1714 3174 jam
1756 3086 2142 3165 imminere,
2173 3097 2504 3166 cerneret,
2551 3085 2959 3155 obsecrabat
3000 3086 3229 3154 Domi·

673 3196 869 3252 num,
909 3185 989 3243 ut
1034 3196 1197 3244 suas
1230 3195 1389 3244 oves
1424 3174 1670 3244 idoneo
1708 3174 1962 3263 pastori
1992 3174 2419 3244 committere
2460 3173 2894 3264 dignaretur.
2932 3174 3228 3262 Denique

668 3261 1075 3332 hortabatur
1124 3268 1399 3353 Regem,
1456 3275 1533 3334 ut
1566 3263 1888 3333 Abbatem
1939 3263 2354 3334 Ansbertum
2405 3262 2536 3332 sibi
2587 3263 2840 3332 faceret
2882 3284 3226 3334 successo-

668 3372 853 3422 rem:
907 3352 1090 3439 quod
1140 3364 1206 3421 et
1252 3351 1509 3421 sactum
1556 3364 1681 3421 est.
1716 3357 2066 3421 Postremo
2115 3352 2291 3421 fusis
2326 3351 2408 3421 ad
2455 3351 2821 3420 Dominum
2880 3354 3225 3441 precibus

672 3461 949 3598 gregem
985 3441 1116 3511 sibi
1166 3440 1507 3511 creditum
1546 3440 1647 3510 illi
1681 3441 1918 3510 devote
1950 3440 2481 3520 commendavit,
2522 3452 2725 3527 atque
2758 3439 2857 3507 ita
2905 3442 3228 3529 spiritum

849 3529 972 3603 idit
1020 3532 1086 3600 in
1141 3552 1394 3598 manus
1460 3530 1840 3609 Creatoris,
1912 3529 2325 3601 coelestibus
2373 3529 2602 3598 choris
2649 3529 3084 3600 sociandum
3114 3584 3133 3611 ,
3182 3544 3230 3598 et

672 3616 891 3708 gloria
927 3618 1347 3720 sempiterna
1402 3618 1700 3707 paradisi
1751 3618 2152 3687 fruiturum.
2200 3618 2393 3688 Rexit
2440 3630 2666 3687 autem
2718 3617 3230 3710 Rothomagen·

672 3730 814 3777 sem
864 3708 1221 3778 ecclesiam
1274 3729 1495 3776 annos
1533 3706 1995 3796 quadraginta
2043 3720 2108 3776 et
2141 3720 2301 3787 treS,
2360 3726 2630 3779 menses
2682 3717 2858 3783 tres,
2916 3706 3081 3778 dies
3130 3709 3232 3778 de·

670 3819 846 3866 cem.
901 3797 1417 3885 Nonagenarius
1453 3796 1773 3887 migravit
1805 3795 1890 3864 ad
1927 3795 2299 3865 Dominum
2345 3816 2524 3865 nono
2552 3793 2888 3863 Calendas
2922 3800 3230 3886 Septem·

671 3885 837 3965 b'riS,
891 3885 1002 3953 die
1038 3886 1414 3965 Dominico,
1468 3906 1651 3955 anno
1702 3886 1788 3955 ab
1839 3884 2312 3954 incarnatione
2347 3884 2594 3954 Christi
2628 3886 3148 3958 sexcentesimo
3178 3888 3230 3914 ⁸⁸

674 3974 1261 4063 septuagesimose
1317 3975 1507 4043 timo.

761 4065 795 4219 ἢ
841 4067 1005 4134 88.
1060 3997 1453 4153 Compl'etur
1511 4058 1769 4132 interea
1819 4060 2010 4132 luctu
2060 4060 2324 4152 ingenti
2391 4057 2642 4130 domus
2716 4060 2954 4150 regia,
3016 4066 3229 4133 omnis

676 4173 763 4240 pa
795 4152 981 4221 atina
1013 4151 1315 4242 dignitas
1354 4162 1629 4230 moeret,
1672 4151 1898 4221 omnis
1946 4150 2340 4220 sublimitas
2399 4148 2830 4228 humiliatur,
2892 4151 3229 4238 gaudium

675 4260 877 4310 omne
926 4240 993 4310 in
1040 4240 1419 4311 lamentum
1488 4240 1813 4319 vertitur,
1871 4238 2056 4309 risus
2105 4239 2334 4308 omnis
2399 4237 2831 4317 excluditur,
2887 4238 3230 4334 plangunt

727 4404 750 4427 ¹·
780 4403 1047 4451 negendam
1068 4403 1368 4450 arbitramur.
1387 4408 1517 4447 recta
1536 4401 1868 4453 chronologis:
1890 4401 2232 4444 decimotertio.

727 4456 779 4481 *¹*
808 4457 1239 4505 Auschronysmum
1258 4459 1391 4498 deme
1413 4457 1632 4506 legendo:
1654 4456 1941 4509 octogesimo
1962 4460 2145 4507 quarto.
