3308 5004
628 326 756 392 264
1203 342 1280 389 nn
1327 342 1382 390 s.
1438 339 1791 390 eme-‚mco
1839 336 2153 390 eunuc.
2206 338 2404 389 rrtsc.
2748 322 2934 390 AUG.
2992 324 3063 388 tt

535 436 615 497 ut
658 427 988 528 deinceps
1032 426 1466 498 emendatius
1510 425 1836 507 viverent,
1881 424 1967 494 ad
2003 446 2130 495 sua
2158 444 2505 513 quemque
2544 423 2798 496 liberos
2834 426 3075 497 reverti

586 527 879 586 ermtstt.

537 537 583 606 p
623 606 660 692 ξ
708 609 801 676 θ.
857 605 1313 674 Confirmatus
1364 624 1564 694 porro
1612 602 1682 672 in
1734 602 1895 674 sede
1943 623 2093 683 sua,
2156 601 2371 672 sacris
2420 600 2760 673 habendis
2800 603 3076 674 concio-

536 692 746 763 nibus
791 691 998 764 dabat
1045 714 1349 785 operam,
1389 713 1513 762 nec
1545 690 1750 762 modo
1831 691 2064 763 luebat
2094 688 2341 770 verbis,
2383 689 2502 760 sed
2533 691 2738 762 etiam
2766 691 3074 763 miracu·-

535 780 623 851 lis
669 783 1096 854 coruscabat.
1150 787 1457 869 Cumque
1505 802 1628 871 pro
1677 784 1771 850 Ga
1805 780 2056 851 liarum
2091 779 2591 852 consuetudine
2630 780 2957 864 Litaniae,
2999 780 3073 852 id

535 882 658 952 est,
712 869 1255 961 supplicationes
1304 868 1407 939 vel
1457 868 1871 959 Rogationes
1919 867 2242 939 triduano
2289 881 2631 940 conventu
2663 869 2927 950 fierent,
2968 883 3076 940 at-

537 979 671 1046 que
719 959 822 1028 vir
868 971 1151 1030 sanctus
1200 957 1634 1029 veneratione
1683 957 2090 1049 plenissima
2127 955 2442 1046 jejuniiS,
2494 957 2951 1048 eleemosynis
3005 971 3077 1030 et

536 1046 943 1137 psalmodiis
990 1069 1107 1118 eas
1145 1047 1499 1127 excoleret,
1538 1059 1744 1135 atque
1782 1046 2107 1118 basilicas
2140 1067 2302 1116 cum
2342 1067 2469 1117 suo
2510 1046 2698 1116 Clero
2734 1047 3071 1137 psallente

534 1148 598 1206 et
646 1140 894 1207 Cruces
940 1136 1305 1219 deferente,
1360 1133 1576 1206 multo
1629 1135 1884 1227 populo
1932 1146 2407 1225 prosequente,
2461 1135 2767 1207 visitaret
2811 1157 2890 1205 ac
2935 1135 3074 1207 cir-

535 1225 852 1306 cumiret,
904 1226 1191 1315 contigit
1238 1246 1397 1295 eum
1448 1224 1740 1296 transire
1787 1224 2006 1295 obiter
2052 1245 2421 1306 carcerem,
2473 1223 2545 1294 in
2592 1245 2730 1325 quo
2772 1237 2906 1295 tres
2941 1224 3076 1295 viri

536 1314 968 1395 tenebantur,
1011 1315 1220 1405 jussu
1268 1312 1681 1384 Walacharii
1729 1312 2038 1394 Tribuni,
2090 1311 2391 1384 vinculis
2436 1312 2795 1404 implicati.
2860 1313 3075 1385 Solita

535 1401 750 1493 igitur
777 1402 1202 1472 humanitate
1233 1402 1511 1472 tribuno
1548 1402 1886 1492 praesenti
1922 1401 2271 1492 supplices
2298 1400 2548 1471 obtulit
2579 1423 2814 1492 preces
2840 1414 2913 1472 ut
2939 1402 3074 1471 mi—

536 1512 725 1561 seros
771 1490 928 1560 illos
975 1491 1109 1582 ipsi
1157 1492 1244 1561 ad
1295 1490 1645 1561 meliorem
1698 1489 1964 1581 frugem
2018 1489 2436 1561 revocandos
2496 1489 2885 1581 largiretur.
2945 1495 3077 1561 Ne-

536 1590 651 1668 gat
685 1578 824 1648 ille.
860 1583 1283 1671 Gaugerlcus
1312 1592 1469 1650 ante
1499 1578 1677 1650 fores
1707 1580 2003 1650 carceris
2036 1579 2516 1669 prosternitur,
2556 1591 2704 1650 orat
2749 1579 3072 1667 aliquan-

535 1667 770 1757 tisper,
802 1680 877 1738 ut
901 1668 1392 1758 omnipotentis
1420 1669 1536 1738 Dei
1562 1668 1823 1739 clemen
1836 1668 1924 1739 tia
1952 1680 2266 1827 graestet,
2292 1667 2476 1754 quod
2490 1668 2705 1758 judex
2727 1667 3077 1758 superbus

530 1768 596 1827 et
644 1755 747 1826 ira
794 1756 1029 1827 ebrius
1077 1769 1369 1828 recusat.
1425 1757 1659 1847 Surgit
1705 1757 1867 1827 inde
1914 1779 1954 1827 a
2029 1756 2358 1837 oratione,
2396 1769 2463 1827 et
2501 1757 2818 1847 protinus
2857 1756 3075 1828 vincti

533 1856 712 1916 nutu
764 1846 1228 1936 praepotentis
1279 1846 1393 1916 Dei
1460 1845 1750 1916 nexibus
1814 1845 1961 1917 suis
2023 1867 2103 1915 ex
2158 1844 2508 1915 ediuntur.
2577 1845 2867 1916 Adhibet
2921 1859 3073 1917 tum

531 1932 675 2003 illis
723 1933 1158 2005 venerandus
1255 1934 1481 2005 raesul
1528 1935 1923 2005 animarum
1973 1955 2081 2004 me
2136 1933 2414 2015 icinam‚
2466 1947 2534 2005 et
2580 1935 2679 2005 sic
2717 1947 2939 2005 mente
2967 1948 3076 2004 at-

533 2042 668 2109 que
713 2042 999 2113 corpore
1044 2024 1211 2093 abso
1243 2035 1420 2106 utos,
1473 2037 1537 2093 et
1584 2037 1661 2092 ut
1710 2023 1992 2113 posthac
2037 2022 2506 2094 emendationi
2534 2023 2710 2094 vitae
2748 2024 3076 2094 studeant

534 2110 948 2192 admonitoS,
988 2112 1075 2181 ad
1112 2112 1390 2203 propria
1423 2112 1730 2182 remittit.

621 2201 658 2356 ῗ
704 2203 780 2269 2.
834 2205 1007 2271 Dum
1060 2200 1160 2272 sic
1211 2201 1421 2301 igitur
1466 2200 1736 2283 crescit,
1779 2212 1845 2271 et
1894 2211 2036 2271 tum
2087 2199 2385 2291 publice,
2424 2211 2571 2270 tum
2612 2201 2928 2292 privatim
2958 2200 3073 2271 di-

533 2309 626 2357 vu
656 2302 861 2379 gatur
907 2289 1086 2360 beati
1134 2289 1460 2360 antistitis
1507 2288 1692 2360 fama
1753 2288 2087 2369 celebriS,
2155 2289 2242 2358 ad
2298 2288 2571 2360 Clotarii
2628 2289 2809 2380 regis
2862 2312 3074 2361 aures

535 2377 885 2469 pertingit.
941 2383 1008 2448 Is
1055 2391 1403 2468 comperta
1432 2378 1582 2468 ejus
1612 2379 1991 2459 sanctitate,
2025 2376 2108 2447 de
2140 2376 2345 2448 domo
2378 2378 2798 2449 aeternitatis
2830 2399 3070 2450 secum

531 2477 985 2556 pertractanS,
1040 2466 1111 2537 in
1160 2467 1689 2540 saluberrimam
1733 2467 1977 2539 incidit
2008 2466 2516 2557 cogitationem,
2551 2479 2629 2538 ut
2664 2489 2783 2558 per
2816 2489 3074 2539 manus

535 2556 704 2626 tanti
755 2557 880 2625 viri
927 2557 1403 2647 eleemosynae
1451 2556 1878 2648 pauperibus
1931 2556 2178 2627 Christi
2240 2555 2844 2627 distribuerentur.
2917 2562 3072 2628 Mox

530 2643 744 2735 igitur
791 2645 987 2717 illum
1031 2645 1233 2733 jubet
1277 2646 1360 2716 ad
1414 2668 1487 2716 se
1536 2646 1843 2736 perduci.
1897 2645 2196 2715 Audiens
2237 2644 2374 2726 ille,
2415 2646 2584 2733 quid
2628 2667 2741 2715 rex
2781 2646 3074 2715 manda-

530 2746 655 2806 ret.
709 2756 867 2804 cum
921 2756 1056 2805 non
1106 2748 1282 2804 esset
1312 2735 1589 2805 nescius
1624 2733 2074 2824 potestatibus
2106 2733 2637 2805 sublimioribus
2669 2736 2908 2825 parere
2940 2755 3076 2804 nos

530 2835 865 2912 oportere,
922 2823 1071 2894 sine
1120 2844 1307 2892 mora
1357 2822 1704 2914 profectus
1750 2837 1853 2894 est
1880 2821 1963 2893 ad
2006 2844 2190 2900 eum,
2235 2834 2302 2892 et
2335 2845 2512 2910 quae
2551 2822 2667 2892 ille
2701 2822 2770 2893 in
2809 2844 3075 2913 paupe-

530 2931 685 2979 rum
734 2933 907 2981 usus
954 2911 1359 2993 contulerat,
1415 2911 1685 2982 liberali
1733 2933 1949 2981 manu
1996 2910 2475 2981 distribuenda
2506 2911 2832 3001 suscepit.
2886 2916 3074 2981 Inte-

529 2997 663 3066 rim
711 2999 898 3088 apud
945 3022 1019 3070 se
1069 3000 1528 3090 perquirebat,
1581 2999 1929 3088 quomodo
1976 3021 2056 3069 ea
2102 2999 2203 3069 sic
2257 3012 2484 3090 posset
2530 2999 2937 3090 expendere,
2991 3013 3076 3072 ut

532 3084 694 3155 inde
741 3087 1118 3158 consolatio
1160 3091 1530 3180 praecipua
1557 3089 1645 3159 ad
1679 3090 1918 3178 inopes
1952 3087 2224 3169 rediret,
2263 3089 2746 3159 convenienter
2777 3089 2878 3159 illi
2910 3111 3074 3159 sen-

534 3174 822 3274 tentiae:
876 3176 1169 3247 Desudet
1197 3177 1634 3267 eleemosyna
1670 3178 1739 3246 in
1778 3199 1991 3248 manu
2023 3189 2160 3258 tua,
2207 3176 2424 3248 donec
2458 3178 2770 3249 invenias
2792 3180 3072 3269 justum

535 3284 650 3332 cui
699 3263 931 3335 tradas
958 3287 1135 3335 eam.
1172 3266 1364 3335 Venit
1395 3270 1623 3336 autem
1658 3266 1759 3336 illi
1790 3266 1860 3336 in
1896 3278 2215 3348 mentem,
2255 3278 2332 3336 ut
2357 3266 2443 3336 ad
2479 3267 2857 3339 beatissimi
2893 3272 3075 3336 Mar-

532 3350 659 3420 tini
713 3351 952 3423 limina
1002 3351 1417 3443 properaret,
1471 3355 1706 3442 ibique
1756 3377 1878 3446 pro
1925 3356 2074 3426 suis
2120 3368 2185 3425 et
2245 3377 2528 3426 suorum
2584 3356 2853 3437 erratiS,
2898 3357 3074 3427 tanti

533 3439 664 3508 viri
713 3440 1324 3514 intervenientibus
1359 3443 1644 3525 meritis,
1685 3445 2054 3515 Dominum
2089 3444 2490 3535 deprecans,
2540 3457 2741 3535 prout
2773 3444 3075 3535 dignum

533 3527 902 3611 videretur,
957 3531 1159 3601 etiam
1209 3533 1281 3601 in
1331 3553 1502 3602 usus
1548 3545 1942 3604 sanctorum
1995 3556 2379 3625 pauperum
2431 3533 2645 3604 daret.
2700 3537 2866 3603 Cum
2906 3554 3076 3624 ergo

531 3615 762 3718 itineri
812 3641 884 3688 se
930 3618 1252 3701 dedisset,
1307 3642 1430 3711 pro
1481 3642 1518 3691 e
1564 3627 1869 3691 Turones
1917 3643 2159 3693 caecus
2206 3622 2489 3710 quidam
2543 3623 2630 3693 tri
2684 3622 2826 3692 inta
2863 3622 3076 3693 annis

531 3703 798 3776 lumine
845 3708 1151 3791 orbatuS,
1205 3721 1280 3779 ut
1326 3732 1418 3779 au
1472 3709 1593 3780 ivit
1639 3715 1711 3779 B.
1751 3714 2204 3801 Gaugerlcum
2248 3712 2563 3793 transire,
2598 3734 2634 3781 c
2665 3710 2921 3782 amavit
2949 3711 3076 3781 ob-

531 3816 833 3878 secranS,
885 3811 963 3868 ut
1011 3819 1131 3889 per
1177 3799 1561 3869 sanctitatis
1596 3800 1749 3890 eJus
1799 3820 2032 3889 preces
2063 3854 2078 3880 ,
2146 3822 2186 3870 a
2239 3799 2380 3871 sole
2425 3799 2741 3887 justitiae
2796 3798 3067 3871 Christo

527 3885 818 3955 Domino
869 3886 1245 3957 illuminari
1290 3900 1687 3959 mereretur.
1741 3893 1978 3976 Itaque
2025 3888 2128 3959 vir
2173 3900 2454 3960 sanctus
2485 3887 2760 3959 divinae
2793 3888 3075 3959 miseri-

528 3973 801 4044 cordiae
846 3975 1227 4058 confidens,
1281 3975 1555 4047 dextera
1601 3999 1728 4047 sua
1774 3978 1996 4049 oculis
2043 3999 2245 4048 caeca
2282 3976 2579 4067 caligine
2618 3977 2740 4048 diu
2777 3978 3060 4068 pressis,

529 4077 804 4133 sanctae
852 4064 1088 4135 Crucis
1137 4065 1413 4156 signum
1466 4066 1860 4157 impressit,
1923 4079 1987 4137 et
2047 4066 2441 4137 caecitatem
2494 4088 2769 4137 omnem
2826 4081 3068 4138 sancta

528 4169 742 4222 manu
791 4152 1091 4224 detersit.
1145 4159 1316 4224 Tum
1364 4176 1610 4225 caecus
1663 4157 1920 4245 gratias
1979 4178 2191 4247 agens
2253 4160 2386 4225 Deo
2440 4176 2563 4246 pro
2621 4154 2868 4225 collato
2931 4156 3069 4227 sibi

529 4249 715 4339 tanto
764 4240 1140 4323 benefici0,
1195 4242 1481 4314 domum
1533 4266 1606 4313 se
1653 4245 1953 4335 recepit,
2007 4244 2386 4332 multisque
2436 4255 2667 4336 postea
2713 4255 2780 4315 et
2824 4243 3069 4316 videns

527 4336 592 4395 et
627 4328 997 4401 incolumis
1027 4332 1404 4421 supervixit
1432 4332 1660 4402 anniS.

618 4417 654 4503 ἓ
699 4420 781 4488 8.
834 4424 1039 4489 Porro
1088 4420 1326 4491 beatus
1375 4421 1757 4513 Episcopus
1797 4434 2036 4512 coepto
2067 4420 2392 4494 insistens
2427 4422 2680 4505 itineri,
2725 4421 2810 4492 ad
2846 4422 3067 4493 sancti
