3308 5004
588 323 739 400 496·-
1174 345 1357 395 υιει
1408 343 1748 394 annuam
1788 341 1933 392 aaa.
1985 342 2369 393 emuna..
2722 327 2918 396 mo.
2964 330 3073 396 20»

500 432 769 502 ratione
811 428 1289 508 corroborans,
1342 431 1615 496 Petrum
1670 425 1913 496 Leonis
1942 425 2000 503 ἦ
2035 424 2121 495 ad
2164 426 2352 496 bunc
2379 425 2652 518 apicem
2688 426 3064 520 adspiran-

501 533 662 599 tem,
716 516 1178 590 fraudulentis
1225 514 1864 586 machinationibus
1893 533 2205 585 seorsum
2241 528 2308 585 et
2334 516 2893 618 praecipitanter
2924 539 3061 589 no-

502 608 792 679 minavit
839 605 1239 677 Anacletum
1270 658 1288 687 ,
1338 615 1406 675 et
1460 602 1749 696 caeteris
1797 603 2257 675 renitentibus
2301 604 2666 677 ordinavtt.
2713 608 2844 690 Qui
2891 629 3060 679 vero

499 698 574 768 in
628 710 815 788 parte
870 694 1210 766 catholica
1267 705 1510 775 erant,
1560 693 1857 764 electum
1922 714 2130 764 suum
2198 693 2597 766 solemniter
2653 694 3057 768 ordinatum

500 785 926 858 collocarunt
973 784 1043 853 in
1092 782 1446 865 cathedra,
1494 795 1563 852 et
1598 803 1720 873 per
1768 781 1914 853 loca
1956 781 2100 863 illa,
2136 783 2212 853 in
2253 782 2512 870 quibus
2554 785 2894 857 sessiones
2927 787 3062 858 ha·

499 875 776 962 bentex
804 873 1092 961 antiqua
1137 870 1644 943 consuetudine
1685 871 1975 943 Romani
2025 871 2414 955 Pontifices,
2475 873 3050 957 circumduxere,

499 977 567 1036 et
616 987 740 1056 pro
786 977 1095 1053 tempore
1142 962 1363 1032 bonor
1406 959 1685 1032 debitus
1714 959 2140 1051 Apostolicae
2175 961 2375 1032 affuit
2405 962 2750 1055 dignitati.
2790 969 3059 1035 Extunc

502 1075 667 1125 sane
712 1052 896 1123 circa
954 1056 1420 1120 Lateranertse⁴
1453 1048 1798 1120 Palatium
1847 1048 2342 1132 morabantur,
2405 1074 2529 1122 nec
2580 1065 2725 1122 erat
2770 1053 2871 1122 eis
2915 1054 3052 1123 ’am

500 1155 649 1214 tuta
682 1143 749 1212 in
782 1138 1442 1230 domibus-propriis
1476 1138 1769 1220 mansio,
1798 1159 1955 1208 cum
1996 1160 2115 1209 eos
2146 1139 2482 1210 acerrime
2521 1141 2695 1212 Petri
2721 1075 3056 1214 satellites

501 1232 927 1303 infestarent.
967 1229 1071 1299 lbi
1101 1229 1304 1298 etiam
1338 1228 1813 1297 diu-resistere
1849 1249 1982 1297 non
2017 1227 2338 1311 valentes,
2372 1251 2498 1332 per
2530 1229 3051 1302 confoederatos

502 1321 636 1394 sibi
673 1318 1012 1408 quosdam
1051 1340 1139 1388 ex·
1163 1317 1514 1388 nobilibus
1544 1315 1900 1400 Romania,
1939 1316 2026 1387 ad
2059 1330 2334 1410 tempus
2368 1340 2435 1389 tn
2471 1319 2781 1391 turribus
2809 1340 3050 1390 eorum

502 1408 936 1501 receptacula
967 1408 1385 1478 habuerunt.
1441 1405 1567 1476 Sed
1604 1427 1728 1476 nec
1774 1405 1841 1476 in
1872 1405 1973 1475 eis
2011 1409 2463 1507 perseveravit
2501 1408 2830 1478 fidelitas:
2886 1430 3050 1480 nam

501 1499 573 1569 in
608 1498 797 1568 brevi
829 1509 949 1568 aut
980 1495 1378 1567 fortitudine
1401 1494 1803 1566 temerariae
1830 1494 2323 1579 multitudinis,
2351 1509 2471 1567 aut
2499 1498 2714 1587 'pretio
2741 1497 3052 1590 corrupti

502 1600 689 1660 sunt.
742 1591 910 1657 Nam
960 1591 1153 1655 Petro
1201 1598 1337 1655 tam
1390 1584 1671 1675 propria
1729 1584 2002 1675 generis
2051 1585 2298 1656 virtute
2327 1640 2344 1668 ,
2395 1608 2605 1675 quarn
2664 1587 3055 1658 adhaeren-

506 1677 678 1749 tium
729 1675 864 1746 sibi
894 1673 1249 1756 affinitate,
1290 1672 1665 1745 multitudo
1708 1685 1894 1744 tanta
1920 1686 2089 1756 erat,
2143 1686 2222 1745 ut
2264 1674 2405 1746 fere
2449 1697 2610 1760 eum
2644 1688 2780 1746 tota
2811 1677 3058 1748 civitas

502 1776 929 1854 sequeretur,
984 1762 1083 1834 vel
1135 1762 1498 1855 pecuniis,
1558 1761 1662 1831 vel
1719 1762 2105 1834 commodis
2134 1763 2462 1855 obligata.
2514 1769 3060 1866 congregaverat

502 1875 671 1925 sane
703 1875 869 1943 opes
897 1852 1306 1923 innumeras
1354 1851 1424 1920 in
1455 1851 1934 1923 exactionibus
1961 1852 2220 1936 curiae,
2262 1867 2328 1924 et
2365 1854 2436 1923 in
2476 1853 2896 1945 legationum
2937 1877 3058 1924 ne-

504 1941 1031 2034 gotiationibus,
1078 1962 1253 2027 quas
1291 1939 1377 2009 ad
1411 1940 1870 2031 expectandas
1920 1940 2274 2012 nundinas
2322 1956 2721 2013 reservarat.
2761 1947 3060 2035 Insuper

502 2053 584 2102 ex
622 2031 893 2122 paterni
925 2050 1178 2100 census
1210 2051 1321 2100 am
1380 2028 1443 2098 la
1493 2051 1619 2100 con
1675 2029 1838 2109 eric,
1881 2043 2166 2100 eatenus
2215 2031 2539 2122 sigillata,
2581 2031 2783 2103 modo
2820 2032 3058 2103 distri-

503 2120 671 2190 buta
723 2119 791 2190 in
838 2117 1213 2211 populum,
1268 2051 1375 2188 ad)
1396 2117 1522 2200 fas,
1575 2051 1675 2188 ag
1715 2117 1930 2201 nesae,
1987 2118 2291 2190 venalem
2333 2120 2601 2213 plebem
2637 2135 3049 2192 armaverat.

505 2209 774 2293 Quibus
816 2207 1138 2298 erogatis,
1190 2207 1475 2277 donaria
1529 2212 1621 2278 Re
1677 2227 1792 2278 um
1829 2208 1897 2277 in
1932 2211 2359 2281 ornamentis
2389 2208 2720 2280 ecclesiae
2757 2211 2844 2280 ab
2881 2211 3059 2302 ipsis

505 2297 756 2369 evulsit
802 2297 1176 2368 altaribus:
1228 2307 1294 2366 et
1340 2318 1501 2367 cum
1548 2319 1631 2366 ca
1665 2296 1803 2366 ices
1849 2295 2206 2388 frangere,
2257 2312 2324 2369 et
2371 2298 2745 2372 crucifixos
2808 2321 3063 2371 aureos

436 2443 441 2450 .
507 2386 945 2464 membratim
1011 2383 1317 2455 dividere
1383 2383 1518 2477 ipsi
1583 2384 1851 2476 profani
1924 2385 2292 2457 Christiani
2361 2387 2461 2459 vel
2523 2389 2886 2469 timerent,
2952 2388 3056 2460 vel

503 2477 1008 2557 erubescerent,
1059 2473 1572 2563 quaesitisunt
1604 2473 1888 2551 Judaei.
1939 2475 2062 2562 qui
2096 2475 2650 2553 adderisionem
2700 2477 3060 2570 religionis

504 2580 780 2637 nostrae
808 2619 825 2648 ,
879 2587 1078 2635 sacra
1122 2586 1287 2636 vasa
1331 2577 1398 2636 et
1444 2564 1788 2655 imagines
1843 2569 1978 2635 Deo
2023 2564 2288 2637 dicatas
2316 2621 2333 2648 ,
2386 2566 2715 2638 audacter
2759 2569 3058 2638 commi-

505 2668 821 2726 nuerent.
875 2660 903 2724 1
956 2653 1416 2741 itursquisque
1465 2675 1588 2743 pro
1638 2652 1841 2723 modo
1873 2675 2000 2723 suo
2033 2654 2418 2725 secundum
2459 2656 2685 2746 majus
2720 2669 2789 2727 et
2823 2658 3062 2728 minus

505 2743 834 2815 conducti
866 2767 904 2813 a
1003 2742 1253 2825 scelus,
1297 2743 1751 2813 sacramentis
1784 2741 2227 2833 generalibus
2266 2744 2544 2835 publice
2573 2751 2768 2816 Petro
2815 2745 3061 2815 vendi-

505 2832 759 2905 derunt
803 2852 1194 2912 assensum,
1231 2844 1297 2901 et
1329 2831 1397 2901 in
1434 2852 1710 2901 omnem
1747 2830 2161 2922 sanguinem
2197 2854 2449 2906 manus
2481 2847 2947 2925 exposuerunt
2989 2846 3059 2904 et

504 2943 724 3004 arma,
776 2934 843 2992 et
934 2919 1314 2991 uotidianis
1359 2919 1851 3011 congressibus
1892 2931 2178 3009 partem,
2222 2942 2400 3010 quae
2447 2944 2607 2994 cum
2657 2922 3058 2994 Innocentio

502 3023 675 3091 erat,
715 3008 893 3080 male
949 3009 1100 3080 ictis
1149 3010 1670 3081 insectabantur
1699 3020 1766 3078 et
1803 3007 2081 3100 gladiis
2263 3032 2269 3037 ·

597 3100 637 3187 ἓ
686 3103 775 3170 2.
827 3099 1151 3170 Habuerc
1193 3098 1408 3190 igitur
1455 3098 1632 3170 servi
1685 3097 1803 3167 Dei
1848 3097 2220 3171 consilium
2252 3154 2268 3180 ‚
2334 3112 2400 3170 et
2458 3101 2581 3188 qui
2629 3100 2693 3171 vi
2748 3101 3066 3173 humana

506 3186 685 3258 tueri
720 3208 793 3258 se
842 3200 1179 3277 poterant.
1217 3186 1459 3259 cedere
1495 3186 1878 3278 elegerunt.
1922 3191 2000 3257 Et
2098 3189 2431 3259 rovocatis
2477 3190 2658 3263 clam
2703 3190 3005 3282 navigiis
3031 3244 3052 3273 ,

507 3273 596 3345 de
623 3297 740 3349 ore
779 3275 1115 3346 Leoniset
1142 3275 1230 3346 de
1264 3297 1479 3347 manu
1510 3276 1766 3347 bestiae
1793 3298 1920 3377 per
1964 3210 2262 3347 Tiberim
2297 3278 2368 3348 in
2404 3300 2592 3350 mare
2620 3280 3060 3369 Tyrrhenum

505 3362 753 3456 elapsi,
811 3365 1169 3466 prosperis·
1188 3364 1407 3437 ventis
1452 3364 1756 3435 carbasa-
1788 3364 2347 3455 tmpellentibus,
2399 3368 2535 3438 cito
2567 3368 2638 3437 in
2691 3381 2893 3458 portu
2948 3368 3065 3438 Pi·-

509 3472 682 3524 sano
718 3452 1008 3523 feliciter
1051 3452 1493 3544 appulerunt.
1548 3452 1810 3524 Audito
1854 3464 2204 3525 tantorum
2260 3456 2562 3527 virorum
2612 3457 2934 3538 adventu,
2992 3468 3066 3527 et

508 3542 789 3634 cognita
833 3544 1069 3624 causa,
1126 3554 1645 3644 propter-quam
1685 3541 1772 3612 de
1801 3542 1977 3613 urbe
2002 3543 2329 3627 exierant,
2369 3544 2708 3636 gratulata
2742 3558 2845 3616 est
2871 3545 3054 3627 Pisa,

508 3630 693 3721 quod
743 3629 828 3701 ad
879 3652 954 3701 se
982 3635 1271 3702 Romani
1326 3630 1629 3701 nominis
1711 3631 1882 3702 loria
1920 3631 2428 3714 transferretur,
2482 3647 2548 3704 et
2594 3634 2757 3718 illis,
2814 3655 3065 3736 perpe-

510 3732 670 3792 tuae
700 3719 855 3791 sibi.
884 3718 1212 3790 infamiae
1242 3718 1664 3811 insculpenti
1715 3742 1802 3790 us
1837 3733 2095 3803 notam,
2148 3722 2281 3793 sibi
2339 3723 2668 3795 nominis.
2700 3738 2964 3795 aeterni
2996 3737 3067 3795 et

508 3810 845 3902 perennis
880 3807 1107 3881 famae
1149 3808 1529 3899 inscriptio·
1561 3821 1942 3900 pararetur.
1994 3814 2383 3882 Occurrunt
2416 3834 2584 3902 ergo
2636 3813 2956 3884 botmrati
2996 3827 3076 3884 et·

509 3897 854 3980 consules,
887 3910 954 3968 et
999 3897 1283 3969 domini.
1307 3903 1543 3989 Papae
1575 3898 1884 3988 pedibus.
1917 3898 2247 3983 advoluti,
2284 3901 2542 3991 gratias
2582 3915 2825 3994 agunt,
2872 3901 3074 3990 quod

509 4008 641 4059 eos-
674 4000 877 4059 tanto*
909 3986 1161 4089 dignos
1213 3987 1598 4075 judicasset
1653 3988 1944 4070 honore,
1988 4001 2065 4058 ut
2123 4010 2360 4059 eorum
2424 3989 2706 4081 eligeret
2761 3992 3009 4065 urbem
3044 4048 3062 4074 ,

510 4097 720 4166 quam
780 4098 1093 4169 pnopraa-
1130 4075 1547 4168 dignaretur·
1600 4076 1949 4147 illustrare
2069 4078 2519 4149 mesenum...
2581 4086 2760 4153 Tzum·
2805 4079 3072 4171 populo

511 4166 787 4236 obviam
839 4165 1246 4257 procedente
1277 4220 1295 4241 .
1570 4099 2068 4237 innumerabili
2139 4166 2589 4238 multitudine
2634 4169 2753 4241 vim
2790 4169 3069 4259 patebat

512 4254 1225 4356 advenientibusyia:
1260 4187 1846 4345 seffidetentim
1901 4255 2387 4357 procedentes)
2438 4256 2912 4329 desideratam·
2951 4259 3078 4330 sui.

511 4364 784 4434 coptam
833 4343 1417 4434 prosptcientibus
1466 4365 1589 4435 per
1656 4343 1990 4427 fenestras
2049 4357 2382 4416 matronis
2427 4359 2493 4416 et
2559 4346 2951 4437 virginibus
2995 4361 3064 4419 et

567 4467 1448 4520 ’mummi-nummatam
1468 4471 1569 4513 Vol.
1590 4482 1638 4520 n.
1656 4482 1702 4522 p.
1720 4473 1815 4514 201.
