3308 5004
184 345 330 413 Ano.
367 346 404 410 2
833 363 915 411 nr.
960 364 1018 412 s.
1070 363 1395 413 Anrnonso
1443 365 1510 412 ι.
1562 366 1642 413 nn
1691 364 1941 414 usotuo
2474 350 2561 415 79

178 450 314 519 iram
343 448 642 539 placaret,
689 447 1024 540 populum
1055 448 1317 539 jugiter
1355 450 1440 519 ad
1471 449 1811 542 agendam
1845 448 2334 541 poenitentiam
2390 450 2648 523 adhor-

178 539 415 619 tabatur;
446 550 509 607 et
553 537 700 625 ipse
746 549 1110 608 consuetas
1149 537 1286 608 sibi
1330 539 1641 629 corporis
1701 539 2130 609 austeritates
2191 538 2642 631 duplicabat,

175 625 406 697 funibus
447 647 515 695 se
560 648 642 696 ac
689 625 925 697 ferreis
970 626 1309 697 catenulis
1375 627 1930 715 frequentissime
1976 642 2372 711 cruentans,
2428 629 2649 700 donec

180 714 418 797 tandem,
453 735 564 785 sex
598 735 811 804 prope
848 714 953 785 ela
1005 715 1102 787 sis
1151 716 1508 787 mensibus
1545 717 1819 787 divinae
1841 716 2150 805 justitiae
2189 718 2356 788 satis
2383 717 2646 789 factum

174 802 381 875 fuisset.
426 843 514 854 —
570 803 771 874 Plura
818 826 942 893 pro
971 818 1117 875 ecto
1166 805 1441 896 impleri
1490 819 1768 896 possent
1833 805 2181 877 volumina
2209 861 2224 887 ,
2278 806 2340 876 si
2412 808 2650 877 omnia

173 914 646 963 commemorare
692 892 1047 976 vellemuS,
1100 916 1278 981 quae
1323 894 1740 985 AlpbonsuS,
1794 894 2014 984 spatio
2063 895 2389 965 tredecim
2430 917 2650 966 anno-

171 1003 309 1061 rum,
351 982 598 1069 quibus
645 980 984 1053 Ecclesiae
1047 1005 1215 1053 suae
1284 981 1616 1073 praefuit,
1674 982 1953 1074 perfecit
2013 982 2098 1052 ad
2150 983 2644 1055 sublevandam

167 1070 349 1139 ovium
414 1092 696 1140 suarum
747 1072 1096 1140 miseriam
1162 1073 1624 1162 corporalem,
1692 1095 1775 1143 ac
1824 1072 2223 1161 praesertim
2296 1073 2644 1142 miseriam

164 1158 565 1247 spiritualem,
598 1181 806 1247 quam
840 1159 1200 1250 paulatim,
1236 1182 1364 1251 ope
1400 1162 1767 1252 praecipue
1800 1161 2204 1233 Missionum
2258 1161 2461 1232 modo
2493 1182 2647 1231 vere

163 1247 479 1337 apostolico
525 1247 1048 1329 celebratarum,
1107 1249 1202 1318 ita
1264 1249 1548 1340 expulit,
1598 1263 1679 1321 ut
1729 1261 1864 1320 tota
1921 1249 2253 1320 dioecesis
2315 1250 2384 1318 in
2435 1249 2641 1320 aliam

160 1336 395 1407 omnino
438 1337 799 1408 immutata
843 1352 1225 1429 appareret.

223 1427 425 1510 51².
474 1431 631 1495 Jam
665 1448 820 1496 vero
869 1439 963 1496 tot
1011 1439 1285 1515 tamque
1343 1426 1608 1497 assidui
1659 1449 1783 1497 suo
1832 1426 2024 1518 gregi
2085 1424 2308 1496 devoti
2369 1426 2637 1497 labores

160 1533 262 1581 non
309 1526 666 1604 potuerunt
710 1516 1258 1587 actuosissimam
1294 1516 1511 1586 sancti
1557 1515 1689 1585 Viri
1737 1515 2082 1586 exantlare
2130 1530 2475 1585 naturam.
2529 1515 2640 1586 Al-

165 1600 406 1688 phons0,
457 1616 531 1672 ut
587 1604 730 1693 jam
782 1625 994 1695 supra
1042 1604 1367 1686 diximus,
1424 1604 1721 1675 multum
1778 1604 2008 1674 adhuc
2068 1617 2424 1704 supererat
2471 1617 2642 1673 tem·

156 1690 323 1777 poriS,
373 1691 555 1779 quod
617 1692 689 1761 in
747 1691 1004 1762 bonurn
1069 1715 1234 1763 suae
1290 1693 1848 1794 congregationis
1895 1706 2228 1780 atquem
2279 1694 2645 1763 universae

152 1778 445 1850 Ecclesiae
474 1780 838 1851 utilitatem
889 1781 1338 1871 impenderet.
1394 1788 1557 1871 Ejus
1606 1782 2045 1862 Institutum,
2115 1781 2293 1851 lente
2332 1781 2638 1869 quidem,

153 1866 242 1935 sed
285 1867 562 1939 feliciter
609 1883 1051 1960 processerat,
1110 1883 1175 1941 et
1229 1893 1519 1941 numero
1575 1883 1641 1940 et
1688 1870 1918 1941 fructu
1974 1883 2039 1939 et
2079 1872 2272 1940 novis
2328 1870 2646 1961 Collegiis

153 1958 364 2027 sensim
401 1957 622 2029 fuerat
654 1972 965 2029 auctum.
1020 1964 1290 2029 Praeter
1343 1972 1641 2047 quatuor
1690 1959 1953 2038 domos,
2009 1981 2183 2046 quas
2232 1982 2446 2050 supra
2499 1980 2640 2028 me-

150 2045 551 2127 moravimus,
591 2047 727 2116 duo
763 2070 935 2118 nova
969 2047 1287 2138 collegia,
1339 2047 1688 2137 Alphonso
1737 2049 2042 2119 nondum
2078 2049 2429 2139 episcopo,
2483 2047 2644 2118 fun-

150 2130 277 2202 data
319 2134 625 2218 fuerant;
678 2158 925 2219 unum,
964 2158 1146 2205 anno
1192 2157 1457 2219 nucem,
1510 2137 1595 2207 ad
1633 2142 1699 2207 S.
1752 2136 1988 2227 Angeli
2027 2159 2066 2206 a
2117 2137 2370 2228 Cupolo
2433 2159 2646 2228 prope

147 2223 588 2305 Beneventum3
641 2224 931 2296 alterum
982 2226 1331 2315 Agrigenti
1377 2226 1449 2295 in
1491 2226 1744 2296 Sicilia.
1799 2225 2160 2307 Posthaec,
2218 2227 2645 2327 gubernante

148 2311 502 2382 &antistite
529 2312 903 2385 Ecclesiam
940 2316 1223 2384 Sanctae
1250 2315 1570 2405 Agathae,
1600 2315 2009 2385 constitutae
2040 2325 2299 2384 suntin
2335 2314 2639 2385 Statibus

148 2400 483 2471 Pontificiis
530 2402 781 2473 domus
811 2402 1230 2473 Scifellensis
1259 2425 1441 2473 anno
1470 2423 1854 2484 unccnxxtn,
1889 2416 1954 2472 et
1993 2403 2213 2472 tribus
2259 2404 2460 2473 annis
2494 2417 2646 2493 post

144 2483 352 2559 domus
380 2491 929 2562 Frusinonensis.
967 2491 1254 2562 Multum
1289 2515 1453 2564 sane
1487 2492 1976 2564 sollicitudinis
2009 2505 2246 2562 sancto
2290 2492 2643 2582 Superiori

145 2595 202 2643 ex
226 2581 529 2669 regendis
561 2580 700 2652 illis
745 2579 1077 2672 collegiis,
1133 2582 1200 2650 in
1250 2582 1510 2669 quibus
1553 2584 1879 2654 omnibus
1929 2602 2297 2650 numerosa
2344 2594 2489 2651 erat
2537 2580 2640 2650 fa-

146 2664 322 2746 milia,
371 2669 679 2755 quotidie
724 2669 1044 2741 obvenire
1076 2670 1337 2741 debuit.

207 2756 237 2840 §
276 2760 414 2828 18.
470 2758 602 2828 Sed
651 2758 736 2827 ad
777 2758 1165 2829 ordinarias
1212 2759 1367 2829 illas
1413 2782 1643 2840 curas,
1682 2758 2261 2830 extraordinariae
2298 2756 2637 2846 quaedam

143 2860 537 2918 accesserunt
586 2846 956 2917 molestiae.
1003 2848 1275 2919 Scilicet
1326 2870 1576 2940 magna
1624 2871 1705 2919 ac
1752 2848 2060 2929 diutina,
2117 2848 2235 2918 illo
2286 2861 2627 2937 tempore,

146 2940 473 3029 tempestas
524 2936 597 3005 in
673 2934 905 3026 plures
977 2937 1279 3007 Instituti
1356 2937 1597 3007 domos
1653 2951 1881 3008 coorta
1930 2938 2437 3007 est..Homines
2502 2957 2639 3005 non

146 3037 335 3116 nimus
382 3025 737 3115 impietate
786 3047 994 3113 quam
1046 3026 1449 3096 auctoritate
1514 3026 1868 3117 insigneS,
1922 3026 2079 3097 odio
2139 3027 2208 3095 in
2259 3031 2390 3097 Con
2449 3046 2644 3116 rega-

147 3116 352 3181 tionem
400 3114 698 3195 incensi,
735 3115 887 3204 ejus
924 3114 1166 3198 exitio,
1222 3114 1491 3186 collatis
1537 3115 1715 3184 inter
1762 3138 1834 3187 se
1879 3115 2185 3196 viribus,
2238 3114 2393 3185 adla
2448 3134 2644 3183 orare

149 3214 494 3297 coeperunt.
554 3207 633 3272 Et
678 3223 836 3272 cum
898 3203 1121 3274 civilis
1173 3217 1467 3294 potestas
1516 3203 1858 3294 religiosis
1922 3203 2206 3274 familiis
2256 3216 2419 3274 tunc
2471 3214 2642 3272 tem-

148 3303 291 3368 poris
335 3292 627 3361 minime
685 3290 979 3372 faveret,
1035 3292 1330 3363 multum
1385 3293 1767 3362 timendum
1815 3298 1997 3378 erati,
2054 3314 2140 3362 ne
2187 3293 2430 3383 junior
2475 3296 2644 3361 Con·

148 3378 398 3473 gregatio
445 3381 518 3450 in
573 3401 785 3471 regno
821 3381 1186 3468 Utriusque
1211 3380 1484 3452 Siciliae
1516 3382 1799 3451 omnino
1837 3382 2372 3470 extingueretur.
2411 3381 2643 3450 Anxiis

150 3476 313 3550 tgttur
354 3469 603 3551 oculis,
658 3490 836 3557 quae
868 3491 995 3539 suo
1028 3471 1351 3541 Instituto
1398 3470 1647 3540 callide
1695 3472 2160 3552 struebantur,
2214 3470 2506 3539 insidias
2556 3490 2637 3538 ac

150 3563 585 3647 strategemata
631 3558 1035 3630 observabat
1080 3558 1510 3650 Alpbonsus;
1565 3559 1879 3646 nihilque
1926 3581 2163 3628 eorum
2222 3559 2637 3649 negligebat,

150 3642 301 3740 queis
342 3646 778 3716 imminentia
827 3646 1133 3738 pericula
1181 3648 1393 3718 averti
1444 3670 1643 3740 posse
1690 3648 2146 3718 existimabat.
2178 3648 2639 3731 Quamobrem

153 3730 395 3805 assiduis
440 3758 645 3806 suam
697 3758 1119 3823 suorumque
1165 3759 1447 3808 causam
1500 3742 1632 3807 Deo
1681 3759 1760 3806 ac
1795 3738 1908 3807 Dei
1963 3759 2122 3807 arae
2142 3739 2256 3805 Vir
2310 3737 2405 3805 ini
2456 3757 2643 3805 com-

155 3820 504 3914 mendabat:
538 3825 627 3894 ad
678 3825 932 3895 multos
975 3826 1204 3908 etiam,
1239 3827 1362 3915 qui
1392 3826 1796 3896 auctoritate
1827 3849 1913 3916 po
1945 3825 2181 3907 lerent,
2226 3848 2266 3895 a
2299 3825 2400 3895 ias
2430 3845 2643 3913 super

158 3901 280 4004 altas
322 3911 577 3984 litteras
626 3914 957 3995 mittebat,
1012 3937 1262 4005 rogans
1301 3928 1380 3985 ut
1425 3915 1535 3985 sui
1568 3915 1895 3997 Instituti,
1942 3916 2014 3984 in
2053 3914 2238 4002 quod
2289 3927 2382 3984 tot
2429 3912 2642 3982 falsae

159 3999 610 4073 criminationes
658 4002 1213 4085 intendebantur,
1262 4003 1722 4094 patrocinium
1765 4004 2217 4095 susciperent.
2263 4008 2494 4089 Neque
2531 4000 2642 4102 his

162 4098 476 4172 contentus,
523 4114 605 4162 eo
639 4092 912 4162 tandem
945 4092 1263 4163 devenire
1312 4094 1500 4163 visus
1546 4104 1672 4174 est,
1724 4105 1803 4162 ut
1849 4094 2020 4184 ipse,
2073 4091 2392 4179 quamvis
2440 4111 2693 4164 sento.

167 4180 305 4271 alque
344 4181 734 4271 omnigenis
782 4181 1303 4252 infirmitatibus
1332 4182 1627 4263 attritus,
1666 4182 1791 4266 iter
1828 4180 2179 4272 Neapolim
2214 4180 2636 4269 susciperet;

167 4256 263 4340 ΠΜ,
305 4288 412 4354 per
447 4269 628 4340 duos
677 4290 947 4341 menses
979 4283 1471 4353 commoratuS,
1526 4293 1694 4342 suae
1739 4270 2044 4340 familiae
2092 4282 2157 4339 et
2204 4269 2417 4339 simul
2467 4275 2640 4339 Jesu

170 4342 344 4423 Christi
385 4359 918 4447 animarumque
982 4381 1265 4430 causam
1317 4359 1740 4430 validissime
1799 4358 2128 4429 defendit.
2191 4364 2334 4430 Nec·
2373 4358 2637 4456 impro-

174 4448 304 4519 spere
324 4457 411 4515 tot
453 4461 744 4519 conatus
774 4448 1192 4520 ceciderunt.
1234 4449 1560 4532 Quamvis
1604 4450 1788 4520 enim
1831 4448 1899 4519 id
1927 4448 2207 4538 assequi
2249 4469 2386 4518 non
2419 4457 2641 4538 potuit
