3308 5004
675 335 762 400 62
1296 354 1376 400 m:
1423 352 1480 400 s.
1531 351 1860 402 Atrnonso
1908 353 1977 401 ιι.
2033 354 2115 401 nn
2159 352 2412 402 ucomo
2856 336 3045 404 AUG.
3093 338 3135 403 2

586 436 879 518 honesti,
931 436 1190 525 quibus
1235 437 1490 507 sensim
1544 436 1906 527 indulgere
1951 438 2226 528 coepit3
2279 438 2540 509 theatra
2586 460 2764 526 quae
2794 438 3113 521 subinde,

579 525 790 616 jussu
838 526 1075 609 patris,
1127 526 1638 614 frequentabat;
1697 526 2045 615 praeclara
2091 527 2443 618 conjugia,
2493 550 2671 614 quae
2701 528 2837 619 ipsi
2881 550 3124 619 propo·

589 615 931 685 nebantur
974 614 1068 705 (a
1113 615 1371 702 quibus
1420 627 1644 685 tamen
1697 615 2069 685 occultiore
2131 616 2428 704 Spiritus
2493 618 2722 687 Sancti
2795 617 3132 689 instinctu

586 717 732 774 erat
777 703 1322 793 alienissimus);
1374 703 1631 772 blanda
1679 726 1759 773 ac
1824 704 2054 773 laudis
2104 704 2502 794 plenissima
2555 706 2761 776 verba
2794 762 2810 787 ,
2872 707 3131 794 quibus

586 792 722 882 ipsi
769 792 1078 880 undique
1123 792 1806 872 admurmurabatur,
1863 814 1997 861 non
2055 805 2422 880 potuerunt
2466 794 2621 883 ejus
2657 806 2953 865 mentem
2994 816 3129 864 non

586 881 903 957 afficere:
956 893 1161 969 atque
1198 902 1279 950 eo
1327 880 1662 970 paulatim
1723 902 1829 949 res
1876 880 2213 957 adductae
2263 894 2468 964 sunt,
2518 896 2591 952 ut
2645 884 2838 973 ipse,
2891 883 2994 952 vel
3044 883 3133 953 ob

589 970 873 1040 leviores
909 990 1180 1051 causaS,
1217 982 1542 1040 consueta
1572 969 1842 1070 pietatis
1870 970 2188 1039 exercitia
2221 972 2811 1061 praetermitteret,
2859 993 2896 1038 «
2928 971 3126 1055 Quod

589 1060 648 1131 si
678 1059 942 1129 diutius
980 1059 1048 1128 in
1086 1059 1204 1129 illo
1254 1057 1626 1148 tepiditatis
1660 1069 1839 1127 statu
1873 1059 2278 1128 mansissem
2319 1059 2446 1149 (ita
2498 1072 2729 1149 postea
2758 1060 3132 1150 fatebatur)

587 1148 899 1219 futurum
935 1148 1175 1234 utique
1204 1146 1447 1217 fuisset
1474 1159 1552 1216 ut
1581 1147 1651 1215 in
1681 1146 2053 1237 perniciem
2083 1170 2473 1218 corruerem
2507 1150 2958 1218 maximam.»
3002 1150 3133 1219 Sed

585 1237 739 1326 ejus
789 1236 960 1306 vitae
1000 1236 1415 1316 innocentia,
1467 1257 1702 1323 quam,
1757 1248 1922 1305 teste
1969 1237 2310 1307 Breviario
2361 1246 2712 1318 Romano,
2770 1259 3130 1325 nunquam

588 1325 860 1395 lethalis
909 1324 1099 1393 labes
1145 1324 1461 1406 foedavit,
1517 1336 1705 1394 tanto
1755 1324 2062 1413 periculo
2113 1347 2268 1395 mox
2317 1339 2548 1416 erepta
2588 1339 2712 1398 est.
2763 1326 3135 1396 Celebratis

586 1415 673 1484 de
713 1435 899 1483 more
929 1413 1410 1502 spiritualibus
1448 1412 1810 1491 exercitiis,
1851 1414 1944 1481 ita
1977 1413 2229 1503 spiritu
2269 1415 2518 1483 mentis
2565 1437 2732 1484 suae
2767 1428 3138 1486 renovatus

585 1515 687 1572 est
720 1501 1134 1591 Alphonsus‚
1189 1515 1265 1570 ut
1314 1523 1445 1571 non
1481 1500 1706 1570 solum
1751 1502 1818 1570 in
1854 1501 2140 1571 fervoris
2168 1501 2417 1572 callem
2462 1502 2963 1594 regrederetur,
3013 1502 3136 1574 sed

586 1605 652 1661 et
693 1590 902 1679 priori
938 1612 1103 1660 suae
1143 1590 1375 1680 pietati
1407 1588 1850 1659 admirabilia
1897 1590 2177 1660 adderet
2211 1592 2664 1661 incrementa.

675 1682 713 1767 ἓ
759 1684 854 1750 8.
906 1679 1106 1749 Haud
1158 1678 1375 1749 multo
1470 1690 1598 1759 ost,
1651 1678 1926 1747 divinae
1973 1680 2444 1749 Providentiae
2491 1680 2805 1761 consilio,
2845 1679 3138 1768 quidam

587 1788 792 1838 casus
837 1767 1104 1849 evenit,
1156 1790 1293 1855 quo
1352 1790 1387 1837 a
1489 1767 1971 1838 omnimodum
2040 1790 2200 1837 cum
2265 1767 2524 1836 mundo
2594 1768 2990 1838 faciendum
3037 1768 3144 1837 di-

590 1858 883 1925 vortium
918 1856 1309 1947 Alphonsus
1339 1856 1670 1926 inductus
1710 1856 1862 1926 fuit.
1916 1861 2206 1926 Causam
2250 1856 2776 1927 extraordinarii
2806 1856 3142 1927 momenti

590 1958 984 2036 susceperat
1030 1944 1557 2025 defendendam,
1614 1946 1728 2014 cui
1773 1945 2216 2015 excutiendae
2266 1946 2610 2036 integrum
2663 1968 2966 2016 mensem
3010 1946 3144 2014 im·

588 2035 942 2123 penderat.
996 2038 1161 2103 Cum
1199 2034 1413 2124 igitur
1443 2033 1590 2102 dies
1622 2045 1848 2103 tantae
1880 2033 1979 2103 liti
2012 2033 2350 2104 destinata
2380 2034 2792 2116 advenisset,
2834 2034 3141 2105 fiduciae

588 2122 839 2212 plenus
889 2123 955 2191 in
1023 2122 1247 2191 forum
1300 2144 1372 2192 se
1430 2121 1774 2203 transfert,
1828 2144 2111 2193 causam
2164 2145 2287 2212 pro
2337 2144 2524 2192 more
2569 2123 3142 2211 eloquentissime

588 2214 908 2301 perorat,
961 2212 1166 2281 verba
1227 2211 1398 2303 legis
1457 2209 1814 2282 adducens
1846 2266 1861 2292 ,
1917 2232 2201 2299 remque
2249 2223 2455 2280 totam
2508 2212 2958 2282 validissimis
2989 2266 3004 2291 ,
3061 2221 3183 2283 ut·

588 2300 973 2380 videbatur,
1026 2300 1452 2370 confirmans
1498 2299 1952 2390 argumentis.
2005 2303 2218 2387 Atque
2264 2300 2387 2369 ubi
2429 2299 2573 2387 jam
2619 2301 2689 2370 in
2739 2322 2819 2370 eo
2864 2322 2939 2369 se
2986 2323 3144 2372 esse

587 2388 931 2470 credebat,
983 2402 1082 2469 ut,
1137 2411 1297 2458 cum
1351 2389 1559 2457 totius
1605 2410 1972 2459 consessus
2006 2388 2377 2479 applausu,
2430 2410 2642 2458 causa
2678 2390 2810 2459 sibi
2858 2388 3144 2477 adjudi-

588 2490 908 2551 caretur:
961 2477 1286 2548 adversae
1335 2477 1550 2567 partis
1596 2476 1993 2553 advocatus,
2046 2499 2189 2548 uno
2237 2477 2465 2558 verbo,
2513 2499 2788 2548 omnem
2837 2478 2994 2566 ejus
3026 2478 3143 2548 di-

591 2569 1079 2659 sceptationem
1111 2567 1426 2637 funditus
1456 2568 1717 2637 evertit.
1756 2568 2093 2636 Attonitus
2123 2566 2354 2636 haeret
2380 2566 2796 2656 Alphonsus;
2833 2580 2898 2636 et
2923 2589 3138 2637 suum

589 2659 818 2728 statim
853 2678 1150 2726 errorem
1194 2677 1601 2757 agnoscenS,
1654 2655 1891 2725 animo
1938 2656 2361 2725 consternari
2410 2656 2633 2746 coepit
2662 2711 2676 2732 ‚
2730 2656 3139 2727 existimans

590 2747 856 2816 fraudis
903 2768 975 2815 se
1008 2767 1087 2814 ac
1116 2745 1257 2814 doli
1290 2767 1440 2816 esse
1471 2756 1897 2834 suspectum.
1938 2749 2182 2826 Quare,
2232 2744 2492 2833 pudore
2540 2745 2872 2824 suffusuS,
2915 2766 2955 2813 a
2988 2743 3140 2814 foro

592 2833 950 2904 confestim
977 2833 1291 2912 discedit,
1330 2834 1397 2901 in
1432 2833 1611 2902 hanc
1642 2854 1874 2901 vocem
1916 2832 2212 2922 graviter
2240 2854 2650 2921 erumpens:
2697 2856 2733 2900 «
2762 2836 2812 2904 Ο
2848 2832 3135 2916 munde,

595 2943 783 2990 nunc
818 2934 882 2991 te
912 2943 1252 3077 cognosco
1285 2925 1297 2990 l
1333 2927 1486 3003 Jam
1522 2942 1656 2991 non
1692 2920 1998 3009 amplius
2044 2919 2355 2989 futurum
2388 2934 2512 3001 est,
2551 2935 2628 2990 ut
2668 2943 2775 2991 me
2810 2921 3066 2991 videaS.
3102 2945 3142 2991 »

596 3015 885 3080 Domum
925 3030 994 3078 re
1049 3032 1159 3091 ux,
1200 3011 1268 3079 in
1320 3031 1524 3078 suum
1579 3031 1651 3079 se
1700 3008 2022 3078 conclave
2053 3009 2329 3099 recepit,
2369 3010 2517 3089 ubi,
2553 3010 2734 3080 sicut
2779 3010 3140 3098 quondam

595 3099 798 3168 divus
846 3097 1145 3178 Paulus,
1217 3110 1352 3167 tres
1413 3097 1559 3167 dies
1613 3119 1694 3166 ac
1758 3109 1894 3167 tres
1958 3108 2189 3167 noctes
2250 3111 2716 3169 commoratus
2762 3111 2909 3179 est,
2962 3100 3139 3186 quin

598 3187 1046 3257 manducaret
1091 3197 1156 3255 et
1188 3185 1471 3255 biberet.
1510 3191 1776 3255 Etcum
1828 3208 1908 3255 ex
1955 3185 2074 3254 illa
2114 3186 2387 3255 tandem
2442 3186 2815 3257 solitudine
2852 3187 3141 3277 egrede-

597 3288 807 3356 retur,
843 3276 1055 3345 fixum
1106 3275 1125 3342 i
1184 3276 1242 3343 si
1288 3286 1434 3344 erat
1479 3296 1559 3344 ac
1609 3287 1860 3354 ratum,
1921 3275 2194 3364 penitus
2257 3274 2633 3345 valedicere
2679 3276 2825 3345 foro
2858 3330 2874 3358 ‚
2927 3277 3140 3366 cujus

597 3363 903 3454 pericula
947 3375 1081 3432 tam
1165 3386 1290 3432 ura
1328 3363 1746 3452 experientia
1784 3362 2165 3432 didicisset.

682 3455 720 3540 ἓ
764 3457 841 3524 2.
894 3452 1193 3521 Primam
1243 3452 1423 3521 hanc
1471 3451 1587 3521 Dei
1635 3453 1927 3542 gratiam
1979 3474 2150 3522 nova
2198 3474 2279 3521 ac
2330 3453 2554 3554 magis
2590 3451 3138 3523 extraordinaria

595 3562 755 3610 mox
801 3542 1168 3613 subsecuta
1215 3553 1339 3610 est.
1393 3545 1565 3609 Dum
1616 3542 1917 3628 quadam
1968 3540 2101 3621 die,
2155 3541 2222 3609 in
2271 3542 2566 3631 hospitio
2597 3541 3130 3625 Incurabilium,

593 3629 982 3719 Alphonsus
1031 3650 1221 3698 more
1267 3629 1467 3699 solito
1514 3630 1811 3719 aegrotis
1855 3629 2237 3709 inserviret,
2296 3644 2573 3721 repente
2621 3650 2872 3720 magno
2903 3629 3141 3721 splen-

593 3718 760 3788 dore
809 3739 882 3787 se
929 3717 1399 3788 circumfundi
1447 3718 1811 3808 conspicit.
1867 3719 1968 3787 Fit
2012 3718 2214 3806 quasi
2280 3730 2497 3788 terrae
2548 3731 2812 3799 motus,
2866 3740 2946 3788 ac
2997 3729 3141 3789 tota

593 3807 846 3878 domus
893 3807 1363 3878 intremiscere
1409 3807 1701 3878 videtur.
1758 3812 1832 3877 Et
1878 3828 2035 3876 ecce
2063 3861 2079 3888 ‚
2133 3809 2201 3876 in
2259 3808 2501 3877 intimo
2546 3807 2751 3876 corde
2780 3861 2796 3888 ‚
2850 3807 3020 3876 haec
3067 3807 3139 3876 ei

595 3919 719 3967 vox
767 3909 1130 3987 personat:
1191 3921 1218 3959 ι
1260 3899 1501 3966 Desere
1552 3895 1919 3976 mundum,
1972 3907 2050 3964 ut
2098 3908 2158 3964 te
2208 3896 2380 3964 mihi
2427 3896 2774 3986 integrum
2817 3895 3138 3967 tradas.»

594 3986 714 4055 Rei
747 3986 1040 4055 novitate
1088 3984 1246 4055 licet
1294 3984 1683 4074 perculsuS‚
1718 4006 1997 4074 operam
2050 3996 2275 4053 tamen
2328 4006 2461 4054 non
2516 3984 2926 4054 intermittit.
2973 3983 3134 4066 Sed,

595 4088 867 4164 peracto
917 4074 1172 4154 labore,
1226 4095 1387 4144 cum
1436 4096 1516 4144 ex
1557 4073 1856 4164 hospitio
1904 4072 2181 4143 tandem
2230 4073 2689 4163 egrederetur,
2728 4072 2966 4143 eadem
3011 4073 3140 4143 illa

591 4184 740 4243 vox,
778 4161 908 4231 hac
940 4176 1162 4233 tamen
1213 4164 1359 4235 vice
1405 4163 1578 4255 ipsis
1626 4163 1942 4243 auribuS‚
1990 4161 2173 4232 clare
2222 4162 2529 4232 intonat:
2577 4184 2613 4229 «
2647 4163 2889 4231 Desere
2929 4182 3140 4230 mun-

593 4249 761 4319 dum
792 4305 808 4332 ‚
868 4263 947 4321 ut
995 4263 1058 4321 te
1103 4253 1277 4322 mihi
1326 4253 1672 4344 integrum
1742 4252 1995 4321 tradaS.
2050 4277 2073 4313 ι’
2130 4257 2303 4320 Tum
2353 4274 2511 4321 vero
2562 4251 2945 4322 consistens
3024 4249 3143 4319 Al-

593 4338 927 4429 phonsus‚
966 4340 1163 4410 illacr
1214 4342 1567 4412 mantibus
1613 4340 1878 4411 oculis:
1933 4363 1971 4408 «
2008 4343 2059 4410 Ο
2108 4344 2284 4409 Deus
2328 4340 2725 4430 (exclamat)
2769 4361 2929 4408 ecce
2979 4342 3134 4408 mel

592 4432 723 4499 Fac
761 4427 846 4499 de
886 4451 994 4498 me
1024 4430 1147 4517 qui
1198 4430 1365 4517 quid
1397 4431 1519 4500 tibi
1553 4430 1909 4520 placuerit.
1952 4453 1989 4498 »
2040 4430 2308 4512 Quibus
2355 4429 2558 4501 dictis
2595 4450 2897 4519 superno
2936 4438 3139 4497 actus
