3308 5004
124 329 302 397 Auo.
357 330 438 396 ⁴6
1009 349 1088 396 mr
1136 348 1192 396 S.
1247 347 1515 396 linsamo
1564 345 1751 396 conr.
2449 334 2576 401 397

205 433 367 519 §2
425 437 687 503 Interea
738 433 1088 523 temporis,
1144 434 1316 503 urbe
1377 445 1791 503 terraemotu
1824 454 2217 515 concussa,
2274 436 2669 527 complures

122 520 347 592 obtriti
396 522 793 611 perierunt:
894 522 966 592 ui
1014 534 1242 591 autem
1297 534 1729 612 supererant,
1769 521 1836 590 in
1883 544 2086 613 agros
2114 536 2180 593 et
2222 524 2668 596 solitudinem

124 608 591 711 profugerunt.
654 543 1006 698 Siquidem
1042 609 1224 681 velut
1274 609 1341 679 in
1391 611 1665 680 civitate
1722 608 2050 698 opulenta
2098 624 2163 681 et
2211 613 2470 703 ampla,
2524 614 2669 685 sin-

172 697 302 768 ulis
343 720 413 767 tn
463 699 752 770 aedibus
784 699 967 790 ignis
1015 720 1349 769 accensus
1389 698 1560 769 fuit:
1619 700 1690 768 in
1741 698 1934 780 focis,
1989 698 2217 770 furnis
2255 713 2322 771 et
2367 702 2669 774 caminis

125 720 547 868 {aloem-um,
584 800 649 858 et
680 810 946 868 eorum,
983 789 1103 876 qui
1142 810 1258 857 eas
1290 800 1605 857 exercent
1631 800 1836 867 artes,
1871 787 2131 875 quibus
2160 789 2310 878 igni
2340 811 2517 881 opus
2553 792 2662 863 sit:

131 873 284 945 adeo
316 888 393 946 ut
426 877 619 946 tectis
665 876 941 947 aedium
995 888 1407 946 terraemotu
1436 875 1872 958 disturbatiS,
1913 877 2195 947 flamma
2229 899 2469 949 eorum
2525 903 2670 950 ma-

132 963 347 1033 teriem
383 978 777 1056 occuparet,
835 965 1182 1055 lignisque
1213 964 1452 1047 aridis,
1496 976 1574 1035 ut
1602 976 1704 1036 est
1744 965 2138 1048 verisimile,
2194 965 2543 1048 admixtis,
2597 982 2669 1039 et

130 1052 320 1123 rebus
349 1052 500 1124 oleo
531 1069 598 1126 et
635 1054 1060 1144 pinguedine
1111 1052 1431 1145 perfusiS,
1485 1076 1663 1142 quae
1711 1052 1910 1123 facile
1948 1054 2227 1124 incendi
2278 1055 2521 1138 solent,
2575 1057 2669 1126 af·

130 1139 305 1211 satim
344 1142 603 1213 nutrita
635 1155 968 1214 cresceret
999 1165 1011 1210 :
1059 1154 1263 1231 atque
1294 1143 1361 1210 in
1404 1164 1645 1212 omnes
1679 1154 1907 1232 partes
1939 1164 2248 1234 serpens,
2280 1166 2360 1214 ac
2389 1145 2666 1215 tandem

127 1229 296 1300 velut
351 1231 422 1300 in
475 1253 696 1302 unum
759 1232 1157 1313 confluens,
1221 1229 1565 1312 efficeret,
1619 1244 1696 1301 ut
1745 1243 1882 1302 tota
1943 1232 2113 1302 urbs
2161 1233 2384 1302 instar
2455 1234 2667 1305 unius

126 1316 318 1408 (pene
364 1319 695 1409 dixerim)
741 1320 890 1413 rogi
938 1320 1302 1391 videretur.
1356 1325 1435 1390 Et
1480 1320 1809 1408 quoniam
1848 1320 1916 1389 in
1955 1320 2084 1390 hac
2114 1320 2308 1391 clade
2339 1321 2425 1391 ad
2462 1323 2668 1394 aedes

127 1407 348 1477 accedi
401 1431 535 1478 non
588 1422 838 1499 posset,
891 1410 1013 1498 qui
1075 1408 1460 1479 incolumes
1506 1431 1589 1478 ex
1657 1421 2071 1480 terraemotu
2141 1423 2521 1493 evaserant,
2577 1411 2666 1481 ad

126 1517 335 1567 arcem
390 1510 889 1588 procurrerunt
948 1498 1267 1569 Arsacius
1315 1512 1547 1568 autem
1598 1498 1669 1566 in
1720 1498 1947 1580 turri,
2000 1520 2180 1585 quae
2232 1511 2508 1571 steterat
2557 1500 2667 1570 in-

126 1605 503 1667 concussa,
562 1608 824 1677 pronus
884 1585 1354 1668 decumbenS,
1420 1586 1601 1656 sicut
1647 1607 1721 1656 se
1751 1641 1767 1668 ,
1822 1609 1981 1656 cum
2033 1608 2230 1658 orare
2277 1588 2662 1679 coepisset,

130 1676 558 1757 extenderat,
622 1689 941 1748 mortuus
990 1687 1303 1767 repertus
1363 1687 1488 1746 est.
1544 1680 1750 1744 Fama
1817 1697 1976 1745 vero
2037 1689 2183 1758 est,
2236 1698 2396 1747 eum
2447 1700 2488 1747 a
2535 1683 2667 1748 Deo

133 1764 446 1851 precibus
511 1764 987 1847 contendisse,
1042 1778 1118 1834 ut
1162 1775 1321 1834 ante
1381 1762 1648 1834 cladem
1713 1777 2000 1836 mortem
2070 1777 2462 1856 oppeteret:
2519 1788 2669 1837 mo-

126 1850 306 1938 rique
354 1851 692 1925 maluisse
721 1908 738 1935 ,
790 1875 1002 1940 quam
1052 1852 1514 1923 calamitatem
1566 1852 1789 1923 oculis
1838 1875 2117 1923 cernere
2173 1854 2368 1926 urbis
2416 1853 2609 1927 illius
2638 1908 2658 1935 ,

129 1939 192 2008 in
235 1964 370 2030 qua
422 1941 729 2032 primum
783 1941 1131 2013 Christum
1179 1953 1610 2033 cognoverat,
1664 1954 1730 2012 et
1769 1941 2247 2015 Ecclesiastica
2294 1943 2669 2034 disciplina

130 2027 430 2102 imbutus
480 2029 723 2101 suerat.

206 2120 239 2206 ἓ
281 2124 371 2191 8.
433 2118 559 2188 Sed
611 2118 944 2206 quoniam
995 2118 1080 2188 ad
1132 2117 1322 2190 hunc
1370 2119 1594 2189 virum
1647 2132 1885 2191 nostra
1934 2119 2219 2210 delapsa
2266 2132 2368 2190 est
2414 2120 2661 2203 oratic,

131 2203 647 2299 intelligendum
698 2219 841 2289 est,
893 2229 1056 2277 eum
1108 2230 1270 2298 prae
1317 2229 1550 2278 amore
1595 2230 1734 2295 quo
1783 2213 1962 2278 Deus
2011 2209 2213 2280 illurn
2262 2208 2669 2299 complexus

132 2307 244 2377 est,
295 2296 605 2387 potuisse
652 2295 1027 2367 daemones
1076 2296 1353 2388 abigere
1386 2350 1403 2379 ‚
1455 2308 1521 2367 et
1566 2297 1884 2367 homines
1933 2297 2020 2367 ab
2079 2296 2324 2368 iisdem
2375 2298 2670 2388 agitatos

134 2380 258 2454 illis
304 2407 631 2477 purgare.
701 2391 867 2456 Nam
935 2407 1096 2456 cum
1164 2385 1451 2474 quidam
1503 2396 1782 2456 vexatus
1830 2386 1918 2456 ab
1982 2384 2348 2456 immundo
2413 2386 2670 2476 spiritu

133 2492 241 2556 per
275 2472 502 2546 forum
554 2473 788 2566 gladio
835 2475 1072 2546 stricto
1120 2487 1446 2558 curreret,
1499 2495 1879 2563 omnesque
1927 2472 2241 2576 fugerent
2288 2475 2375 2547 ab
2423 2496 2503 2546 eo
2535 2530 2551 2558 ,
2604 2486 2671 2547 et

135 2564 459 2635 tumultus
509 2564 749 2634 urbem
801 2577 1213 2655 occuparet;
1287 2563 1623 2634 Arsaciuo
1654 2565 1875 2634 sactus
1923 2562 2026 2633 ilh
2073 2565 2394 2645 obviam,
2472 2563 2668 2634 Chri-

137 2660 295 2721 stum
339 2652 749 2735 nominavit,
807 2653 1012 2723 verbo
1059 2652 1413 2724 hominem
1461 2651 1735 2740 dejecit,
1787 2674 2087 2739 eumque
2134 2652 2509 2745 extemplo,
2563 2652 2666 2724 lu·

136 2752 274 2827 gato
320 2742 660 2812 daemone
693 2795 709 2824 ‚
762 2742 849 2811 ad
899 2764 1137 2814 sanam
1206 2752 1503 2813 mentem
1555 2741 1851 2812 reduxit.
1916 2741 2110 2812 Edita.
2177 2754 2340 2814 sunt
2393 2741 2481 2812 ab
2544 2741 2667 2812 illo

136 2827 317 2899 etiam
358 2830 500 2901 alia
546 2852 753 2922 opera
784 2831 1002 2902 multa
1049 2852 1227 2919 quae
1256 2853 1470 2921 supra
1501 2828 1893 2901 facultatem
1927 2844 1993 2901 et
2032 2842 2249 2902 artem
2280 2830 2666 2902 humanam

138 2919 426 3014 putanda
463 2933 648 2991 sunt.
688 2925 991 3003 Quorum
1029 2919 1160 2990 hoc
1192 2942 1417 2990 unum
1458 2917 1608 2989 suit.
1665 2925 1823 3077 Eraefft
1869 2917 2039 2990 sorte
2085 2919 2294 2991 draco
2334 2918 2437 2989 vel
2473 2918 2666 2989 aliud

138 3009 452 3078 lmmanis
503 3008 840 3100 serpentis
886 3032 1109 3100 genus
1156 3007 1340 3097 quod
1392 3007 1684 3079 viatores
1725 3009 1771 3077 il
1804 3030 1886 3078 ac
1923 3019 2480 3098 pertranseuntes
2509 3020 2667 3078 ante

140 3091 289 3167 flatu
336 3119 466 3168 suo
516 3100 897 3188 peremerat
944 3120 1152 3187 quam
1205 3097 1427 3168 oculis
1480 3111 1902 3167 cerneretur.
1968 3097 2063 3167 Ad
2109 3120 2316 3185 quem
2382 3095 2658 3179 locum,

136 3181 243 3252 ubi
296 3186 366 3257 in
427 3208 642 3277 specu
691 3187 942 3258 latebat
979 3187 1314 3258 accedens
1361 3187 1723 3269 ArsaciuS,
1786 3186 2050 3268 oravit;
2103 3208 2387 3277 serpens
2435 3197 2663 3256 autem

137 3289 248 3368 sua
292 3288 538 3367 sponte
591 3276 940 3368 egreditur
995 3300 1031 3346 e
1077 3298 1313 3367 specu,
1365 3287 1430 3345 et
1481 3274 1706 3365 capite
1746 3274 1854 3345 bis
1894 3275 1978 3345 ad
2045 3288 2294 3346 terram
2344 3274 2546 3346 alliso
2595 3296 2667 3344 se

137 3378 268 3514 lpse
311 3363 673 3434 interfecit.
711 3371 922 3452 Atque
970 3365 1099 3435 ista
1148 3377 1784 3435 commemorarunt
1832 3363 1906 3433 hi
1953 3366 2074 3452 qui
2113 3365 2435 3436 dicebant
2475 3385 2545 3436 se
2578 3364 2666 3434 ab

139 3445 261 3520 ilis
306 3453 658 3525 audivisse
688 3454 809 3541 qui
850 3454 1080 3545 ipsum
1131 3453 1488 3524 Arsacium
1539 3452 2040 3545 adspexissent.
