3308 5004
656 323 789 390 332
1543 342 1622 390 ns
1670 341 1727 390 s.
1778 342 2142 393 amasia
2787 322 2968 392 ms.
3023 326 3111 394 η

562 425 836 507 viveret,
885 426 1302 505 audivisset,
1362 447 1614 497 manus
1660 427 1892 498 statim
1941 425 2312 511 relaxavit,
2377 438 2444 498 et
2493 426 2843 510 tunicam,
2895 449 3113 514 quam

561 512 890 598 diximuS,
941 516 1224 606 accepit,
1250 537 1332 586 ac
1367 515 1618 586 deinde
1644 516 1734 586 ad
1765 528 2075 587 sanctam
2105 516 2298 594 illam
2316 538 2553 587 arcam
2595 537 2668 586 se
2716 516 3109 586 reclinavit.

650 608 688 694 ἓ
735 610 880 679 21.
933 610 1191 697 Operae
1222 604 1518 694 pretium
1555 626 1711 675 vero
1765 616 1868 676 est
1924 627 2144 696 pauca
2188 604 2531 694 quaedam
2567 659 2584 687 ,
2635 626 2816 692 quae
2863 616 3110 695 postea

560 693 736 766 sacta
775 706 961 776 sunt,
1002 692 1332 764 miracula
1393 715 1959 777 commemorare,
2011 706 2079 765 et
2124 694 2220 765 ita
2263 693 2560 765 orationi
2615 692 2827 763 finem
2879 694 3112 787 impo-

562 805 747 855 nere.
786 787 955 853 Cum
988 803 1126 852 non
1178 782 1377 852 multi
1411 781 1561 853 dies
1597 783 2135 872 praeteriissent,
2191 780 2425 874 puella
2472 782 2841 870 quaedam,
2884 805 3113 854 annos

560 872 700 943 fere
725 871 1091 942 duodecim
1149 882 1332 951 nata,
1386 871 1665 960 impuro
1711 871 1964 961 spiritu
2008 871 2306 953 detenta,
2357 871 2615 942 cadens
2666 882 2731 941 et
2778 892 3110 962 spumam

558 962 920 1043 emittenS,
953 996 956 999 ·
988 959 1074 1030 ad
1124 980 1360 1029 sacrae
1420 959 1737 1030 mulieris
1783 958 2185 1051 sepulcrum
2246 959 2547 1031 adducta
2592 971 2737 1030 est:
2805 982 3115 1049 cumque

558 1048 701 1120 illic
745 1048 1208 1139 quadraginta
1254 1047 1403 1117 dies
1456 1048 1971 1137 permansisset,
2015 1048 2250 1119 divina
2295 1069 2427 1140 ope
2470 1049 2734 1150 adjuta,
2790 1070 2962 1120 sana
3011 1071 3116 1119 re-

557 1139 705 1210 diit.
757 1138 949 1209 Alius
1011 1135 1298 1224 quidam
1340 1157 1534 1226 puer,
1585 1158 1807 1208 annos
1872 1137 2011 1207 fere
2066 1150 2219 1208 octo
2263 1150 2490 1219 natus,
2543 1159 2615 1207 in
2679 1158 2894 1208 manu
2956 1137 3115 1228 ipsa

557 1229 965 1299 daemonem
1000 1225 1317 1295 habebat.
1350 1230 1550 1295 Hunc
1583 1237 1662 1296 ut
1703 1248 2049 1317 passerem
2100 1226 2474 1313 quemdam
2507 1225 2791 1317 nigrum
2826 1225 2912 1295 ad
2958 1248 3111 1297 ma-

558 1339 728 1388 num
763 1337 962 1385 suam
1011 1313 1438 1394 venientem,
1462 1328 1529 1383 et
1574 1312 1719 1385 illic
1768 1315 2116 1386 sedentem
2147 1314 2444 1395 videbat,
2483 1337 2523 1385 a
2554 1336 2693 1402 quo
2739 1326 2808 1384 et
2854 1336 3113 1386 manus

557 1407 710 1496 ipsa
755 1402 1339 1474 commovebatur.
1391 1407 1615 1485 Quare
1650 1403 2136 1477 miserabiliter
2168 1403 2464 1473 afflictus
2511 1424 2687 1494 puer
2746 1402 2889 1483 ille,
2943 1425 3110 1474 cum

557 1506 733 1565 totos
779 1505 1041 1582 septem
1097 1491 1245 1561 dies
1291 1490 1478 1581 apud
1538 1491 1813 1562 divinas
1861 1503 2135 1564 sanctae
2198 1490 2512 1562 mulieris
2560 1490 2895 1581 reliquias
2954 1514 3113 1583 per·

558 1581 949 1662 mansisset,
1003 1579 1426 1650 sanctissimi
1476 1581 1776 1670 Spiritus
1804 1602 1933 1671 ope
1961 1591 2246 1651 curatus
2277 1593 2404 1650 est.

645 1672 683 1760 ξ
732 1673 892 1741 22.
946 1668 1134 1740 Alius
1165 1668 1453 1755 quidam
1486 1669 1884 1739 conditione
1922 1689 2182 1751 servus,
2224 1668 2362 1739 fide
2393 1691 2554 1739 vero
2602 1668 2798 1752 liber,
2837 1669 3114 1740 occulto

557 1759 891 1829 daemone
939 1769 1242 1837 vexatus,
1285 1771 1353 1826 et
1389 1756 1678 1848 insuper
1704 1760 1888 1845 aqua
1934 1758 2270 1829 intercute
2308 1770 2527 1828 totum
2569 1778 2852 1848 corpuS,
2886 1759 3112 1830 instar

557 1848 756 1928 utriS,
797 1845 1245 1917 tumefactum
1296 1844 1582 1928 habens,
1634 1846 1720 1916 ad
1774 1846 2270 1917 monasterium
2319 1846 2492 1917 illud
2546 1847 2752 1930 venit,
2804 1859 2875 1916 et
2926 1847 3114 1916 sani·

559 1936 717 2006 tatis
747 1955 1030 2025 compos
1077 1933 1230 2004 fieri
1282 1933 1569 2025 supplex
1617 1934 2033 2025 postulabat.
2088 1933 2194 2003 Illi
2255 1955 2423 2025 ergo
2482 1937 2680 2029 beata
2734 1936 3109 2006 Athanasia

557 2024 629 2093 in
680 2023 944 2094 somnis
1001 2044 1385 2113 apparens:
1447 2028 1761 2114 Expecta,
1816 2024 2063 2111 inquit,
2123 2022 2353 2105 frater,
2420 2023 2815 2114 paululum,
2868 2035 2938 2094 et
2983 2046 3109 2125 ego

559 2112 708 2192 tibi,
771 2111 1005 2181 divina
1059 2132 1190 2201 ope
1248 2109 1657 2202 adjuvante,
1730 2114 2156 2184 curationem
2225 2112 2552 2194 afferam,
2605 2124 2873 2204 partem
2923 2134 3112 2184 enim

555 2199 930 2288 quamdam
969 2199 1103 2270 mei
1129 2220 1249 2270 cor
1344 2200 1438 2271 ris
1469 2200 1557 2270 ad
1594 2214 1657 2270 te
1705 2202 1996 2277 mittam.
2032 2223 2172 2289 qua
2223 2202 2463 2271 morbo
2496 2203 2627 2272 isto
2675 2200 3107 2271 liberaberis.

555 2289 829 2359 Audivit
860 2287 1027 2359 haec
1066 2289 1171 2357 vir
1218 2289 1238 2356 i
1274 2288 1356 2371 le,
1394 2302 1460 2358 et
1507 2288 1638 2358 fuit
1667 2290 1849 2360 bono
1895 2291 2171 2361 animo:
2223 2304 2291 2359 et
2328 2303 2482 2393 post
2535 2310 2843 2360 mensem
2884 2311 3111 2363 unum

557 2391 753 2449 nocte
784 2377 1085 2465 quadam
1112 2377 1186 2446 in
1217 2377 1468 2447 mentis
1493 2390 1845 2468 stuporem
1874 2378 2212 2459 incidens,
2250 2400 2560 2469 seipsum
2596 2378 2770 2448 vidit
2796 2378 3114 2466 undique

556 2490 595 2538 a
637 2465 875 2558 templi
926 2477 1097 2537 tecto
1143 2487 1323 2555 aqua
1370 2466 1717 2538 defluente
1743 2467 2122 2549 madefieri,
2174 2482 2242 2538 et
2275 2468 2607 2540 omnibus
2652 2466 2967 2538 candelis
2993 2489 3111 2538 ex-

558 2557 812 2638 tinctis,
865 2555 951 2626 ad
995 2569 1270 2627 sanctas
1319 2557 1556 2626 beatae
1607 2556 1922 2627 mulieris
1982 2557 2312 2645 reliquias
2378 2557 2792 2647 confugere:
2859 2556 3108 2628 strido·

556 2667 765 2733 reque
805 2666 1056 2735 magno
1103 2666 1184 2714 ex
1231 2643 1471 2715 art-‚ula
1513 2646 1810 2726 emisso,
1866 2667 2101 2715 vocem
2157 2645 2244 2715 ad
2306 2667 2379 2716 se
2427 2647 2811 2715 venientem
2861 2644 3109 2715 audire

557 2734 689 2803 sibi
715 2733 1099 2813 videbatur,
1128 2754 1307 2820 quae
1352 2733 1446 2802 ita
1498 2732 1792 2803 diceret:
1844 2734 2044 2834 Aperi
2090 2734 2228 2803 cito
2273 2755 2351 2804 os
2382 2746 2604 2815 tuum,
2652 2733 2867 2824 aperi.
2916 2733 3109 2816 Quod

555 2846 716 2893 cum
765 2821 884 2892 ille
929 2821 1223 2904 fecisset,
1260 2820 1526 2902 hilaris,
1578 2821 1766 2909 quod
1818 2843 2110 2892 missum
2166 2821 2329 2902 fuit,
2382 2823 2691 2913 excepit,
2758 2822 3114 2910 simulque

557 2911 919 2982 sanitatem
960 2909 1413 3000 recuperavit.
1479 2914 1648 2980 Cum
1703 2931 1862 2980 vero
1900 2910 2050 2980 dies
2098 2910 2461 2991 illuxisset,
2513 2909 2881 2991 omnibus,
2931 2931 3111 3068 qfflie

557 3001 630 3068 in
665 2999 1080 3068 monasterio
1136 3010 1354 3078 erant,
1406 2998 1835 3068 curationem
1897 3018 2098 3067 suam
2164 2998 2352 3068 clara
2415 3021 2577 3070 voce
2636 2997 2962 3089 praedica
3060 3014 3104 3068 t.

557 3092 865 3172 Cumque
911 3107 1152 3156 omnes
1199 3107 1547 3156 concursu
1586 3108 1842 3176 magno
1892 3086 2058 3157 illuc
2090 3087 2459 3168 venissent,
2514 3100 2582 3158 et
2624 3109 2913 3158 causam
2958 3087 3110 3187 ejus

556 3175 655 3245 rei
702 3174 1008 3244 ediscere
1055 3174 1504 3263 cupivissent,
1557 3187 1706 3246 tum
1742 3174 1858 3245 ille
1903 3175 2193 3251 donum,
2234 3175 2416 3263 quod
2466 3188 2847 3266 acceperat,
2882 3197 3111 3246 esmu

557 3262 866 3353 protulit,
920 3283 1227 3353 unguem
1263 3261 1578 3332 videlicet
1626 3264 1866 3354 magni
1923 3263 2124 3353 digiti
2170 3285 2209 3333 e
2247 3275 2525 3334 sanctae
2573 3264 2890 3336 mulieris
2940 3264 3117 3355 pede

557 3351 878 3431 missum,
931 3373 1012 3420 ac
1052 3371 1260 3440 parvo
1307 3350 1607 3438 quodam
1641 3374 1871 3441 panno
1910 3350 2322 3422 involutum.
2368 3354 2545 3423 Abiit
2594 3354 2809 3444 igitur
2846 3352 2951 3422 vir
2981 3352 3101 3423 ille

558 3461 796 3519 sanus,
848 3438 1155 3539 divinam
1203 3439 1521 3528 gratiam,
1572 3453 1638 3509 et
1676 3453 1954 3511 sanctae
2019 3440 2334 3511 mulieris
2381 3442 2673 3543 gloriam
2722 3441 3104 3511 celebrans.

644 3529 682 3617 ξ
731 3530 891 3599 28.
942 3526 1329 3614 Aliquando
1390 3550 1549 3597 cum
1624 3529 1778 3618 ejus
1825 3541 2063 3600 sancta
2128 3552 2461 3600 memoria
2506 3530 2994 3611 celebraretur,
3045 3541 3111 3598 et

558 3613 823 3685 multus
855 3616 1098 3708 populi
1136 3637 1521 3686 concursus
1567 3616 1790 3688 factus
1843 3631 2045 3700 esset,
2107 3618 2359 3689 mulier
2402 3618 2771 3707 quaedam,
2828 3618 3111 3689 nomine

556 3703 923 3785 Theodota,
967 3726 1252 3774 manum
1289 3703 1656 3775 arefactam
1709 3706 1994 3788 habenS,
2048 3708 2473 3778 curationem
2510 3708 2784 3795 assequi
2819 3707 3111 3798 supplex

556 3792 902 3883 poscebat.
969 3797 1117 3863 Una
1163 3792 1378 3884 igitur
1426 3815 1461 3863 e
1509 3796 1888 3876 sororibus,
1940 3817 2101 3865 cum
2156 3816 2309 3866 eam
2368 3796 2976 3886 apprehendisset,
3038 3807 3109 3865 et

556 3882 876 3952 maxillae
915 3893 1193 3953 sanctae
1241 3881 1576 3963 mulieris,
1629 3906 1806 3971 quae
1855 3885 1924 3953 in
1957 3905 2116 3954 arca
2163 3898 2331 3966 erat,
2385 3884 2825 3966 admovisset,
2860 3904 3106 3954 sanam

554 3982 759 4058 atque
791 3972 893 4041 int
985 3993 1132 4041 ram
1184 3972 1299 4040 Dei
1331 3993 1461 4061 ope
1500 3972 1693 4043 illinc
1746 3973 2010 4042 extulit.
2063 3973 2207 4042 Alia
2257 3995 2413 4044 vero
2459 3973 2800 4060 quaedam
2850 3971 3106 4042 mulier

554 4080 713 4129 cum
762 4082 936 4131 occu
968 4071 1035 4131 to
1082 4060 1332 4161 spiritu
1378 4075 1759 4143 vexaretur,
1797 4075 1864 4130 et
1904 4060 2157 4131 multos
2206 4061 2355 4131 dies
2388 4060 2530 4131 illic
2585 4061 3100 4151 permansisset,

555 4168 628 4215 re
655 4147 902 4219 infecta
930 4172 1010 4219 ac
1050 4148 1264 4219 tristis
1301 4148 1588 4219 domum
1617 4171 1814 4220 suam
1853 4170 2121 4219 reversa
2152 4163 2277 4219 est.
2310 4149 2490 4218 Vidit
2526 4163 2757 4220 autem
2794 4160 3104 4218 sanctam

557 4232 1148 4330 foeminam0talia
1195 4238 1331 4307 sibi
1377 4238 1763 4308 dicentem:
1818 4244 1919 4308 Tu
1965 4236 2279 4307 fraudem
2339 4238 2485 4306 viro
2536 4251 2650 4308 tuo
2710 4237 2984 4317 fecisti,
3038 4246 3103 4306 et

559 4322 861 4393 animam
925 4337 1109 4395 tuam
1171 4326 1240 4394 in
1291 4348 1566 4416 gravem
1636 4338 1923 4396 mortem
1980 4327 2304 4414 injecisti.
2358 4326 2537 4396 Vade
2586 4326 2834 4416 igitur,
2886 4336 2954 4394 et
2998 4346 3103 4396 er-

560 4422 787 4481 ratum
824 4426 1016 4483 tuum
1056 4413 1386 4503 proferas,
1416 4426 1481 4484 et
1525 4435 1653 4505 ego
1694 4415 1858 4484 mali
1904 4414 2265 4484 daemonis
2297 4415 2642 4485 vexatione
2673 4429 2737 4485 te
2767 4413 3098 4485 liberabo.
