3308 5004
164 353 342 420 ΑΗΕ.
399 353 479 419 15
747 371 827 417 nn
865 364 1253 417 noamnom:
1301 368 1580 417 nuiss.
1634 367 1805 416 vinc.
1860 365 2102 416 mmm
2478 350 2605 416 335

157 476 427 546 germen
461 453 695 525 odoris
734 453 1155 534 suavissimi,
1206 474 1383 540 quae
1424 452 1639 523 viride
1674 453 1877 522 habet
1909 453 2101 524 floris
2147 452 2688 554 receptaculum,

157 556 324 614 etex
358 563 437 613 eo
484 541 968 633 procedentem
1019 541 1256 612 florem
1305 542 1566 632 gemini
1615 541 1888 622 coloris,
1942 553 2006 610 et
2055 552 2562 631 pervenientem
2603 541 2693 611 ad

159 631 468 702 ruborem
505 631 897 721 speciosum
939 642 1005 700 et
1034 629 1136 699 ele
1188 641 1456 700 antem:
1510 640 1631 699 aut
1668 642 2017 700 maturum
2049 630 2351 717 aliquem
2387 629 2689 700 fructum

158 719 689 790 dulcissimum:
752 741 892 790 non
949 731 1129 789 atten
1186 731 1252 788 et
1314 724 1698 809 Imperator
1755 716 2079 787 vilitatem
2154 718 2464 788 muneris
2499 773 2515 799 ,
2574 717 2693 805 sed

159 808 639 891 considerabit,
671 828 881 896 quam
916 807 986 877 id
1018 807 1107 877 sit
1140 828 1396 877 novum
1437 818 1503 877 et
1535 806 1866 888 alienum,
1903 819 1968 876 et
2014 805 2477 877 admirabitur
2506 807 2693 894 quod

160 899 241 967 sit
268 896 701 971 inusitatum.
753 897 1013 988 optime
1035 896 1367 985 judicans
1393 906 1459 965 et
1491 907 1672 966 recte
1711 894 2154 985 intelligens:
2210 895 2434 985 magis
2463 908 2696 965 autem

160 998 216 1055 et
259 986 473 1076 gratis
520 985 723 1057 donis
770 1008 809 1055 a
864 983 1146 1055 ricolam
1204 985 1785 1055 remunerabitur.
1838 988 1938 1053 Ita
2005 1004 2130 1053 nos
2191 1005 2509 1070 quoque,
2575 984 2697 1071 qui

161 1076 392 1175 hyeme
422 1074 767 1144 dictorum
859 1094 1012 1143 ores
1043 1073 1344 1165 Reginae
1372 1074 1751 1153 offerimuS,
1795 1083 1883 1154 et,
1922 1093 2099 1161 quae
2123 1072 2270 1161 jam
2302 1072 2690 1152 consenuit,

158 1163 420 1233 dicendi
470 1162 864 1234 facultatem
916 1162 1003 1232 ad
1052 1162 1499 1252 suscipienda
1544 1161 1924 1232 certamina
1954 1161 2429 1230 encomiorum
2464 1181 2697 1230 arma-

161 1274 328 1333 mus,
387 1263 456 1322 et
511 1252 724 1322 menti
779 1251 1203 1321 desiderium
1263 1263 1613 1338 tamquam
1667 1250 1846 1320 ferro
1895 1249 2195 1339 lapidem
2246 1249 2691 1330 affricamus,

158 1353 349 1427 atque
395 1341 772 1409 immaturo
830 1341 1022 1410 botro
1068 1361 1413 1429 expresso,
1470 1361 1717 1429 nempe
1768 1350 2017 1417 mente,
2078 1359 2255 1425 quae
2309 1339 2489 1427 parit
2538 1359 2698 1407 nar-

158 1430 480 1500 rationem
515 1483 530 1505 ,
582 1429 903 1518 exiguam
952 1427 1328 1516 quamdam
1378 1428 1710 1499 orationis
1758 1426 2130 1497 scintillam
2197 1426 2389 1496 vobis
2451 1425 2698 1495 tribui-

159 1538 327 1599 muS‚
380 1517 643 1606 quibus
693 1516 967 1607 placent
1011 1516 1378 1597 orationes,
1415 1530 1480 1586 et
1522 1517 1644 1603 qui
1691 1516 2023 1585 audiendi
2071 1515 2401 1584 tenemini
2431 1514 2700 1584 deside-

156 1605 272 1687 ri0,
318 1606 525 1697 longe
574 1606 798 1696 magis
834 1605 1305 1676 admittemur.
1359 1605 1558 1675 Verbi
1607 1606 1793 1674 enim
1846 1605 2039 1673 Matri
2099 1603 2263 1691 quid
2303 1602 2495 1672 aliud
2530 1603 2699 1672 offe-

158 1715 404 1776 remus,
462 1716 673 1782 quam
722 1716 1108 1764 sermonem
1142 1698 1173 1762 ⁶?
1220 1694 1458 1764 Simile
1503 1695 1687 1763 enim
1726 1693 1940 1764 simili
1980 1692 2383 1762 delectatur.
2423 1697 2500 1761 Et
2532 1692 2599 1759 id
2632 1691 2697 1762 ei

159 1783 427 1869 quidem
468 1795 648 1853 certe
681 1796 952 1883 gratum
988 1796 1112 1864 est,
1147 1783 1330 1870 quod
1357 1782 1432 1852 fit
1463 1804 1583 1873 pro
1613 1782 1902 1851 viribus,
1931 1782 2078 1851 Jam
2112 1802 2275 1870 ergo
2305 1780 2696 1851 orationum

158 1873 402 1961 apertis
454 1872 874 1952 carceribus,
926 1872 1304 1941 orationem
1355 1883 1707 1958 tamquam
1757 1892 2013 1957 equum
2064 1868 2392 1955 aliquem,
2496 1890 2693 1938 arum

157 1959 383 2030 laxatis
431 1960 752 2040 habenis,
809 1960 894 2030 ad
946 1982 1229 2030 cursum
1274 1960 1651 2049 dirigentes
1703 1959 2127 2029 emittamus
2183 1958 2309 2027 Sed
2362 1958 2458 2027 mi
2516 1957 2537 2025 i
2598 1956 2700 2026 ser

158 2068 369 2150 opem,
415 2072 461 2119 o
501 2050 615 2119 Dei
665 2048 989 2129 Verbum,
1042 2062 1108 2118 et
1153 2046 1345 2118 effice
1391 2061 1470 2118 ut
1501 2070 1652 2117 mea
1686 2047 2032 2138 cogitatio,
2074 2048 2160 2117 sit
2199 2047 2463 2116 ratione
2552 2067 2699 2115 rae-

161 2136 313 2218 dita,
350 2139 720 2225 lenemque
765 2150 831 2207 et
872 2137 1152 2227 planam
1193 2138 1256 2206 ei
1301 2136 1407 2206 sac
1456 2137 1798 2216 semitam,
1844 2149 1909 2206 et
1941 2135 2094 2224 ejus
2142 2157 2425 2206 cursum
2476 2068 2700 2235 dirige

158 2225 235 2294 ad
267 2226 421 2308 hoc,
478 2240 556 2297 ut
587 2227 714 2296 tibi
760 2225 1052 2315 placeat,
1091 2226 1178 2296 ad
1217 2225 1402 2313 quod
1437 2225 1718 2313 quidem
1754 2223 2081 2317 dirigitur
2120 2224 2452 2314 sapientis
2481 2237 2699 2293 oratio

158 2316 372 2385 omnis
419 2326 490 2384 et
531 2315 877 2416 cogitatio.

236 2406 406 2491 §2
468 2404 682 2473 Hodie
746 2417 986 2473 sancta
1049 2415 1116 2472 et
1181 2401 1327 2473 sola
1394 2402 1586 2493 virgo
1656 2401 2226 2492 supermundano
2294 2414 2360 2470 et
2423 2399 2700 2470 coelesti

161 2492 402 2583 templo
452 2493 782 2564 offertur:
835 2515 1014 2580 quae
1060 2491 1524 2582 virginitatem
1576 2490 1748 2561 adeo
1796 2489 2231 2571 desideravit,
2285 2501 2363 2559 ut
2413 2489 2500 2559 ab
2549 2488 2700 2579 ipso

163 2592 505 2669 tamquam
557 2583 644 2652 ab
691 2580 926 2669 aliquo
973 2582 1133 2671 igne
1167 2582 1542 2671 purissimo
1574 2580 1974 2667 qualitatem
2010 2579 2370 2669 acceperit.
2409 2579 2701 2660 Quaevis

163 2669 334 2740 enim
383 2672 579 2761 virgo
628 2683 832 2761 partu
879 2671 1132 2740 amittit
1179 2669 1691 2760 virginitatem:
1739 2669 1889 2758 ipsa
1945 2678 2173 2738 autem
2224 2679 2290 2736 et
2344 2679 2500 2736 ante
2542 2688 2700 2756 par-

165 2768 298 2827 tum
334 2813 349 2840 ‚
401 2770 469 2829 et
521 2761 795 2850 pariens
849 2772 1080 2828 manet
1132 2759 1323 2848 virgo
1354 2812 1369 2839 ‚
1436 2770 1502 2827 et
1565 2771 1718 2848 post
1764 2769 2065 2848 partum.
2120 2755 2336 2826 Hodie
2396 2776 2592 2825 sacra
2637 2768 2704 2824 et

165 2847 456 2918 animata
505 2870 667 2918 arca
714 2847 831 2916 Dei
880 2847 1190 2927 viventiS,
1231 2868 1407 2933 quae
1442 2868 1648 2916 suum
1684 2846 1756 2914 in
1790 2859 1984 2916 utero
2017 2845 2304 2936 gestavit
2335 2842 2696 2925 artificem,

166 2937 518 3022 requiescit
563 2937 634 3006 in
685 2934 941 3026 templo
990 2936 1287 3018 Domini,
1339 2935 1522 3022 quod
1576 2934 1791 3006 nullis
1837 2947 1940 3006 est
1986 2932 2294 3004 excisum
2349 2932 2696 3013 manibuS‚

165 3033 222 3091 et
256 3025 465 3096 David
514 3024 772 3094 exultat
808 3025 965 3111 ejus
1013 3046 1286 3115 parem,
1338 3035 1404 3094 et
1452 3046 1612 3093 cum
1664 3045 1745 3094 eo
1792 3023 2039 3093 choros
2096 3022 2365 3092 ducunt
2411 3020 2647 3110 Angeli
2675 3074 2695 3101 ,

166 3111 433 3183 virtutes
482 3113 895 3204 glorificant,
950 3113 1385 3203 principatus
1419 3112 1629 3183 simul
1664 3111 1993 3192 exultant,
2045 3122 2410 3201 potestates
2457 3108 2704 3179 collae-

168 3210 409 3283 tantur,
463 3202 773 3293 gaudent
818 3202 1348 3283 dominationeS,
1406 3201 1632 3270 throni
1681 3199 1928 3270 festum
1989 3200 2360 3278 celebrant,
2417 3197 2704 3267 laudant

168 3289 546 3371 Cherubin,
604 3290 896 3381 gloriam
944 3292 1092 3380 ejus
1143 3291 1542 3380 praedicant
1608 3290 1969 3379 Seraphin.
2024 3293 2166 3358 Non
2219 3309 2467 3378 parum
2516 3287 2702 3356 enim

170 3376 568 3463 glorificant,
620 3379 743 3467 qui
783 3380 977 3448 Matri
1024 3379 1283 3471 gloriae
1331 3378 1619 3470 gloriam
1674 3379 2081 3448 attribuunt.
2122 3376 2338 3446 Hodie
2385 3376 2705 3445 sacratis-

170 3465 328 3564 sima
361 3469 709 3550 columba,
751 3489 925 3558 pura
954 3479 1018 3538 et
1056 3470 1389 3539 innocens
1427 3468 1686 3549 anima,
1740 3479 1805 3536 et
1849 3466 2084 3535 divino
2123 3477 2517 3559 consecrata
2551 3464 2706 3554 Spi-

169 3556 338 3638 ritui,
391 3580 473 3626 ex
520 3579 681 3626 arca
727 3556 1029 3638 evolans,
1063 3579 1142 3626 ex
1176 3578 1484 3648 corpore,
1529 3556 1841 3643 inquam,
1880 3554 2062 3643 quod
2117 3560 2330 3624 Deum
2368 3554 2698 3642 suscepit,

169 3654 226 3710 et
257 3645 422 3715 vitae
454 3645 644 3715 dedit
679 3645 1124 3735 principium,
1177 3646 1437 3715 invenit
1485 3648 1791 3732 requiem
1844 3646 1991 3715 suis
2043 3643 2384 3734 pedibus:
2422 3654 2739 3728 utquae

173 3735 542 3829 pervenerit
588 3734 672 3803 ad
726 3734 1093 3815 mundum,
1145 3748 1211 3804 et
1258 3735 1324 3804 in
1380 3733 1827 3804 immaculata
1876 3737 2054 3803 terra
2087 3752 2429 3821 supernae
2466 3731 2705 3798 haere-

173 3817 388 3892 dttatis
435 3823 660 3893 fixerit
705 3823 1175 3893 tabernacula.
1240 3823 1456 3893 Hodie
1502 3823 1687 3892 Eden
1720 3877 1735 3902 ,
1794 3823 1947 3891 novi
1996 3821 2235 3891 Adami
2300 3818 2703 3910 paradisum

175 3912 450 4000 suscipit
481 3912 910 3994 rationalem,
952 3912 1020 3980 in
1056 3934 1194 4000 quo
1242 3912 1464 3981 soluta
1512 3922 1613 3982 est
1660 3909 2168 3991 condemnatio,
2223 3909 2294 3977 in
2335 3928 2473 3995 quo
2506 3905 2707 3996 plan-

177 4006 376 4069 tatum
426 4013 528 4070 est
578 4000 845 4091 lignum
897 4000 1095 4081 vitae,
1151 4001 1220 4069 in
1272 4022 1409 4089 quo
1456 4011 1693 4090 operta
1739 3998 1868 4069 suit
1916 4009 2150 4068 nostra
2199 3996 2496 4066 nuditas.
2562 3998 2706 4064 Non

177 4104 405 4157 sumus
452 4090 635 4159 enim
705 4088 1010 4180 amplius
1067 4088 1285 4171 nudi,
1338 4101 1403 4158 et
1451 4101 1631 4159 veste
1691 4097 2047 4166 carenteS,
2099 4097 2168 4154 et
2227 4106 2361 4154 non
2412 4082 2707 4152 serentes

180 4172 599 4260 splendorem
647 4177 920 4248 divinae
968 4178 1320 4268 imaginiS,
1375 4190 1441 4247 et
1484 4177 1763 4267 copiosa
1817 4175 2063 4276 privati
2113 4174 2333 4263 gratia
2383 4171 2702 4262 spiritus.

180 4261 307 4328 Non
342 4266 641 4366 amplius
674 4267 928 4358 tragice
960 4280 1246 4337 veterem
1283 4265 1610 4336 deflentes
1662 4264 2069 4342 nuditatem,
2126 4262 2485 4332 dicemus:
2532 4260 2706 4330 Exui

185 4367 283 4416 me
327 4355 554 4422 tunica
587 4410 602 4436 ,
668 4356 1014 4443 quomodo
1065 4377 1169 4424 me
1217 4358 1297 4424 ea
1344 4353 1690 4424 induam?
1736 4359 1815 4423 In
1884 4374 2044 4422 eum
2092 4351 2275 4420 enim
2331 4372 2463 4420 non
2518 4360 2703 4440 patet

190 4434 395 4512 aditus
440 4446 781 4534 serpenti:
836 4446 1040 4535 cnjus
1108 4465 1268 4515 cum
1332 4441 1576 4513 falsam
1640 4442 2172 4535 appetiissemus
2223 4438 2653 4510 divinitatem
2686 4491 2702 4519 ,
