3308 5004
181 328 328 397 Aua.
368 327 405 393 2
835 345 917 393 ιιι
961 344 1021 394 s.
1069 343 1396 394 nraonso
1440 344 1510 392 ι.
1562 342 1643 391 ns
1687 340 1939 392 naono
2472 323 2547 390 Ἡ

176 452 395 503 exerere
446 428 715 520 coepit,
787 438 997 517 quam
1067 429 1381 500 omnium
1438 426 1874 500 saeculorum
1943 426 2303 519 posteritas
2364 437 2652 518 stupens

175 518 598 591 demirabitur.
642 523 911 589 Praeter
957 518 1407 609 gravissimas
1450 539 1681 597 curaS,
1744 538 1920 604 quas
1967 537 2093 588 suo
2143 515 2351 588 latius
2399 538 2651 608 propa-

174 608 357 711 gando
409 629 487 678 ac
542 607 994 699 gubernando
1048 606 1370 678 Instituto
1434 604 1777 677 indefesse
1833 605 2318 695 impendebat;
2384 618 2651 695 praeter

176 718 486 768 innumera
533 696 942 767 missionum
989 695 1334 777 exercitia,
1385 717 1573 784 quae
1611 693 1894 765 assidue
1944 693 2292 766 celebrare
2339 715 2651 785 perseve-

172 786 343 856 ravit:
391 798 553 856 tunc
601 785 929 875 temporis
988 784 1381 877 Alphonsus
1438 782 1842 875 perlongum
1907 782 2096 852 illam
2149 786 2448 875 Operum
2498 794 2649 853 tum

173 874 685 965 theologicorum,
719 885 865 944 tum
896 875 1348 945 asceticorum
1384 874 1630 945 seriem
1665 871 1949 962 vulgare
1982 871 2352 953 inchoavit,
2394 872 2655 960 quibus

171 963 277 1034 sibi
318 963 614 1034 Doctoris
660 962 1000 1034 Ecclesiae
1047 962 1377 1033 honorem
1432 962 1727 1062 adeptus
1771 974 1919 1041 est;
1971 959 2201 1032 clarus
2248 959 2651 1052 praesertim

172 1075 272 1124 sua
315 1054 666 1144 Theoloyia
708 1054 980 1135 mov-ali,
1031 1074 1169 1140 qua
1213 1051 1492 1122 titulum
1528 1049 1663 1121 stbi
1694 1049 2066 1120 vindicavit
2095 1050 2354 1121 summi
2400 1071 2482 1120 ac
2520 1050 2652 1142 pri·

162 1142 324 1211 marii
349 1141 413 1211 in
441 1141 759 1211 doctrina
777 1162 1051 1211 morum
1075 1140 1404 1232 Magistri.
1431 1139 1703 1210 Scilicet
1724 1138 2027 1210 charitas
2049 1138 2292 1209 Christi
2321 1138 2419 1208 zel
2561 1160 2648 1211 ue

158 1230 505 1301 animarum
543 1245 859 1301 sanctum
896 1229 1120 1300 virum
1156 1229 1518 1321 urgebant.
1562 1233 1993 1321 Quapropter
2031 1248 2157 1299 nec
2203 1226 2499 1298 aliorum
2567 1249 2644 1296 a·

155 1318 361 1389 borum
391 1317 766 1401 affluentia,
809 1339 935 1389 nec
965 1318 1268 1390 assiduis
1301 1318 1701 1389 morborum
1737 1316 2186 1398 cruciatibus,
2226 1338 2351 1387 nec
2382 1329 2641 1408 postea,

154 1406 443 1478 dioecesis
489 1407 983 1499 gubernandae
1014 1407 1481 1477 sollicitudine
1509 1406 1901 1498 praepediri
1950 1406 2193 1496 potuit,
2244 1427 2384 1493 quo
2414 1405 2650 1475 minus

153 1495 412 1587 singulis
449 1494 592 1566 fere
635 1496 840 1566 annis
876 1517 1097 1566 unum
1132 1495 1509 1567 alterumve
1549 1495 1831 1578 librum,
1873 1496 2046 1583 quin
2096 1494 2301 1565 etiam
2353 1492 2650 1566 subinde

154 1586 354 1674 plures
397 1584 470 1653 in
521 1583 745 1655 lucem
793 1584 1043 1656 ederet.
2006 1588 2014 1596 '

221 1675 254 1760 ἓ
292 1679 435 1747 Ιῡ.
490 1678 608 1745 Est
636 1685 865 1744 autem
899 1672 1279 1766 stupendae
1315 1671 1529 1763 hujus
1577 1671 2017 1743 fecunditatis
2060 1672 2232 1742 ratio
2259 1669 2654 1759 quaerenda

147 1761 202 1830 in
232 1763 498 1833 heroico
527 1762 828 1850 quodam
870 1776 1045 1845 voto,
1083 1784 1221 1851 quo
1254 1762 1358 1831 vir
1407 1761 1609 1852 plane
1641 1760 2075 1832 admirabilis
2112 1783 2194 1831 ex
2227 1781 2459 1831 amore
2485 1765 2652 1831 Jesu

149 1870 209 1919 se
244 1849 500 1922 adstrin
596 1873 668 1922 re
720 1851 959 1921 voluit.
1028 1850 1223 1935 Quod
1273 1864 1503 1922 votum
1555 1849 1624 1919 in
1693 1849 1888 1921 Bulla
1949 1849 2498 1921 canonizationis
2543 1848 2654 1920 his

142 1939 336 2010 verbis
378 1940 506 2011 dec
536 1953 816 2011 aratur:
880 1963 917 2008 a
954 1945 1038 2011 Ut
1082 1962 1157 2010 se
1210 1938 1703 2031 (Alphonsus)
1747 1961 2050 2028 suasque
2112 1938 2289 2009 vitae
2348 1937 2651 2009 rationes

145 2047 357 2098 omnes
412 2029 653 2099 divino
709 2027 930 2100 cultui
987 2028 1385 2109 devoveret,
1442 2028 1740 2098 maxime
1785 2027 2086 2100 arduum
2135 2050 2215 2099 ac
2265 2027 2422 2098 novi
2473 2048 2650 2118 pene

142 2117 387 2206 generis
434 2130 671 2188 votum
714 2118 967 2198 emisit,
1019 2129 1096 2187 ut
1140 2139 1227 2187 ne
1272 2115 1619 2187 tantillum
1670 2116 1953 2205 quidem
2009 2117 2339 2208 temporis
2385 2116 2600 2187 otiose
2629 2170 2646 2198 ,

141 2225 348 2275 verum
379 2219 717 2298 perpetua
752 2206 823 2275 in
858 2206 1128 2277 actione
1164 2206 1575 2277 traduceret.
1614 2227 1654 2273 »
1702 2204 2006 2276 Profecto
2038 2217 2395 2295 stuporem
2432 2217 2655 2276 movet

141 2303 339 2364 tantae
384 2294 873 2386 amplitudinis
922 2295 1313 2397 promissio.
1369 2294 1560 2365 Unde
1605 2306 1673 2364 et
1720 2316 1883 2385 prae
1928 2294 2391 2365 admiratione
2427 2293 2654 2364 excla-

142 2383 322 2479 npavit
365 2384 490 2471 qui
541 2387 829 2454 Causam
877 2406 1029 2474 ejus
1072 2383 1603 2455 Beatificationis
1658 2382 2010 2453 defendit:
2063 2406 2100 2450 «
2142 2386 2193 2453 Ο
2243 2381 2651 2475 praeclaris·-

140 2490 367 2543 sunum
416 2483 680 2554 votum,
731 2492 836 2556 ac,
886 2484 966 2544 ut
1015 2485 1121 2544 ote
1168 2494 1421 2544 novum
1471 2485 1539 2543 et
1579 2470 1913 2564 Alphonsi
1958 2471 2593 2544 characteristicum
2628 2525 2646 2555 ‚

140 2560 407 2631 aeternis
456 2561 787 2633 laudibus
833 2562 975 2632 cele
1028 2561 1321 2634 randum
1352 2565 1369 2632 l
1405 2584 1443 2629 »
1490 2566 1605 2632 Est
1641 2561 2041 2632 communis
2077 2561 2336 2653 opinio,
2370 2562 2518 2652 jam
2563 2560 2652 2631 ab

139 2661 270 2719 ortu
312 2649 882 2742 congregationis
926 2650 1352 2743 Alphonsum
1404 2651 1533 2721 isto
1562 2671 1634 2721 se
1666 2650 2010 2741 obligasse
2044 2665 2218 2721 voto.
2257 2653 2424 2720 Cum
2461 2670 2646 2732 vero,

137 2757 200 2805 ex
226 2737 339 2808 illo
361 2750 503 2810 tem
607 2760 701 2822 re,
731 2740 865 2829 ipsi
888 2739 1195 2832 amplius
1213 2739 1720 2897 quinguaginta
1741 2739 1945 2810 annis
1966 2739 2036 2809 in
2066 2751 2242 2809 terra
2278 2738 2649 2809 vivendum

136 2840 307 2909 esset,
347 2827 460 2899 vix
548 2827 640 2897 ici
680 2840 897 2918 potest
940 2840 1198 2917 quanta
1244 2827 1382 2899 assi
1437 2850 1524 2899 ue
1570 2828 1635 2897 vi
1690 2828 1929 2898 ilantia
1966 2850 2139 2899 usus
2187 2827 2298 2909 sit,
2344 2837 2422 2898 ut
2467 2849 2650 2898 nun-

136 2933 339 3071 qitam,
382 2929 529 2987 tam
563 2916 896 2988 diuturno
930 2916 1257 3009 temporis
1304 2916 1550 3008 spatio,
1602 2940 1638 2987 a
1724 2916 1997 2987 heroica
2037 2916 2498 3009 promissione
2543 2916 2653 2987 de·

137 3017 418 3076 emat-et.

203 3094 237 3179 ξ
276 3098 426 3168 28.
478 3094 634 3176 Hic,
685 3105 1049 3182 antequam
1099 3094 1170 3164 in
1207 3093 1425 3166 sancti
1458 3093 1590 3163 viri
1623 3093 1969 3165 narranda
2000 3094 2137 3164 vita
2167 3093 2463 3164 ulterius
2496 3115 2653 3184 pro·

138 3180 535 3279 gradiamur,
597 3182 949 3274 paulisper
994 3183 1350 3255 immorari
1388 3182 1648 3273 juverit
1695 3183 1951 3275 triplici
2001 3182 2652 3254 commemorandae

140 3272 364 3354 virtuti,
413 3271 635 3361 cujus
680 3271 828 3361 ipse
874 3271 1238 3361 specialem
1274 3272 1347 3342 in
1380 3271 1665 3343 modum
1716 3272 2070 3343 studiosus
2103 3293 2376 3362 semper
2404 3271 2645 3342 extitit.

142 3358 235 3426 Est
271 3374 535 3443 autem,
585 3372 666 3431 ut
709 3360 875 3431 alibi
913 3360 1065 3450 jam
1113 3360 1442 3443 diximuS‚
1499 3360 1873 3452 praecipua
1907 3360 2237 3451 Alphonsi
2268 3361 2488 3430 virtus
2527 3359 2653 3430 fla·

139 3449 601 3533 grantissimus
627 3449 791 3520 Jesu
838 3449 1083 3520 Christi
1115 3472 1334 3521 amor.
1370 3454 1551 3520 Haec
1590 3450 1833 3533 virtus,
1870 3464 2295 3520 caeterarum
2328 3448 2647 3519 omnium

140 3535 363 3618 quibus
408 3537 769 3619 inclaruit,
817 3550 885 3608 et
926 3560 1217 3630 operum
1264 3539 1578 3608 omnium
1607 3560 1787 3626 qnae
1822 3537 2124 3629 perfecit,
2160 3537 2358 3608 radix
2389 3549 2455 3608 et
2493 3559 2647 3628 pro·

141 3627 349 3697 motrix
372 3625 678 3698 dicenda
705 3639 829 3699 nst.
868 3627 1205 3698 Charitate
1243 3626 1494 3698 Christi
1517 3648 1680 3697 cum
1710 3639 2096 3721 urgeretur,
2143 3626 2244 3696 vel
2274 3628 2362 3698 ab
2397 3625 2651 3696 umbra

145 3716 390 3798 peceati,
444 3716 654 3804 quasi
702 3737 740 3785 a
789 3714 962 3786 facie
1006 3716 1278 3788 colubri
1322 3715 1654 3807 fugiebat.
1710 3721 2055 3804 Frequens
2101 3715 2451 3806 Alphonso
2480 3714 2651 3785 haec

144 3815 240 3871 vox
277 3801 451 3876 fuit:
509 3828 549 3872 «
580 3803 851 3875 Mallem
898 3805 1093 3875 vivus
1138 3806 1210 3875 in
1260 3804 1540 3875 ferventi
1591 3805 2020 3876 concremari
2066 3804 2395 3886 caldario,
2437 3823 2649 3891 quam

145 3887 221 3984 {el
260 3912 475 3991 unum
516 3892 769 3964 lethale
806 3907 1163 3985 peccatum
1195 3894 1596 3974 admittere;
1646 3905 1714 3964 et
1762 3894 1992 3985 potius
2036 3894 2284 3984 capitis
2329 3903 2652 3982 amputa-

149 3985 324 4062 tioni,
372 4004 591 4070 quam
653 3981 1021 4052 voluntarii
1083 3982 1428 4054 mendacii
1497 3982 1863 4072 prolationi
1917 3983 2326 4053 consentire.
2380 4002 2420 4047 »
2481 3983 2652 4051 Cum

153 4067 318 4163 ψύας
362 4072 552 4142 vitae
595 4075 765 4142 Jesu
809 4070 1057 4143 Christi
1102 4070 1600 4163 contemplator
1644 4083 1823 4142 esset
1868 4069 2217 4154 assiduus,
2262 4069 2389 4140 tria
2422 4079 2652 4139 tamen

155 4156 412 4251 eiusdem
452 4171 940 4231 sacrosanctae
986 4160 1163 4231 vitae
1210 4161 1537 4251 mysteria
1583 4159 1881 4230 dulciori
1927 4159 2144 4229 animi
2191 4180 2403 4230 sensu
2459 4178 2651 4229 reco-

162 4254 324 4325 ssltare
353 4248 669 4320 solebat:
723 4249 1274 4320 Incarnationem
1307 4249 1543 4319 divini*
1566 4248 1791 4331 Verbi,
1841 4248 2229 4340 passionem
2267 4247 2420 4338 ejus
2448 4259 2653 4336 atque

166 4344 418 4419 mortem,
454 4349 527 4408 et
575 4337 988 4410 immensam
1017 4338 1179 4427 ejus
1200 4337 1630 4419 charitatem,
1666 4358 1805 4425 qua
1846 4348 2221 4428 permotuS,
2278 4337 2350 4406 in
2399 4336 2653 4406 nostris

169 4413 441 4497 alaribus
472 4427 894 4497 commorari
925 4426 1255 4519 dignatur
1285 4448 1510 4517 usque
1536 4426 1624 4497 ad
1658 4425 2327 4498 consummationem
2360 4423 2644 4498 saeculi.
