3308 5004
160 318 349 386 AUG.
385 319 488 382 ’ΞΒ
729 335 812 384 nr.
858 336 915 384 s.
966 333 1325 385 Aususrmo
1370 337 1569 385 msc.
1622 333 1704 386 Ber
1745 336 1920 387 scen.
1972 337 2153 387 noer.
2485 323 2604 389 68⁴

163 420 570 496 adveniente
624 419 713 490 ad
755 420 1127 492 Ecclesiam
1185 422 1698 511 Hipponensem
1758 435 1924 492 tunc
1983 423 2280 494 Primate
2341 424 2707 497 Numidiae

164 509 454 600 legalio
501 508 882 582 calamensi
914 509 1273 600 Episcop0‚
1308 509 1614 581 Valerius
1647 511 2013 582 AntistesE
2068 512 2344 603 iscopis,
2373 513 2505 601 qui
2536 513 2711 584 sorte

165 612 345 670 tunc.
389 598 715 679 aderant,
765 611 831 668 et
879 598 1155 670 clericis
1221 600 1550 670 omnibus
1597 601 2025 691 Hipponensi
2078 613 2163 672 'us
2223 616 2292 671 et
2349 604 2709 673 universae

214 687 349 758 lehi
399 688 823 777 inopinatam
857 689 1130 758 cunctis
1163 710 1361 758 suam
1399 689 1707 760 insinuat
1748 701 1909 760 tunc
1960 688 2422 760 voluntatem:
2479 692 2707 760 omni-

163 711 438 863 busque
504 776 953 847 audientibus
997 789 1064 846 et
1096 777 1640 866 gratulantibus,
1712 792 1917 866 atque
1963 778 2033 848 id
2117 778 2266 848 fleri
2330 779 2708 868 perficique

166 865 430 956 ingenti
464 864 809 935 desiderio
840 864 1328 944 clamantibus,
1386 867 1868 956 Epi'scopatum
1912 866 2262 958 suscipere
2294 881 2534 939 contra
2566 891 2709 938 mo-

166 975 312 1025 rem
350 952 719 1035 Ecclesiae,
764 975 889 1024 suo
931 954 1193 1024 vivente
1226 955 1584 1045 Episcopo,
1642 957 1996 1046 presbyter
2025 957 2451 1046 Augustinus
2513 979 2710 1027 recu—

164 1043 385 1115 sabat.
442 1048 753 1130 Dumque
799 1042 868 1111 id
905 1043 1317 1113 fieri-solere
1355 1044 1443 1114 ab
1503 1046 1847 1119 omnibus,
1883 1045 2329 1127 suaderetur,
2385 1058 2590 1132 atque
2639 1046 2710 1115 id

163 1132 412 1226 ignaro
470 1132 954 1204 transmarinis
1000 1145 1068 1202 et
1110 1132 1445 1204 Africanis
1493 1133 1837 1203 Ecclesiae
1889 1132 2221 1224 exemplis
2272 1135 2704 1225 probaretur,

161 1220 572 1310 compulsus
602 1232 807 1307 atque
853 1234 1132 1291 coactus
1164 1223 1555 1295 succubuit.
1589 1236 1654 1292 et
1678 1223 2131 1314 Episcopatus
2161 1245 2426 1300 curam,
2465 1236 2530 1293 et
2565 1246 2710 1293 ma-

157 1310 339 1399 joris
388 1308 518 1379 loci
559 1309 1061 1399 ordinationem
1108 1312 1432 1400 suscepit.
1472 1311 1663 1394 Quod
1718 1311 1785 1381 in
1835 1314 2064 1402 seipso
2104 1323 2344 1399 postea
2386 1311 2532 1382 fieri
2570 1334 2708 1383 nou

162 1398 516 1478 debuisse,
570 1412 648 1468 ut
695 1399 844 1467 vivo
894 1421 1019 1469 suo
1066 1400 1401 1489 Episcopo
1447 1400 1908 1484 ordinaretur,
1960 1413 2026 1471 et
2071 1400 2243 1470 dixit
2286 1412 2354 1471 et
2404 1401 2711 1489 scripsit,

166 1501 452 1579 propter
495 1486 774 1558 concilii
825 1486 1235 1558 universalis
1284 1490 1589 1568 vetitum,
1621 1488 1802 1576 quod
1833 1489 1974 1576 jam
2008 1489 2369 1560 ordinatus
2416 1490 2703 1559 didicit:

162 1598 318 1656 nec,
372 1576 552 1664 quod
606 1576 740 1646 sibi
789 1576 1045 1646 factum
1092 1598 1241 1646 esse
1274 1577 1515 1657 doluit,
1574 1579 1732 1649 aliis
1778 1578 1927 1648 fieri
1973 1577 2210 1648 voluit.
2265 1577 2455 1647 Unde
2502 1579 2710 1650 etiam

164 1665 436 1755 sategit.
492 1679 570 1737 ut
616 1665 929 1735 conciliis
999 1666 1530 1735 constitueretur
1575 1667 2066 1757 Episcoporum
2097 1719 2112 1747 ‚
2164 1667 2253 1738 ab
2299 1667 2712 1737 ordinatori-

163 1754 300 1825 bus
348 1753 582 1824 deberi
630 1752 1037 1824 ordinandis
1087 1753 1186 1822 vel
1222 1754 1578 1837 ordinatis,
1616 1757 1931 1826 omnium
1976 1768 2226 1825 statuta
2274 1755 2710 1826 sacerdotum

165 1843 239 1913 in
278 1842 587 1912 notitiam
636 1864 783 1913 esse
815 1841 1204 1912 deferenda.

254 1934 292 2019 ὅ
338 1936 436 2000 θ.
491 1935 700 2018 Atque
748 1932 838 2001 ita
872 1930 1125 2001 factum
1174 1945 1298 2013 est,
1352 1945 1429 2002 ut
1475 1932 1889 2023 Episcopatu
1943 1946 2285 2022 suscepto,
2340 1932 2557 2003 multo
2606 1933 2714 2001 in-

169 2021 469 2090 stantius
536 2041 615 2090 ae
667 2018 1040 2091 ferventius
1117 2021 1371 2110 majore
1447 2022 1893 2101 auctoritate,
1960 2043 2095 2091 non
2167 2021 2396 2091 adhuc
2447 2021 2514 2090 in
2569 2044 2712 2091 una
2785 2083 2792 2096 ,

170 2120 437 2178 tantum
491 2131 560 2178 re
611 2108 788 2189 ione,
827 2110 943 2179 sed
984 2108 1408 2196 ubicumque
1457 2125 1736 2201 rogatus
1768 2110 2083 2191 venisset,
2130 2111 2411 2180 verbum
2463 2109 2711 2180 salutis

169 2207 485 2267 aeternae
512 2220 552 2267 a
583 2197 830 2267 acriter
875 2221 956 2268 ac
1004 2198 1341 2282 suaviter,
1369 2199 1751 2289 pullulante
1799 2212 2001 2286 atque
2041 2213 2388 2268 crescente
2438 2200 2710 2269 Domini

168 2285 493 2366 Ecclesia,
549 2287 996 2376 praedicaret,
1051 2298 1329 2376 paratus
1372 2309 1643 2378 semper
1694 2288 2133 2376 poscentibus
2173 2287 2454 2356 reddere
2505 2288 2713 2357 ratio-

166 2395 325 2443 nem
374 2374 624 2448 deside
671 2388 737 2445 et
769 2398 913 2465 spe,
944 2396 1121 2463 quae
1157 2377 1223 2445 in
1259 2381 1464 2446 Deum
1500 2391 1624 2446 est.
1665 2381 1740 2445 Et
1769 2375 1919 2477 ejus
1945 2375 2127 2445 dicta
2167 2388 2372 2461 atque
2403 2389 2704 2464 excepta,

166 2463 466 2535 maxime
515 2464 902 2536 Donatistae
961 2464 1030 2534 in
1076 2464 1312 2536 eadem
1393 2465 1818 2554 Hipponens1
1896 2464 1993 2535 vel
2049 2463 2272 2533 vicina
2348 2477 2709 2535 manentes

159 2553 456 2633 civitate,
508 2554 597 2623 ad
664 2577 827 2626 suos
874 2556 1246 2643 Episcopus
1292 2552 1710 2623 deserebant.
1766 2558 1951 2636 Quae
2005 2574 2166 2622 cum
2208 2552 2590 2649 audissent,
2643 2567 2712 2624 et

157 2655 442 2712 econtra
490 2641 661 2712 for-te
705 2642 965 2730 aliquid
1002 2642 1327 2723 dicerent,
1367 2654 1487 2710 aut
1544 2665 1585 2711 a
1632 2642 1780 2712 suis
1808 2641 2267 2721 refellebatur,
2303 2655 2421 2710 aut
2468 2642 2711 2712 eadem

160 2753 275 2802 res
321 2731 404 2799 ad
455 2744 769 2801 sanctum
840 2732 1299 2822 Augustinum
1360 2728 1833 2809 deferebatur&
1898 2751 2116 2817 eaque
2162 2744 2536 2820 comperta,
2597 2755 2714 2821 pa-

159 2819 411 2888 tienter
441 2842 520 2888 ac
570 2819 832 2901 leniter,
870 2833 947 2891 ut
973 2821 1304 2910 scriptum
1341 2834 1464 2901 est,
1517 2842 1675 2889 cum
1721 2819 1962 2889 timore
1995 2834 2060 2889 et
2086 2832 2377 2888 tremore
2417 2818 2714 2889 salutem

157 2906 480 2977 omnium
512 2911 959 2999 operabatur:
1013 2908 1415 2988 OstendenS,
1453 2908 1636 2994 quod
1691 2908 1862 2977 nibil
1903 2908 1999 2977 illi
2035 2906 2343 2978 refellere
2373 2908 2715 2977 voluerint

156 3018 245 3067 ac
294 2994 653 3077 valuerint,
688 3017 1036 3085 quamque
1072 3019 1304 3067 verum
1357 2997 1936 3084 manifestumque
1983 2998 2092 3075 sit,
2146 2995 2327 3083 quod
2371 2996 2715 3067 Ecclesiae

156 3085 283 3155 Dei
340 3083 510 3154 fides
570 3100 747 3155 tenet
791 3101 855 3156 et
912 3087 1131 3157 docet.
1185 3092 1262 3155 Et
1310 3086 1476 3155 haec
1523 3086 1771 3157 diebus
1835 3109 1914 3155 ac
1968 3086 2282 3156 noctibus
2332 3085 2418 3155 ab
2465 3085 2708 3156 eodem

148 3174 422 3265 jugiter
465 3176 870 3264 agebantur.
898 3180 1064 3245 Nam
1092 3187 1156 3245 et
1176 3175 1501 3265 epistolas
1538 3177 1835 3265 privatas
1868 3175 1950 3244 ad
2004 3192 2479 3262 quoscumque
2526 3175 2714 3276 ejus-

155 3263 321 3333 dem
363 3264 615 3332 erroris
669 3264 1055 3354 Episcopos,
1092 3279 1157 3335 et
1202 3264 1582 3334 eminentes
1630 3263 1895 3334 scilicet
1934 3263 2144 3333 laicos
2193 3262 2404 3342 dedit,
2452 3275 2715 3333 ratione

156 3349 434 3423 reddita
478 3351 877 3423 admonens
936 3368 1141 3440 atque
1196 3353 1608 3432 exhortans,
1676 3366 1755 3422 ut
1802 3351 1902 3421 vel
1952 3353 2041 3423 ab
2089 3351 2205 3421 illa
2258 3373 2331 3421 se
2380 3354 2715 3440 pravitate

154 3441 609 3529 corrigerent,
666 3440 765 3509 vel
815 3455 996 3512 certe
1043 3442 1128 3511 ad
1191 3441 1694 3530 disputationes
1744 3442 2071 3511 venirent.
2128 3440 2233 3509 Illi
2288 3462 2444 3509 vero
2496 3444 2712 3512 causa

155 3527 595 3599 diffidentiae
643 3529 815 3598 nihil
865 3551 1171 3617 unquam
1207 3531 1580 3600 rescribere
1627 3530 2031 3599 voluerunt:
2084 3530 2201 3599 sed
2246 3529 2397 3600 irati
2447 3528 2710 3600 furiosa

155 3617 650 3705 loquebantur,
702 3631 907 3704 atque
947 3619 1374 3689 seductorem
1424 3618 1998 3708 deceptoremque
2031 3619 2424 3688 animarum
2474 3624 2711 3709 Augu-

155 3708 427 3777 stinum
469 3718 642 3789 esse,
680 3720 747 3775 et
796 3708 1107 3798 privatim
1137 3721 1204 3778 et
1251 3708 1525 3797 publice
1549 3707 2099 3787 conclamabant,
2135 3721 2200 3777 et
2239 3705 2419 3776 velut
2465 3706 2710 3796 lupum

159 3794 623 3885 occidendum
672 3817 845 3875 esse,
897 3796 967 3865 in
1019 3795 1483 3867 defensionem
1517 3797 1748 3887 gregis
1795 3795 2055 3865 scilicet
2102 3796 2236 3875 sui,
2289 3795 2612 3864 dicebant
2641 3807 2707 3864 et

161 3885 575 3964 tractabant,
612 3884 984 3970 omniaque
1065 3900 1295 3956 eccata
1341 3909 1382 3954 a
1413 3891 1545 3956 Deo
1595 3885 2065 3956 indubitanter
2095 3907 2244 3954 esse
2282 3882 2709 3961 credendum

169 3992 371 4060 posse
412 3972 665 4043 dimitti
718 3973 803 4043 iis
849 3973 971 4060 qui
1067 3997 1146 4043 oc
1175 3974 1393 4045 facere
1433 3996 1511 4044 ac
1555 3974 1881 4065 perficere
1909 3973 2310 4064 potuissent,
2345 3994 2467 4043 nec
2499 3976 2710 4041 Deum

166 4060 506 4138 timentes,
548 4084 672 4133 nec
702 4061 1018 4132 homines
1046 4063 1545 4134 erubescentes.
1578 4069 1658 4132 Et
1685 4076 2019 4133 uteorum
2049 4084 2297 4133 causae
2326 4060 2713 4130 diffidentia

162 4150 437 4219 cunctis
483 4149 956 4231 innotesceret,
1008 4151 1423 4222 elaboravit:
1476 4166 1544 4222 et
1580 4151 1878 4243 publicis
1923 4153 2133 4244 gestis
2179 4149 2518 4231 conventi,
2575 4171 2710 4219 non

162 4250 334 4317 sunt
364 4239 516 4309 ausi
564 4238 897 4311 conferre.
1402 4270 1405 4277 ·

254 4327 293 4413 ξ
340 4332 496 4399 10.
550 4329 908 4399 Habebant
953 4328 1158 4398 etiam
1202 4327 1410 4398 iidem
1448 4330 1838 4401 Don'atistae
1885 4350 2008 4419 per
2054 4351 2217 4399 suas
2258 4349 2428 4417 pene
2466 4349 2707 4397 omnes

159 4413 495 4487 ecclesias
541 4416 932 4489 inauditum
982 4418 1350 4490 hominum
1399 4439 1621 4508 genus
1654 4471 1673 4501 ,
1727 4438 2126 4508 perversum
2176 4439 2255 4487 ac
2305 4416 2702 4499 violentum,
