3308 5004
153 351 327 418 AUG.
382 351 462 417 44
943 368 1022 416 nn
1069 369 1123 417 s.
1179 368 1599 418 wanzmtmno
1648 371 1865 419 rausa.
2455 356 2571 422 324

139 453 445 525 universa
491 451 732 523 dolens
767 452 1083 534 affluxit,
1138 465 1414 541 totaque
1478 458 1729 524 Rama!
1754 477 2041 546 gemens
2104 468 2312 546 atque
2358 480 2672 530 moerens

187 564 255 612 er
292 541 630 632 profunda
676 541 1059 632 supradicti
1106 541 1417 612 fluminis
1447 555 1693 633 stagna
1743 543 1884 613 ruit
1933 544 2101 616 illuc
2147 547 2463 636 undique
2506 568 2672 618 con-

140 565 440 711 fluentes,
479 651 733 721 corpus
778 631 1091 700 exanime
1121 630 1637 702 circumstetere
1683 631 2020 703 dolentes.
2075 635 2176 705 Fit
2211 637 2387 707 ratio
2433 636 2518 706 de
2565 658 2673 709 se-

141 719 406 810 pultura
461 719 771 810 corporis
804 774 820 801 ,
901 740 1079 808 quae
1127 719 1384 810 populo
1460 720 1755 791 contulit
1801 741 2087 792 causam
2161 745 2300 793 non
2362 725 2673 797 modicae

141 807 604 880 dissensionis.
652 813 882 878 Fervet
929 808 1124 878 dolor
1172 829 1359 878 unus
1398 808 1854 885 adstantium.
1911 810 2031 879 sed
2081 832 2219 881 non
2270 812 2509 883 eadem
2556 835 2675 884 vo·

142 895 357 966 luntas
387 898 729 966 omnium.
776 895 1253 967 Insulanensis
1301 896 1486 966 enim
1530 897 1902 968 multitudo
1937 913 2254 970 sanctum
2303 922 2556 992 corpus
2583 902 2672 973 ad

143 984 268 1055 Elst
297 985 639 1077 depromit
669 985 918 1055 debere
970 984 1246 1067 deferri,
1316 985 1553 1072 ibique
1611 985 1762 1056 loco
1821 988 2101 1077 proprio
2148 1001 2396 1059 terram
2455 1002 2673 1061 terrae

143 1073 622 1144 commendari.
675 1075 923 1156 Nobis,
975 1075 1244 1161 inquit,
1297 1075 1494 1144 vivus
1550 1075 1768 1145 extitit
1814 1089 2089 1166 pastor,
2154 1091 2384 1148 noster
2429 1091 2495 1149 et
2544 1079 2673 1150 erit

144 1161 313 1252 apud
353 1168 569 1233 Deum
618 1173 993 1253 perpetuus
1039 1164 1470 1233 intercessor.
1524 1163 1720 1246 Quod
1772 1163 2132 1235 nobiscum
2186 1174 2394 1238 carne
2438 1168 2672 1238 vivens

144 1250 497 1333 inchoavit,
559 1272 748 1323 nunc
798 1273 1096 1344 regnans
1154 1252 1225 1321 in
1268 1251 1534 1321 Christo
1579 1252 1961 1343 adimplere
2007 1253 2305 1325 debebit.
2347 1256 2440 1325 Ad
2502 1255 2671 1326 haec

144 1339 406 1411 adversa
447 1362 609 1432 pars
655 1339 869 1410 altera
917 1339 1197 1441 populi:
1258 1345 1462 1411 Recte
1498 1341 1776 1424 etenim,
1830 1341 2079 1428 inquit,
2139 1343 2252 1414 hic
2308 1345 2671 1445 requiescit

143 1449 436 1519 corpore,
484 1429 606 1499 ubi
656 1429 804 1520 ipse
854 1429 1175 1518 spiritum
1223 1428 1441 1498 voluit
1508 1429 1834 1500 relaxare.
1891 1431 1988 1500 Sit
2042 1432 2237 1502 vobis
2297 1445 2465 1504 satis
2508 1456 2667 1504 eum

144 1515 457 1589 habuisse
502 1538 710 1588 carne
767 1517 1025 1601 vivum,
1089 1539 1293 1605 quem
1354 1517 1609 1588 habere
1670 1518 2057 1609 gaudemus
2103 1533 2170 1589 et
2216 1522 2420 1592 modo
2465 1544 2672 1593 carne

142 1617 506 1677 mortuum.
529 1606 722 1690 Quod
751 1606 1105 1677 vobiscum
1131 1627 1547 1678 conversans
1577 1607 1961 1678 erudiendo
2038 1610 2273 1701 eregit,
2306 1610 2670 1683 nobiscum

142 1705 200 1764 et
227 1717 408 1766 nunc
453 1696 892 1782 requiescens
939 1718 972 1764 r
1065 1694 1292 1764 nando
1337 1695 1627 1767 coelitus
1674 1696 1982 1787 adimple
2034 1697 2107 1768 it.

221 1785 256 1870 ἓ
297 1788 372 1856 ’1.
443 1785 567 1854 His
605 1784 857 1854 etenim
916 1718 1142 1854 vg‘ssis
1189 1784 1448 1885 populo
1508 1785 1676 1854 satis
1723 1784 1849 1855 diu
1895 1786 2074 1856 inter
2127 1809 2200 1856 se
2246 1786 2616 1859 altercante
2647 1841 2667 1870 ,

141 1872 408 1957 quidam
465 1873 1017 1963 presbyterorum
1057 1872 1348 1943 consilio
1398 1872 1739 1954 meliores,
1793 1874 1865 1943 in
1916 1874 2094 1945 hanc
2143 1897 2376 1945 vocem
2428 1897 2674 1964 proru-

145 1979 333 2059 pere:
385 1962 736 2063 LegimuS,
789 1961 1153 2049 inquiunt,
1207 1961 1291 2031 de
1353 1983 1514 2032 arca
1569 1964 1956 2033 testamenti
2006 1964 2275 2033 Domini
2321 1965 2672 2053 quondam

146 2068 212 2116 in
258 2052 720 2141 captivitatem
782 2050 1013 2133 ducta,
1065 2049 1250 2137 quod
1302 2050 1439 2142 ipsi
1483 2051 1604 2138 qui
1650 2073 1802 2121 eam
1864 2052 2414 2142 captivaverant,
2467 2075 2675 2145 super

145 2157 382 2208 novum
452 2140 844 2231 plaustrum
902 2139 1215 2209 eamdem
1266 2139 1723 2230 imponerent.
1782 2141 2121 2229 binasque
2169 2164 2433 2225 vaccas,
2486 2142 2676 2212 domi

147 2227 420 2299 reclusis
471 2227 752 2299 illarum
800 2227 1079 2309 vituliS,
1134 2227 1358 2298 eidem
1418 2227 1730 2319 plaustro
1770 2229 2248 2322 subjugarent,
2296 2243 2374 2301 ut
2423 2231 2511 2301 ab
2574 2231 2674 2301 eis

149 2313 523 2402 plaustrum
559 2340 720 2387 cum
755 2338 916 2387 arca
955 2317 1359 2398 traheretur,
1412 2317 1592 2387 etad
1693 2319 1926 2409 ropria
1971 2331 2145 2388 nutu
2177 2319 2412 2389 divino
2459 2319 2673 2390 dedu-

146 2418 417 2490 ceretur,
457 2405 642 2493 quod
690 2416 755 2476 et
793 2405 1052 2475 factum
1101 2417 1223 2475 est.
1255 2406 1400 2475 Fiat
1446 2407 1608 2476 etin
1663 2429 1699 2476 e
1747 2407 2229 2496 hujuscemodi
2276 2409 2369 2478 rei
2420 2430 2673 2499 appro-

145 2488 350 2564 batio:
421 2508 740 2566 sanctum
807 2517 1062 2586 corpus
1125 2493 1474 2567 deferatur
1521 2494 1606 2565 ad
1676 2518 1920 2565 navem
1984 2494 2184 2578 ilico,
2240 2511 2308 2568 et
2371 2496 2427 2569 si
2478 2497 2673 2569 navis

146 2579 305 2669 ipsa,
358 2585 553 2654 nullo
601 2595 903 2654 vestrum
955 2583 1357 2674 remigante,
1411 2607 1688 2654 amnem
1741 2585 1921 2655 ultro
1963 2586 2332 2667 transierit,
2385 2585 2672 2657 manife-

147 2681 313 2740 stum
358 2673 491 2743 erit
540 2672 740 2743 nobis
786 2672 1114 2743 omnibus
1171 2672 1339 2760 quid
1400 2674 1548 2762 ipse
1595 2672 1906 2744 voluerit.
1958 2679 2091 2745 Nec
2152 2676 2384 2745 miuus
2427 2675 2672 2745 exinde

147 2757 520 2844 plaustrum
557 2783 808 2831 novum
858 2784 1019 2832 cum
1070 2760 1346 2831 duabus
1406 2761 1651 2844 vacciS,
1704 2783 1883 2849 quae
1943 2763 2133 2832 domi
2181 2763 2525 2834 lactabant
2571 2765 2673 2833 vi-

147 2845 332 2931 tulos,
384 2862 908 2941 praeparentur,
962 2862 1040 2921 ut
1075 2849 1147 2919 in
1181 2872 1262 2920 eo
1292 2849 1495 2940 gleba
1542 2865 1781 2921 sancta
1826 2850 2181 2933 collocata,
2234 2874 2673 2941 quocumque

145 2932 535 3009 deducenda
581 2940 715 3019 sit,
791 2939 1198 3009 deducatur.
1259 2939 1355 3009 Ad
1406 2940 1572 3009 haec
1637 2940 1956 3030 protinus
2003 2962 2242 3011 omnes
2291 2963 2666 3031 assensere.

147 3025 261 3094 Nec
307 3049 550 3098 mora:
596 3027 826 3098 navim
874 3040 1307 3119 quantocyus
1354 3041 1786 3119 praeparant,
1825 3028 2149 3100 feretrum
2200 3053 2359 3100 cum
2393 3030 2674 3120 hymnis

147 3123 204 3180 et
244 3115 648 3204 psalmodiis
693 3115 779 3186 ad
830 3115 995 3187 litus
1032 3116 1417 3206 deportant,
1459 3118 1688 3187 navim
1736 3118 2113 3209 deponunt,
2168 3119 2239 3188 in
2291 3119 2517 3189 medio
2558 3141 2674 3190 ne-

149 3202 385 3274 minem
409 3206 671 3276 intrare
704 3205 1131 3295 permittunt.
1164 3210 1296 3278 Res
1319 3205 1696 3277 admodum
1725 3208 1995 3277 cunctis
2010 3208 2443 3289 admiranda,
2480 3210 2673 3279 navis

150 3290 365 3363 eadem
418 3307 562 3365 tam
613 3306 794 3363 recto
840 3295 1083 3365 itinere
1131 3316 1401 3364 amnem
1435 3307 1892 3379 transmeans,
1929 3319 2001 3366 se
2047 3296 2132 3367 ad
2167 3297 2334 3370 litus
2380 3297 2672 3367 alterum

151 3381 490 3476 applicuit,
544 3395 623 3453 ut
669 3383 890 3473 ipsam
922 3383 1243 3474 Angelico
1276 3385 1536 3475 remige
1565 3383 1844 3454 ductam
1879 3406 2029 3456 esse
2058 3387 2329 3457 cunctis
2368 3399 2674 3476 patenter

154 3470 451 3541 1nnotuit.
501 3477 647 3541 Mox
687 3484 764 3541 ut
810 3472 979 3542 haec
1010 3475 1538 3543 circumstantes
1584 3473 1978 3565 adspexere,
2026 3496 2265 3545 omnes
2320 3498 2461 3545 una
2515 3497 2673 3547 voce

156 3555 500 3629 Dominum
549 3559 1048 3642 collaudavere,
1101 3560 1224 3648 qui
1270 3561 1371 3632 eis
1421 3584 1543 3651 per
1581 3561 1713 3631 tale
1761 3563 2175 3633 miraculum
2217 3564 2675 3655 dignatusest

157 3647 307 3714 servi
353 3648 463 3719 sui
504 3649 827 3719 meritum
918 3649 1296 3720 ostendere.
1352 3655 1541 3721 Tunc
1588 3651 2046 3741 proculdubio
2094 3653 2529 3743 supradictae
2574 3653 2674 3723 rei

158 3736 523 3825 exemplum
566 3740 994 3825 assequitur:
1033 3737 1424 3840 plaustrum
1469 3760 1720 3809 novum
1771 3763 1931 3810 cum
1983 3741 2208 3811 vaccis
2251 3741 2546 3823 duabus,
2601 3755 2677 3811 ut

158 3838 348 3909 supra
394 3825 658 3896 dictum
714 3839 862 3907 est,
932 3827 1139 3897 citius
1185 3828 1613 3916 acquiritur,
1668 3840 1733 3897 et
1779 3842 2096 3899 sanctum
2163 3852 2417 3920 corpus
2463 3830 2534 3899 in
2595 3852 2675 3900 eo

153 3925 515 3985 reverenter
548 3914 988 4006 supponitur.
1029 3915 1209 3998 Quid
1260 3915 1526 3987 multa?
1571 3921 1827 3986 Vaccae
1893 3918 2171 4004 quidem
2201 3973 2219 4000 ,
2270 3940 2446 4006 quae
2493 3940 2676 3988 nun-

155 4014 343 4080 quam
381 4003 560 4093 juga
624 4004 1056 4086 sustinuere,
1117 4016 1253 4073 tam
1306 4006 1567 4096 private
1624 4004 2021 4076 vehiculum
2102 4008 2399 4084 subiere.
2477 4008 2679 4094 quasi

160 4102 408 4179 semper
441 4093 514 4161 in
564 4114 643 4162 eo
682 4093 921 4163 solitae
952 4106 1180 4163 essent
1212 4114 1439 4183 opere,
1474 4093 1850 4164 vitulorum
1888 4116 2175 4186 prorsus
2209 4097 2675 4180 immemoreS,

157 4190 268 4258 per
308 4177 501 4251 devia
548 4202 981 4269 nequaquam
1029 4193 1362 4263 errantes,
1406 4205 1528 4274 per
1575 4194 1832 4253 rectam
1874 4183 2187 4254 semitam
2223 4185 2352 4255 iter
2383 4185 2681 4256 tetende-

157 4275 326 4346 runt,
368 4281 821 4358 sanctumque
868 4293 1121 4361 corpus
1167 4292 1391 4359 usque
1436 4271 1522 4340 ad
1573 4270 1752 4342 Elste
1798 4271 2290 4362 perduxerunt,
2336 4295 2497 4344 cum
2548 4280 2680 4345 An-

160 4349 473 4439 gelorum,
542 4369 619 4429 ut
675 4359 1099 4430 credendum
1148 4372 1288 4440 est,
1356 4359 1688 4430 comitatu
1749 4373 1954 4449 atque
2001 4362 2416 4452 populorum
2467 4369 2681 4435 Deum

161 4437 681 4518 collaudantium
713 4471 1082 4520 concursu.
1127 4447 1304 4519 Illuc
1336 4469 1635 4536 quoque,
1670 4461 1748 4520 ut
1777 4450 2069 4542 dignum
2101 4450 2255 4537 fuit,
2290 4475 2447 4524 cum
2490 4456 2681 4523 omni

307 4561 533 4623 surius
562 4598 584 4611 -
625 4564 789 4628 Vitae
830 4563 935 4627 SS.
969 4598 992 4611 -
1017 4566 1146 4626 Vol.
1173 4565 1330 4628 VIII.
2446 4573 2520 4630 21
