3308 5004
675 334 762 399 60
1295 349 1374 395 na
1425 348 1482 395 s,
1535 348 1861 396 AtrnoNso
1907 349 1977 394 n.
2029 348 2108 394 na
2157 346 2408 395 meoiuo
2847 325 3035 394 AUG.
3086 326 3127 393 2

586 437 765 505 inter
812 440 1096 505 Sanctos
1136 432 1393 504 relatus
1424 433 1576 521 est),
1623 433 1750 503 «is
1799 432 1971 502 bene
2012 443 2328 522 precatus
2367 429 2622 509 edixit,
2667 429 2990 498 eumdem
3040 429 3125 499 ad

586 524 1114 614 nonagesimum
1150 521 1367 608 usque
1400 543 1662 590 annum
1709 533 2219 610 perventurum,
2264 519 2346 589 ad
2389 515 2855 608 Episcopalem
2893 518 3128 609 digni-

587 626 791 684 tatem
832 624 1137 681 evectum
1199 610 1330 689 iri,
1388 611 1821 696 maximoque
1873 609 2214 679 Ecclesiae
2270 608 2447 678 bono
2482 608 2818 678 futurum.
2861 631 2896 674 »
2939 612 3131 690 Quae

585 700 1003 780 vaticinatio,
1040 721 1248 786 quam
1283 697 1464 768 felici
1506 699 1594 767 sit
1624 714 1871 768 eventu
1901 697 2263 788 completa.
2306 718 2389 767 ex
2429 695 2796 766 narrandis
2844 697 3123 786 patebit.

674 794 711 879 ξ
761 796 850 861 ῡ.
900 786 1342 858 Praestabant
1388 787 1715 877 Alphonsi
1752 801 2066 876 parentes
2095 786 2280 856 clara
2323 797 2395 855 et
2430 785 2833 875 perantiqua
2877 784 3132 855 nobili-

589 892 761 958 tate,
824 898 947 947 nec
1001 876 1395 946 communis
1451 900 1565 946 eos
1613 874 2144 945 commendabat
2203 875 2440 970 pietas.
2494 880 2733 952 Pater,
2786 873 3128 963 losephus

593 968 897 1046 nomine,
941 965 1057 1052 qui
1093 965 1187 1034 rei
1223 965 1609 1034 maritimae
1640 977 1785 1034 erat
1819 962 2225 1054 praefectuS,
2271 962 2539 1033 nullum
2573 963 2734 1032 boni
2763 961 3129 1032 christiani

588 1055 889 1125 officium
942 1054 1547 1145 praetermittebat.
1603 1052 1996 1123 Dominicae
2034 1052 2341 1122 Passioni
2390 1063 2535 1120 erat
2581 1051 3122 1132 devotissimus;

589 1145 671 1213 ad
717 1142 1261 1217 Eucharisticam
1316 1164 1623 1211 mensam
1689 1141 2079 1228 frequenter
2125 1140 2536 1222 accedebat;
2589 1163 2667 1209 ac
2717 1153 2903 1210 tanta
2949 1140 3127 1208 emi-

589 1234 791 1302 nebat
839 1233 1216 1308 honestate,
1264 1243 1337 1299 ut
1377 1252 1600 1311 nemo,
1637 1252 1717 1299 eo
1750 1242 2125 1320 praesente,
2180 1230 2464 1300 verbum
2519 1229 2753 1299 minus
2788 1227 3125 1318 pudicum

590 1322 887 1412 proferre
926 1319 1230 1389 auderet.
1283 1318 1519 1387 Mundi
1568 1332 1794 1387 tamen
1841 1319 2134 1387 honores
2188 1317 2408 1405 pluris
2456 1317 2855 1404 aliquanto,
2912 1338 3123 1403 quam

594 1434 719 1501 par
749 1422 873 1488 est,
918 1406 1257 1476 faciebat:
1311 1408 1490 1494 quod
1531 1421 1763 1497 postea
1815 1407 1881 1475 in
1933 1429 2139 1476 causa
2185 1405 2335 1486 fuit,
2384 1428 2510 1474 cur
2558 1406 2699 1475 silio
2730 1460 2744 1486 ,
2789 1406 3126 1475 divinitus

587 1499 671 1568 ad
700 1499 943 1567 altiora
972 1508 1225 1571 vocato.
1255 1495 1519 1565 diutius
1544 1496 1874 1565 obsistere
1903 1517 2035 1564 non
2075 1508 2418 1564 vereretur
2474 1495 2663 1563 Matri
2697 1495 2906 1583 (quae
2932 1498 3128 1563 Anna

589 1586 950 1656 catharina
983 1583 1307 1655 Cavalieri
1349 1584 1866 1674 nominabatur)
1894 1583 2332 1653 excellentior
2365 1583 2581 1651 inerat
2613 1583 2830 1652 virtus
2862 1594 2927 1652 et
2967 1603 3132 1652 san-

587 1676 809 1745 ctitas.
842 1673 1019 1744 Nihil
1055 1673 1206 1763 ipsa
1240 1672 1481 1765 habuit
1509 1673 1886 1760 antiquius,
1921 1694 2129 1760 quam
2161 1687 2234 1741 ut
2267 1685 2523 1761 septem
2556 1670 2831 1748 liberos,
2868 1671 3132 1758 quibus

588 1786 795 1833 suum
844 1762 1248 1851 conjugium
1299 1767 1471 1833 Deus
1507 1762 1979 1851 locupletarat,
2021 1761 2678 1830 christianissimum
2719 1761 2786 1829 in
2840 1759 3126 1828 modum

586 1853 932 1922 educaret.
981 1856 1193 1933 Quem
1226 1851 1432 1919 finem
1469 1864 1543 1919 ut
1573 1864 2130 1937 consequeretur,
2165 1872 2245 1919 eo
2281 1871 2441 1938 prae
2497 1849 2692 1920 rimis
2723 1870 2887 1918 suas
2920 1870 3131 1917 curas

586 1941 961 2021 convertit,
1015 1953 1092 2008 ut
1138 1961 1373 2008 verum
1436 1940 1537 2007 eis
1584 1952 1789 2025 atque
1843 1940 2196 2007 ardentem
2253 1938 2437 2007 instil
2474 1951 2617 2006 aret
2662 1943 2831 2006 ,lesu
2878 1936 3132 2007 Christi

585 2050 916 2109 amorem,
958 2049 1334 2116 eorumque
1368 2027 1988 2097 corda·tenerrima
2013 2050 2091 2097 ac
2121 2049 2407 2117 prorsus
2434 2026 2625 2094 filiali
2663 2026 2730 2094 in
2764 2025 2874 2094 Dei
2931 2047 3129 2094 aram

586 2118 930 2208 Virginem
987 2117 1233 2207 pietate
1282 2116 1619 2206 impleret.
1661 2122 2033 2185 Maternam
2087 2139 2243 2185 vero
2292 2114 2832 2184 sollicitudinem
2899 2114 3137 2184 elicis-

588 2208 808 2276 simus
842 2205 1192 2275 coronavit
1223 2204 1467 2274 exitus.
1516 2205 1869 2291 Siquidem
1903 2261 1918 2286 ,
1962 2227 2040 2274 ex
2098 2206 2320 2275 tribus
2367 2204 2693 2293 Alphonsi
2744 2202 3082 2272 fratribus
3111 2256 3128 2285 ,

585 2317 772 2364 unus
820 2294 1057 2365 Ordini
1108 2299 1174 2363 S.
1227 2293 1568 2365 Benedicti
1606 2316 1853 2363 nomen
1905 2294 2130 2374 dedit;
2183 2294 2376 2373 alter,
2423 2292 2801 2361 sacerdotio
2847 2304 3127 2371 auctuS,

588 2384 656 2452 in
688 2395 969 2474 paterna
1000 2382 1205 2452 domo
1239 2382 1675 2452 sanctissime
1706 2383 1903 2463 vixit;
1939 2384 2179 2451 tertius
2210 2383 2279 2451 in
2313 2394 2494 2450 statu
2528 2379 2880 2470 conjugali
2916 2380 3130 2449 vitam

587 2472 1172 2543 duxitchristiano
1197 2471 1475 2540 homine
1494 2471 2002 2563 dignissimam.
2029 2476 2117 2540 Ex
2136 2471 2490 2541 sororibus
2514 2484 2739 2539 autem
2765 2468 3128 2558 Alphonsi,

585 2562 787 2643 duae,
839 2561 1225 2652 religiosam
1262 2561 1706 2663 disciplinam
1741 2560 2116 2650 amplexae,
2171 2582 2368 2630 suam
2406 2560 2669 2629 Christo
2707 2558 3134 2630 devoverunt

585 2651 1095 2740 virginitatem3
1151 2651 1381 2731 tertia,
1446 2672 1514 2719 in
1572 2650 2088 2719 matrimonium
2140 2649 2507 2728 collocata,
2561 2647 2889 2718 omnibus
2937 2647 3132 2715 chri-

586 2740 847 2808 stianae
888 2739 1125 2807 matris
1175 2739 1544 2808 virtutibus
1577 2738 1916 2808 excelluit.
1972 2738 2064 2806 Ad
2115 2737 2540 2826 alphonsum
2596 2735 2775 2823 quod
2828 2735 3123 2816 attinet,

587 2828 734 2915 ipse
775 2848 906 2895 non
945 2826 1170 2896 solum
1202 2848 1370 2897 suae
1407 2827 1733 2907 familiae,
1772 2827 1889 2896 sed
1931 2842 1996 2894 et
2030 2827 2236 2896 totius
2277 2825 2615 2894 Ecclesiae
2660 2824 2873 2894 decus
2909 2826 3133 2894 evasit

585 2929 790 3002 atque
835 2927 1343 2984 ornamentum.
1411 2920 1683 2998 Quare,
1755 2915 1853 2984 vel
1905 2915 1974 2983 in
2021 2916 2167 3003 ipsa
2226 2928 2573 2983 senectute
2604 2969 2619 2993 ,
2686 2919 2815 2982 Deo
2864 2914 3130 3002 gratias

588 3005 855 3093 agebat,
892 3002 1073 3089 quod
1112 3014 1245 3071 tam
1291 3018 1596 3072 sanctam
1641 3015 1993 3093 parentem
2030 3004 2160 3073 sibi
2196 3003 2529 3072 dedisset:
2567 3024 2609 3068 «-
2635 3007 2814 3072 Haec
2839 3002 3129 3071 demum

583 3092 997 3182 (inquiebat)
1046 3091 1225 3159 inter
1266 3092 1599 3161 maximas
1636 3093 1749 3161 Dei
1783 3093 2039 3182 gratias
2080 3092 2246 3161 mihi
2289 3091 2706 3160 recensenda
2744 3104 2885 3160 est:
2925 3112 3119 3170 nam,

587 3182 646 3250 si
696 3202 870 3269 puer
906 3179 1164 3248 malum
1201 3179 1488 3248 devitavi
1523 3236 1537 3261 ,
1582 3180 1712 3249 hoc
1760 3203 1840 3250 ex
1893 3181 2129 3250 matris
2164 3180 2494 3252 beneficio
2531 3180 2697 3248 mihi
2733 3178 3046 3269 contigit.
3087 3201 3130 3246 1>

676 3271 714 3357 ξ
758 3272 850 3340 8.
904 3273 980 3338 In
1017 3268 1358 3352 ejusmodi
1413 3283 1778 3358 parentum
1813 3269 1974 3339 sinu
2005 3269 2339 3339 educatus
2371 3321 2386 3348 ,
2439 3268 2830 3357 alphonsus
2863 3322 2879 3348 ‚
2934 3266 3034 3337 vel
3086 3290 3132 3338 a

590 3359 813 3459 prima
845 3356 1162 3437 aetatula,
1216 3357 1492 3426 stabilia
1542 3370 1607 3427 et
1649 3379 2004 3445 nunquam
2043 3356 2479 3426 immutanda
2526 3378 2693 3426 suae
2741 3356 3130 3428 sanctitatis

585 3445 746 3536 lecit
781 3444 1254 3515 fundamenta.
1291 3446 1521 3515 lesum
1558 3447 1626 3515 in
1662 3466 1856 3516 sacro
1894 3447 2364 3516 Tabernaculo
2404 3447 2777 3515 laniantem
2829 3445 3130 3516 invisere

588 3548 653 3604 et
682 3533 1069 3620 frequenter
1105 3555 1183 3602 ac
1231 3534 1466 3603 devote
1500 3536 1887 3625 suscipere,
1944 3556 2141 3625 opem
2195 3541 2262 3604 B.
2320 3534 2618 3624 Virginis
2665 3533 2943 3603 assidue
2991 3535 3130 3603 im-

589 3622 882 3714 plorare,
924 3622 1199 3691 recitato
1285 3626 1634 3693 raesertim
1669 3624 1975 3704 Rosario,
2018 3624 2110 3692 ita
2145 3622 2450 3693 solemne
2498 3623 2813 3702 habebat,
2854 3637 2927 3692 ut
2966 3645 3121 3692 eam

518 3767 521 3770 .
587 3709 1153 3780 consuetudinem
1176 3732 1214 3778 a
1293 3725 1575 3781 mortem
1611 3734 1830 3799 usque
1866 3712 2240 3781 retinuerit.
2271 3718 2628 3781 Peccatum
2661 3733 2839 3792 vero,
2879 3710 3128 3780 mundi

586 3799 1107 3878 oblectamenta,
1131 3811 1196 3867 et
1224 3821 1588 3888 pravorum
1626 3801 2154 3870 contubernium
2188 3813 2501 3890 serpente
2537 3801 2730 3888 pejus
2757 3799 3124 3890 fugitabat.

586 3895 663 3959 Et
686 3911 826 3976 quo
847 3888 1070 3989 magis
1097 3909 1220 3956 sua
1254 3889 1321 3955 in
1347 3888 1616 3958 virtutis
1640 3890 1911 3959 tramite
1934 3890 2215 3991 vestigia
2252 3889 2579 3968 firmaret,
2614 3890 2854 3958 matris
2880 3910 3124 3969 suasu,

588 3975 1109 4068 Congregationi
1129 3976 1487 4067 juniorum
1519 3976 1863 4046 Nobilium
1898 3979 2291 4069 adscriptus
2317 3991 2460 4048 est:
2497 3978 2704 4066 cujus
2734 3976 3133 4048 sodalitatis

591 4067 870 4158 regulas
916 4065 1008 4136 ita
1042 4064 1335 4156 perfecte
1379 4066 1787 4145 observavit,
1823 4080 1901 4136 ut
1929 4088 2170 4136 omnes
2207 4088 2245 4137 e
2300 4067 2533 4148 habos,
2591 4080 2753 4136 teste
2785 4065 3133 4138 Breviario

589 4159 922 4228 Romano.
964 4178 991 4217 ι
1038 4154 1119 4223 ad
1171 4153 1620 4224 christianam
1676 4154 2078 4226 modestiam
2135 4178 2247 4225 ver
2297 4177 2338 4224 o
2387 4170 2454 4224 et
2498 4156 2812 4245 exemplo
2858 4176 3132 4244 compo-

588 4255 799 4312 neret.
841 4265 878 4309 »
928 4246 1021 4312 Ex
1066 4264 1204 4328 qua
1238 4242 1553 4343 piissima
1589 4243 1860 4313 vivendi
1909 4246 2173 4314 ratione
2220 4244 2285 4312 id
2339 4256 2696 4313 assecutus
2742 4257 2867 4326 est,
2912 4256 2989 4312 ut
3019 4242 3135 4314 vix

586 4330 979 4401 duodennis
1013 4330 1190 4401 altae
1226 4353 1372 4421 Jam
1426 4332 2027 4422 contemplationis
2079 4354 2363 4403 munere
2412 4333 2708 4403 subinde
2746 4333 3128 4404 frueretur:

585 4419 767 4508 quod
820 4417 1077 4488 illustri
1127 4418 1302 4489 facto
1349 4421 1864 4511 comprobatur.
1917 4426 2081 4492 Cum
2132 4421 2316 4490 enim
2368 4420 2539 4491 forte
2587 4444 2726 4491 una
2772 4444 2931 4492 cum
2968 4420 3133 4490 aliis
