3308 5004
682 362 809 430 ⁴64
2473 370 2480 377 ·
2849 351 3019 417 ΑΗΕ.
3064 350 3097 415 5

1336 563 1826 666 HISTORlA
1902 562 1987 662 S.
2061 560 2402 661 AFRAE

747 772 1004 840 ΑΝΤΕΑ
1052 772 1272 850 QUID.
1330 770 1690 836 MERETR.
1745 767 2049 834 POSTEA
2099 766 2522 833 INVICTISS.
2577 759 2980 829 MARTYRIS

1034 948 1178 1025 ET
1258 946 1537 1026 EJUS
1622 945 2050 1023 MATRIS
2129 941 2691 1022 HILARIAE

644 1091 778 1171 AC
842 1089 1208 1172 PUELL.
1285 1088 1722 1182 DIGNAE,
1801 1086 2402 1180 EUNOMIAE,
2482 1079 3073 1167 EUTROPIAE

1402 1288 1857 1356 CONVERSIO
1908 1290 2007 1353 ET
2055 1288 2336 1354 PASSIO

1314 1487 1352 1532 E
1421 1487 1569 1533 rma
1640 1485 1851 1534 merus
1915 1459 2424 1534 varusris'uss

975 1593 1215 1642 smum
1262 1593 1329 1642 m
1377 1591 1565 1641 can.
1619 1591 1914 1642 tacturus
1964 1593 2254 1640 monvir‘
2289 1593 2477 1639 mun.
2529 1590 2763 1639 sumus

1150 1758 1439 1813 Ineunte
1479 1757 1577 1812 IV
1620 1770 1794 1813 saec.
1845 1784 1919 1794 —
1962 1755 2188 1823 cypro
2231 1754 2582 1812 oriundae.

690 1959 725 2045 ἓ
774 1963 848 2030 ί.
907 1956 1257 2026 Saeviente
1323 1955 1799 2045 persecutione
1848 1955 1918 2024 in
1970 1954 2428 2035 christianos,
2483 1954 2854 2023 Narcissus
2902 1952 2937 1984 *
2997 1946 3146 2039 Epi-

600 2068 852 2135 scopus
887 2048 1256 2135 Augustam
1314 2044 1819 2115 vindelicorum
1855 2044 2036 2113 venit
2088 2043 2444 2134 profuguS,
2498 2055 2562 2112 et
2613 2065 2778 2111 cum
2839 2040 3143 2115 nesciret,

601 2157 739 2222 quo
794 2132 1198 2208 diverteret.
1263 2133 1349 2202 ad
1410 2134 1833 2203 meretricem
1884 2132 2109 2203 Afram
2160 2133 2227 2202 in
2289 2154 2518 2202 ressus
2566 2145 2671 2201 est
2723 2154 2892 2200 cum
2945 2127 3152 2198 Felice

602 2224 898 2293 Diacono
937 2246 1084 2293 suo.
1142 2223 1265 2292 Illa
1317 2222 1553 2291 videns
1593 2223 1913 2292 honestos
1952 2223 2153 2303 viros,
2190 2222 2246 2290 si
2305 2221 2461 2307 ique
2511 2221 2976 2310 persuadens,
3024 2235 3150 2285 non

605 2313 739 2383 nisi
774 2311 1226 2401 turpitudinis
1265 2310 1495 2382 studio
1525 2312 1629 2387 ‚ad
1682 2334 1752 2382 se
1799 2311 2181 2392 divertisse,
2239 2324 2430 2400 parat
2478 2331 2773 2379 coenam
2809 2322 2877 2379 et
2927 2305 3156 2377 omnia

601 2424 779 2491 quae
825 2424 948 2492 pro
999 2423 1185 2470 more
1225 2423 1382 2470 cum
1428 2401 1648 2471 tribus
1699 2399 2074 2490 impudicis
2127 2398 2380 2490 puellis
2424 2399 2571 2469 suis
2611 2419 2968 2488 apparare
3007 2416 3156 2464 con-

600 2504 931 2563 sueverat.
971 2495 1174 2562 Porro
1204 2490 1584 2581 Episcopus
1618 2490 1895 2560 veniens
1925 2489 2011 2560 ad
2060 2487 2480 2559 sumendum
2531 2486 2809 2568 cibum,
2859 2486 3159 2579 primum

600 2604 795 2651 orare
842 2580 1065 2671 coepit
1110 2594 1175 2650 et
1227 2580 1538 2681 psallere.
1592 2585 1762 2648 Tum
1812 2577 1988 2659 Afra,
2045 2600 2220 2665 quae
2273 2598 2628 2664 nunquam
2670 2576 3030 2668 ejusmodi
3069 2570 3159 2641 vel

605 2670 908 2751 vidisset,
947 2669 1045 2738 vel
1079 2669 1435 2749 audiisset,
1475 2667 1877 2758 stupefacta,
1914 2666 2266 2755 inquisivit
2305 2667 2464 2753 quis
2502 2680 2687 2735 esset
2721 2690 2735 2734 :
2785 2666 3172 2750 didicitque

600 2759 1015 2859 Episcopum
1060 2758 1601 2827 Christianorum
1636 2778 1796 2825 eum
1830 2778 2001 2824 esse.
2043 2761 2186 2825 Mox
2226 2755 2309 2824 ad
2349 2756 2499 2844 ejus
2552 2755 2772 2844 pedes
2810 2754 3162 2832 advoluta,

601 2848 812 2916 dixit:
869 2870 904 2912 «
933 2848 1239 2926 Domine,
1297 2846 1547 2915 mulier
1594 2844 1884 2935 indigna
1929 2866 2108 2923 sum,
2150 2866 2272 2912 nec
2310 2844 2377 2911 in
2415 2843 2543 2912 hac
2578 2846 2766 2915 urbe
2806 2867 2924 2914 me
2965 2851 3178 2931 potest

602 2935 748 3006 ulla
794 2933 931 3003 alia
980 2936 1243 3025 turpior
1306 2934 1621 3003 inveniri.
1669 2957 1705 3000 »
1770 2932 2126 3002 Narcissus
2193 2932 2572 3022 Episcopus
2631 2934 2792 3003 ait:
2868 2933 3181 3004 Salvator

606 3035 835 3092 noster
882 3022 967 3090 ab
1018 3022 1495 3113 impurissima
1547 3034 1788 3102 tactuS,
1844 3020 2196 3107 inquinari
2249 3042 2380 3089 non
2436 3020 2685 3111 potuit.
2738 3022 2958 3095 Illius
2997 3020 3182 3092 enim

605 3111 931 3181 sanctitas
964 3110 1200 3180 sordes
1239 3132 1479 3181 omnes
1512 3109 1717 3178 diluit
1756 3122 1820 3178 et
1858 3108 2175 3197 expiavit,
2217 3131 2340 3178 nec
2383 3122 2667 3200 potuere
2712 3112 2999 3193 sordes,
3060 3115 3184 3178 Do-

610 3200 777 3268 mini
818 3198 1195 3268 claritatem
1228 3199 1614 3286 inquinare.
1646 3204 1776 3267 Nec
1807 3198 1934 3266 hoc
1975 3197 2252 3279 mirum,
2285 3198 2563 3285 quando
2597 3200 2962 3289 splendor
2994 3198 3184 3277 solis,

608 3288 677 3356 in
712 3286 980 3357 cloacas
1027 3300 1092 3356 et
1140 3286 1479 3357 lutulenta
1529 3286 1674 3356 loca
1723 3309 1795 3355 se
1843 3285 2263 3358 diffundens:
2320 3288 2466 3377 ipse
2515 3288 2585 3356 in
2637 3312 2718 3358 se
2757 3286 3192 3360 incontami-

608 3389 811 3445 natus
863 3389 1236 3467 permanet.
1291 3382 1368 3446 Et
1400 3389 1470 3446 tu
1499 3397 1660 3466 ergo
1693 3375 1836 3444 filia
1866 3375 2144 3466 suscipe
2181 3376 2424 3446 lumen*
2455 3377 2653 3457 vitae,
2701 3378 2962 3450 lumen
3001 3374 3190 3454 fidei,

607 3478 683 3535 ut
729 3465 814 3534 ab
861 3465 1053 3534 omni
1101 3465 1301 3535 sorde
1352 3468 1609 3555 peccati
1659 3478 2050 3555 repurgata,
2108 3466 2330 3553 possis
2377 3465 2463 3534 ad
2509 3487 2755 3536 meum
2817 3469 3194 3539 introitum

614 3566 943 3645 perpetua
990 3553 1297 3624 claritate
1345 3554 1670 3644 gaudere.
1727 3553 1899 3623 Dicit
1947 3554 2009 3622 ei
2056 3552 2252 3623 Afra:
2308 3577 2343 3621 «
2388 3559 2572 3636 Quae
2634 3555 2865 3644 plura
2937 3551 3203 3627 admisi

609 3643 893 3734 flagitia,
942 3666 1149 3730 quam
1194 3643 1330 3711 sint
1381 3642 1616 3732 capilli
1659 3642 1905 3733 capitis
1966 3642 2121 3722 mei,
2179 3665 2318 3730 qua
2360 3643 2618 3713 ratione
2660 3667 2705 3711 a
2765 3659 2873 3715 tot
2932 3646 3203 3737 possim

609 3731 930 3803 sordibus
978 3733 1347 3823 expiari?»
1382 3732 1765 3822 Episcopus
1798 3732 2157 3801 Narcissus
2194 3730 2544 3821 respondit
2579 3756 2594 3796 ι
2647 3732 3206 3805 Tantummodo

607 3821 809 3892 crede
856 3834 921 3891 et
968 3821 1333 3911 baptizare,
1388 3834 1452 3890 et
1483 3820 1671 3890 salva
1703 3821 1898 3890 eriS..

697 3913 732 3999 ἓ
785 3914 872 3982 2.
926 3916 1096 3980 Tum
1146 3909 1300 3979 Afra
1328 3910 1610 3979 advocat
1643 3908 1908 3999 puellas
1940 3932 2124 3990 suas,
2178 3907 2482 3996 dicitque
2518 3908 2656 3978 eis:
2709 3938 2737 3972 α
2781 3914 2924 3984 1110
2963 3914 3210 3992 homo,

608 4002 731 4086 qui
778 4000 862 4069 ad
917 4022 1041 4070 nos
1092 3999 1311 4079 venit,
1366 3999 1910 4069 Christianorum
1964 4003 2008 4067 E
2067 4000 2342 4087 iscopus
2389 4009 2536 4075 est,
2589 4010 2655 4066 et
2721 3999 2924 4073 dixit
2985 4003 3212 4073 mihi:

613 4090 679 4158 Si
726 4088 1123 4169 credideriS,
1177 4101 1242 4158 et
1291 4088 1628 4178 baptizata
1679 4085 1912 4167 fueris,
1965 4111 2004 4157 a
2102 4087 2293 4156 omni
2347 4099 2534 4176 potes
2581 4092 2998 4162 emundari
3058 4113 3222 4183 pec-

610 4191 783 4246 cat0.
839 4178 1091 4266 Ecquid
1149 4176 1337 4248 vobis
1389 4176 1704 4246 videtur?
1739 4198 1775 4243 »
1827 4176 2352 4267 Responderunt
2405 4175 2639 4265 Digna,
2714 4182 3108 4252 Eunomia
3159 4194 3227 4250 et

612 4267 982 4355 Eutropia:
1039 4290 1075 4333 «
1108 4272 1207 4337 Tu
1239 4266 1518 4336 domina
1562 4277 1797 4335 nostra
1844 4286 1941 4346 eS,
1997 4278 2062 4335 et
2110 4265 2288 4335 sicut
2338 4276 2401 4333 te
2431 4276 2740 4335 sectatae
2797 4292 3082 4341 sumus
3135 4270 3228 4341 ad

612 4493 642 4534 p
664 4425 887 4523 ‘agidam
915 4440 1010 4472 ton
1039 4429 1246 4482 negligas
1267 4439 1387 4481 quae
1416 4429 1474 4472 de
1504 4440 1558 4472 eo
1586 4426 1795 4472 diximus
1814 4429 1864 4471 in
1891 4429 2176 4471 Maarrnor..
2193 4429 2416 4471 Innctvr.
2434 4428 2494 4470 ad
2510 4427 2689 4471 mensis
2715 4430 2906 4475 Martii
2929 4433 3074 4478 diem
3095 4446 3238 4482 xvm,
