3308 5004
193 334 382 402 ΑΗΕ.
434 335 523 400 20
877 348 958 400 ιιι
1004 352 1061 400 s.
1113 351 1444 400 naamam
1490 353 1634 401 Ana.
1679 352 2063 404 emmau„
2528 341 2658 405 553

193 436 634 528 congregatis
665 435 1020 516 fratribus,
1057 437 1224 505 haec
1253 437 1489 507 eadem
1529 438 1735 508 verba
1763 438 2037 511 locutus
2066 452 2206 510 est:
2236 463 2278 508 «
2300 440 2474 524 Quid
2505 443 2748 515 tenetis

190 527 531 597 miserum
567 525 919 595 hominem
946 528 980 594 ⁴?
1013 525 1346 595 Fortiores
1373 526 1560 607 estis,
1594 539 1661 596 et
1686 527 2103 599 invaluistis.
2139 532 2423 612 Parcite,
2458 552 2739 619 quaeSO,

204 615 505 707 parcite:
558 614 765 684 sinite
802 635 913 684 me
950 613 1162 684 abire.
1192 637 1228 682 »
1268 615 1467 685 Prius
1523 628 1748 685 tamen
1808 638 1966 687 cum
2007 617 2076 687 in
2128 640 2405 688 summo
2440 620 2748 709 periculo

197 716 266 776 et
297 704 542 775 timore
588 701 830 773 fratres
864 724 1106 774 omnes
1155 703 1222 772 in
1261 704 1693 774 orationibus
1742 705 2194 776 humiliarent
2231 708 2502 778 animas
2552 731 2738 790 suaS,

194 794 324 865 uni
349 814 586 862 eorum
632 792 802 862 visio
835 790 993 861 talis
1030 793 1390 893 apparuit:
1432 794 1848 865 Occurrebat
1875 817 2037 865 cum
2083 795 2299 864 multa
2332 796 2747 868 exultatione

198 884 343 952 viro
383 882 500 953 Dei
530 895 714 951 extra
748 882 1145 951 monasterii
1179 881 1478 951 claustra
1519 882 2053 953 innumerabilis
2074 883 2471 954 multitudo,
2506 891 2579 955 In
2609 909 2746 974 qua

197 972 635 1063 processione
683 971 866 1041 solos
909 984 1207 1057 quatuor
1262 982 1669 1060 praeeuntes
1716 971 1896 1041 idem
1951 972 2178 1052 frater,
2242 974 2364 1060 qui
2422 975 2738 1056 videbat,

195 1060 498 1151 agnovit,
556 1079 885 1150 magnum
923 1058 1118 1128 illum
1163 1059 1557 1130 dilectorem
1608 1061 1760 1151 ejus
1806 1077 2011 1149 atque
2043 1060 2400 1142 dilectum,
2447 1065 2654 1150 cujus
2683 1078 2749 1135 et

196 1150 346 1240 ipse
385 1150 456 1218 in
509 1147 683 1217 libro
721 1161 967 1235 quarto
1006 1148 1085 1218 de
1140 1150 1679 1220 Consideratione
1720 1171 1878 1220 cum
1941 1148 2144 1220 laude
2180 1151 2514 1232 meminit,
2569 1157 2745 1223 Gau·

195 1238 456 1309 fridum
492 1236 907 1327 Episcopum
941 1241 1420 1307 carnotensem
1455 1260 1470 1305 ε
1513 1238 1969 1308 Humbertum
2020 1261 2318 1328 quoque,
2363 1241 2482 1327 qui
2522 1242 2744 1332 Ignia·

193 1327 424 1397 censis
457 1325 768 1396 coenobii
819 1324 1040 1395 fuerat
1075 1326 1342 1416 primus
1381 1325 1625 1405 Abbas,
1661 1340 1726 1397 et
1750 1328 1926 1397 duos
1958 1328 2109 1417 ejus
2150 1350 2543 1418 germanos,
2579 1331 2745 1401 Gui-

193 1415 447 1485 donem
484 1414 744 1485 scilicet
781 1426 848 1483 et
886 1414 1290 1484 Gerardum.
1336 1420 1672 1505 Exceptus
1730 1417 1959 1504 itaque
2010 1429 2427 1496 reverenter,
2481 1433 2546 1489 et
2596 1431 2747 1509 post

193 1504 514 1575 osculum
552 1503 777 1590 amica
808 1503 931 1572 diu
965 1503 1307 1591 colloquia
1345 1504 1641 1573 miscens
1695 1519 1885 1595 pater
1917 1505 2179 1585 beatus,
2218 1527 2375 1576 cum
2423 1507 2532 1578 his
2578 1529 2747 1595 qua-

193 1607 353 1664 tuor
377 1593 619 1673 stabat,
649 1603 1046 1682 expectante
1067 1613 1374 1662 seorsum
1413 1592 1857 1663 multitudine
1886 1606 2336 1665 caeterorum.
2368 1595 2747 1666 Novissime

195 1681 580 1766 salutantes
628 1702 786 1750 eum
840 1681 1170 1770 praedicti
1211 1681 1385 1761 viri,
1442 1702 1523 1751 ex
1561 1681 1692 1752 hoc
1736 1682 1870 1752 sibi
1919 1682 2351 1753 redeundum
2398 1684 2543 1774 jam
2595 1707 2746 1755 esse

195 1770 544 1842 dicebant.
596 1776 763 1840 Tum
808 1790 964 1840 vero
1010 1769 1343 1871 expalluit
1397 1769 1512 1839 ille
1543 1824 1558 1851 ,
1622 1783 1689 1840 et
1748 1771 2172 1841 circumfusa
2220 1771 2351 1841 sibi
2405 1775 2744 1843 moestitia

195 1861 550 1929 internum
600 1857 964 1928 declarans
992 1860 1204 1928 animi
1249 1857 1580 1938 dolorem,
1615 1859 1792 1942 Quid
1835 1882 2021 1950 ergo,
2061 1861 2177 1941 ait,
2215 1861 2364 1931 sine
2400 1883 2506 1930 me
2541 1862 2746 1932 vultis

195 1950 446 2018 abire?
492 1952 569 2017 Et
625 1947 773 2017 illi:
847 1953 985 2017 Non
1052 1969 1424 2038 possumus
1470 1947 1700 2018 adhuc
1754 1963 1867 2019 tuo
1932 1963 2300 2037 nostroque
2355 1950 2747 2021 satisfacere

197 2035 566 2117 desiderio,
610 2034 828 2106 donec
877 2036 1104 2105 veniat
1134 2049 1409 2126 tempus
1449 2058 1812 2108 novorum.
1850 2037 2177 2108 Dicebant
2206 2055 2434 2108 autem
2474 2055 2747 2131 tempus

202 2137 560 2203 novorum,
597 2146 736 2212 quo
768 2124 999 2216 fruges
1049 2129 1265 2195 novae
1292 2123 1803 2215 colligerentur,
1844 2127 2023 2196 sicut
2060 2127 2410 2198 evidenter
2444 2142 2744 2218 postmo-

197 2214 367 2282 dum
403 2213 711 2305 probavit
738 2228 1045 2293 eventuS,
1085 2214 1251 2282 dum
1288 2215 1354 2282 in
1394 2219 1699 2305 Augusto
1737 2237 1969 2286 mense
2002 2216 2316 2286 decessit.
2359 2221 2552 2286 Mane
2583 2240 2745 2306 ergo

200 2301 409 2372 frater
442 2302 577 2385 ille,
614 2304 723 2372 cui
768 2303 900 2372 hoc
937 2315 1289 2372 ostensum
1328 2301 1570 2383 fuerat,
1616 2302 2013 2374 consolatus
2060 2316 2162 2374 est
2194 2318 2520 2384 caeteros,
2561 2306 2747 2375 velut

187 2391 336 2483 J'am
386 2392 859 2461 imminentem
905 2390 1119 2481 patris
1169 2390 1435 2461 obitum
1491 2391 1964 2472 formidantes,
2021 2406 2087 2462 et
2140 2393 2323 2480 quod
2378 2393 2637 2463 viderat
2681 2407 2748 2464 et

196 2479 536 2561 audierat,
577 2479 928 2553 indicavit.
973 2478 1211 2550 Adhuc
1240 2494 1466 2551 autem
1506 2480 1751 2571 hyems
1788 2492 1956 2552 erat.

278 2574 316 2659 ξ
370 2576 529 2641 8².
585 2568 835 2639 Eodem
872 2581 1178 2659 tempore
1215 2569 1425 2639 altera
1465 2587 1740 2658 quoque
1771 2570 1965 2651 visi0,
2022 2569 2272 2658 prioris
2311 2569 2746 2642 confirmatio

187 2657 342 2741 fuit,
389 2658 523 2727 nisi
552 2658 738 2815 guod
775 2657 1162 2728 evidentius
1188 2658 1330 2745 jam
1373 2661 1740 2745 utriusque
1778 2658 2120 2748 completa
2154 2659 2398 2729 veritas
2448 2660 2691 2749 probat
2724 2715 2740 2742 ,

188 2769 407 2836 quam
443 2746 545 2816 evi
599 2758 792 2817 enter
838 2749 907 2816 in
960 2760 1272 2835 utraque,
1311 2747 1495 2835 quod
1545 2747 1856 2817 futurum
1894 2760 2061 2828 erat,
2121 2748 2453 2825 Dominus
2490 2748 2747 2818 revela-

188 2837 303 2906 vit.
355 2834 639 2905 Videbat
674 2836 858 2905 enim
902 2835 1111 2905 frater
1141 2835 1451 2924 quidam,
1508 2850 1576 2905 et
1611 2858 1769 2905 ecce
1817 2836 2101 2926 parabat
2149 2837 2252 2905 vir
2298 2836 2743 2908 beatissimus

192 2923 573 2996 ascendere
608 2924 1162 3015 lerosolymam:
1206 2924 1495 3014 jamque
1543 2923 1696 3014 ipso
1728 2925 1796 2993 in
1851 2925 2209 3015 procinctu
2261 2925 2526 2995 itineris
2574 2938 2741 2995 erat.

189 3015 283 3084 Ad
319 3034 531 3102 quem
569 3013 978 3084 venerabilis
1021 3013 1187 3093 Odo,
1226 3012 1347 3099 qui
1395 3035 1431 3081 a
1469 3013 1717 3104 primis
1762 3011 1901 3082 fere
1930 3014 2135 3083 annis
2170 3027 2446 3084 strenue
2486 3014 2652 3084 satis
2683 3026 2748 3085 et

187 3101 638 3197 laudabiliter
681 3116 1126 3172 conversatus
1187 3101 1256 3170 in
1319 3102 1735 3172 monasterio
1768 3156 1783 3183 ‚
1850 3102 2240 3173 absentium
2300 3115 2748 3174 consueverat

186 3191 746 3282 Praepositorum
805 3191 1129 3293 supplere
1191 3191 1395 3271 viceS,
1452 3204 1834 3261 reverenter
1894 3190 2230 3261 accedens
2265 3246 2281 3272 ,
2342 3191 2616 3261 dicebat
2676 3215 2748 3263 se

188 3301 749 3372 praecessurum.
787 3284 877 3350 Cu
913 3302 997 3349 us
1028 3279 1313 3350 visionis
1352 3279 1450 3349 sic
1489 3294 1765 3350 ostensa
1791 3293 1895 3349 est
1928 3280 2198 3360 veritas,
2240 3293 2315 3351 ut
2350 3280 2745 3371 praedictus

188 3370 293 3439 vir
323 3375 461 3439 Deo
499 3368 781 3471 dignuS,
815 3391 851 3438 a
950 3367 1308 3438 coelestem
1341 3368 1746 3448 Jerusalem,
1786 3369 1907 3439 ubi
1952 3391 2107 3439 vera
2159 3369 2327 3439 visio
2373 3383 2475 3439 est
2524 3371 2738 3460 pacis,

194 3471 551 3544 parantem
575 3479 724 3549 Jam
755 3455 1015 3547 egredi,
1059 3468 1124 3526 et
1160 3455 1365 3548 paulo
1416 3470 1566 3546 post
1613 3470 2016 3528 secuturum
2065 3471 2326 3549 patrem
2370 3472 2689 3529 sanctum
2722 3514 2738 3541 ‚

188 3545 372 3619 felici
405 3547 690 3617 functus
732 3545 1091 3637 legatione,
1133 3546 1452 3636 praeiret.

275 3639 315 3725 ἓ
364 3641 529 3709 28.
583 3634 711 3706 Sed
745 3649 811 3705 et
840 3634 1064 3705 Abbas
1110 3633 1423 3722 quidam,
1464 3635 1630 3706 satis
1670 3635 1729 3705 ei
1782 3646 1847 3705 et
1877 3634 2026 3706 loco
2057 3647 2123 3706 et
2171 3635 2594 3706 habitatione
2641 3636 2742 3704 vi-

191 3724 416 3805 cinus,
458 3747 584 3794 nec
616 3725 852 3794 minus
883 3725 1118 3793 animo
1149 3735 1214 3792 et
1243 3723 1599 3794 affectione
1638 3723 1925 3794 devotus
1950 3778 1965 3806 ,
2022 3725 2263 3816 paucis
2303 3724 2550 3794 diebus
2590 3736 2748 3793 ante

193 3810 673 3885 felicissimum
714 3813 926 3904 patris
975 3812 1187 3902 hujus
1235 3834 1590 3883 excessum
1620 3866 1641 3894 ,
1691 3812 1964 3882 videbat
2009 3835 2172 3883 eum
2227 3813 2747 3903 pretiosissimis

200 3915 517 3972 ornatum
550 3900 1092 3972 sacerdotalibus
1126 3900 1577 3977 indumentis,
1612 3913 1679 3971 et
1706 3900 2063 3971 excellenti
2106 3901 2462 3992 perfusum
2495 3899 2739 3989 gloria,

200 4009 355 4058 cum
384 3992 653 4081 ingenti
698 3990 1130 4061 solemnitate
1167 3990 1250 4059 ad
1286 3989 1500 4060 altare
1529 3990 1807 4061 deduci.
1864 3989 1956 4059 Ad
1993 3991 2196 4079 cujus
2227 3991 2586 4060 introitum
2637 4011 2745 4060 ec·

199 4075 404 4149 clesia
445 4101 722 4170 magna,
763 4079 1034 4170 magnis
1081 4078 1397 4150 exultans
1450 4080 1759 4159 vocibus,
1796 4078 2263 4149 exclamabat:
2320 4084 2493 4148 Puer
2545 4091 2748 4149 natus

201 4178 304 4265 est
335 4169 555 4239 nobis.
599 4175 764 4239 Vere
794 4169 1045 4239 etenim
1083 4169 1231 4259 ipse
1273 4190 1447 4259 puer
1482 4179 1671 4249 erat,
1733 4169 1921 4238 mitis
1959 4181 2024 4236 et
2066 4166 2353 4237 humilis
2403 4166 2632 4249 corde,
2684 4182 2750 4238 et

203 4269 379 4324 slcut
409 4257 742 4347 parvulus
793 4257 1142 4347 accipiens
1193 4279 1262 4326 re
1317 4279 1480 4327 num
1543 4258 1710 4327 Dei:
1763 4257 1835 4325 in
1883 4257 2091 4344 cujus
2143 4256 2381 4326 merito
2441 4256 2747 4348 gratula-

206 4341 438 4415 bunda
505 4347 716 4417 natali
774 4351 868 4417 An
923 4346 1096 4416 elica
1145 4368 1264 4414 mu
1297 4345 1554 4424 titudo,
1621 4358 1688 4414 et
1747 4345 1975 4415 omnis
2046 4344 2301 4435 pariter
2347 4360 2743 4415 sanctorum

207 4430 525 4515 Ecclesia,
582 4434 746 4505 dum
801 4458 888 4506 no
945 4435 1001 4506 is
1051 4434 1396 4505 videretur
1448 4434 1665 4514 mori,
1722 4434 1853 4505 sibi
1895 4434 2092 4504 illum
2146 4434 2362 4517 nasci,
2414 4434 2583 4505 dum
2636 4434 2748 4504 hic
