3308 5004
159 333 349 403 Anu.
392 330 488 401 ‘28
724 355 806 403 m:
854 356 911 404 s.
963 353 1325 404 Aucnsruto
1372 355 1572 406 amsc.
1625 356 1704 404 1:1-
1749 356 1921 405 neon.
1975 357 2156 405 noer.
2500 341 2617 406 69⁴

158 438 648 520 murmuravit,
705 440 959 511 meruit
1007 441 1411 532 improbari.
1460 446 1548 510 De
1584 442 1740 511 vino
1773 454 2003 511 autem
2040 442 2379 513 sumendo
2410 443 2713 531 Apostoli

156 541 338 597 extat
384 529 745 609 sententia,
799 530 881 598 ad
936 529 1366 600 Timotheum
1410 530 1782 602 scribentis
1820 553 1898 600 ac
1932 530 2225 600 dicentis
2249 533 2349 622 (l.
2395 534 2556 602 Tim.
2605 532 2709 623 v):
2760 535 2764 540 ’

155 620 318 688 Noli
357 639 568 709 usque
606 619 830 687 adhuc
861 642 1113 709 aquam
1146 621 1386 699 bibere,
1434 620 1550 688 sed
1586 622 1740 689 vino
1770 621 2027 689 modico
2060 630 2247 689 utere
2272 631 2547 712 propter
2583 632 2716 692 sto-

152 707 471 776 machum
517 717 585 775 et
612 710 992 799 frequentes
1026 718 1180 778 tuas
1209 710 1659 798 infirmitates.
1695 731 1731 776 »
1775 708 2263 779 cochlearibus
2299 723 2566 778 tanturn
2603 732 2714 779 ar-

159 795 424 886 genteis
472 809 699 877 utens,
737 810 1000 868 caetera
1053 814 1236 877 vasa,
1274 798 1532 884 quibus
1575 817 1853 870 mensae
1884 799 2367 868 inserebantur
2400 799 2562 878 cibi,
2608 799 2711 870 vel

161 898 388 965 testea,
447 885 547 954 vel
601 885 824 975 lignea
856 940 871 967 ,
929 884 1027 955 vel
1082 883 1466 955 marmorea
1511 901 1748 956 erant:
1805 909 1941 957 non
1993 899 2220 956 tamen
2283 887 2712 959 necessitatis

158 973 418 1061 inopia,
457 973 580 1042 sed
613 975 963 1065 proposito
1002 973 1401 1045 voluntatis.

246 1065 283 1150 ξ
319 1067 464 1134 2².
520 1062 644 1132 Sed
679 1075 746 1132 et
785 1063 1318 1152 hospitalitatem
1357 1085 1631 1154 semper
1669 1063 2004 1134 exhibuit.
2053 1070 2129 1134 Et
2170 1066 2238 1134 in
2282 1064 2433 1154 ipsa
2469 1086 2709 1135 mensa

158 1152 382 1242 magis
409 1151 766 1220 lectionem
797 1152 897 1222 vel
925 1152 1494 1243 disputationem,
1529 1173 1738 1241 quam
1772 1153 2233 1243 epulationem
2268 1154 2711 1244 potationem·

156 1262 291 1327 que
338 1240 710 1331 diligebat:
762 1253 831 1310 et
876 1255 1115 1311 contra
1149 1241 1607 1332 pestilentiam
1642 1242 1994 1312 humanae
2032 1242 2582 1324 consuetudiniS,
2628 1241 2710 1310 in·

154 1349 239 1399 ea
269 1330 363 1414 ita
394 1330 730 1421 scriptum
766 1329 1086 1402 habebat:
1638 1367 1658 1382 ·

552 1508 843 1588 Quisquis
882 1518 1048 1573 amat
1088 1510 1265 1572 dictis
1304 1510 1629 1573 absentum
1674 1511 1898 1574 rodere
1943 1513 2162 1586 vitam,
2223 1496 2230 1504 ⁶

579 1651 583 1655 »
631 1605 803 1669 Hanc
847 1622 1123 1669 mensam
1166 1608 1415 1670 vetitam
1464 1611 1706 1671 noverit
1747 1625 1877 1672 esse
1918 1610 2059 1672 sibi.

157 1783 235 1847 Et
283 1775 438 1845 ideo
483 1797 758 1845 omnem
809 1776 1165 1846 convivam
1218 1799 1258 1846 a
1307 1777 1683 1867 superfluis
1729 1789 1794 1847 et
1830 1778 2052 1848 noxiis
2091 1777 2347 1848 fabulis
2377 1791 2441 1847 et
2481 1777 2710 1847 detra-

154 1866 506 1936 ctionibus
553 1886 700 1934 sese
729 1865 1072 1936 abstinere
1101 1865 1351 1937 debere
1382 1866 1821 1937 admonebat.
1865 1873 2032 1937 Nam
2069 1882 2134 1936 et
2166 1867 2503 1954 quosdam
2547 1889 2711 1938 suos

154 1953 737 2024 familiarissimos
808 1956 1251 2046 coepiscopos
1310 1954 1521 2025 -illius
1587 1956 1971 2045 scripturae
2041 1956 2337 2038 oblitoS,
2405 1968 2471 2026 et
2543 1978 2711 2026 con-

160 2056 261 2112 tra
311 2065 461 2111 eam
515 2041 890 2130 loquentes,
945 2056 1081 2113 tam
1134 2065 1376 2135 aspere
1405 2043 1780 2132 aliquando
1821 2045 2263 2135 reprehendit
2291 2059 2705 2124 commotus,

157 2145 237 2201 ut
283 2131 579 2211 diceret,
631 2145 749 2202 aut
795 2132 1125 2203 delendos
1171 2154 1321 2203 esse
1374 2133 1527 2202 illos
1572 2134 1659 2203 de
1711 2156 1948 2203 mensa
1998 2155 2237 2204 versus
2268 2189 2283 2213 ,
2338 2146 2458 2203 aut
2506 2156 2579 2203 se
2625 2132 2713 2202 de

160 2220 388 2290 media
440 2220 804 2291 refectione
852 2222 933 2290 ad
988 2244 1194 2291 suum
1246 2222 1653 2292 cubiculum
1709 2235 2215 2293 surrecturum.
2253 2221 2447 2305 Quod
2490 2243 2615 2313 ego
2647 2233 2713 2291 et

159 2309 301 2389 alii,
356 2311 474 2396 qui
528 2309 628 2379 illi
678 2331 959 2380 mensae
1007 2310 1479 2392 interfuimus,
1533 2313 1792 2401 experti
1843 2332 2113 2380 sumus
2799 2380 2814 2393 ,

246 2403 283 2485 ξ
334 2403 480 2470 918.
536 2405 921 2489 Pauperum
975 2420 1132 2469 vero
1180 2421 1454 2488 semper
1503 2422 1768 2484 memor
1797 2413 1964 2480 erat,
2004 2400 2242 2485 eisque
2275 2398 2437 2467 inde
2467 2419 2583 2467 ero
2633 2419 2709 2466 a·-

155 2487 294 2569 bat,
349 2486 534 2558 unde
580 2499 648 2558 et
693 2488 823 2558 sibi
875 2488 1161 2576 suisque
1207 2489 1535 2559 omnibus
1583 2511 1818 2559 secum
1863 2487 2341 2559 habitantibus
2379 2509 2580 2578 eroga
2639 2510 2710 2556 a-

156 2591 290 2657 tur,
346 2578 476 2646 hoc
522 2591 650 2652 est.
706 2577 807 2647 vel
856 2600 933 2647 ex
986 2577 1370 2648 redditibus
1413 2578 1926 2668 possessionum
1963 2578 2316 2658 ecclesiae,
2360 2576 2463 2646 vel
2497 2577 2705 2646 etiam

153 2688 234 2735 ex
281 2666 748 2736 oblationibus
798 2665 1134 2737 fidelium.
1191 2672 1266 2735 Et
1312 2666 1479 2736 dum
1530 2666 1725 2745 forte,
1784 2681 1858 2735 ut
1895 2665 2169 2744 assolet,
2210 2667 2296 2736 de
2331 2666 2709 2756 possessio-

155 2756 366 2823 nibus
416 2755 587 2843 ipsis
638 2755 895 2825 invidia
941 2755 1211 2825 clericis
1245 2755 1456 2835 fieret,
1496 2753 1980 2842 alloquebatur
2022 2755 2285 2844 plebem
2329 2755 2466 2835 Dei,
2504 2754 2710 2823 malle

154 2865 228 2913 se
273 2863 353 2910 ex
385 2842 873 2914 collationibus
907 2844 1129 2933 plebis
1170 2844 1285 2913 Dei
1320 2844 1568 2924 vivere,
1607 2865 1817 2932 quam
1857 2844 2134 2913 illarum
2184 2844 2703 2935 possessionum

151 2952 396 3000 curam
447 2931 549 3000 vel
601 2932 1169 3023 gubernationem
1224 2932 1390 3022 pati,
1447 2946 1513 3001 et
1562 2943 1880 3022 paratum
1932 2954 2004 3001 se
2051 2954 2201 3002 esse
2257 2932 2396 3002 illis
2435 2930 2699 3010 cedere,

148 3031 232 3090 ut
278 3040 358 3088 eo
409 3019 612 3089 modo
659 3042 816 3091 oves
865 3022 981 3091 Dei
1029 3021 1207 3091 servi
1253 3033 1319 3089 et
1369 3021 1670 3090 ministri
1720 3021 2044 3102 viverent,
2098 3021 2337 3110 quoin
2372 3020 2578 3090 veteri
2618 3032 2705 3088 te·

151 3120 496 3179 stamento
546 3109 872 3199 leguntur
918 3108 1119 3179 altari
1168 3108 1654 3191 deservienteS,
1710 3110 1798 3179 de
1833 3111 2070 3179 eodem
2113 3108 2703 3202 comparticipari.

152 3197 283 3268 Sed
322 3218 676 3284 nunquam
713 3198 779 3268 id
819 3199 975 3268 laici
1009 3196 1363 3289 suscipere
1395 3198 1786 3269 voluerunt.

246 3296 285 3369 ἓ
337 3290 500 3358 ²9.
558 3291 811 3357 Domus
857 3286 1189 3357 ecclesiae
1233 3309 1471 3358 curam
1514 3308 1936 3375 omnemque>
1960 3288 2449 3368 substantiam,
2484 3285 2569 3357 ad
2605 3286 2706 3355 vi-

147 3397 292 3456 ceS,
348 3375 841 3446 valentioribus
887 3372 1161 3446 clericis
1207 3376 1568 3467 delegabat
1612 3389 1679 3445 et
1725 3377 2085 3448 credeban
2138 3382 2504 3465 Nunquam
2562 3373 2706 3445 cla-

148 3485 331 3546 vem,
389 3485 749 3552 nunquam
803 3464 1146 3535 annulum
1184 3465 1265 3534 'in
1301 3486 1517 3535 manu
1554 3465 1857 3537 habens:
1897 3466 2012 3537 sed
2043 3467 2131 3536 ab
2156 3465 2416 3535 eisdem
2450 3464 2706 3534 domus

148 3552 566 3643 Praepositis
614 3566 865 3623 cuncta
912 3565 978 3624 et
1023 3569 1302 3646 accepta
1351 3567 1417 3624 et
1463 3568 1738 3645 erogata
1789 3555 2227 3626 notabantur.
2272 3559 2459 3638 Quae
2521 3573 2707 3622 anno

150 3642 495 3733 completo
541 3641 766 3712 eidem
818 3640 1306 3725 recitabantur,
1358 3665 1497 3731 quo
1547 3645 1860 3724 sciretur,
1914 3656 2250 3731 quantum
2311 3654 2698 3733 acceptum,

150 3745 633 3889 guantumque
671 3732 1150 3822 dispensatum
1194 3731 1459 3813 fuisset,
1505 3732 1605 3802 vel
1636 3732 1970 3821 quicquid
2007 3732 2561 3821 indispensatum
2599 3728 2703 3797 vel

206 3820 700 3911 ispensandum
754 3821 1236 3894 remansisset:
1289 3834 1354 3892 et
1383 3822 1453 3890 in
1494 3821 1734 3893 multis
1765 3822 1984 3893 titulis
2019 3821 2242 3912 magis
2281 3820 2474 3890 illius
2512 3840 2705 3913 prae-

156 3909 359 3999 positi
406 3909 660 3979 domus
708 3908 913 3980 fidem
966 3931 1304 3998 sequens,
1354 3932 1564 3998 quam
1625 3912 1991 4000 probatum
2050 3908 2705 3994 manifestatumque

152 4017 236 4066 co
288 4017 597 4069 noscens.
654 4003 943 4069 Domum
976 4020 1159 4080 vero,
1197 3999 1301 4070 vel
1334 4021 1609 4091 agrum,
1650 4020 1774 4069 seu
1808 3999 2041 4069 villam
2081 4019 2440 4086 nunquam
2475 4017 2705 4065 emere

153 4104 239 4154 vo
273 4085 390 4156 uit.
441 4092 689 4157 Verum
741 4088 800 4158 si
847 4086 1020 4158 forte
1066 4087 1397 4160 ecclesiae
1442 4111 1484 4158 a
1528 4108 1880 4178 quoquam
1934 4101 2175 4178 sponte
2237 4084 2373 4158 tale
2434 4083 2701 4172 aliquid

156 4170 263 4241 vel
314 4171 709 4272 donaretur,
763 4176 866 4246 vel
919 4175 1119 4248 titulo
1167 4176 1371 4269 legati
1419 4177 1903 4259 dimitteretur,
1959 4198 2095 4247 non
2144 4175 2537 4267 respuebat,
2581 4172 2699 4242 sed

153 4263 419 4361 suscipi
455 4262 775 4353 jubebat.·
819 4271 986 4337 Nam
1035 4278 1103 4336 et
1147 4266 1421 4355 aliquas
1465 4289 1628 4337 eum
1680 4265 2134 4337 haereditates
2182 4284 2540 4336 recusasse
2582 4282 2704 4331 no·

152 4369 407 4432 vimuS,
464 4373 601 4422 non
647 4351 814 4440 quia
862 4355 1289 4447 pauperibus
1333 4354 1620 4426 inutiles
1665 4377 1816 4449 esse
1865 4367 2167 4446 possent,
2212 4353 2331 4425 sed
2361 4350 2698 4513 guoniam

142 4439 419 4532 justum
465 4453 533 4512 et
578 4462 879 4531 aequum
925 4464 1077 4516 esse
1123 4446 1441 4528 videbat,
1495 4459 1572 4515 ut
1618 4467 1662 4514 a
1709 4456 2141 4516 mortuorum
2194 4444 2299 4537 vel
2418 4442 2530 4514 liis
2594 4438 2699 4509 vel
