3308 5004
129 368 295 437 AUG.
348 369 434 433 29
725 382 791 432 ιι(
839 382 1031 431 ιηιετο
1077 381 1416 431 nncoLLAr.
1469 382 1525 429 s.
1577 318 1802 429 somn.
1858 382 2036 429 am.
2442 359 2567 431 737

128 484 188 543 et
211 470 400 542 morti
450 466 752 540 similem
788 489 1109 539 somnum
1150 465 1579 537 deduxisset:
1615 476 1681 536 et
1711 488 1832 558 per
1868 464 2246 555 quamdam
2282 466 2654 539 fenestram

127 563 513 651 intempesta
562 569 758 628 nocte
804 578 877 629 se
926 557 994 626 in
1044 556 1384 647 templum
1434 554 1849 636 demisisset,
1889 556 2149 626 sensim
2188 568 2255 626 et
2303 556 2453 627 sine
2483 571 2658 628 stre-

125 651 280 742 pitu,
333 670 527 719 sacro
572 657 809 738 aperto
856 644 1084 716 loculo
1128 645 1201 737 (o
1249 666 1391 714 rem
1441 656 1506 713 et
1553 642 1740 715 factu
1785 657 1850 715 et
1906 644 2155 715 auditu
2208 646 2653 737 terribilem),

126 738 357 839 accipit
404 736 799 828 pretiosam,
852 756 1030 822 quae
1062 733 1609 814 desiderabatur,
1666 733 2062 804 dexteram:
2117 747 2183 803 et
2231 756 2508 805 summo
2570 738 2662 806 si-

126 829 314 898 lentio
361 846 700 906 reversuS,
764 823 1133 913 diligenter
1180 822 1460 912 quidem
1513 822 1700 913 apud
1751 845 1824 893 se
1886 834 2108 894 servat
2154 824 2339 911 quod
2390 823 2661 896 furatus

130 917 350 995 fuerat,
406 936 490 985 ne
539 923 1073 1004 cognosceretur
1099 913 1190 982 ab
1237 910 1471 999 aliquo
1510 911 1991 981 barbarorum.

209 1008 242 1093 ᾗ
282 1008 430 1078 12·
465 1002 640 1073 Hinc
680 1000 1032 1093 egreditur
1078 1000 1469 1081 AntiochiA,
1514 1013 1583 1071 et
1633 1001 1764 1070 iter
1808 1000 1966 1070 iniit
2024 1023 2277 1091 magno
2327 1014 2516 1071 metu
2563 1001 2662 1072 af-

130 1094 350 1177 fectus,
394 1114 480 1162 ne
526 1113 635 1161 res
681 1091 874 1160 fieret
921 1088 1285 1159 manifesta
1338 1088 1668 1172 inimicis,
1722 1090 1808 1159 ad
1859 1089 2336 1177 exequendum
2411 1113 2660 1193 propo·

125 1182 317 1255 situm
355 1180 596 1252 multis
642 1200 847 1270 saepe
894 1192 1095 1250 utens
1192 1178 1490 1248 recibus.
1543 1184 1795 1248 Locum
1862 1192 2091 1249 autem
2145 1178 2317 1262 loco,
2370 1194 2437 1250 et
2490 1183 2689 1250 civ1-‘
2780 1252 2789 1267 ,

123 1285 314 1342 tatem
341 1271 612 1340 civitate
637 1270 1101 1350 commutans,
1166 1266 1505 1338 estinabat
1534 1267 1620 1337 ad
1652 1268 1935 1338 exitum.
1973 1272 2277 1356 Cumque
2312 1268 2662 1341 lethiferas

122 1359 268 1431 illas
307 1360 450 1430 vias
481 1358 581 1428 sic
631 1358 1065 1450 pervasisset,
1133 1355 1440 1447 pervenit
1485 1356 1572 1425 ad
1643 1356 1819 1426 fines
1873 1362 2261 1440 RomanOS,
2317 1380 2653 1450 magnum

166 1449 386 1519 uidem
422 1447 623 1518 illum
677 1459 934 1516 metum
982 1446 1359 1528 excutiens,
1405 1445 1741 1516 audacius
1788 1458 2015 1515 autem
2066 1460 2132 1516 et
2191 1448 2659 1518 confidentius

145 1538 442 1609 estinans
487 1535 572 1605 ad
638 1535 898 1626 regiam
947 1535 1319 1606 civitatem.
1372 1539 1737 1621 Postquam
1791 1556 1946 1606 vero
1994 1534 2220 1605 fidelis
2283 1540 2664 1627 Imperator

118 1629 266 1715 ejus
304 1625 576 1696 rescivit
623 1624 1103 1702 adventum,et
1137 1645 1206 1692 re
1232 1621 1629 1693 admirabili
1666 1623 1796 1694 fuit
1819 1623 2358 1715 obstupefactuS,
2396 1626 2661 1695 Christo

117 1716 387 1806 quidem
440 1735 576 1784 non
626 1725 889 1815 poterat
920 1735 1122 1871 agere
1169 1713 1426 1803 gratias
1480 1734 1605 1803 pro
1637 1711 1995 1803 dignitate,
2047 1727 2124 1783 ut
2168 1735 2373 1801 quem
2433 1714 2664 1805 inspe-

122 1819 337 1875 ratum
386 1802 753 1894 impediret
817 1823 951 1893 gau
1006 1803 1194 1872 ium:
1247 1822 1366 1870 eos
1411 1814 1637 1871 autem
1672 1854 1693 1883 ,
1763 1801 1884 1889 qui
1933 1802 2063 1871 hoc
2131 1815 2447 1873 sanctum
2497 1825 2660 1873 cum

117 1895 160 1964 h
217 1892 417 1975 mniS,
472 1891 916 1983 lampadibus
962 1903 1031 1960 et
1072 1890 1451 1982 unguentis
1483 1901 1713 1961 essent
1743 1892 2160 1982 suscepturi,
2200 1904 2265 1963 et
2296 1891 2381 1962 ad
2428 1892 2664 1984 ipsum

120 1917 419 2063 affiaturi,
469 1980 734 2051 emisit:
766 1992 845 2049 ut
889 1981 1071 2050 sicut
1111 1980 1259 2071 ipse
1305 2002 1443 2049 voa>
1471 1982 1831 2049 clamantis
1862 1982 1933 2049 in
1962 1981 2218 2051 deserto
2250 2002 2491 2072 parare
2521 1982 2667 2052 vias

121 2070 437 2152 Domini,
489 2083 556 2140 et
621 2069 903 2139 semitas
971 2081 1189 2139 rectas
1238 2068 1499 2150 facere,
1566 2069 1816 2160 jussus
1875 2080 2061 2138 erat:
2135 2070 2227 2140 ita
2274 2071 2478 2141 etiam
2531 2069 2667 2162 ipsi

122 2159 576 2230 Christianam
612 2158 1027 2249 ingredienti
1074 2158 1443 2239 civitatem,
1478 2167 1545 2227 et
1591 2181 1633 2227 a
1678 2180 1814 2245 qua
1842 2158 1996 2246 ejus
2031 2160 2250 2247 gratia
2299 2181 2435 2228 non
2466 2159 2668 2249 longe

120 2248 376 2330 aberat,
431 2260 841 2338 pararentur
890 2247 1158 2318 honesti
1206 2256 1271 2316 et
1316 2246 1545 2316 decori
1587 2248 1969 2336 ingressus.
2005 2250 2169 2316 Cum
2206 2270 2368 2338 ergo
2414 2269 2667 2338 appro-

120 2336 488 2426 pinquaret
520 2335 1044 2417 chalcedonem,
1099 2337 1295 2405 navis
1328 2335 1609 2423 quidem
1659 2335 1914 2405 emissa
1961 2347 2064 2404 est
2092 2337 2564 2426 Imperatoria,
2603 2347 2669 2405 et

119 2423 426 2493 Pontifex
472 2446 629 2493 cum
689 2424 1187 2506 sacerdotibus,
1237 2436 1303 2494 et
1348 2424 1776 2512 quicumque
1821 2445 1898 2493 ex
1953 2437 2196 2494 senatu
2256 2439 2451 2495 erant
2497 2424 2668 2494 clari

115 2528 182 2584 et
224 2512 528 2585 illustres
584 2512 834 2594 simul,
877 2528 955 2583 ut
1014 2536 1290 2583 sacrum
1339 2513 1538 2584 illum
1605 2514 2010 2583 thesaurum
2062 2513 2391 2584 inferrent
2440 2515 2509 2584 in
2561 2536 2670 2584 re-

115 2603 329 2693 giam,
368 2625 529 2672 curn
579 2601 839 2690 quibus
872 2601 1183 2673 fidelium
1222 2623 1496 2691 quoque
1543 2602 1916 2672 multitudo
1941 2603 2114 2672 urbe
2152 2624 2451 2694 egressa,
2492 2603 2669 2673 mari

111 2693 178 2761 ei
228 2691 647 2782 navigarunt
692 2691 990 2772 obviam,
1028 2704 1105 2761 ut
1137 2713 1296 2760 eum
1345 2691 1789 2761 deducerent.

203 2782 240 2868 ξ
287 2784 425 2854 18.
477 2785 847 2869 Postquam
894 2790 1122 2850 autem
1166 2778 1296 2850 fuit
1342 2792 1706 2870 susceptus
1741 2781 1809 2848 in
1873 2802 2121 2850 manus
2170 2780 2549 2864 Pontificis,
2604 2790 2670 2850 et

106 2867 269 2958 ejus
323 2869 670 2941 ferebatur
715 2869 927 2951 ulnis,
981 2880 1046 2940 et
1096 2871 1167 2939 in
1211 2891 1399 2938 mare
1458 2868 1805 2949 ascendit,
1863 2868 2116 2940 licebat
2163 2869 2394 2942 videre
2444 2869 2671 2960 ipsam

105 2978 388 3046 quoque
420 2981 640 3046 aquae
663 2969 977 3029 naturam
1013 2957 1358 3049 placidam
1392 2970 1458 3028 et
1481 2956 1952 3045 tranquillam,
1984 2957 2314 3031 mollibus
2340 2958 2675 3028 fluctibus

103 3058 272 3116 ante
313 3067 555 3117 navem
603 3048 1020 3130 exilientem,
1073 3061 1140 3117 et
1184 3047 1270 3117 ad
1322 3051 1777 3137 Imperatores
1824 3047 1979 3135 ejus
2025 3069 2312 3118 cursum
2365 3046 2676 3138 dirigen-

105 3147 282 3205 tem.
311 3140 517 3205 Porro
564 3150 790 3207 autem
841 3135 1106 3224 aliquid
1185 3157 1414 3223 uoque
1446 3135 1698 3205 accidit
1742 3135 1899 3205 aliis
1950 3136 2175 3226 magis
2220 3135 2661 3216 admirabile,

104 3236 179 3294 et
235 3223 533 3314 dignum
582 3230 789 3294 Manu
834 3157 1226 3294 veneranda
1292 3224 1789 3295 Praecursoris.
1843 3223 2089 3295 Aderat
2134 3225 2320 3293 enim
2379 3225 2527 3295 dies
2578 3224 2676 3293 fe-

102 3324 267 3383 stus
316 3323 711 3383 sanctorum
762 3313 1115 3383 luminum
1143 3313 1202 3397 *‚
1241 3313 1314 3383 in
1343 3334 1482 3402 quo
1510 3335 1670 3383 vera
1700 3312 1821 3382 illa
1860 3312 2001 3394 lux,
2044 3312 2373 3384 Jordanis
2414 3314 2678 3384 fluenta

98 3400 606 3492 complectenS‚
661 3401 1009 3472 humanae
1056 3415 1345 3472 naturae
1389 3402 1868 3472 contritionem
1920 3401 2336 3473 reformavit.
2371 3407 2449 3473 Et
2505 3422 2676 3491 quo-

99 3490 310 3560 niam
354 3489 799 3580 praecedente
845 3490 959 3560 die
994 3491 1270 3582 jejunio
1327 3512 1490 3583 prae
1544 3513 1905 3582 urgamur,
1972 3491 2227 3562 accidit
2275 3503 2351 3562 ut
2398 3492 2471 3562 in
2520 3493 2679 3583 ipsa

98 3580 290 3649 hora
335 3578 747 3669 vespertina,
799 3578 872 3649 in
919 3602 1058 3668 qua
1106 3601 1259 3651 mos
1304 3590 1406 3650 est
1453 3513 1861 3653 Cliristianis
1958 3603 2235 3683 eragere
2281 3580 2674 3651 sanctifica-

99 3669 402 3750 tionem,
450 3667 684 3737 divina
711 3672 953 3739 Manus
978 3667 1372 3740 advenerit:
1425 3691 1636 3757 quam
1664 3691 1825 3738 cum
1861 3602 2108 3740 Christi
2143 3669 2672 3740 amantissimus

96 3762 526 3848 Imperator,
570 3768 922 3844 tamquam
969 3758 1261 3830 coeleste
1306 3758 1571 3828 donum
1611 3771 1677 3828 et
1722 3759 1811 3829 ab
1851 3758 2135 3829 interitu
2193 3758 2503 3829 alienum
2555 3780 2678 3829 su-

97 3846 477 3946 scepisset,
520 3857 587 3915 et
631 3844 994 3936 amplexus
1041 3860 1265 3932 esset,
1318 3846 1784 3935 desideriique
1848 3860 1914 3917 et
1962 3847 2121 3920 fidei
2172 3847 2517 3938 lacrymas
2581 3845 2679 3916 ef-

97 3933 438 4016 fudisset,
489 3949 568 4004 ‘re
620 3934 768 4004 onit
813 3935 884 4003 in
935 3936 1163 4006 medio
1204 3937 1615 4027 templorum
1669 3935 2047 4025 regalium:
2101 3936 2271 4007 adeo
2318 3948 2396 4006 ut
2435 3957 2680 4008 omnes

98 4022 483 4094 crederent
531 3955 972 4114 illumipsum
1011 4025 1253 4096 adesse
1298 4025 1703 4116 Baptistam,
1742 4024 1870 4094 etsi
1919 4025 2052 4095 sub
2085 4024 2490 4117 adspectum
2539 4046 2681 4095 non

100 4109 421 4197 caderet,
473 4125 540 4183 et
587 4134 712 4205 pro
764 4112 975 4183 ositas
1008 4135 1224 4201 aquas
1270 4136 1398 4183 sua
1448 4113 1879 4184 sanctificare
1910 4112 2209 4185 dextera.
2256 4115 2433 4185 Hinc
2481 4136 2687 4185 cane-

103 4200 389 4271 bantur
424 4202 640 4293 hymn
741 4202 846 4272 iae
873 4201 1186 4292 spiritus,
1239 4201 1432 4273 illata
1481 4201 1748 4272 lumina
1783 4202 2123 4294 templum
2163 4201 2683 4284 illuminabant,

102 4289 446 4391 omnium
495 4290 683 4361 oculi
729 4290 816 4361 ad
867 4311 1135 4363 sacram
1165 4313 1450 4384 capsam
1485 4305 1682 4363 erant
1712 4291 1957 4384 aperti,
2008 4304 2075 4363 et
2121 4292 2459 4385 adspectu
2513 4294 2690 4365 hau-

102 4377 406 4449 nebant
441 4379 1092 4452 sanctificationem.

175 4506 206 4534 ⁸¹
238 4503 514 4557 Epiphania
531 4504 732 4550 Domini.
1629 4515 1637 4523 ‘
2132 4515 2143 4528 ⁶

295 4588 542 4648 surius
556 4618 582 4635 -
607 4588 772 4651 Vitae
795 4590 904 4654 SS.
927 4620 953 4637 -
970 4589 1100 4652 Vol.
1141 4585 1299 4652 vm.
2040 4684 2059 4698 θ
2456 4591 2531 4648 47
