3308 5004
177 329 346 396 AUG.
405 330 433 392 t
740 342 824 392 na
871 345 965 392 ss.
1018 345 1216 392 rmao
1262 345 1483 393 Arosr.
1538 346 1613 392 m
1664 345 1890 393 raoru.
1946 346 2094 392 au».
2543 329 2638 393 25

178 454 296 501 non
352 442 612 520 posset,
653 428 995 500 Ecclesiae
1036 430 1447 520 principem,
1492 443 1763 520 portum
1799 429 2438 520 inexpugnabilem,
2465 430 2721 500 turrim

174 522 465 599 firmam,
519 533 586 588 et
633 540 1003 606 quaefnon
1060 532 1285 609 posset
1332 519 1634 588 concuti.
1688 520 1848 598 Hic,
1914 519 2241 605 inquam,
2299 518 2428 588 fuit
2487 525 2727 591 Petrus

173 610 301 691 ille,
346 610 473 696 qui
521 608 695 678 dixit
732 608 1043 677 Christo:
1089 608 1304 677 Etiam
1360 609 1419 677 si
1466 608 1846 698 oportuerit
1889 629 1998 677 me
2049 608 2224 676 mori
2280 620 2530 686 tecum,
2588 630 2724 677 non

173 712 231 768 te
263 698 555 788 negabo.
593 703 833 767 Petrus
865 697 981 766 ille
1007 695 1159 777 fuit,
1201 697 1322 783 qui
1349 696 1585 765 divina
1619 696 2030 766 revelatione
2063 695 2332 778 doctus,
2369 697 2722 766 veritatem

170 787 544 865 confessuS‚
601 787 743 855 aitt·
784 792 877 855 Tu
923 809 989 855 es
1022 787 1328 857 Christus
1372 788 1559 876 filius
1589 788 1726 855 Dei
1748 788 1912 855 vivi.
1967 786 2092 855 Hic
2121 808 2284 854 cum
2341 798 2536 855 nocte
2575 786 2718 867 illa,

168 899 293 965 qua
345 877 658 963 seipsum
705 874 984 943 tradidit
1031 875 1368 955 ChristuS,
1413 888 1621 946 staret
1650 875 1735 944 ad
1787 897 2046 964 prunas
2094 888 2159 943 et
2206 874 2574 956 calefieret,
2628 877 2724 945 ait

168 965 264 1035 illi
315 964 551 1054 puella
598 964 980 1051 quaedam:
1035 969 1113 1032 Et
1152 977 1227 1032 tu
1265 985 1425 1033 cum
1473 971 1641 1034 Jesu
1676 970 2018 1034 Nazareno
2051 986 2251 1032 eras,
2306 969 2476 1033 Tum
2516 965 2665 1054 ipse
2704 987 2720 1031 :

165 1060 390 1145 Neque
417 1055 577 1133 scio,
630 1056 843 1144 neque
870 1054 1032 1122 novi
1057 1055 1224 1144 quid
1270 1054 1481 1123 dicas.
1532 1059 1702 1122 Hem
1759 1060 1972 1134 Petra,
2021 1053 2224 1121 modo
2272 1051 2598 1122 dicebas:
2651 1055 2734 1123 Si

168 1145 537 1234 oportuerit
580 1165 685 1211 me
714 1143 892 1211 mori
935 1152 1175 1222 tecum,
1230 1165 1359 1211 non
1407 1152 1469 1212 te
1500 1144 1783 1233 neqabo:
1825 1155 1889 1211 et
1945 1163 2129 1209 nunc
2177 1163 2336 1209 eum
2378 1164 2610 1230 negaS,
2664 1156 2729 1211 et

166 1234 303 1303 ais:
360 1237 504 1301 Non
556 1232 717 1300 novi
765 1231 1118 1300 hominem
1173 1232 1430 1300 istum?
1464 1232 1784 1301 Nondum
1837 1243 2199 1311 tormenta,
2257 1230 2565 1300 nondum
2602 1232 2723 1299 fla-

166 1320 342 1411 gella
404 1323 753 1412 proposita
818 1320 943 1389 tibi
1013 1332 1198 1396 sunt,
1274 1319 1393 1388 sed
1457 1320 1752 1409 simplex
1802 1320 1957 1389 vilis
2022 1319 2390 1408 cujusdam
2456 1319 2727 1408 puellae

164 1410 451 1479 verbum
503 1408 788 1487 audisti,
825 1409 1023 1495 etad
1076 1409 1510 1500 negationem
1564 1409 1931 1499 prolapsus
1978 1410 2097 1477 es‘?
2129 1414 2438 1497 Negasne
2487 1413 2727 1478 Petre?

166 1498 368 1569 Nulla
405 1497 525 1567 tibi
560 1511 922 1576 tormenta,
966 1497 1158 1567 nulla
1216 1498 1525 1587 flagella,
1572 1499 1804 1568 nullae
1876 1498 2153 1588 plagae,
2216 1497 2455 1567 nullus
2503 1497 2718 1578 furor,

166 1586 344 1657 nulli
382 1587 757 1677 principes,
798 1587 975 1656 nulli
1011 1586 1226 1677 gladii
1259 1586 1469 1668 acuti,
1511 1588 1703 1657 nulla
1737 1588 1960 1676 jussa,
2017 1586 2210 1656 nulla
2241 1585 2489 1667 edicta,
2549 1587 2727 1656 nulli

162 1699 359 1767 reges
409 1677 779 1757 minanteS,
833 1676 1067 1747 nullae
1099 1676 1399 1763 denique
1443 1677 1783 1747 instantis,
1812 1690 1929 1746 aut
1964 1698 2119 1744 mox
2168 1674 2444 1746 futurae
2483 1677 2722 1746 mortis

165 1767 407 1835 minae.
457 1765 582 1835 tibi
629 1765 934 1854 objectae
984 1778 1191 1835 sunt:
1262 1765 1569 1833 nondum
1631 1787 1989 1845 carcereS,
2047 1777 2112 1833 et
2163 1763 2608 1855 praecipitia,
2662 1779 2728 1835 et

165 1876 400 1934 mare,
468 1853 780 1924 nondum
833 1852 1095 1940 aliquid
1162 1853 1295 1923 tale
1343 1866 1667 1922 terrorem
1734 1854 1856 1923 tibi
1905 1854 2182 1935 attulit,
2239 1866 2306 1923 et
2353 1856 2723 1924 Dominum

162 1965 457 2053 begam,
500 1944 645 2012 ais:
691 1949 832 2014 Non
869 1943 1027 2012 novi
1077 1943 1430 2011 hominem
1480 1942 1745 2011 istum?

248 2040 289 2119 9
336 2038 425 2104 4.
479 2037 747 2102 Rursus
785 2031 1013 2122 puella
1061 2032 1286 2121 coepit
1331 2031 1558 2101 dicere
1606 2031 2242 2113 circumstantibuS‚
2281 2032 2447 2119 quia
2499 2031 2613 2100 hic
2648 2054 2728 2100 ex

164 2120 310 2190 illis
338 2134 540 2191 esset.
580 2125 658 2190 At
690 2126 964 2190 Petrus:
998 2125 1140 2189 Non
1182 2120 1360 2201 novi,
1416 2120 1665 2207 inquit,
1719 2120 2071 2189 hominem
2108 2121 2344 2190 istum.
2389 2122 2723 2203 Quisnam

163 2223 290 2291 est,
353 2215 571 2290 Petre,
614 2210 736 2296 qui
786 2222 848 2278 te
906 2230 1157 2310 negare
1205 2209 1409 2279 facit?
1474 2215 1614 2279 Non
1668 2231 1891 2290 unuS,
1959 2209 2270 2294 inquam,
2325 2209 2580 2296 aliquis
2642 2232 2724 2278 ex

162 2299 627 2390 gravioribus,
667 2298 785 2368 sed
827 2297 1153 2379 foemina,
1184 2320 1400 2385 eaque
1437 2299 1743 2378 ostiaria,
1799 2299 2066 2385 abjecta
2110 2310 2175 2367 et
2220 2297 2486 2367 nullius
2522 2298 2722 2386 pretii

163 2387 442 2458 mulier.
497 2387 703 2468 Talis,
745 2388 1057 2474 inquam,
1112 2401 1235 2467 est,
1289 2409 1467 2474 quae
1518 2400 1577 2456 te
1638 2388 2055 2476 interrogat,
2118 2399 2182 2456 et
2231 2399 2307 2456 tu
2360 2386 2720 2456 confestim

166 2481 433 2568 negas?
466 2480 517 2547 O
560 2498 702 2546 rem
754 2498 996 2547 novam
1050 2489 1117 2547 et
1162 2475 1674 2546 admirabilem.
1730 2475 1963 2546 Puella
2000 2487 2344 2545 momento
2395 2476 2727 2565 temporis

161 2567 355 2636 illius
395 2566 573 2636 Petri
634 2566 840 2635 fidem
900 2566 1360 2635 conturbavit.
1417 2571 1658 2636 Petrus
1706 2565 1826 2633 illa
1874 2564 2218 2635 Ecclesiae
2267 2565 2594 2634 columna
2644 2587 2723 2634 ac

161 2654 804 2747 propugnaculum,
854 2654 1124 2743 puellae
1165 2656 1377 2724 unius
1410 2677 1546 2724 non
1604 2654 1853 2731 minas,
1915 2652 2033 2723 sed
2082 2653 2370 2722 unicum
2436 2655 2722 2723 verbum

158 2767 299 2814 non
333 2744 695 2816 sustinuit.
753 2748 999 2813 Locuta
1032 2756 1136 2813 est
1181 2743 1326 2824 illa,
1380 2757 1444 2813 et
1501 2743 1647 2833 ipse
1696 2743 1926 2812 statim
1972 2756 2342 2829 quassatus
2384 2755 2510 2812 est.
2565 2747 2728 2812 Ver-

156 2834 332 2904 bum
386 2832 659 2922 puellae
701 2833 1053 2921 processit,
1102 2845 1168 2902 et
1214 2833 1544 2902 columna
1584 2831 1703 2901 illa
1738 2833 2286 2901 concutiebatur.
2338 2830 2462 2901 Illa
2498 2831 2729 2901 locuta

156 2936 285 3001 est,
333 2934 404 2991 et
465 2920 1076 3012 propugnaculum
1136 2922 1517 2991 fluctuavit.
1573 2927 1956 3003 Quemnam
2023 2920 2302 3002 vidisti,
2356 2926 2579 3000 Petre,
2650 2933 2730 2991 ut

158 3011 511 3080 Christum
546 3011 880 3099 negares?
917 3010 1222 3081 Puellam
1277 3010 1515 3090 vilem,
1571 3025 1635 3080 et
1688 3011 1949 3100 januae
1995 3009 2349 3080 custodem
2418 3023 2729 3079 contem-

160 3100 494 3173 nendam.
546 3104 739 3168 Hanc
773 3099 1029 3180 vidisti,
1073 3112 1140 3169 et
1169 3099 1515 3169 Christum
1568 3101 1825 3188 negas?
1849 3104 2095 3168 Verum
2130 3098 2450 3185 quamvis
2483 3102 2729 3167 Petrus

158 3188 538 3277 negaverit,
595 3188 885 3258 humani
924 3201 1153 3258 tamen
1191 3189 1464 3279 generis
1491 3203 1762 3258 amator
1800 3192 1977 3258 Deus
2014 3202 2371 3277 peccatum
2416 3185 2519 3255 illi
2560 3209 2730 3255 con-

158 3277 464 3347 donavit.
528 3276 724 3347 Novit
770 3277 954 3347 enim
1006 3276 1257 3359 illum,
1332 3292 1409 3347 ut
1481 3276 1878 3356 hominem,
1938 3276 2320 3345 humanum
2388 3275 2725 3361 quiddam

160 3387 450 3456 passum
513 3365 767 3436 fuisse:
836 3389 997 3437 cum
1048 3367 1137 3435 ob
1206 3388 1355 3436 eam
1411 3368 1709 3435 maxime
1775 3386 2082 3442 causam,
2137 3376 2215 3434 ut
2269 3364 2436 3444 dixi,
2490 3366 2724 3454 ipsum

160 3476 449 3544 peccare
486 3456 933 3544 permisisset,
968 3454 1154 3542 quod
1199 3455 1615 3546 populorum
1639 3454 2016 3524 multitudo
2048 3453 2150 3522 illi
2181 3452 2526 3523 credenda
2553 3466 2721 3533 erat,

160 3565 246 3613 ne
290 3566 581 3614 severus
626 3556 693 3615 et
742 3544 1111 3625 innocen&
1165 3567 1206 3613 a
1268 3544 1465 3614 venia
1517 3544 1818 3633 propriis
1882 3541 2731 3632 fratribusimpartienda

156 3647 336 3704 esset
386 3632 683 3703 alienus.
725 3633 1106 3703 Succubuit
1138 3633 1354 3724 igitur
1402 3645 1705 3723 peccato,
1745 3645 1822 3703 ut
1869 3632 2198 3702 delictum
2244 3653 2451 3701 suum
2494 3646 2561 3701 et
2593 3636 2726 3700 Do-

157 3722 337 3792 mini
372 3723 645 3792 veniam
679 3722 1155 3804 considerans,
1209 3722 1632 3791 condonaret
1664 3736 1732 3790 et
1779 3720 1936 3792 aliis
1978 3720 2426 3811 benignitatis
2482 3723 2719 3800 causa,

149 3813 353 3897 juxta
402 3810 929 3901 dispositionem
981 3816 1115 3881 Deo
1163 3826 1686 3900 congruentem.
1742 3811 2128 3880 Permissus
2178 3809 2366 3877 enim
2417 3822 2521 3878 est
2571 3830 2729 3898 pec-

155 3922 315 3971 care
367 3900 428 3969 is
460 3900 578 3969 cui
625 3900 928 3969 Ecclesia
976 3899 1323 3969 credenda
1354 3912 1525 3980 erat,
1571 3899 1693 3969 illa
1741 3898 2057 3969 videlicet
2095 3897 2561 3967 Ecclesiarum
2611 3918 2727 3966 co-

158 3987 430 4069 lumna,
483 4000 551 4058 et
600 4000 837 4078 portus
884 3988 1070 4058 fidei.
1110 3994 1349 4058 Petrus
1397 3989 1587 4061 orbis
1628 4001 1968 4058 terrarum
2027 3986 2382 4076 magister,
2438 4007 2725 4077 peccare

158 4079 555 4167 permissus
600 4076 776 4159 fuit,
829 4090 907 4148 ut
962 4078 1116 4169 ejus
1160 4077 1636 4169 indulgentia,
1705 4075 2161 4146 humanitatis
2232 4089 2725 4166 argumentum

158 4168 315 4238 aliis
352 4178 881 4257 proponeretur.

242 4260 425 4346 55.
495 4254 627 4326 Sed
707 4256 1160 4343 quamobrem
1222 4255 1392 4325 haec
1452 4278 1493 4325 a
1568 4253 1770 4324 nobis
1840 4252 2026 4323 dicta
2100 4256 2318 4322 sunt?
2388 4253 2724 4336 Quoniam

168 4356 226 4415 et
268 4369 401 4419 nos
442 4344 839 4416 sacerdotes
902 4345 975 4415 in
1035 4343 1386 4415 cathedris
1446 4342 1798 4423 sedentes,
1874 4341 2171 4434 peccatis
2239 4342 2544 4433 colligati
2607 4364 2729 4412 su-

176 4455 343 4506 mus,
379 4440 754 4528 Propterea
790 4433 982 4505 enim
1018 4456 1155 4504 non
1205 4432 1486 4524 Angelo‚
1533 4453 1759 4520 neque
1788 4430 2214 4523 Archangelo
2262 4431 2725 4503 sacerdotium
