3308 5004
191 368 341 434 AUG.
385 369 447 450 5,
880 381 958 431 na·
1006 383 1063 432 s.
1117 381 1423 431 oswacoo
1470 379 1740 431 anoton.
1797 379 1957 430 naen
2511 357 2602 430 75

193 485 246 540 at
270 472 465 558 ipsum
494 490 645 541 esse
674 469 963 555 dignum
993 469 1417 559 episcopatu,
1460 468 1686 557 ipsum
1721 467 1807 536 ad
1847 465 2264 538 erudiendos
2293 466 2692 538 incredulos

187 572 239 628 et
278 559 565 629 indoctos
612 558 790 628 mitti
829 558 1078 628 debere
1125 558 1528 637 decernunt,
1580 556 1702 642 qui
1752 556 1972 647 gratia
2004 557 2463 638 discretionis,
2513 577 2693 644 quae

185 648 476 717 virtutum
531 660 748 717 mater
792 659 917 727 est,
974 661 1129 716 ante
1176 647 1413 716 omnia
1460 646 1794 737 probatur
1841 646 2174 716 imbutus.
2215 646 2459 733 Sicque
2489 646 2689 716 illum

187 737 575 818 ordinanteS,
619 731 701 806 ad
740 734 1284 826 praedicandum
1331 735 1691 805 miserunt.
1747 734 1878 817 Qui
1925 736 2047 803 ubi
2089 748 2362 823 tempus
2400 735 2687 825 accepit,

184 826 334 896 sicut
427 825 575 896 rius
624 825 1096 895 moderamine
1140 823 1578 894 discretionis
1606 878 1622 905 ,
1669 823 1759 892 ita
1803 823 2242 913 postmodum
2293 835 2360 893 et
2406 823 2695 894 caeteris

186 914 380 985 virtuti
432 937 520 985 us
568 926 853 984 ornatus
886 914 1230 1004 apparuit.

249 1006 377 1092 98.
407 1003 634 1093 Hujus
658 1004 870 1092 igitur
896 1001 1448 1072 reverendissimi
1481 999 2145 1070 Antistitisdoctrina
2175 1005 2311 1071 Rex
2336 1000 2697 1071 oswaldus

182 1114 309 1162 cum
339 1113 437 1173 ea,
478 1092 591 1161 cui
631 1103 964 1181 praeerat,
1003 1103 1200 1179 gente
1234 1090 1605 1181 Angtorum
1642 1089 2021 1168 institutus,
2063 1111 2200 1160 non
2233 1090 2455 1159 solum
2497 1090 2690 1158 inco-

176 1181 335 1270 gnita
390 1181 948 1271 progenitoribus
996 1181 1145 1250 suis
1201 1201 1412 1270 regna
1459 1179 1809 1248 coelorum
1879 1199 2159 1268 sperare
2211 1178 2503 1258 didicit,
2570 1177 2690 1247 sed

176 1283 227 1338 et
262 1291 465 1360 regna
516 1283 879 1350 terrarum,
936 1268 1309 1358 plusquam
1360 1267 1489 1337 ulti
1541 1267 1882 1357 majorum
1939 1288 2249 1346 suorum,
2314 1267 2402 1337 ab
2448 1266 2689 1335 eodem

172 1377 288 1427 uno
329 1358 787 1448 omnipotenti
835 1365 1010 1437 Deo,
1071 1369 1485 1428 consecutus
1530 1370 1654 1425 est.
1715 1356 2020 1443 Denique
2081 1377 2322 1426 omnes
2376 1356 2715 1425 nationes‘

177 1459 227 1515 et
265 1447 653 1536 provincias
698 1446 1114 1527 Britanniae,
1151 1467 1327 1534 quae
1369 1446 1436 1514 in
1485 1459 1785 1531 quatuor
1834 1445 2131 1532 linguas,
2187 1443 2254 1513 id
2304 1457 2429 1525 est,
2475 1444 2695 1513 Brito-

174 1555 338 1617 num‚
392 1536 766 1613 Pictorum,
833 1541 1185 1606 Scotorum
1228 1548 1294 1604 et
1338 1535 1711 1625 Angiorum
1761 1533 2021 1603 divisae
2069 1546 2254 1613 sunt,
2309 1534 2380 1602 in
2431 1533 2692 1601 ditione

173 1625 423 1714 accepit.
476 1629 621 1707 Quo
654 1625 846 1715 regni
882 1623 1186 1694 cuimine
1215 1623 1656 1698 sublimatus,
1695 1623 2173 1702 nihilominus,
2212 1622 2394 1709 quod
2435 1622 2694 1691 mirum

171 1711 334 1783 dictu
377 1728 508 1792 est,
564 1713 986 1804 pauperibus
1033 1727 1098 1782 et
1143 1712 1525 1803 peregrinis
1560 1733 1834 1802 semper
1873 1711 2194 1791 humilis,
2251 1711 2597 1801 benignus
2631 1722 2696 1778 et

171 1799 380 1890 largus
403 1803 556 1871 suit.
594 1802 895 1889 Denique
927 1801 1163 1882 fertur,
1198 1801 1380 1888 quod
1417 1813 1718 1890 tempore
1741 1800 2067 1884 quodam,
2110 1821 2270 1870 cum
2303 1799 2426 1869 ‘die
2460 1812 2698 1868 sancto

170 1891 447 1960 Paschae
498 1913 656 1961 cum
714 1890 1012 1980 praefato
1069 1891 1404 1980 Episcopo
1452 1889 1875 1960 consedisset
1925 1887 2010 1958 ad
2058 1888 2455 1978 prandium,
2511 1888 2697 1979 posi-

170 1990 394 2065 tusque
441 1992 624 2050 esset
654 1980 721 2047 in
761 2001 999 2049 mensa
1029 2001 1257 2048 coram
1292 2000 1370 2047 eo
1400 1979 1637 2047 discus
1667 1991 2054 2067 argenteuS,
2087 1976 2439 2067 regalibus
2468 1975 2700 2066 epulis

169 2066 460 2150 refertuS,
511 2070 799 2159 jamque
835 2080 1063 2138 essent
1110 2088 1361 2137 manus
1391 2067 1474 2137 ad
1511 2089 1756 2158 panem
1798 2066 2342 2136 benedicendum
2381 2064 2696 2141 missuri,

163 2155 422 2226 intravit
473 2157 702 2226 subito
745 2157 1057 2227 minister
1104 2157 1349 2246 ipsiuS,
1388 2156 1503 2226 cui
1553 2155 2158 2245 suscipiendorum
2208 2156 2496 2244 inopum
2547 2166 2696 2222 erat

165 2266 312 2314 cura
351 2245 691 2336 delegata,
735 2245 817 2315 ed
869 2246 1195 2315 indicavit
1244 2246 1435 2335 Regi,
1487 2246 1649 2331 quia
1693 2243 2064 2314 multitudo
2123 2266 2506 2334 pauperum
2561 2264 2702 2311 un·

163 2331 535 2422 decumque
561 2335 935 2405 adveniens
961 2334 1280 2414 maxima,
1312 2355 1430 2424 per
1451 2332 1707 2423 plateas
1734 2332 2018 2411 sederet,
2047 2332 2406 2424 postulans
2428 2330 2698 2435 aliquid

167 2420 629 2513 eleemosynae
675 2447 715 2493 a
764 2428 966 2515 Rege.
1020 2423 1150 2507 Qui
1201 2444 1355 2492 mox
1403 2423 1616 2513 dapes
1677 2422 1952 2490 sibimet
1998 2422 2350 2513 appositas
2381 2474 2396 2501 ,
2442 2419 2692 2489 deterri

160 2515 574 2603 pauperibus
614 2514 823 2603 jussit
858 2537 872 2581 ε
926 2513 1041 2583 sed
1084 2525 1150 2581 et
1187 2513 1458 2581 discum
1509 2510 1876 2601 confringi,
1933 2524 2137 2598 atque
2174 2509 2431 2579 eisdem
2470 2509 2704 2578 minu-

163 2601 335 2669 tatim
371 2602 597 2671 dividi
633 2603 997 2692 praecepit.
1038 2607 1184 2684 Quo
1220 2602 1384 2672 viso.
1425 2599 1725 2691 pontifex
1757 2600 1878 2686 qui
1911 2599 2279 2687 assidebat,
2319 2598 2702 2667 delectatus

159 2688 267 2787 tali
305 2690 491 2761 sacto
528 2692 820 2781 pietatis,
856 2690 1312 2781 apprehendit
1358 2688 1704 2758 dexteram
1753 2688 1945 2776 ejuS,
1998 2701 2063 2757 et
2109 2688 2249 2758 ait:
2304 2692 2695 2773 Numquam

160 2792 601 2849 inveterascat
651 2780 817 2850 haec
867 2802 1141 2850 manus.
1196 2778 1385 2861 Quod
1437 2791 1502 2848 et
1551 2779 1641 2847 ita
1682 2777 1879 2866 juxta
1928 2791 2157 2847 votum
2195 2774 2701 2846 benedictionis

152 2866 292 2952 ejus
344 2868 686 2958 provenit.
747 2874 912 2938 Nam
967 2890 1129 2937 cum
1193 2866 1544 2937 interfecto
1596 2865 1713 2936 ilio
1763 2867 1829 2935 in
1886 2888 2166 2956 pugna,
2235 2886 2484 2934 manus
2532 2885 2695 2933 cum

156 2952 431 3026 brachio
481 2980 522 3026 a
562 2970 826 3026 caetero
868 2969 1044 3027 esset
1076 2977 1361 3046 corpore
1409 2970 1692 3035 resecta,
1744 2956 2032 3045 contigit
2078 2969 2156 3024 ut
2204 2955 2543 3023 hactenus
2591 2952 2702 3022 in-

153 3059 471 3136 corrupta
502 3046 848 3135 perduret.
886 3046 1189 3133 Denique
1215 3046 1285 3114 in
1318 3046 1490 3115 urbe
1520 3067 1587 3115 re
1641 3045 1727 3121 ia,
1765 3066 1941 3131 quae
1970 3067 2010 3113 a
2051 3045 2311 3134 Regina
2343 3041 2697 3130 quondam

158 3135 488 3205 vocabulo
535 3134 759 3204 Bebba
806 3135 1375 3224 cognominatur,
1432 3067 1657 3203 locufb
1708 3133 1975 3202 inclusa
2023 3145 2345 3222 argenteo
2380 3186 2395 3211 ,
2449 3131 2519 3199 in
2583 3152 2704 3200 ec-

155 3220 352 3293 clesia
405 3224 633 3292 sancti
682 3225 858 3292 Petri
906 3236 1236 3303 servatur,
1281 3244 1361 3291 ac
1391 3221 1602 3313 digno
1634 3245 1675 3291 a
1714 3221 1983 3291 cunctis
2013 3221 2271 3290 honore
2302 3231 2692 3289 veneratur.

156 3312 360 3397 Hujus
430 3312 777 3382 industria
844 3313 1097 3413 Regis,
1171 3312 1525 3380 Deirorum
1588 3325 1654 3380 et
1719 3310 2188 3380 Berniciorum
2248 3308 2692 3399 provinciae,

157 3418 314 3484 quae
349 3404 648 3472 eatenus
694 3402 781 3471 ab
824 3401 1113 3470 invicem
1164 3399 1698 3480 discordabant,
1753 3400 1820 3467 in
1871 3421 2082 3468 unam
2135 3412 2299 3469 sunt
2344 3418 2584 3487 pacem
2634 3409 2711 3465 et

158 3487 321 3559 vetut
371 3512 606 3560 unum
643 3491 1166 3581 compaginatae
1215 3490 1284 3558 in
1336 3489 1698 3579 populum.
1735 3493 1890 3557 Erat
1935 3499 2162 3557 autem
2201 3508 2416 3577 nepos
2455 3485 2699 3555 Edvini

162 3577 340 3668 Regis
408 3600 499 3649 ex
558 3601 789 3649 sorore
853 3579 1083 3649 Acha:
1150 3578 1583 3669 dignumque
1644 3577 1822 3657 fuit,
1873 3590 1953 3646 ut
2009 3589 2240 3647 tantus
2300 3594 2712 3666 praecessor*

160 3666 338 3770 talem
395 3668 689 3738 haberet
734 3668 820 3737 de
868 3689 993 3737 sua
1039 3668 1642 3758 consanguinitate
1687 3679 1752 3735 et
1801 3665 2153 3769 rel-igionis
2204 3664 2593 3745 haeredem,
2634 3674 2700 3731 et

257 3778 354 3826 ni.
397 3808 404 3814 -
2130 3808 2133 3812 ι

164 3771 257 3931 ,Ἐξ
298 3850 404 3915 9.
468 3851 569 3915 Eo
599 3856 903 3936 tempore
934 3867 1103 3937 gens
1138 3843 1682 3915 occidentalium
1734 3848 2101 3929 Saxonum,
2154 3842 2273 3929 qui
2314 3839 2712 3927 antiquitus.

172 3931 463 4007 Gevissae
515 3936 960 4014 vocabantur,
1018 3948 1346 4024 regnante
1394 3933 1780 4024 Cynigi150,
1833 3932 2038 4002 fidem
2076 3931 2324 4001 Christi
2365 3927 2692 4018 suscepit,

174 4025 594 4101 praedicante
634 4023 773 4093 illis
814 4024 1094 4093 verbum
1130 4023 1362 4093 Birino
1396 4022 1757 4123 Episcopo,
1801 4021 1920 4107 qui
1956 4042 2115 4089 cum
2150 4017 2440 4089 consilio
2478 4022 2702 4106 Papae

179 4106 430 4184 Borion-ii
484 4126 764 4181 venerat
810 4112 881 4180 in
933 4113 1383 4190 Britanniam,
1438 4123 1845 4201 promittens
1890 4107 2174 4196 quidem
2223 4128 2297 4176 se
2346 4104 2464 4175 illo
2497 4126 2699 4196 prae-

178 4214 317 4271 sente
355 4206 430 4272 in
473 4202 742 4271 intimis
771 4201 952 4271 ultra
1000 4199 1374 4289 Anglorum
1416 4200 1754 4290 partibuS,
1790 4219 1927 4284 quo
1959 4195 2198 4266 nulius
2223 4195 2461 4265 doctor
2501 4216 2706 4296 prae·

180 4290 460 4383 essisset
495 4345 513 4371 ,
567 4302 843 4360 sanctae
898 4290 1059 4359 fidei
1108 4289 1375 4358 semina
1436 4310 1584 4358 esse
1649 4306 2083 4378 sparsurum.
2157 4284 2345 4355 Unde
2386 4294 2451 4385 et
2489 4306 2695 4372 jussu

176 4381 454 4460 eiusdem
515 4379 864 4448 Pontificis
913 4401 1035 4470 per
1079 4378 1419 4447 Asterium
1469 4381 1897 4447 Genuensem
1957 4374 2375 4465 Episcopum
2426 4395 2495 4441 tn
2547 4373 2695 4461 epi—

174 4480 472 4558 scopatus
527 4481 966 4539 consecratus
997 4479 1100 4538 est
1146 4466 1467 4558 gradum.
1522 4465 1650 4536 Sed
1693 4466 1763 4536 in
1799 4463 2220 4535 Britanniam
2259 4462 2690 4554 perveniens,
