3308 5004
703 313 830 381 ΗΟ
1614 334 1696 382 a:
1742 333 1800 383 s.
1853 331 2160 383 noiiimco
2877 314 3059 381 AUG.
3097 315 3133 383 t

607 434 869 484 senem.
919 412 1270 485 Juvenilia
1316 412 1625 506 fugiebat
1684 414 2068 485 desideria:
2123 414 2514 485 sectabatur
2561 434 2717 484 vero
2759 413 3133 503 justitiam:

607 523 954 605 vagosque
998 524 1248 573 cavens
1295 503 1697 585 discursus,
1758 504 2044 575 domum
2096 503 2339 574 matris
2383 503 2714 573 ecclesiae
2768 518 2834 573 et
2878 514 3139 574 sanctae

604 591 860 678 quietis
910 591 1357 663 tabernacula
1397 613 1532 662 non
1575 592 1878 682 reliquit.
1922 598 1999 663 In
2036 592 2293 683 templo
2325 604 2445 662 aut
2485 614 2715 672 orans,
2752 605 2873 663 aut
2903 592 3140 663 studiis

605 679 938 762 intentus„
968 681 1246 751 assidue
1287 682 1708 753 morabatur.
1746 686 1913 752 Cum
1948 682 2160 773 igitur
2192 694 2554 773 praecepta
2596 681 2709 750 Dei
2737 693 2876 752 tam
2901 681 3140 751 eximio

603 768 1176 859 complecteretur
1219 791 1472 852 amore,
1526 770 1838 861 implevit
1883 792 2044 841 eum
2096 771 2429 840 Dominus
2476 769 2726 860 spiritu
2771 769 3142 860 sapientiae

603 869 670 928 et
719 858 1127 941 intellectuS,
1180 872 1257 930 ut
1301 859 1504 929 etiam
1560 858 1879 930 difficiles
1915 860 2352 948 quaestiones
2385 859 2589 929 facile
2625 872 3029 949 penetraret.

691 948 729 1035 ξ
773 953 868 1019 ⁸.
924 953 1000 1018 Et
1035 948 1199 1036 quia
1230 960 1366 1019 toto
1400 947 1606 1018 corde
1637 948 1971 1040 diligebat
2019 954 2232 1018 Deum
2264 1005 2279 1031 ,
2341 949 2462 1036 qui
2503 947 2662 1017 fecit
2711 947 2907 1016 illum
2941 1003 2957 1027 ,
3012 968 3143 1016 non

604 1037 825 1123 potuit
872 1059 1008 1108 non
1057 1059 1293 1107 amare
1338 1049 1404 1107 et
1453 1039 1844 1127 proximum
1878 1093 1893 1118 ,
1969 1058 2178 1126 quem
2226 1037 2372 1108 vult
2435 1043 2612 1108 Deus
2676 1036 2878 1128 diligi
2927 1037 2995 1105 in
3047 1057 3138 1105 se.

602 1124 842 1195 Videre
891 1138 1037 1196 erat
1082 1126 1154 1196 in
1206 1125 1406 1195 illum
1456 1148 1619 1219 erga
1681 1126 2160 1217 proximorum,
2214 1126 2645 1197 calamitates
2704 1138 2771 1195 et
2835 1125 3143 1195 miserias

602 1213 988 1304 piissimam
1040 1214 1739 1297 commiserationem,
1792 1228 1858 1286 et
1904 1216 2225 1286 affectum
2277 1215 2791 1285 benevolentiae
2830 1227 2896 1283 et
2945 1213 3145 1284 mise-

600 1302 938 1373 ricordiae
965 1303 1319 1373 transferri
1352 1303 1419 1372 in
1453 1304 1681 1394 operis
1709 1304 2056 1374 evidentes
2074 1304 2381 1375 effectus
2414 1309 2582 1375 Nam
2612 1326 2772 1374 cum
2800 1302 3144 1372 valentiae

598 1390 792 1461 daret
817 1413 1096 1482 operam
1134 1390 1370 1475 literiS,
1415 1414 1692 1463 omnem
1734 1394 1872 1464 fere
1900 1393 2305 1484 Hispaniam
2350 1392 2680 1462 immanis
2710 1403 3143 1483 oppresserat

596 1477 839 1549 fames,
895 1480 1311 1551 Deficiebant
1365 1504 1525 1571 prae
1559 1481 1739 1552 fame
1766 1496 1832 1553 et
1894 1483 2006 1553 siti
2042 1504 2382 1573 pauperes
2413 1536 2430 1564 ,
2485 1503 2610 1550 nec
2641 1496 2786 1551 erat
2815 1482 2935 1568 qui
2988 1481 3144 1550 refi-

597 1581 824 1638 ceret:
881 1568 1353 1641 moriebantur
1396 1572 1629 1641 miseri
1676 1586 1740 1642 et
1781 1572 2051 1662 inopes,
2106 1593 2230 1640 nec
2276 1584 2422 1640 erat
2468 1570 2590 1658 qui
2638 1582 2957 1640 curaret:
3009 1570 3147 1639 cla·
3259 1607 3260 1614 κ

598 1657 881 1727 mabant
954 1657 1207 1748 pupilli
1266 1672 1330 1729 et
1384 1660 1674 1742 viduae,
1793 1660 2015 1730 arvuli
2080 1673 2146 1730 et
2209 1659 2518 1742 debiles,
2578 1681 2701 1729 nec
2770 1659 3143 1746 quisquam

595 1746 1010 1848 attendebat.
1062 1752 1247 1817 Inter
1292 1748 1459 1850 haec
1507 1749 1735 1840 afflige
1787 1763 1942 1821 atur
1988 1749 2277 1851 spiritus
2314 1749 2596 1839 juvenis
2645 1748 3037 1849 Dominici,
3084 1760 3147 1848 et
3259 1797 3260 1846 3

595 1836 1142 1926 compatiebatur
1215 1859 1606 1909 misericors
1682 1840 1914 1907 anima
1991 1860 2143 1928 ejus
2217 1859 2606 1928 pauperum
2682 1835 3139 1906 multitudini.
3259 1859 3260 1868 ¹

593 1927 833 2011 Itaque
878 1924 1269 2015 Evangelici
1315 1926 1587 1996 consilii
1625 1949 1760 1997 non
1804 1926 2062 1997 surdus
2109 1927 2406 2006 auditor,
2448 1929 2662 1997 immo
2705 1924 3148 2015 perfectionis
3259 1939 3260 1996 ἱ

594 2025 886 2083 sectator
929 2015 1270 2104 egregiuS,
1322 2015 1638 2085 distraxit
1686 2016 1901 2086 libros
1949 2031 2014 2085 et
2059 2037 2301 2086 omnes
2336 2038 2445 2084 res
2478 2037 2667 2115 suas,
2707 2015 3147 2105 pretiumque
3259 2015 3260 2042 ³

593 2100 663 2169 in
760 2124 1053 2192 auperes
1099 2103 1443 2194 expendit.
1499 2110 1599 2174 Ita
1646 2105 2087 2195 gratissimus
2137 2105 2387 2174 Christi
2426 2105 2750 2194 JuveniS,
2813 2103 3149 2173 obediens
3259 2097 3260 2184 ξ

595 2211 709 2259 ver
758 2213 798 2260 o
840 2190 1231 2274 Salvatoris,
1288 2193 1761 2283 proximorum
1810 2193 2140 2285 periculis
2194 2192 2620 2275 medebatur,
2662 2192 3149 2280 intuentesque
3259 2197 3260 2212 ¹

595 2279 951 2369 praeclaro
1001 2283 1393 2371 provocavit
1429 2282 1769 2372 exemplu
3259 2329 3260 2366 i

677 2370 715 2455 §
760 2374 834 2439 2.
889 2374 1014 2438 Per
1046 2370 1113 2439 id
1153 2382 1425 2462 tempus
1470 2386 1615 2441 erat
1665 2372 1767 2440 vir
1813 2371 1989 2441 vitae
2041 2371 2476 2451 venerabilis,
2524 2370 2823 2440 Didacus
2857 2369 3147 2440 nomine
3259 2395 3260 2464 j

586 2455 850 2548 (Osma)
893 2458 949 2539 *,
1004 2459 1346 2531 Ecclesiae
1394 2460 1799 2532 Oxoniensis
1834 2459 2239 2550 Episcopus,
2291 2482 2496 2549 quem
2532 2473 2598 2530 et
2626 2481 2983 2530 sacrarum
3020 2481 3144 2551 pe·
3259 2469 3260 2492 ³

593 2547 747 2617 ritia
796 2547 1178 2631 literarum,
1231 2563 1297 2620 et
1342 2550 1614 2642 generis
1664 2550 2009 2631 nobilitaS,
2054 2563 2119 2620 et
2152 2549 2477 2640 inprimis
2529 2571 2796 2619 morum
2841 2547 3146 2639 insignis

588 2635 912 2708 honestas
940 2652 1287 2709 ornarent.
1321 2644 1388 2711 Is
1417 2638 1585 2709 adeo
1617 2650 1796 2709 totus
1822 2658 2056 2707 amore
2086 2639 2488 2728 inhaerebat
2517 2643 2671 2720 Deo,
2717 2650 2792 2707 ut
2823 2638 3141 2726 seipsum

587 2739 1082 2809 contemnenS,
1143 2740 1207 2797 et
1254 2728 1423 2809 sola,
1475 2751 1653 2816 quae
1707 2740 1869 2797 siint
1913 2729 2092 2797 Jesu
2139 2729 2433 2812 Christi,
2499 2748 2885 2815 quaerens,
2939 2725 3011 2793 in
3070 2726 3143 2796 id

586 2835 1027 2905 summopere
1073 2820 1243 2886 cura
1298 2831 1365 2886 et
1427 2817 1840 2908 cogitatione
1903 2830 2082 2885 esset
2130 2817 2433 2887 intentus
2465 2871 2480 2893 ‚
2541 2814 3142 2903 quemadmodum

586 2903 845 2972 multas
893 2904 1179 2974 Domino
1227 2905 1499 2976 animas
1547 2904 2012 2985 lucrifacienS‚
2053 2904 2388 2975 talentum
2423 2904 2557 2973 sibi
2587 2904 2926 2974 creditum
2970 2926 3142 2974 cum

586 3012 804 3091 usura
850 2990 1370 3094 multiplici-ad
1437 2993 1634 3064 illum
1711 3005 2110 3079 reportaret.
2182 2994 2644 3075 Quamobrem
2710 2993 3146 3079 ubicumque

584 3100 885 3169 reperire
935 3092 1155 3170 potuit
1202 3104 1385 3152 viros
1419 3084 1591 3153 vitae
1637 3095 1702 3153 et
1751 3104 2022 3152 morum
2074 3082 2461 3172 integritate
2508 3083 2920 3172 conspicuos
2950 3137 2966 3162 ,
3022 3104 3147 3152 eos

583 3168 842 3255 quibus
872 3183 1145 3258 poterat
1194 3171 1415 3241 modis
1464 3171 1550 3240 ad
1602 3193 1674 3241 se
1721 3170 2168 3261 adjungebat,
2222 3184 2286 3240 et
2320 3172 2386 3240 in
2431 3172 2754 3251 Ecclesia,
2790 3171 2905 3241 cui
2944 3193 3148 3260 prae-

582 3268 749 3338 erat,
793 3258 1278 3330 ecclesiasticis
1328 3260 1683 3331 beneficiis
1724 3260 2045 3330 donabat.
2099 3266 2307 3330 Porro
2356 3260 2671 3330 subditos
2719 3258 2876 3330 illos
2923 3280 3135 3342 SUOS,

582 3368 879 3433 quorum
908 3361 1085 3418 esset
1113 3370 1451 3439 propensa
1475 3350 1546 3417 in
1577 3348 1890 3419 virtutem
1924 3361 1989 3419 et
2018 3349 2444 3419 sanctitatem
2477 3349 2815 3428 voluntas,
2852 3349 3142 3419 animus

582 3456 623 3503 a
658 3435 919 3525 mundo
950 3436 1355 3519 abhorrenS,
1396 3450 1471 3506 ut
1505 3437 1984 3527 religiosorum
2027 3439 2389 3508 hominum
2441 3439 2782 3508 istitutum
2825 3437 3142 3527 comple-

580 3535 950 3606 cterentur,
1008 3538 1074 3595 et
1112 3526 1335 3595 verbis
1382 3526 1807 3612 hortabatur,
1844 3539 1910 3597 et
1953 3527 2287 3617 exemplis
2330 3527 2679 3596 invitabat.
2735 3525 2904 3595 Inde
2950 3525 3136 3596 adeo

580 3612 855 3693 accidit,
912 3626 989 3683 ut
1026 3615 1381 3685 canonicis
1435 3616 1582 3685 suis
1629 3616 1889 3686 crebris
1938 3616 2006 3685 id
2055 3616 2656 3686 adhortationibus
2711 3615 3142 3715 persuadere

579 3702 936 3782 niteretur,
992 3716 1068 3774 ut
1120 3703 1207 3774 ad
1261 3705 1762 3795 praescriptum
1816 3705 2091 3795 regulae
2139 3705 2318 3775 beati
2373 3705 2762 3794 Augustini,
2812 3705 2882 3773 in
2923 3726 3144 3774 cano-

578 3791 775 3861 nicae
831 3792 1185 3882 religionis
1241 3794 1748 3863 observantiam
1805 3795 2291 3864 consentirent.
2366 3799 2574 3863 Tanta
2632 3815 2788 3863 vero
2849 3796 3019 3863 cura
3066 3804 3147 3863 et

577 3880 939 3973 diligentia
986 3880 1055 3950 id
1111 3881 1295 3974 egit,
1340 3893 1417 3952 ut
1463 3904 1701 3953 eorum
1753 3884 2024 3953 animos
2054 3938 2069 3965 ,
2140 3884 2408 3952 tametsi
2459 3904 2594 3951 non
2644 3881 2959 3951 deessent
3004 3883 3143 3969 qui

576 3970 1141 4052 obluctarentur,
1213 3971 1298 4041 ad
1366 3994 1566 4041 suam
1627 3971 2048 4042 voluntatem
2117 3972 2489 4042 inclinarit.
2543 3970 2637 4040 Ad
2687 3971 2838 4061 ejus
2892 3982 3139 4040 autern

579 4060 886 4129 notitiam
939 4061 1248 4150 pervenit
1308 4060 1601 4131 celebris
1649 4073 1714 4130 et
1757 4060 2100 4132 odorifera
2148 4061 2326 4130 beati
2390 4060 2727 4130 Dominici
2775 4058 2960 4129 fama
2991 4112 3007 4137 ,
3061 4071 3144 4129 et

577 4169 737 4216 cum
785 4162 1104 4220 accurate
1151 4148 1236 4220 de
1284 4149 1404 4219 illo
1452 4162 1629 4220 esset
1682 4163 2143 4239 percontatuS,
2200 4171 2485 4236 remque
2535 4161 2792 4219 certam
2845 4169 3144 4239 compe-

578 4235 801 4317 risset,
835 4237 1244 4311 accersitum
1277 4262 1438 4309 eum
1471 4238 1630 4311 fecit
1658 4239 1727 4307 in
1757 4262 1883 4310 sua
1917 4239 2221 4312 Ecclesia
2250 4238 2669 4311 canonicum
2708 4237 3135 4328 regularem,

629 4454 657 4482 ¹*
685 4455 821 4507 Dfeqo
851 4456 902 4495 cle
935 4455 1142 4497 Azeveda.
