3308 5004
207 320 387 388 ΔΗΕ.
442 321 522 389 ⁴4
1172 339 1253 387 nn
1300 340 1358 389 s.
1408 339 1775 388 ammasu
2530 328 2644 395 33⁴

206 445 423 512 neque
474 446 553 494 ea
600 445 778 512 quae
824 423 909 494 ad
960 423 1222 494 amicos
1280 425 1579 516 benigne
1638 425 2079 516 accipiendos
2126 428 2495 518 pertinent,
2550 452 2746 522 prae·

206 513 507 604 parasti?
567 518 708 583 Hoc
758 512 900 583 viso
946 512 1066 582 illa
1119 514 1435 604 perculsa
1466 568 1481 595 ‚
1533 526 1598 582 et
1643 513 1730 583 ad
1781 536 1853 584 se
1888 515 2183 598 rediens,
2245 540 2325 588 ac
2376 519 2745 610 diligenter

189 601 345 671 dies
371 623 768 683 numeram,
796 602 1113 693 cognovit
1153 615 1426 694 tempus
1452 602 1626 673 illud
1663 624 2014 693 vesperam
2043 626 2192 675 esse
2220 607 2745 699 quadragesimi

203 689 358 771 diei,
407 712 545 777 quo
594 713 789 761 sacra
838 690 1268 792 psalmorum
1317 691 1546 762 cantio
1584 690 1919 761 celebrari
1967 692 2266 764 deberet.

283 781 320 866 ἓ
364 783 504 852 18.
555 783 722 850 Cum
762 780 976 871 igitur
1022 780 1170 849 dies
1196 780 1556 861 illuxisset,
1600 793 1667 849 et
1704 779 2021 850 divinum
2063 780 2369 852 officium
2404 785 2741 856 celebrari

205 868 552 958 coepisset,
591 868 792 950 duae,
853 889 1031 955 quae
1094 868 1283 940 illius
1343 870 1523 939 sacri
1580 881 1648 938 et
1696 869 2056 941 monastici
2101 870 2297 940 chori
2358 874 2578 962 princi
2632 894 2740 943 em

206 955 423 1026 locum
462 957 804 1037 tenebant,
839 979 1278 1046 quarumque
1309 958 1537 1028 cordis
1574 956 1814 1027 oculos
1849 963 2024 1029 Deus
2070 975 2455 1048 aperuerat,
2474 974 2552 1033 ut
2631 984 2741 1032 or-

204 1045 396 1114 ribile
444 1044 617 1116 illud
668 1046 895 1117 visum
943 1045 1589 1128 animadverterent,
1621 1045 1800 1115 duos
1843 1046 2182 1134 quosdam
2225 1048 2405 1121 viros
2436 1065 2743 1121 contem-

208 1132 421 1223 platae
470 1147 635 1204 sunt
680 1134 908 1225 specie
935 1134 1297 1216 terribileS,
1351 1135 1595 1205 habitu
1641 1134 2070 1226 effulgenteS,
2108 1150 2175 1206 et
2220 1137 2487 1207 beatam
2538 1138 2740 1208 Atha-

205 1223 467 1293 nasiam
509 1223 806 1294 mediam
857 1223 1226 1295 habentes:
1279 1246 1490 1311 quam
1522 1244 1684 1293 cum
1734 1223 2116 1305 duxissent,
2168 1238 2233 1294 et
2278 1240 2436 1296 ante
2474 1249 2740 1298 sacram

202 1333 383 1381 aram
434 1310 977 1392 constituissent,
1036 1333 1560 1402 purpuramque
1594 1312 1913 1403 pretiosis
1947 1312 2301 1404 lapidibus
2348 1338 2427 1385 ac
2464 1338 2742 1406 marga-

202 1400 344 1470 ritis
388 1414 704 1470 ornatam
743 1400 1215 1491 protulissent,
1269 1402 1483 1492 regali
1531 1401 1777 1471 habitu
1822 1421 1973 1471 eam
2036 1401 2450 1485 induerunt,
2504 1417 2568 1473 et
2631 1426 2743 1474 co·

205 1492 390 1569 rona,
444 1510 722 1560 crucem
780 1500 845 1559 et
910 1503 1067 1559 ante
1112 1503 1178 1559 et
1232 1502 1410 1560 retro
1458 1489 1775 1570 habente,
1849 1503 2057 1580 caput
2124 1491 2276 1578 esus
2325 1493 2737 1563 cinxerunt:

202 1598 497 1664 cumque
543 1577 805 1668 virgam
842 1577 1138 1669 gemmis
1171 1591 1482 1649 ornatam
1520 1579 1590 1648 in
1644 1600 1893 1649 manus
1939 1578 2001 1648 ei
2050 1578 2133 1649 de
2189 1579 2422 1662 issent,
2468 1602 2616 1651 eam
2655 1580 2741 1651 ad

201 1664 502 1737 divinam
544 1688 735 1736 aram
788 1665 1279 1757 perduxerunt.
1319 1672 1500 1737 Haec
1540 1667 1755 1759 igitur
1801 1667 1973 1737 visio
2011 1689 2171 1737 cum
2206 1669 2740 1759 quadragesimo

200 1752 305 1823 die
349 1754 775 1846 contigisset,
831 1754 1125 1837 loculuS,
1182 1756 1248 1824 in
1300 1778 1438 1843 quo
1486 1770 1764 1827 sanctae
1818 1756 2133 1827 mulieris
2181 1756 2513 1844 reliquiae
2563 1757 2743 1827 in‘sra

202 1853 446 1914 terram
499 1844 858 1934 jacebant,
931 1843 1291 1914 stridorem
1341 1846 1650 1916 emittere
1696 1844 1958 1935 coepit:
2021 1844 2230 1933 idque
2286 1847 2567 1917 assidue
2622 1868 2744 1936 per

204 1941 411 2002 totum
464 1933 635 2002 anni
683 1945 959 2022 tempus
998 1930 1313 2003 faciebat.

286 2023 495 2108 §112
520 2026 684 2091 Cum
722 2040 878 2090 vero
896 2021 1412 2093 anniversarius
1428 2021 1599 2101 dies,
1621 2042 1761 2108 quo
1782 2034 2015 2092 sancta
2054 2021 2172 2091 illa
2193 2022 2440 2093 mulier
2456 2023 2738 2103 obierat,

195 2108 332 2196 jam
369 2111 690 2192 venisset,
729 2131 888 2179 ecce
936 2110 1062 2179 viri
1095 2110 1235 2180 duo
1282 2110 1718 2191 adstiterunt,
1757 2123 2008 2180 etcum
2045 2110 2218 2200 ipsis
2251 2112 2501 2182 misera
2529 2134 2740 2200 quae-

204 2197 354 2268 dam
405 2199 683 2278 mulier,
729 2199 958 2289 pravis
1005 2198 1368 2289 spiritibus
1418 2211 1692 2269 vexata:
1728 2198 1849 2286 qui
1889 2199 2177 2288 spiritus
2209 2222 2420 2290 supra
2470 2213 2745 2272 sanctae

203 2285 388 2371 illius
438 2287 754 2357 mulieris
802 2286 1133 2388 reliquias
1189 2286 1720 2367 debacchantes,
1787 2285 2139 2378 redarguti
2187 2302 2373 2358 sunt.
2428 2289 2746 2359 Manibus

204 2374 407 2464 igitur
438 2386 917 2465 tegumentum
953 2375 1152 2457 111ud,
1191 2376 1377 2463 quod
1418 2397 1633 2466 supra
1670 2388 1946 2446 sanctae
1978 2374 2383 2446 Athanasiae
2419 2377 2747 2464 reliquias

205 2462 605 2556 impositum
655 2463 901 2545 fuerat,
955 2476 1372 2546 amoventeS‚
1424 2486 1656 2535 arcam
1706 2486 1744 2535 e
1778 2477 2227 2535 monumento
2279 2478 2741 2536 extraxerunt.

204 2556 341 2635 Quo
388 2553 610 2635 lactc,
666 2553 917 2623 mulier
987 2553 1106 2623 illa
1181 2554 1433 2644 spiritu
1482 2552 1665 2622 malo
1726 2553 2020 2644 agitata,
2074 2555 2453 2626 curationis
2515 2556 2742 2625 statim

202 2663 481 2732 compos
535 2640 715 2712 facta
752 2654 877 2713 est.
934 2643 1123 2712 Sacri
1170 2663 1328 2713 vero
1387 2642 1493 2711 illi
1542 2642 1671 2710 viri
1733 2663 1966 2711 arcam
2007 2640 2200 2711 illam
2251 2643 2740 2732 inspicientes,

203 2751 345 2798 eam
396 2730 719 2801 viderunt
764 2730 1078 2818 undique
1137 2730 1532 2802 suavissimi
1588 2730 1821 2800 odoris
1868 2743 2224 2821 unguento
2286 2731 2741 2802 diffluentem.

203 2822 363 2888 Cum
400 2819 615 2910 igitur
662 2818 1030 2910 diligenter
1059 2841 1211 2889 eam
1261 2818 1783 2910 patefecissent,
1838 2819 2278 2890 Athanasiam
2332 2821 2745 2890 invenerunt

205 2906 293 2977 ita
320 2908 566 2978 decore
599 2909 919 2998 positam,
957 2918 1034 2977 ut
1063 2929 1302 2978 recens
1351 2920 1622 2977 mortua
1658 2906 1871 2977 fuisse
1903 2907 2269 2989 videretur,
2312 2930 2469 2978 nam
2499 2922 2563 2978 et
2596 2909 2748 2996 ejus

204 2995 380 3066 oculi
429 2996 720 3066 luminis
754 2997 1048 3086 speciem
1101 3019 1266 3088 prae
1298 3018 1372 3066 se
1417 2996 1750 3077 ferebant,
1802 3008 1867 3065 et
1916 2995 2136 3076 labra,
2189 3009 2254 3067 et
2305 3009 2518 3068 totum
2573 2981 2744 3066 illud

205 3082 475 3155 beatum
526 3107 781 3186 corpus
815 3106 1101 3166 sanum,
1154 3086 1501 3176 integrum
1541 3097 1606 3155 et
1656 3085 1990 3154 intactum
2050 3084 2433 3168 videbatur,
2494 3085 2747 3155 teneris

206 3173 425 3244 adhuc
476 3174 833 3253 carnibus,
885 3187 952 3244 et
1000 3175 1326 3244 manibus
1366 3175 1435 3243 in
1492 3186 1756 3244 rectum
1820 3174 2185 3263 protensiS,
2240 3195 2463 3262 neque
2511 3173 2743 3261 aliqua

206 3282 280 3330 ex
327 3275 520 3352 parte
568 3262 941 3353 impeditis,
981 3267 1145 3333 Cum
1184 3262 1358 3333 illud
1406 3263 1619 3354 igitur
1654 3263 1955 3332 venerati
2001 3275 2252 3345 essent,
2296 3277 2361 3334 et
2402 3263 2747 3353 lacrymas

206 3350 625 3426 effudissent.
675 3372 904 3421 arcam
957 3351 1401 3432 munierunt,
1454 3364 1520 3422 et
1566 3351 1636 3420 in
1699 3351 2016 3422 omnium
2065 3364 2439 3444 conspectu
2487 3373 2745 3442 ponen-

207 3437 356 3509 dam
406 3461 580 3520 esse,
639 3451 873 3509 sancte
919 3440 1342 3528 judicarunt.
1651 3467 1657 3472 ·

285 3530 321 3615 ξ
372 3533 543 3601 21).
627 3533 865 3600 Postea
912 3551 1067 3598 vero
1115 3551 1322 3617 quam
1375 3528 1446 3597 in
1495 3528 1703 3598 aliam
1779 3550 2009 3599 arcam
2082 3529 2411 3599 translata
2458 3527 2612 3609 fuit,
2672 3529 2740 3597 in

207 3634 334 3699 qua
379 3629 444 3686 et
480 3639 666 3687 nunc
714 3619 910 3688 beata
948 3617 1070 3686 illa
1108 3640 1178 3687 re
1230 3617 1404 3687 osita
1450 3629 1574 3698 est,
1628 3618 2009 3687 monachae
2049 3617 2239 3707 ipsae
2285 3629 2465 3688 veste
2516 3617 2742 3707 priore

209 3701 389 3776 illam
436 3717 787 3780 exuentes.
840 3706 979 3775 alia
1022 3640 1321 3794 qumfam
1370 3706 1612 3776 sericis
1658 3705 1798 3776 filis
1843 3718 2176 3784 contexta,
2230 3718 2295 3776 et
2331 3706 2559 3776 colore
2591 3727 2742 3775 cae·

208 3792 388 3864 ruleo
438 3817 590 3865 eam
641 3794 928 3865 induere
959 3796 1371 3885 cupiebant:
1425 3793 1544 3864 sed
1602 3795 1891 3863 minime
1937 3794 2307 3865 Athanasia
2363 3806 2598 3866 sancta
2647 3794 2747 3862 eis

210 3881 736 3978 obtemperabat,
794 3905 1044 3954 manus
1093 3884 1280 3974 ipsas
1316 3895 1554 3952 tenens
1584 3883 1842 3983 pectori
1890 3882 2363 3963 adhaerenteS,
2390 3895 2455 3952 et
2490 3894 2740 3952 vestem

212 3967 386 4038 illam
438 3993 760 4043 renuens.
817 3978 961 4042 Una
996 3973 1210 4062 igitur
1253 3994 1290 4041 e
1320 3971 1529 4041 choro
1581 3970 1722 4051 1110,
1783 3993 1961 4058 quae
2003 3972 2330 4042 omnibus
2369 3970 2747 4039 virtutibus

213 4056 591 4149 effulgebat,
628 4074 694 4131 et
740 4062 968 4130 Sancti
1003 4061 1300 4151 Spiritus
1332 4082 1446 4130 vas
1478 4059 1829 4147 quoddam
1867 4071 2011 4128 erat
2057 4059 2253 4129 valde
2310 4059 2685 4149 pretiosum
2722 4114 2738 4138 ‚

214 4142 392 4216 flexis
424 4149 718 4238 genibus
765 4150 866 4219 sic
898 4171 1050 4219 eam
1090 4159 1356 4239 precata
1407 4162 1548 4219 est:
1602 4147 2199 4230 Quemadmodum
2245 4168 2383 4234 quo
2436 4160 2743 4237 tempore

216 4234 566 4329 nobiscum
617 4238 1022 4318 versabaris,
1076 4237 1533 4308 obedientiam
1572 4237 1723 4306 sine
1755 4235 1986 4323 aliquo
2021 4235 2427 4320 discrimine
2459 4237 2745 4327 praesti·

221 4322 384 4390 usti:
421 4326 514 4394 ita
560 4338 626 4396 et
664 4348 851 4396 nunc
901 4326 1190 4397 libenter
1242 4325 1442 4396 nobis
1487 4325 1767 4395 obedire
1815 4323 2022 4405 veliS,
2075 4337 2141 4394 et
2182 4324 2517 4400 humilem
2562 4326 2743 4395 tuni·

223 4426 359 4478 cam
405 4414 530 4483 tibi
560 4415 859 4485 oblatam
911 4428 973 4485 te
1006 4414 1204 4485 indui
1256 4413 1561 4505 patiaris.
1607 4419 1787 4484 Haec
1843 4412 1963 4483 illa
1996 4436 2183 4497 cum,
2223 4414 2508 4506 perinde
2558 4436 2636 4485 ac
2686 4413 2745 4484 si
