3308 5004
239 290 432 366 ΑΗΕ.
480 290 580 362 ἓο
915 307 1030 363 ,ωε
1069 307 1127 358 s.
1179 304 1515 366 anensium
1559 309 1708 360 aaa.
1760 307 2146 364 meum.
2585 294 2714 362 5⁰5

243 391 699 470 necessitatis.
743 397 843 466 ‘De
889 391 1050 463 vino
1091 392 1379 480 quidem
1427 393 1806 482 aliquando
1856 394 2004 487 ipse
2050 394 2251 468 nobis
2305 393 2629 477 dicebat,
2683 395 2807 467 de-

243 499 400 556 eere
439 481 928 564 ·*monachum,
970 481 1251 570 quando
1309 505 1590 553 sumere
1632 495 1922 573 oportet,
1975 485 2075 556 sic
2133 496 2414 576 gustare
2461 483 2662 566 illud,
2716 507 2807 556 ne

245 570 642 644 exinanisse
686 570 973 648 calicem
1017 581 1391 664 notaretur.
1429 571 1627 656 Quod
1660 573 1761 643 sic
1796 572 1947 663 ipse
1983 575 2322 655 servabat,
2362 575 2634 661 quoties
2666 573 2805 646 sibi

247 660 490 732 vinum
545 659 932 751 patiebatur
989 661 1273 750 apponi,
1311 672 1388 731 ut
1443 683 1581 732 non
1636 662 1843 736 modo
1902 674 2053 753 post
2092 685 2316 734 unum
2359 675 2625 752 potum,
2678 662 2802 733 sed

249 760 406 841 post
435 748 941 837 qualecumque
992 749 1401 839 prandium,
1458 773 1671 822 suum
1729 751 2087 821 vasculum
2129 804 2146 836 ,
2212 751 2283 820 in
2340 773 2478 838 quo
2524 752 2586 821 ei
2649 774 2809 842 pro-

251 837 648 930 pinabatur,
687 837 1204 940 vitaliquando
1253 838 1597 909 videretur
1639 839 1872 911 minus
1924 839 2207 930 plenum
2254 862 2296 910 a
2344 840 2665 910 mensula
2701 863 2811 920 re<
2848 905 2851 908 .

253 927 535 1019 portari.
581 926 1126 1016 Minusqutdem
1161 941 1338 1000 stare
1376 939 1659 1017 poterat,
1693 927 1817 998 sed
1844 941 1989 1000 erat
2021 928 2270 1002 sedens
2309 950 2479 1018 pene
2510 930 2798 1019 jugiter,

248 1028 314 1087 et
351 1016 706 1094 rarissime
763 1017 1190 1090 movebatur.
1243 1016 1528 1099 Quoties·
1561 1016 1969 1092 subtrahere
2014 1039 2087 1087 se
2128 1029 2392 1108 poterat
2455 1020 2795 1109 negotiiS,

249 1117 654 1188 autorans,
701 1120 820 1178 aut
860 1104 1117 1196 legem,
1170 1120 1292 1176 aut
1339 1105 1677 1186 scribens,
1732 1118 1854 1180 aut
1883 1106 2213 1178 insistens
2244 1105 2620 1189 doctrinae,
2655 1119 2800 1178 erat

250 1206 320 1266 et
362 1194 658 1270 fratrum
691 1193 1179 1275 aedificationi,
1234 1206 1352 1264 aut
1399 1195 1467 1264 in
1522 1216 1720 1268 sacra
1776 1194 2223 1268 meditatione
2274 1196 2669 1295 persistens.
2724 1201 2804 1265 In

247 1305 387 1373 quo
427 1283 762 1356 nimirum
797 1283 1030 1356 studio
1062 1282 1411 1373 spirituali
1459 1283 1856 1355 obtinuerat
1901 1285 2193 1385 gratiam
2228 1284 2685 1374 singularem,
2725 1297 2809 1355 ut

247 1395 391 1444 non
443 1372 749 1446 taedium
801 1372 870 1444 in
922 1371 1065 1454 illo,
1120 1394 1258 1442 non
1309 1371 1786 1442 difficultatem
1842 1371 2219 1461 aliquando
2268 1373 2659 1455 sustineret,
2716 1373 2802 1442 li-

248 1463 411 1533 bere
444 1483 681 1536 secum
716 1461 1061 1542 habitans,
1104 1473 1170 1531 et
1213 1460 1679 1532 deambulans
1728 1461 1796 1531 in
1838 1462 2209 1534 latitudine
2250 1461 2480 1534 cordis
2530 1462 2637 1533 sui
2668 1516 2684 1543 ,
2738 1472 2806 1531 et

249 1550 350 1622 ibi
381 1550 713 1622 exhibens
751 1550 1048 1632 Christo,
1102 1562 1179 1622 ut
1230 1572 1507 1620 monere
1549 1548 1729 1619 alios
1774 1550 1926 1639 ipse
1988 1550 2293 1630 solebat,
2346 1549 2804 1622 coenaculum

248 1638 512 1730 grande
560 1650 878 1710 stratum.
932 1639 1173 1712 Omnis
1211 1639 1276 1710 ei
1331 1638 1418 1708 ad
1483 1638 1963 1709 meditandum
2032 1640 2201 1711 hora
2260 1639 2490 1712 brevis
2525 1694 2540 1720 ,
2612 1638 2813 1710 locus

246 1728 479 1802 omnis
524 1749 881 1819 congruus
912 1740 1101 1800 erat:
1157 1727 1836 1814 frequenterwtamen,
1891 1728 2049 1799 licet
2082 1730 2182 1799 sic
2214 1729 2523 1810 affectuS,
2563 1727 2804 1798 divino

249 1829 540 1909 urgente
571 1829 783 1897 metu,
832 1816 1046 1890 immo
1082 1828 1354 1908 regente
1403 1816 1677 1906 spiritu,
1730 1816 2042 1889 studium
2091 1817 2220 1888 hoc
2256 1817 2477 1888 fluoris
2528 1816 2807 1888 uberio-

248 1906 449 1976 ribus
489 1906 965 1995 postponebat,
1001 1904 1248 1978 doctus
1280 1928 1610 1993 quaerere
1665 1927 1801 1976 non
1853 1905 2038 1993 quod
2074 1906 2209 1977 sibi
2261 1919 2407 1977 erat
2446 1906 2639 1984 utile,
2685 1905 2805 1976 sed

249 1993 438 2082 quod
491 1993 750 2070 multia.
802 1994 1119 2082 Alioquin
1171 1995 1243 2064 iu
1293 1993 1602 2081 quolibet
1648 2007 1847 2065 coetu
1895 1994 2259 2066 hominum
2311 1993 2414 2064 vel
2473 1994 2802 2076 tumultu,

251 2083 390 2154 nisi
438 2082 591 2172 ejus
635 2083 1086 2157 intentionem
1134 2106 1346 2157 causa
1394 2084 1836 2174 deposceret,
1897 2095 2031 2154 tota
2095 2083 2421 2155 facilitate
2483 2085 2803 2154 animum

155 2242 173 2258 ‚
251 2171 630 2263 colligens,
688 2171 996 2248 interiori
1056 2172 1384 2259 quadam,
1437 2195 1646 2260 quam
1686 2172 1943 2260 ubique
1992 2173 2140 2264 ipse
2187 2173 2323 2244 sibi
2361 2172 2806 2244 circumfere-

251 2261 394 2342 bat,
431 2260 801 2334 solitudine
834 2260 1215 2363 fruebatur,
1271 2261 1367 2331 nil
1420 2283 1707 2352 prorsus
1739 2260 2123 2343 attendens,
2174 2262 2363 2350 quod
2393 2275 2669 2334 sonaret
2702 2260 2804 2331 vel

253 2370 294 2418 a
436 2361 613 2421 reret
648 2364 970 2424 exterius.

423 2443 511 2514 Δ.
564 2442 730 2510 Cum
770 2440 920 2530 jam
974 2438 1089 2511 Dei
1137 2437 1446 2511 famulus
1484 2460 1707 2510 annos
1753 2438 2016 2528 aliquot
2064 2438 2133 2509 in
2183 2436 2561 2510 claravalle
2610 2460 2807 2530 pere-

248 2527 486 2619 gisset,
524 2527 737 2599 subiit
785 2528 1101 2605 animum
1149 2529 1342 2618 ejus,
1396 2540 1473 2598 ut
1518 2543 1836 2599 sanctum
1886 2533 1999 2601 Hu
2048 2549 2249 2600 onem
2300 2528 2804 2619 Gratianopoli-

250 2631 493 2689 tanum
532 2615 949 2707 Episcopum
998 2628 1065 2686 et
1112 2616 1632 2688 carthusienses
1680 2617 1959 2709 fratres·
2037 2618 2371 2688 evotionis
2417 2617 2637 2707 gratia
2705 2618 2805 2685 vi-

248 2705 506 2777 sitaret.
540 2711 753 2788 Quem
787 2704 1177 2796 praedictus
1200 2705 1583 2797 Episcopus
1611 2718 1748 2775 tam
1780 2718 2130 2797 gratanter
2158 2718 2386 2777 ettam
2423 2718 2805 2775 reverenter

251 2794 582 2884 suscepit,
620 2792 934 2866 divinam
980 2793 1374 2886 intelligens
1409 2795 1478 2863 in
1510 2794 1827 2885 ejusdem
1857 2795 2148 2884 hospitis
2184 2794 2565 2865 visitatione
2602 2815 2800 2884 prae-

249 2883 591 2965 sentiam,
648 2896 726 2968 ut
786 2895 1168 2974 prostratus
1232 2883 1585 2955 solotenus
1644 2883 1904 2955 adoret.
1957 2884 2208 2955 Videas
2267 2897 2497 2955 autem
2561 2905 2809 2954 servus

249 2971 502 3043 Christi
551 2973 969 3064 Episcopum
1019 2985 1235 3043 aetate
1282 2972 1782 3063 grandaevum,
1833 2973 2173 3044 celebrem
2221 2972 2586 3062 opinione,
2637 2994 2805 3042 san-

247 3061 481 3137 ctitate
516 3062 1003 3151 conspicuum,
1045 3084 1292 3133 coram
1341 3083 1413 3134 se
1453 3061 1949 3152 procidentem,
2014 3062 2446 3134 vehementer
2484 3061 2794 3152 expavit:

245 3162 315 3221 et
346 3149 496 3239 ipse
526 3171 800 3238 quoque
847 3172 1179 3225 corruens
1207 3163 1366 3221 ante
1393 3171 1581 3233 eum,
1620 3151 1713 3221 ita
1742 3150 2024 3223 demum
2057 3162 2424 3239 susceptus
2456 3151 2526 3219 in
2558 3149 2800 3221 osculo

248 3237 468 3328 pacis,
528 3237 987 3313 humilitatem
1049 3261 1251 3315 suam
1303 3240 1471 3311 tanti
1540 3240 1666 3310 viri
1724 3239 2159 3311 veneratione
2201 3238 2603 3320 confusam,
2659 3261 2797 3309 non

249 3326 401 3399 sine
439 3326 633 3418 gravi
664 3328 928 3418 gemitu
971 3328 1415 3403 causabatur.
1469 3333 1547 3399 In
1593 3329 1799 3419 cujus
1849 3340 2118 3419 pectore
2162 3327 2269 3397 sin
2327 3328 2591 3398 ularem
2627 3328 2806 3399 obti-

251 3415 409 3487 nuit
453 3438 534 3487 ex
579 3437 662 3488 eo
695 3429 998 3509 tempore
1027 3416 1284 3499 locum,
1315 3430 1392 3489 ut
1420 3417 1667 3489 fierent
1694 3416 2022 3507 deinceps
2069 3416 2209 3486 duo
2256 3416 2362 3485 ili
2409 3415 2540 3486 filii
2568 3417 2805 3507 splen-

250 3503 489 3584 doris,
540 3526 659 3579 cor
721 3528 942 3579 unum
993 3518 1058 3576 et
1104 3505 1340 3579 anima
1406 3528 1595 3587 una,
1659 3520 1726 3577 et
1786 3528 1859 3576 se
1924 3505 2217 3576 invicem
2287 3504 2683 3576 fruerentur
2728 3506 2801 3574 in

250 3593 541 3667 Christo.
597 3594 790 3669 Sicut
830 3594 1016 3671 enim
1068 3596 1309 3685 regina
1357 3596 1536 3666 Saba
1583 3594 1671 3664 de
1719 3592 2082 3683 Salomone
2130 3606 2461 3675 testatur,
2515 3608 2803 3680 uterque

252 3681 592 3845 ἰηιέἐωτο
635 3681 836 3773 lenge
880 3682 1190 3774 amplius
1221 3738 1239 3764 ,
1287 3705 1500 3772 quam
1558 3681 1745 3754 sama
1790 3680 2183 3773 vulgasset,
2239 3682 2587 3755 invenisse
2644 3704 2800 3770 gra·

252 3782 326 3845 lu
448 3783 627 3849 amr.

337 3861 382 3947 ὃ
423 3866 514 3937 ὅ.
568 3858 965 3931 carthusiae
992 3882 1268 3947 quoque
1313 3883 1360 3931 a
1403 3860 1549 3931 viro
1585 3859 2134 3931 reverentissimo
2182 3859 2495 3947 Guigone
2544 3857 2798 3938 Priore,

252 3959 328 4017 et
360 3948 724 4023 atcaeteris
757 3946 1088 4023 fratribus
1130 3948 1371 4020 eodem
1421 3950 1675 4020 affectu
1721 3961 1785 4017 et
1831 3946 2070 4018 eadem
2102 3947 2535 4018 veneratione
2566 3967 2803 4017 susce-

254 4047 417 4126 ptus
460 4050 576 4109 est
610 4058 851 4109 servus
881 4036 1154 4119 Christi,
1205 4036 1680 4110 exultantibus
1709 4036 1850 4110 illis
1885 4037 1953 4107 in
2004 4035 2284 4127 gaudio,
2320 4035 2487 4123 quia
2523 4034 2801 4124 qualem

249 4145 416 4201 eum
458 4147 581 4217 per
622 4123 981 4217 epistolam
1036 4125 1231 4216 prius
1282 4140 1633 4207 noverant,
1676 4125 1881 4201 talem
1918 4125 2329 4195 invenerunt
2356 4136 2425 4195 et
2476 4145 2801 4215 praesen-

250 4226 417 4284 tem.
469 4219 823 4289 Caeterum
885 4236 1047 4285 cum
1098 4214 1168 4283 in
1221 4213 1507 4302 reliquis
1562 4214 1893 4285 omnibus
1951 4212 2526 4294 aedificarentur,
2583 4235 2805 4283 unum

250 4301 409 4385 fuit,
459 4304 643 4393 quod
744 4303 1128 4377 raedictum
1162 4304 1464 4374 Priorem
1497 4303 2051 4376 carthusiensem
2086 4301 2525 4389 aliquatenus
2566 4301 2797 4383 movit,

253 4403 561 4464 stratura
608 4392 685 4484 vi·
724 4391 921 4465 elicet
966 4392 1331 4475 animaliS.
1383 4391 1500 4465 cui
1551 4392 1737 4463 idem
1776 4391 1880 4463 vir
1935 4390 2346 4464 venerabilis
2404 4390 2748 4464 insidebat
2782 4444 2798 4472 ,
