3308 5004
174 347 399 440 Anca!
416 348 504 414 20
849 366 929 414 nx
973 366 1030 414 s.
1085 366 1414 415 stanneo
1460 368 1604 416 Ana.
1658 367 2042 417 nummu„
2499 353 2627 420 tto

170 450 355 539 quod
408 449 700 540 legitur:
758 455 931 521 Puer
979 473 1168 521 eram
1218 453 1623 542 ingeniosus,
1676 463 1739 523 et
1787 456 2062 523 sortitus
2089 475 2238 524 sum
2268 455 2566 525 animam
2602 454 2716 524 bo·-

169 562 374 610 nam:
423 551 488 609 ee
533 563 685 609 cum
730 542 952 629 maqis
997 562 1202 610 essem
1247 542 1474 623 bonus,
1518 543 1675 611 veni
1710 543 1801 611 ad
1849 565 1962 612 cor
2007 564 2090 611 us
2138 544 2722 635 incoinquinatum

168 629 364 719 (Sap.
417 630 583 717 vm).
636 629 729 698 Ad
781 629 1311 719 contemplanda
1357 631 1616 721 quippe
1664 629 1958 721 spiritua
1990 631 2055 700 ia
2099 651 2411 719 quaeque
2451 654 2574 703 seu
2606 632 2719 701 di-

170 719 357 798 vina,
409 740 570 787 cum
622 717 838 809 gratia
888 717 1260 807 spirituali,
1317 719 1616 790 naturali
1656 719 1955 807 quadam
1990 719 2238 789 virtute
2279 719 2579 810 pollebat
2607 722 2718 790 in·

177 806 385 897 genii:
423 807 842 894 sortitusque
873 806 940 876 in
972 807 1099 877 hoc
1131 808 1336 877 etiam
1371 820 1515 877 erat
1547 808 1853 878 animam
1890 807 2166 889 bonam,
2203 808 2712 879 sensualitatem

184 916 315 964 non
362 894 638 966 curiose
686 895 1035 977 lascivam,
1090 917 1216 964 nec
1262 898 1560 986 superbe
1609 895 1974 967 rebellem:
2018 896 2136 969 sed
2166 898 2714 988 congaudentem

180 983 658 1073 spiritualibus
707 984 980 1066 studiiS,
1032 997 1100 1054 et
1145 985 1213 1053 in
1264 986 1387 1067 eis,
1438 1007 1617 1073 quae
1664 985 1750 1055 ad
1803 989 2014 1056 Deum
2052 997 2236 1067 sunt,
2277 999 2521 1076 sponte
2549 987 2718 1057 sub-

178 1072 388 1143 ditam
440 1073 715 1163 spiritui
763 1086 828 1143 et
875 1073 1303 1143 servientem.
1360 1078 1620 1176 Corpus
1660 1074 1863 1144 etiam
1895 1073 2169 1144 -nullius
2202 1095 2509 1161 unquam
2550 1097 2718 1146 con-

178 1161 588 1232 taminatum
639 1183 984 1232 consensu
1031 1163 1321 1253 flagitii,
1380 1178 1506 1233 etsi
1566 1163 1955 1265 neglectum
2017 1163 2251 1234 minus
2312 1177 2713 1246 curaretur,

173 1272 385 1339 quam
412 1251 789 1341 oportebat,
821 1251 906 1320 ad
939 1251 1374 1322 serviendum
1407 1251 1684 1340 spiritui
1717 1253 1784 1322 in
1823 1251 2096 1322 servitio
2130 1252 2245 1321 Dei
2277 1253 2715 1342 aptissimum

172 1340 739 1410 instrumentum.
795 1339 922 1409 Sed
970 1361 1131 1409 cum
1181 1362 1340 1410 caro
1386 1342 1455 1409 in
1507 1361 1586 1411 eo
1616 1359 1714 1412 'ex
1761 1341 1941 1410 dono
1996 1341 2499 1431 praevenientis
2557 1364 2717 1433 gra-

174 1429 333 1509 tiae,
386 1441 452 1498 et
497 1428 841 1517 adjutorio
889 1428 1375 1516 subsequentis
1425 1440 1757 1512 naturae,
1809 1442 1873 1500 et
1924 1452 2058 1500 usu
2108 1430 2285 1500 bono
2334 1430 2719 1521 spiritualis

172 1517 608 1607 disciplinae,
666 1518 775 1587 vix
808 1517 954 1605 jam
989 1517 1251 1605 aliquid
1285 1519 1805 1609 concupisceret
1834 1518 2166 1589 adversus
2195 1518 2548 1609 spiritum,
2586 1519 2717 1591 hoe

170 1619 300 1688 est,
352 1605 536 1693 quod
586 1607 905 1697 spiritum
947 1605 1284 1676 laederet:
1328 1607 1615 1698 spiritus
1654 1629 1869 1697 supra
1903 1608 2101 1690 vires,
2147 1629 2359 1697 supra
2393 1609 2713 1678 virtutem

168 1696 406 1765 carnis
452 1717 531 1764 ac
578 1696 966 1786 sanguiniS,
1024 1708 1208 1765 tanta
1256 1694 1587 1767 adversus
1633 1718 1879 1766 carnes
1909 1697 2464 1787 concupiscebat,
2505 1709 2579 1767 ut
2613 1697 2718 1766 in-

171 1783 458 1886 firmum
508 1784 767 1854 animal
815 1783 1071 1855 cadens
1118 1786 1252 1855 sub
1296 1806 1502 1855 onere
1548 1806 1772 1874 usque
1820 1786 1889 1856 in
1944 1787 2122 1856 banc
2150 1785 2333 1856 diem
2374 1807 2508 1855 non
2543 1785 2722 1876 adji-

170 1887 313 1943 ciat
361 1886 437 1943 ut
485 1895 682 1944 resur
730 1887 820 1942 at.

261 1964 298 2049 ξ
350 1967 495 2034 21.
549 1963 676 2046 Qui
774 1962 960 2031 enim
996 1961 1223 2032 dicam
1274 1961 1360 2032 de
1408 1984 1676 2045 somno,
1731 1964 1850 2052 qui
1890 1963 1957 2032 in
1991 1963 2278 2034 caeteris
2311 1962 2718 2034 hominibus

172 2050 549 2122 solet-esse
588 2050 862 2121 resectio
912 2051 1250 2132 laborum,
1303 2063 1368 2121 et
1418 2073 1748 2122 sensuum
1800 2067 1919 2123 aut
1959 2052 2291 2123 mentium
2338 2053 2719 2122 recreatio?

170 2161 258 2209 ex
296 2153 463 2209 tunc
509 2161 727 2227 usque
778 2140 981 2210 hodie
1028 2140 1263 2230 vigilat
1302 2140 1484 2210 ultra
1541 2141 2062 2229 possibilitatem
2117 2141 2526 2212 humanam.
2579 2140 2717 2211 Ali-

168 2228 453 2316 quando
500 2228 776 2310 dormit,
832 2229 951 2299 sed
1001 2250 1244 2299 somno
1294 2229 1725 2310 tenuissimo,
1794 2243 1859 2301 et
1908 2230 2026 2318 qui
2083 2229 2257 2299 nulli
2299 2229 2660 2298 hominum
2693 2285 2709 2312 ,

172 2330 444 2407 praeter
467 2317 720 2406 ipsum,
752 2317 1191 2405 qualemcum
1246 2340 1331 2387 ue
1364 2317 1797 2389 resectionem
1818 2318 2126 2389 conferre
2147 2330 2398 2409 posset.
2431 2317 2712 2387 Nullum

174 2406 360 2475 enim
408 2420 679 2496 tempus
720 2407 939 2497 magis
970 2428 1041 2477 se
1072 2340 1354 2496 perdere
1391 2408 1721 2494 conqueri
1755 2407 1946 2489 solet,
1991 2429 2198 2495 quam
2243 2427 2380 2493 quo
2413 2405 2708 2475 dormit:

174 2494 492 2565 idoneam
531 2496 696 2567 satis
749 2509 1071 2587 reputans
1117 2496 1699 2586 comparationem
1755 2497 1992 2568 mortis
2046 2510 2110 2567 et
2163 2495 2435 2566 somni:
2493 2506 2569 2564 ut
2615 2496 2716 2565 sic

171 2584 592 2655 dormientes
627 2585 986 2655 videantur
1012 2585 1265 2655 mortui
1298 2584 1482 2675 apud
1527 2585 1866 2667 homines,
1905 2584 2249 2674 quomodo
2281 2582 2463 2674 apud
2501 2588 2712 2653 Deum

172 2673 433 2744 mortui
480 2673 919 2745 dormientes,
976 2673 1166 2744 Unde
1193 2674 1397 2744 etiam
1449 2675 1505 2743 si
1555 2696 1759 2762 quem
1796 2674 1965 2745 sorte
1996 2672 2398 2765 religiosum
2443 2673 2512 2741 in
2556 2672 2714 2741 dor-

170 2761 456 2832 miendo
485 2785 608 2832 seu
655 2762 902 2833 durius
947 2774 1338 2833 stertentem
1379 2762 1699 2844 audierit,
1752 2785 1877 2834 seu
1928 2764 2160 2833 minus
2205 2761 2581 2852 composite
2615 2762 2715 2832 vi-

170 2850 357 2920 derit
388 2851 757 2940 jacentem,
817 2851 1149 2942 patienter
1193 2852 1302 2921 vix
1341 2850 1517 2921 ferre
1552 2863 1793 2953 potest,
1849 2852 1964 2922 sed
1999 2850 2367 2923 carnaliter
2398 2870 2559 2920 eum
2594 2871 2718 2919 seu

172 2939 579 3010 seculariter
638 2939 940 3010 dormire
994 2953 1342 3011 causatur.
1402 2945 1479 3010 In
1551 2962 1701 3031 tpso
1749 2962 2049 3029 namque
2111 2953 2382 3010 tenuem
2455 2940 2713 3008 victum

176 3029 403 3099 tenuis
450 3050 737 3099 somnus
782 3028 1171 3101 comitatur.
1208 3035 1285 3100 In
1321 3042 1563 3099 neutro
1594 3030 1779 3100 enim
1832 3030 2045 3100 ullam
2089 3028 2402 3117 indulget
2433 3027 2713 3117 corpori

175 3139 302 3186 suo
352 3119 729 3187 satietatem
765 3173 780 3199 ‚
836 3118 968 3188 nisi
1016 3117 1197 3206 quod
1250 3119 1319 3188 in
1371 3131 1663 3207 utroque
1709 3120 2091 3210 sumpsisse
2136 3117 2399 3205 aliquid
2435 3170 2451 3197 ,
2505 3130 2610 3188 sat
2652 3116 2718 3186 ei

176 3218 301 3275 est.
340 3211 689 3289 Quantum
717 3208 903 3276 enim
935 3206 1020 3276 ad
1060 3206 1328 3298 vigilias
1362 3207 1757 3297 vigiliarum
1791 3208 1855 3276 ei
1890 3207 2137 3277 modus
2165 3219 2289 3287 est,
2329 3226 2467 3275 non
2505 3218 2714 3275 totam

164 3306 438 3364 noctem
476 3295 727 3365 ducere
762 3296 1171 3365 insomnem.
1225 3301 1432 3366 Porro
1463 3296 1548 3365 ad
1583 3295 2081 3367 comedendum
2117 3317 2338 3383 usque
2371 3293 2575 3365 hodie
2609 3294 2716 3365 vix

164 3383 555 3471 aliquando
605 3384 947 3474 voluptate
986 3384 1281 3455 trahitur
1326 3386 1695 3476 appetitus,
1751 3385 1865 3455 sed
1920 3385 2065 3455 solo
2106 3386 2348 3455 timore
2376 3382 2709 3453 desectus.

162 3473 441 3542 Etenim
477 3485 932 3554 comesturuS,
970 3474 1165 3563 prius
1194 3495 1403 3561 quam
1432 3473 1770 3556 comedat,
1808 3474 1952 3544 sola
1985 3474 2120 3544 cibi
2166 3473 2493 3543 memoria
2525 3484 2717 3543 satur

161 3572 304 3630 est.
361 3561 471 3631 Sic
520 3561 783 3631 accedit
830 3561 915 3631 ad
966 3561 1383 3632 sumendum
1449 3561 1683 3633 cibum
1722 3617 1738 3645 ,
1790 3563 1990 3651 quasi
2039 3562 2123 3632 ad
2178 3573 2615 3632 tormentum.
2667 3565 2718 3631 A

164 3649 406 3742 primo
455 3650 796 3738 siquidem
845 3651 1310 3721 conversionis
1358 3672 1525 3722 suae
1571 3672 1778 3732 ann0,
1817 3673 1939 3722 seu
1972 3651 2385 3743 egressionis
2426 3650 2510 3719 de
2541 3649 2715 3718 cella

168 3738 632 3818 novitiorum,
689 3751 936 3808 natura
980 3740 1130 3830 ejus
1176 3762 1333 3810 cum
1386 3753 1657 3811 tenerae
1707 3741 1915 3811 nimis
1955 3762 2231 3829 semper
2274 3754 2339 3809 et
2385 3737 2715 3807 delicatae

171 3827 678 3918 complexionis
725 3827 989 3910 suisset,
1036 3827 1322 3915 jejuniis
1373 3830 1611 3900 multis
1639 3841 1706 3898 et
1739 3829 2017 3920 vigiliis,
2055 3828 2307 3920 frigore
2351 3839 2416 3896 et
2457 3825 2711 3907 labore,

172 3916 580 3987 durioribus
638 3929 704 3987 et
771 3917 1119 3986 continuis
1185 3918 1522 3989 exercitiis
1570 3918 1844 3998 attrita,
1917 3930 2240 4007 corrupto
2310 3914 2710 3992 stomacho,

173 4004 474 4076 crudum
528 4006 855 4076 continuo
907 4027 1025 4095 per
1070 4026 1148 4075 os
1193 4004 1363 4076 solet
1411 4006 1690 4097 rejicere
1784 4005 1920 4076 uod
1973 4005 2332 4096 ingeritur.
2402 4002 2594 4085 Quod
2656 4002 2716 4073 si

173 4093 346 4183 quid
400 4095 699 4164 naturali
745 4094 1140 4165 decoctione
1172 4094 1516 4185 digestum
1554 4108 1745 4165 trans
1779 4094 2068 4164 unditur
2103 4094 2189 4164 ad
2226 4092 2575 4171 inferiora,
2619 4090 2718 4162 ibi

177 4182 642 4254 nihilominus
698 4183 1012 4275 partibus
1061 4182 1198 4254 illis
1243 4185 1554 4274 corporis
1601 4205 1737 4254 non
1790 4184 2177 4253 minoribus
2225 4180 2715 4252 infirmitatum

179 4271 644 4342 incommodis
691 4274 1030 4348 obsessis,
1086 4293 1221 4342 non
1276 4271 1411 4342 nisi
1471 4295 1629 4342 cum
1680 4272 1872 4363 gravi
1937 4283 2272 4341 tormento
2334 4269 2712 4361 egreditur.

183 4361 250 4429 Si
315 4360 483 4449 quid
548 4373 773 4432 autem
844 4362 1200 4432 residuum
1259 4374 1404 4441 est,
1476 4362 1707 4452 ipsum
1745 4372 1874 4431 =est
1932 4359 2336 4431 alimentum
2405 4359 2716 4450 corporis

181 4450 335 4540 ejus
381 4449 923 4539 qualecumque,
989 4472 1125 4522 non
1174 4461 1312 4520 tam
1361 4449 1447 4521 ad
1498 4449 1703 4520 vitam
1753 4451 2316 4534 sustentandam,
2368 4471 2576 4540 quam
2625 4448 2713 4520 ad

344 4571 584 4629 surius
613 4601 635 4613 ·
674 4568 837 4630 Vitae
876 4566 982 4631 SS.
1013 4600 1039 4615 ·
1059 4568 1189 4631 Vol.
1211 4567 1368 4633 v111.
2479 4571 2557 4633 2⁹
