3308 5004
191 337 387 410 Auo.
439 338 531 404 20
899 353 981 403 nn
1026 353 1084 402 s.
1139 352 1472 404 υιιυωωο
1519 353 1666 404 ΑΕΒ.
1717 353 2102 406 cunum..
2532 339 2651 409 370

184 431 661 543 deprimeret,‘
684 436 883 508 mihi
908 449 1138 510 tamen
1175 436 1385 508 nollet
1416 458 1569 510 esse
1601 439 1974 511 molestus:
2019 462 2056 507 α
2089 445 2300 524 Quae,
2339 441 2593 530 inquit,
2633 462 2750 514 ne-

185 551 364 612 scio,
400 550 538 599 non
573 527 732 598 dico
778 527 1018 599 vobis:
1064 525 1180 597 sed
1232 548 1453 597 unum
1498 527 1831 610 narrabo,
1882 527 2069 617 quod
2126 529 2271 600 scio
2316 542 2384 601 et
2429 544 2754 623 expertus

186 641 378 701 sum,
431 616 650 687 multa
682 616 746 688 ei
796 617 863 686 in
894 616 1205 687 oratione
1243 614 1598 686 revelari.»
1648 616 1907 687 Deinde
1954 618 2258 689 narravit
2307 618 2524 702 mihi,
2576 642 2751 709 quo·

186 707 422 790 mod0‚
453 728 612 776 cum
666 704 891 797 primo
926 705 1261 776 melliflua
1301 703 1423 775 illa
1450 703 1921 796 spiritualium
1957 727 2170 798 apum
2213 707 2536 789 alvearia,
2574 731 2751 781 nova

190 797 285 868 de
327 819 399 867 se
446 795 766 866 examina
824 794 1372 896 circumquaque
1421 793 1747 885 proferre,
1811 816 2160 883 novasque
2203 818 2287 866 ex
2348 797 2451 868 eis
2505 797 2751 871 domoc

190 885 460 957 ordinis
505 883 616 955 sui
664 882 1030 956 aedificare
1075 896 1502 974 coepissent:
1543 894 1813 976 petente
1856 896 1924 954 et
1982 896 2229 976 agente
2274 884 2561 959 domino
2607 891 2749 960 Gu-

192 973 825 1065 lielmosssspiscopo
884 972 954 1042 in
1023 973 1443 1064 Episcopatu
1502 971 2012 1056 Catalaunensi,
2064 995 2243 1055 eam,
2294 996 2472 1062 quae
2534 974 2748 1051 trium

195 1063 516 1135 Fontium
591 1061 895 1143 dicitur,
951 1072 1506 1133 construxerunt.
1572 1062 1666 1133 Ad
1716 1083 1926 1151 quam
1978 1085 2140 1133 cum
2193 1063 2520 1135 Abbatem
2583 1086 2749 1140 cum

191 1151 558 1223 monachis
602 1151 947 1223 emisisset
1000 1150 1364 1222 dominum
1405 1151 1805 1242 Rogerium,
1858 1151 2085 1222 virum
2137 1152 2437 1226 nobilem
2500 1175 2748 1225 secun-

190 1240 361 1311 dum
412 1239 752 1323 seculum,
788 1239 906 1311 sed
940 1239 1346 1312 nobiliorem
1382 1240 1766 1321 sanctitate,
1802 1250 1870 1310 et
1901 1239 2082 1322 viros
2113 1240 2450 1342 quosdam
2492 1241 2747 1315 similis

191 1330 454 1401 formae
499 1350 659 1400 cum
694 1350 800 1400 eo:
853 1328 1239 1431 spiritualis
1288 1339 1481 1420 pater
1525 1328 1731 1407 filios,
1765 1350 1941 1417 quos
1965 1327 2217 1412 emisit,
2271 1353 2406 1401 non
2449 1330 2739 1415 dimisit,

189 1418 312 1490 sed
365 1431 647 1511 paterna
712 1417 1152 1490 solicitudine
1195 1429 1260 1487 et
1323 1419 1437 1509 pia
1510 1417 1868 1489 affectione
1925 1439 2085 1489 cum
2157 1419 2259 1490 eis
2304 1432 2473 1490 erat.
2551 1418 2744 1492 Unde

191 1530 355 1578 cum
406 1507 518 1578 die
548 1507 849 1596 quadam
878 1506 1087 1576 simul
1121 1506 1251 1577 soli
1281 1519 1512 1577 essent
1556 1508 1781 1579 Abbas
1818 1517 1885 1576 et
1916 1506 2064 1597 ipse
2090 1506 2297 1577 frater
2322 1508 2497 1597 eju8‚
2542 1509 2745 1600 cujus

189 1596 325 1668 hoc
372 1597 703 1667 relatione
747 1594 987 1679 didici,
1039 1608 1105 1667 et
1151 1596 1238 1666 de
1298 1594 1627 1668 fratribus
1689 1596 1863 1687 ipsis
1910 1595 1997 1665 ad
2045 1594 2454 1668 alterutrum
2509 1597 2743 1685 loque·

190 1699 476 1757 rentur:
539 1685 769 1757 subito
816 1684 1025 1757 altius
1072 1684 1272 1756 solito
1337 1685 1728 1776 suspirans,
1780 1683 2030 1756 durius
2089 1685 2351 1773 aliquid
2416 1685 2618 1757 solito
2656 1685 2745 1758 de

190 1775 294 1846 eis
339 1774 545 1845 corde
594 1797 721 1845 suo
768 1773 905 1845 sibi
945 1774 1434 1864 respondente:
1472 1796 1509 1842 «
1540 1773 1746 1855 Vade,
1795 1773 2024 1861 inquit
2046 1772 2239 1846 fratri
2264 1796 2416 1858 su0,
2467 1797 2587 1845 ora
2618 1796 2744 1867 pro

191 1863 317 1946 eie,
360 1878 427 1935 et
472 1863 807 1951 quicquid
856 1861 1230 1934 ostenderit
1275 1861 1397 1933 tibi
1449 1861 1630 1934 Deus
1660 1918 1675 1944 ,
1742 1861 1917 1935 refer
1954 1861 2040 1932 ad
2106 1885 2236 1933 me.
2265 1887 2302 1933 »
2351 1867 2383 1934 I
2435 1886 2508 1935 se
2554 1864 2744 1936 enim

195 1953 610 2045 gravissima
658 1949 1050 2023 valetudine
1095 1974 1176 2022 ea
1220 1950 1392 2022 hora
1441 1951 1789 2034 laboranS,
1831 1951 1901 2020 in
1939 1950 2189 2023 lectulo
2238 1965 2388 2023 tene
2440 1965 2619 2024 atur.
2649 1950 2746 2025 Ad

196 2041 380 2129 quod
434 2041 551 2112 ille
579 2041 1015 2112 vehementer
1058 2061 1556 2133 expavescens:
1611 2040 1821 2123 Absit,
1875 2038 2142 2128 inquit:
2204 2063 2342 2112 non
2392 2063 2575 2122 sum,
2623 2042 2745 2130 qui

189 2130 323 2202 hoc
375 2129 577 2201 modo
625 2129 932 2201 noverim
989 2152 1208 2214 orare,
1252 2129 1511 2218 quique
1555 2129 1687 2200 hoc
1748 2150 2014 2200 merear
2071 2129 2461 2220 impetrare.
2515 2136 2745 2202 Perse·

189 2232 470 2290 verante
516 2232 747 2290 tamen
776 2240 857 2289 eo
904 2218 974 2289 in
1024 2218 1385 2301 sententia,
1437 2218 1614 2289 itum
1640 2229 1744 2289 est
1788 2229 1855 2289 et
1876 2229 2172 2289 oratum.
2209 2217 2332 2289 Ille
2377 2218 2592 2310 igitur
2622 2240 2746 2310 per

214 2308 556 2400 singulm,
603 2308 670 2378 in
721 2319 1061 2396 quantum
1088 2307 1494 2400 praevaluit,
1525 2328 1649 2400 pro
1689 2305 1988 2397 singulis
2020 2305 2200 2378 fudit
2239 2306 2324 2378 ad
2357 2312 2567 2382 Deum
2593 2307 2748 2378 ani-

195 2417 382 2467 mam
418 2420 643 2469 suam:
685 2408 1008 2486 tantaque
1049 2419 1171 2488 per
1217 2395 1533 2499 singulos
1580 2397 1650 2467 in
1703 2395 1966 2467 orando
1998 2394 2320 2497 perfusus
2366 2409 2470 2467 est
2515 2395 2745 2467 suavi-

194 2497 329 2558 tate
374 2484 875 2568 conscientiae‚
954 2498 1279 2575 tantaque
1326 2485 1745 2578 impetrandi
1814 2483 2112 2566 fiducia,
2163 2497 2229 2557 et
2281 2484 2476 2556 omni
2519 2484 2747 2577 gratifi

193 2576 579 2667 spiritualis
625 2575 1143 2659 consolationis,
1198 2587 1276 2647 ut
1313 2577 1383 2646 in
1424 2576 1755 2647 omnibus
1799 2586 1985 2645 certa
2032 2573 2169 2649 fide
2220 2573 2621 2661 exauditum
2670 2596 2744 2646 se

192 2664 526 2736 exultaret
554 2664 844 2755 spiritus
871 2666 1047 2755 ejus,
1076 2664 1378 2757 exceptis
1410 2662 1711 2747 duobuS,
1738 2663 1807 2732 in
1839 2664 2099 2752 quibus
2144 2664 2363 2734 oratio
2396 2662 2738 2748 titubavit,

193 2753 552 2826 haesitavit
598 2754 891 2842 devotio,
940 2753 1202 2826 fiducia
1245 2753 1514 2825 defecit.
1580 2751 1775 2838 Quod
1824 2773 1983 2824 cum
2051 2751 2400 2823 retulisset
2444 2750 2530 2822 ad
2578 2773 2741 2824 eum

191 2864 234 2913 a
268 2864 409 2931 quo
437 2843 696 2915 missus
739 2855 907 2926 erat,
960 2842 1077 2913 ille
1115 2843 1344 2916 statim
1382 2841 1871 2935 pronunciavit
1901 2840 1987 2911 de
2034 2840 2177 2912 illis
2208 2840 2508 2923 duobus,
2553 2839 2739 2930 quod

191 2943 424 3023 postea
478 2932 789 3022 probavit
816 2945 1125 3004 eventus.
2036 2966 2048 2979 ·
2713 3000 2718 3007 .

282 3023 319 3109 ξ
366 3025 528 3095 85.
578 3022 805 3093 Abbas
869 3034 1099 3093 autem
1164 3021 1501 3112 Rogerius
1545 3032 1615 3090 et
1659 3017 1927 3107 aliqui,
1983 3018 2104 3107 qui
2152 3040 2316 3088 cum
2366 3039 2448 3101 eo
2496 3028 2738 3102 erant,

193 3109 331 3201 ipsi
378 3109 682 3192 fuerunt,
724 3131 899 3199 quos
947 3111 1051 3180 vir
1098 3109 1216 3180 Dei
1260 3109 1637 3197 aliquando
1686 3108 1771 3178 de
1808 3106 2295 3179 catalaunensi
2344 3106 2546 3177 traxit
2575 3106 2746 3177 civi·

192 3209 330 3269 tate
362 3252 380 3282 ‚
431 3197 518 3268 de
563 3199 822 3288 quibus
878 3198 985 3269 vel
1044 3198 1115 3267 in
1183 3198 1443 3287 quibus
1500 3198 1706 3268 etiam
1759 3210 1925 3268 tunc
1980 3195 2209 3268 simile
2265 3195 2433 3285 quid
2483 3194 2743 3269 factum

192 3286 441 3358 fuerat.
499 3293 666 3360 Cum
714 3287 898 3359 enim
943 3287 1166 3380 gratia
1211 3282 1530 3378 Episcopi
1581 3285 2032 3358 catalaunum
2083 3284 2584 3373 frequentaret,
2637 3306 2747 3355 re·

199 3375 402 3446 diens
447 3374 846 3464 aliquande,
900 3376 1105 3447 traxit
1150 3397 1386 3447 secum
1437 3374 1955 3446 multitudinem
2006 3375 2357 3466 copiosam
2399 3372 2743 3451 nobilium

193 3476 261 3535 et
308 3464 732 3536 literatorum
769 3520 787 3548 ,
836 3464 1248 3537 clericorum
1298 3477 1364 3536 et
1402 3464 1766 3537 laicorum.
1820 3464 2088 3548 Quibus
2132 3462 2365 3535 adhuc
2413 3462 2483 3532 in
2534 3461 2742 3537 domo

194 3553 551 3645 hospitum
600 3554 1172 3636 demorantibus,
1227 3553 1398 3624 dum
1453 3552 1760 3624 novellas
1819 3552 2280 3644 plantationes
2332 3550 2746 3623 coelestibus
2807 3590 2814 3603 ·

189 3642 515 3735 irrigaret
558 3643 877 3731 eloquiis,
930 3644 1329 3734 supervenit
1376 3643 1723 3733 portarius
1763 3640 2173 3723 monachus,
2229 3639 2573 3711 nuncians
2603 3644 2769 3721 Ster

192 3731 508 3822 phanum
559 3731 644 3804 de
675 3731 929 3821 Vitrejo
978 3732 1419 3823 magistrum«
1438 3753 1705 3812 eorum,
1760 3729 1999 3800 adesse
2047 3726 2134 3800 ad
2185 3726 2741 3829 renunciandum

197 3820 431 3891 seculo
466 3875 482 3903 ‚
534 3832 601 3890 et
643 3842 807 3892 cum
854 3820 955 3891 eis
1000 3819 1606 3892 commorandum.
1661 3818 1828 3903 Quis
1882 3817 2064 3889 alius
2101 3816 2188 3888 de
2238 3817 2393 3888 talis
2444 3837 2574 3884 v1r1
2619 3813 2745 3889 ad·

197 3920 404 3978 ventu
451 3931 587 3979 non
636 3908 1007 3981 exultasset
1055 3909 1513 3990 vehementer,
1569 3930 1729 3978 cum
1784 3906 1984 3979 vallis
2012 3905 2128 3976 illa
2162 3903 2571 3995 hujusmodi
2602 3902 2743 4006 siju:

199 4009 431 4069 mento
481 4020 614 4069 non
671 3996 965 4068 multum
1017 3997 1248 4068 adhuc
1295 3996 1739 4081 abundaret?
1784 4001 1943 4087 Ipse
1988 4016 2170 4076 vet-0,
2225 3993 2565 4065 revelante
2611 3993 2749 4063 stbt

198 4085 460 4177 Spiritu
508 4093 755 4158 Sancto
788 4084 1082 4158 insidias
1121 4085 1505 4177 spiritualis
1539 4085 1908 4186 nequitiae,
1946 4083 2195 4169 tacitus
2223 4080 2748 4182 aliquantulum

197 4173 688 4267 ingemiscens,
729 4175 961 4266 erupit
994 4176 1066 4247 in
1099 4197 1330 4247 vocem
1362 4174 1812 4246 audientibus
1859 4172 2248 4243 universis:
2308 4195 2336 4235 ‹
2375 4168 2745 4260 malignus.

194 4264 339 4347 ait,
395 4265 680 4356 spiritus
735 4265 875 4336 huc
930 4286 1090 4335 eum
1141 4263 1450 4335 adduxit.
1506 4263 1709 4334 Solus
1755 4260 1983 4343 venit,
2034 4259 2227 4333 solus
2274 4270 2671 4337 revertetur.
2707 4275 2747 4335 t

194 4353 628 4445 Obstupuere
650 4376 916 4436 omnes,
947 4354 1070 4444 qui
1102 4354 1322 4445 priuS,
1352 4350 1590 4422 audito
1618 4351 1776 4440 ejus
1813 4349 2135 4431 adventu,
2170 4370 2412 4419 non‘se
2481 4356 2749 4429 oterant

195 4463 445 4532 capere
490 4465 653 4536 prae
691 4442 970 4515 laetitia.
1008 4448 1492 4514 Verumtamen
1528 4462 1616 4511 ne
1649 4438 1943 4532 pusillos
1980 4437 2210 4510 adhuc
2249 4459 2415 4509 scau
2469 4435 2750 4511 alim-et
