3308 5004
652 312 782 377 250
1135 328 1216 377 nt
1263 328 1318 377 s.
1373 327 1664 378 susanna
1709 326 1882 378 vmc.
1935 329 2127 378 nar.
2180 328 2308 379 cun
2354 328 2554 380 socns
2776 313 2964 381 AUG.
3017 314 3087 380 Η

645 412 690 569 ἓ
735 414 815 484 S.
869 409 1120 480 Eadem
1172 409 1340 480 hora
1387 409 1856 502 Praepedigna
1893 409 2203 481 ascendit
2239 410 2620 494 basternas,
2661 412 2976 500 venitque
3012 411 3099 483 ad

562 521 643 570 ae
692 521 766 570 es
805 498 1077 570 Gabinii
1135 498 1559 589 presbyteri,
1623 511 1690 568 et
1734 498 1821 569 ad
1861 499 2097 588 Cajum
2139 500 2557 592 Episcopum
2607 500 2748 573 sola
2799 501 3100 572 intravit.

560 593 726 659 Eam
778 587 978 676 Cajus
1014 587 1396 678 Episcopus
1443 587 1709 669 videns,
1762 588 2019 679 gratias
2065 589 2205 680 egit
2254 593 2409 659 Deo.
2461 589 2591 660 Illa
2638 603 2872 661 autem
2931 590 3104 661 sub·

564 677 753 748 misit
798 698 871 748 se
918 675 1003 746 ad
1041 675 1249 766 pedes
1284 676 1476 768 ejus,
1503 749 1511 757 ,
1539 697 1794 764 eosque
1842 688 2080 748 tenens
2124 688 2192 747 et
2236 677 2644 749 exosculans
2689 700 2848 750 cum
2882 677 3106 769 lacry-

562 767 720 848 mis,
756 766 851 835 ait
884 788 894 829 :
936 764 1133 836 Salva
1167 764 1507 836 famulum
1540 779 1605 835 et
1627 763 1963 837 famulam
1997 776 2212 849 tuam,
2243 779 2309 837 et
2331 766 2516 838 filios
2546 789 2760 839 meos.
2797 766 3102 840 Audiens

564 854 692 925 hoc
726 858 1062 935 Susanna,
1115 853 1276 924 exiit
1321 874 1359 924 e
1390 853 1714 925 cubiculo
1754 875 1902 935 suc,
1956 867 2022 925 et
2059 855 2385 946 Praepedi
2442 878 2597 926 nam
2633 879 2794 928 cum
2845 856 3103 947 gaudio

563 943 946 1034 amplexata
974 955 1100 1013 est.
1137 947 1340 1013 Nocte
1378 943 1793 1014 subsecutus
1830 943 2157 1016 Claudius
2186 967 2345 1016 cum
2435 944 2657 1017 uobus
2689 944 2880 1028 filiis,
2919 945 3105 1016 venit

550 1031 645 1102 ,ad
686 1031 970 1101 domum
1007 1031 1278 1101 Gabinii
1314 1031 1714 1121 presbyteri,
1744 1031 2152 1121 jactansque
2185 1054 2258 1104 se
2288 1033 2376 1103 ad
2418 1033 2626 1125 pedes
2673 1036 2849 1124 eJuS,
2886 1033 3094 1104 dixit:

560 1143 599 1188 «
635 1125 761 1192 Per
807 1120 1171 1190 Dominum
1220 1126 1455 1190 Jesum
1529 1120 1871 1195 Christum
1940 1133 2003 1192 te
2048 1122 2338 1210 conjuro
2371 1177 2386 1204 ,
2441 1144 2527 1193 ne
2588 1145 2699 1194 me
2750 1123 3100 1195 cuncteris

559 1232 720 1280 cum
770 1230 979 1280 uxore
1030 1220 1097 1278 et
1134 1208 1369 1279 liberis
1417 1208 1786 1300 baptizare.
1823 1231 1860 1276 »
1913 1210 2089 1280 Fecit
2144 1232 2308 1302 ergo
2356 1211 2691 1284 Gabinius
2740 1212 3100 1303 presbyter

558 1319 687 1390 pro
738 1296 1240 1390 consuetudine
1286 1319 1564 1368 uxorem
1622 1312 1689 1368 et
1731 1297 1917 1370 filios
1959 1299 2111 1389 ejus
2158 1300 2615 1371 Alexandrum
2670 1313 2738 1372 et
2782 1300 3099 1372 Cuthiam

557 1387 1136 1469 catechumenos,
1188 1385 1513 1475 deditque
1557 1387 1658 1458 eis
1705 1386 2082 1478 sapientiae
2130 1388 2571 1462 medicinam.
2616 1393 2830 1478 Atque
2856 1388 3100 1459 eadem

560 1475 731 1545 hora
775 1475 1114 1546 catechesi
1143 1497 1260 1546 eos
1307 1475 1632 1547 instruxit
1657 1529 1674 1556 ,
1716 1489 1783 1545 et
1826 1497 1987 1546 cum
2038 1498 2287 1564 aquam
2321 1477 2781 1556 benedixisset
2816 1500 2938 1569 pro
2981 1476 3101 1547 Dei

560 1564 828 1645 timore,
881 1563 1250 1654 baptizavit
1294 1563 1701 1646 Claudium,
1764 1564 1857 1634 ita
1918 1565 1984 1634 ei
2036 1564 2311 1636 dicens:
2365 1566 2598 1638 Credis
2638 1578 2778 1638 toto
2825 1577 3099 1669 pectore

562 1652 633 1721 in
686 1657 896 1721 Deum
947 1658 1210 1723 Patrem
1261 1653 1448 1723 omni
1505 1657 1854 1724 otentem?
1898 1653 2227 1724 Claudius
2284 1667 2473 1727 stans
2521 1677 2733 1747 super
2795 1655 3098 1747 ligneam

562 1740 840 1831 pelvim,
894 1741 1269 1832 respondit,
1316 1746 1436 1812 Cre
1486 1763 1549 1811 o.
1589 1747 1859 1814 Rursus
1889 1742 2060 1813 dixit
2090 1744 2200 1814 ei:
2255 1747 2331 1814 Et
2359 1744 2429 1813 in
2474 1750 2711 1816 Jesum
2754 1744 3102 1816 Christum

564 1831 930 1900 Dominum
974 1833 1344 1900 nostrum?
1391 1829 1788 1920 Respondit,
1825 1830 2061 1902 Credo.
2098 1837 2352 1902 Iterum
2402 1833 2499 1903 ait
2531 1857 2546 1900 :
2585 1832 2717 1917 Qui
2756 1846 2961 1904 natus
2997 1844 3105 1904 est

562 1918 650 1989 de
697 1918 956 2008 Spiritu
1005 1923 1251 1989 Sancto
1295 1940 1378 1990 ex
1418 1920 1629 1990 Maria
1660 1919 1990 2011 Virgine?
2035 1920 2433 2012 Respondit,
2479 1922 2713 1993 Credo.
2764 1921 3106 1993 Gabinius

559 2007 698 2077 ait:
751 2011 832 2077 Et
866 2028 992 2100 ego
1039 2006 1344 2079 famulus
1393 2009 1510 2078 Dei
1547 2020 1614 2078 et
1651 2007 1994 2091 sacerdos,
2048 2009 2391 2100 baptismo
2429 2022 2492 2081 te
2526 2011 2598 2080 in
2637 2032 2841 2099 aqua,
2887 2011 2960 2081 in
2994 2031 3105 2081 re-

563 2095 961 2166 missionem
1018 2110 1450 2187 peccatorum
1498 2110 1565 2167 et
1596 2097 1828 2168 carnis
1881 2098 2470 2169 resurrectionem.
2513 2098 2976 2187 Sublatusque
3011 2120 3104 2169 ex

562 2184 791 2276 pelvi,
840 2183 1012 2255 dixit
1057 2184 1425 2257 Claudius:
1479 2186 1627 2255 Vidi
1679 2186 1911 2257 lumen
1970 2186 2110 2259 sole
2149 2186 2585 2277 splendidius
2615 2244 2632 2270 ,
2688 2187 3104 2258 illuminans

540 2295 694 2344 me.
748 2278 987 2360 Itaque
1035 2274 1295 2366 integre
1334 2274 1539 2345 credo
1587 2275 1954 2345 Dominum
2003 2276 2249 2346 Jesum
2298 2276 2671 2357 Christum,
2722 2281 2934 2347 Deum
2986 2275 3106 2346 Dei

561 2362 813 2432 filium.
846 2362 1096 2433 Eadem
1140 2364 1308 2433 hora
1342 2363 1582 2434 beatus
1606 2364 1810 2455 Cajus
1842 2364 2220 2456 Episcopus
2250 2364 2474 2436 linivit
2496 2387 2655 2436 cum
2690 2364 3089 2446 chrismate,

561 2450 1062 2543 baptizavitque
1098 2451 1254 2542 ejus
1300 2473 1581 2524 uxorem
1633 2452 2170 2545 Praepedignam
2212 2465 2277 2525 et
2316 2453 2497 2525 filios
2540 2453 3000 2525 Alexandrum
3036 2464 3105 2524 et

548 2541 917 2612 Cuthiam:
1015 2563 1144 2612 uos
1193 2541 1528 2613 Gabinius
1583 2541 1939 2633 presbyter
1983 2565 2021 2614 e
2068 2543 2411 2634 baptismo
2465 2544 2789 2635 suscepit.
2840 2542 3105 2614 Obtulit

559 2652 720 2700 vero
768 2651 892 2720 pro
940 2563 1078 2703 illis
1124 2630 1543 2702 sacrificium
1595 2632 1666 2701 in
1716 2630 1952 2702 eadem
2003 2630 2230 2712 domo,
2283 2643 2349 2702 et
2392 2632 2815 2703 consecravit
2843 2652 2963 2702 cor
3013 2652 3103 2701 us

559 2732 625 2789 et
673 2718 1082 2810 sanguinem
1136 2720 1405 2790 Domini
1457 2720 1671 2790 nostri
1716 2725 1881 2790 Jesu
1929 2720 2200 2803 Christi,
2250 2734 2316 2791 et
2362 2720 2491 2802 lac,
2533 2733 2600 2791 et
2649 2720 2805 2803 mel,
2847 2732 2914 2791 et
2976 2739 3102 2789 on-

562 2821 741 2889 tem,-
769 2808 1336 2899 participavitque
1367 2830 1525 2878 cum
1560 2808 1884 2879 omnibus
1932 2809 2333 2898 mysterium
2368 2808 2508 2881 Dei.

647 2898 685 2984 ξ
731 2899 826 2966 ss.
878 2896 974 2966 Ab
1020 2895 1257 2966 eadem
1288 2896 1401 2967 die
1430 2897 1653 2987 coepit
1684 2896 2011 2967 Claudius
2048 2896 2429 2970 distrahere
2459 2919 2703 2968 omnes
2740 2896 3102 2968 facultates

563 3005 752 3065 suas,
795 2984 1338 3072 Christianisque
1371 2984 1794 3076 pauperibus
1830 3007 2152 3077 emgare:
2192 3000 2270 3057 et
2289 2987 2654 3075 inquirens
2681 2985 2833 3058 loca
2863 2985 3103 3058 abdita

560 3084 627 3143 et
674 3085 954 3154 secreta,
1007 3073 1078 3142 in
1131 3074 1388 3160 quibus
1448 3072 1816 3145 Christiani
1863 3088 2344 3157 morarentur,
2402 3076 2735 3168 pecunias
2790 3088 2859 3146 et
2903 3088 3108 3166 tegn-

565 3173 793 3231 menta
838 3161 1317 3233 distribuebat.
1357 3163 1649 3233 Veniens
1686 3164 1890 3233 etiarn
1922 3163 1990 3233 in
2033 3163 2407 3246 custodias,
2437 3185 2918 3253 quoscumque
2949 3164 3104 3254 ipse

567 3248 846 3339 religari
895 3250 1371 3351 praecepisset,
1427 3273 1584 3322 cum
1638 3264 1826 3321 metu
1869 3264 1936 3322 et
1983 3253 2403 3324 vestimentis
2449 3253 2536 3324 ad
2575 3274 2692 3325 eos
2736 3250 3097 3334 accedens,

563 3337 953 3420 relaxabat,
1021 3339 1486 3427 abjiciensque
1544 3361 1616 3409 se
1661 3339 1747 3410 ad
1799 3340 2007 3430 pedes
2062 3340 2499 3433 singulorum
2532 3397 2549 3425 ,
2736 3341 3100 3412 nitentiam

561 3428 830 3518 agebat,
880 3440 946 3498 et
980 3440 1182 3517 prout
1227 3428 1656 3518 suppetebat,
1708 3450 1866 3499 cum
1906 3429 2160 3520 gaudio
2210 3430 2352 3501 illis
2403 3430 2592 3519 quoti
2647 3431 2709 3500 ie
2742 3429 3105 3502 nocturnis

564 3515 753 3585 horis
798 3517 1034 3586 omnia
1066 3517 1657 3587 subministrabat.
1710 3522 1864 3589 Post
1911 3540 2217 3589 mensem
2252 3532 2481 3591 autem
2517 3532 2588 3589 et
2619 3519 2769 3589 dies
2797 3516 3100 3590 sedecim

563 3605 966 3695 perquisivit
1011 3604 1097 3674 de
1126 3605 1244 3675 illo
1296 3606 1751 3677 Diocletianus
1779 3613 2127 3698 Augustus
2176 3622 2452 3699 propter
2499 3607 2803 3699 puellam
2845 3612 3107 3680 Susan-

566 3715 751 3763 nam.
791 3694 1434 3783 Renunciatumque
1481 3707 1584 3766 est
1614 3695 2139 3776 illi,·Claudium
2182 3698 2418 3768 morbo
2453 3697 2692 3767 teneri.
2731 3696 2912 3766 Misit
2934 3717 3104 3787 ergo

564 3782 1028 3853 Diocletianus
1072 3782 1159 3852 ad
1206 3804 1364 3853 eum
1418 3783 1692 3855 fratrem
1741 3784 1897 3872 ejns
1944 3785 2314 3857 Maximum
2345 3839 2361 3867 ,
2421 3786 2748 3857 Comitem
2809 3785 2907 3855 rei
2955 3786 3104 3876 pri-

561 3884 774 3952 vatae,
812 3885 889 3941 ut
925 3872 1241 3943 inviseret
1274 3872 1496 3955 illum,
1547 3887 1614 3943 et
1651 3871 2046 3960 loqueretur
2073 3895 2233 3945 cum
2274 3895 2355 3946 eo
2392 3873 2478 3944 de
2510 3879 2830 3947 Susanna
2864 3873 3102 3964 puella

562 3974 764 4052 nepte
795 3983 944 4033 sua.
996 3965 1064 4031 Is
1102 3961 1226 4031 ubi
1275 3961 1454 4032 venit
1499 3961 1583 4032 ad
1620 3961 2011 4043 Claudium,
2054 3963 2314 4033 invenit
2342 3984 2498 4034 eum
2535 3964 2606 4033 in
2646 3962 2876 4034 cilicio
2899 3984 3107 4034 oran-

562 4061 695 4119 tem
733 4073 750 4117 :
803 4050 1168 4138 subitoque
1213 4049 1458 4141 ingens
1484 4072 1654 4121 eum
1699 4064 1952 4121 tremor
1979 4050 2460 4143 apprehendit,
2502 4052 2735 4140 aitque
2771 4051 2859 4123 ad
2898 4051 3104 4150 Clau-

559 4137 790 4207 dium:
824 4161 861 4205 «
891 4143 1119 4209 Frater
1155 4139 1651 4220 amantissime,
1688 4140 1808 4227 qui
1847 4160 1954 4210 me
1982 4140 2374 4211 incredibili
2406 4162 2641 4211 amore
2666 4162 2708 4211 a
2729 4138 3104 4211 cunabulis

561 4224 894 4305 educasti,
924 4227 1090 4314 quid
1120 4244 1407 4299 caussae
1432 4240 1553 4307 est,
1586 4229 1766 4316 quod
1802 4242 1936 4299 tam
1980 4229 2207 4301 tenuis
2230 4229 2513 4301 effectus
2541 4233 2664 4301 es?
2703 4253 2741 4298 »
2772 4228 3104 4301 Claudius

562 4314 938 4402 responditt
971 4339 1005 4382 «
1033 4315 1100 4385 Si
1130 4337 1238 4386 me
1264 4316 1364 4387 vis
1390 4316 1654 4399 audire,
1678 4316 1903 4388 dicam
1935 4318 2057 4388 tibi
2080 4317 2234 4406 ejus
2256 4322 2347 4387 rei
2372 4340 2678 4389 causam.
2707 4341 2744 4385 »
2762 4318 3103 4389 Maximus

559 4423 717 4472 eum
754 4424 900 4473 com
914 4403 1174 4494 plexuS,
1205 4404 1339 4475 ait:
1370 4427 1405 4472 «
1436 4410 1693 4476 Enarra
1719 4405 1888 4477 mihi
1917 4405 2196 4477 domine
2229 4405 2529 4477 laborem
2566 4407 2874 4499 corporis
2906 4407 3033 4478 tui.
3055 4428 3093 4475 »
