3308 5004
624 316 756 388 232
1023 335 1102 383 nx
1150 335 1244 385 ss.
1295 335 1413 385 uu.
1464 334 1643 385 sixro
1692 335 1787 384 rr.
1839 335 1917 382 1:1-
1963 333 2317 384 unumne
2363 334 2587 383 nsvin
2764 316 2950 384 AUG.
2992 317 3078 384 to

534 421 858 508 auctique
907 419 1166 490 divitiis
1211 429 1277 489 et
1336 419 1764 501 honoribuS,
1828 417 2208 490 consulatis
2273 418 2662 509 vobisipsis.
2714 418 2950 489 Abdon
3012 431 3081 491 et

538 515 794 583 sennes
843 507 1349 599 responderunt
1378 530 1610 580 coram
1658 507 1850 579 omni
1899 513 2203 580 Senatu:
2257 530 2294 575 «
2324 512 2459 578 Nos
2504 529 2587 578 ex
2620 507 2883 579 meritis
2919 529 3081 599 pec-

534 611 821 679 catores,
850 596 1061 669 semel
1088 595 1471 669 obtulimus
1497 597 1787 669 Domino
1808 597 1985 669 Jesu
2015 597 2281 668 Christo
2310 596 2627 687 nosipsos
2656 596 3078 670 oblationem

535 701 603 760 et
644 685 1067 760 sacrificium
1094 740 1110 767 ,
1154 706 1361 777 porro
1403 685 1542 759 diis
1581 687 1720 758 tuis
1773 699 1847 757 tu
1901 685 2245 758 sacrifica.
2283 708 2322 754 »
2372 685 2617 758 Decius
2652 685 2865 756 dixit:
2917 686 3082 757 Istis

536 776 875 850 acerrima
920 785 1261 846 tormenta
1298 789 1536 866 parata
1565 787 1768 848 sunt:
1809 774 2158 865 jussitque
2185 796 2385 846 ursos
2430 773 2690 847 seroces
2735 786 2802 846 et
2847 773 3084 846 leones

535 863 853 958 produci.
906 863 1234 935 Dixerunt
1263 876 1493 936 autem
1522 863 1758 935 Abdon
1791 878 1860 935 et
1890 867 2148 936 Sennes
2178 887 2194 928 :
2248 887 2285 931 (ι
2313 863 2491 947 Quid
2541 864 2887 934 moraris?
2920 868 3078 945 Fac,

537 953 723 1043 quod
794 952 1138 1024 facturum
1211 963 1275 1023 te
1336 964 1560 1043 putas.
1627 958 1761 1023 Nos
1828 952 2057 1024 securi
2122 974 2367 1023 sumus
2421 952 2508 1022 de
2568 953 2858 1023 Domino
2911 956 3084 1023 Jesu

539 1043 829 1203 ghristO,
880 1042 1002 1130 qui
1048 1053 1266 1133 potest
1318 1063 1560 1113 omnes
1604 1041 2053 1133 cogitationes
2100 1053 2293 1123 tuas,
2347 1053 2412 1112 et
2458 1041 2755 1133 teipsum
2804 1062 3084 1129 quoque

588 1145 916 1204 estruere.
958 1154 996 1199 »
1288 1147 1295 1150 ’

631 1223 669 1310 §
714 1223 789 1292 θ’.
843 1219 1065 1290 Altera
1112 1217 1267 1289 luce
1313 1217 1720 1289 nunciatum
1768 1230 1871 1289 est
1919 1218 2158 1301 Decio,
2214 1240 2415 1288 ursos
2451 1230 2516 1290 et
2564 1218 2794 1289 leones
2840 1239 3086 1290 omnes

539 1308 612 1380 in
652 1309 878 1379 caveis
928 1319 1237 1378 mortuos
1280 1329 1452 1378 esse.
1502 1312 1729 1378 Iratus
1777 1306 2053 1389 Decius,
2111 1307 2455 1398 praecepit
2511 1307 2642 1379 sibi
2676 1307 2746 1378 in
2799 1307 3079 1397 amphi-

542 1397 805 1469 theatro
849 1395 1218 1467 editionem
1270 1417 1640 1467 munerum
1691 1396 1942 1486 parari.
1998 1401 2164 1466 Cum
2196 1408 2425 1467 autem
2465 1395 2535 1466 id
2571 1396 2829 1467 factum
2869 1407 3075 1477 esset,

538 1498 606 1560 et
649 1485 735 1557 ad
787 1484 1372 1576 amphitheatrum
1420 1485 1790 1566 venissent,
1844 1485 2089 1555 Decius
2124 1484 2346 1557 noluit
2375 1484 2682 1566 introire,
2717 1482 2836 1555 sed
2885 1482 3084 1553 Vale-

540 1575 737 1646 riano
788 1572 1123 1664 praefecto
1160 1572 1378 1644 dixit:
1432 1574 1499 1644 Si
1549 1594 1686 1644 non
1727 1573 2160 1644 adoraverint
2205 1573 2413 1644 deum
2450 1572 2672 1644 Solem
2700 1625 2723 1654 ,
2776 1571 3082 1644 serarum

411 1674 414 1677 ’
539 1663 890 1735 morsibus
936 1662 1345 1733 lacerentur.
1395 1661 1801 1733 Valerianus
1838 1662 2010 1733 dixit
2040 1662 2124 1733 ad
2156 1661 2391 1733 Abdon
2432 1674 2497 1733 et
2530 1666 2798 1732 Sennen
2834 1685 2849 1726 :
2904 1665 3080 1731 Con-

539 1751 746 1827 sulite
784 1750 1133 1830 natalibus
1179 1750 1446 1833 vestris,
1483 1764 1548 1823 et
1579 1753 1783 1823 thura
1816 1751 2045 1843 ponite
2075 1750 2203 1822 deo
2243 1750 2406 1822 Soli.
2443 1750 2639 1834 Quod
2688 1750 2746 1821 si
2795 1771 2933 1821 non
2981 1749 3084 1820 fe-

538 1840 793 1923 ceritis,
913 1840 1138 1912 ribitis
1158 1840 1504 1912 morsibus
1528 1839 1854 1913 serarum.
1895 1839 2131 1911 Abdon
2163 1850 2230 1912 et
2257 1844 2514 1910 Sennes
2545 1861 2657 1911 res
2753 1838 3078 1909 nderunt:

541 1952 582 2002 «t
609 1929 760 2001 Jam
853 1928 1106 2001 iximus
1141 1929 1287 2009 tibi,
1340 1950 1467 1999 nos
1507 1930 1874 2001 Dominum
1919 1929 2165 2000 Jesum
2217 1928 2559 2001 Christum
2596 1950 2636 1998 a
2688 1949 2916 1998 orare:
2956 1949 3085 1999 nec

542 2039 853 2105 unquam
908 2015 1378 2089 manufactum
1429 2017 1885 2090 simulacrum
1932 2017 2266 2089 colemus.
2295 2040 2330 2085 »
2381 2022 2528 2087 Mox
2574 2038 2738 2108 ergo
2787 2016 3086 2088 nudatos

542 2105 966 2180 furibundus
1019 2106 1307 2178 adduxit
1360 2106 1444 2177 ad
1507 2107 1959 2178 simulacrum
2013 2107 2188 2178 Solis
2232 2106 2432 2196 juxta
2462 2128 2572 2176 am
2629 2104 3079 2186 hitheatrum,

543 2195 1030 2286 praecepitque
1087 2193 1472 2277 militibus,
1535 2208 1612 2265 ut
1657 2195 2146 2285 compellerent
2198 2216 2316 2266 eos
2380 2194 2558 2266 sacri
2587 2215 2793 2264 icare.
2855 2198 2932 2264 At
2979 2192 3086 2265 illi

546 2294 1083 2364 contemnentes,
1138 2295 1523 2375 expuerunt
1567 2285 1639 2356 in
1687 2283 2166 2366 simulacrum,
2200 2283 2656 2371 dixeruntque
2688 2281 3081 2353 Valeriano:

544 2371 697 2446 Jam
745 2370 877 2454 fac,
928 2372 1114 2460 quod
1162 2371 1472 2446 facturus
1507 2394 1603 2443 es.
1657 2378 1830 2444 Tum
1876 2372 2277 2444 Valerianus
2323 2372 2456 2445 sub
2506 2371 2869 2462 praeconis
2923 2392 3089 2442 voce

552 2460 774 2545 ‘ussit,
813 2472 890 2533 ut
927 2460 1306 2553 plumbatis
1350 2460 1824 2545 caederentur,
1866 2461 2150 2534 dicens:
2206 2466 2373 2535 Deos
2428 2460 2915 2553 blasphemare
2960 2481 3086 2532 no-

537 2484 687 2626 ⁴lite.
758 2551 927 2623 Inde
980 2551 1367 2642 praecepit,
1421 2563 1502 2622 ut
1562 2551 1633 2622 in
1683 2551 2266 2642 amphitheatrum
2317 2550 2729 2631 introducti,
2780 2548 3086 2620 ferarum

546 2639 897 2714 morsibus
932 2651 1527 2713 consumerentur.
1581 2641 1880 2731 Ingressi
1929 2653 2156 2711 autem
2206 2638 2440 2711 Abdon
2469 2652 2537 2710 et
2568 2643 2848 2718 Sennes,
2884 2635 3081 2737 dixe-

551 2741 718 2803 runt
762 2750 993 2800 coram
1043 2728 1442 2800 Valeriano:
1502 2753 1530 2794 ι
1565 2733 1822 2800 Nomen
1872 2728 2140 2800 Domini
2191 2728 2405 2799 nostri
2450 2734 2620 2799 Jesu
2664 2726 2944 2805 Christi,
2997 2725 3088 2797 ob

544 2817 732 2906 quod
779 2816 1176 2889 accedimus
1223 2817 1307 2889 ad
1357 2839 1707 2899 coronam,
1746 2816 2109 2888 interdicat
2162 2816 2281 2888 tibi
2315 2817 2677 2888 immunde
2709 2815 3089 2907 spiritus.»

546 2910 1019 2996 Expressoquc
1065 2905 1265 2996 signo
1323 2906 1581 2987 CruciS,
1623 2905 2034 2977 introierunt
2073 2905 2140 2977 in
2182 2905 2766 2995 amphitheatrum
2802 2904 2871 2973 in
2921 2924 3091 2975 con-

549 3005 793 3084 spectu
837 2992 1175 3066 Valeriani
1214 3048 1229 3075 ,
1295 2994 1466 3064 nudi
1530 2993 1808 3081 quidem
1859 3014 2165 3085 corpore,
2236 2993 2354 3066 sed
2426 2994 2770 3065 Christum
2829 2991 3081 3066 induti.

551 3082 735 3153 Dixit
780 3094 1009 3153 autem
1041 3082 1485 3154 Valerianus:
1531 3082 1975 3153 Dimittantur
2012 3081 2242 3154 leones
2273 3081 2438 3163 duo,
2479 3095 2547 3154 et
2573 3082 2722 3155 ursi
2757 3093 3084 3183 quatuor.

551 3170 612 3241 Ii
655 3168 955 3252 dimissi,
1009 3183 1341 3242 venerunt
1386 3184 1710 3262 rugentes
1757 3170 1841 3241 ad
1879 3170 2089 3261 pedes
2135 3183 2554 3253 sanctorum,
2610 3192 2734 3241 nec
2774 3170 2937 3241 inde
2981 3191 3091 3240 re·-

552 3256 935 3330 cedebant:
1006 3258 1124 3331 sed
1189 3259 1417 3349 potius
1475 3258 1956 3332 custodiebant
2001 3282 2142 3331 eos.
2208 3259 2381 3331 Dixit
2426 3281 2590 3351 ergo
2635 3258 3085 3330 Valerianus:

553 3346 680 3419 Hic
725 3359 1011 3438 apparet
1057 3346 1335 3418 illorum
1385 3349 1654 3440 magica
1701 3370 1838 3419 ars.
1873 3353 2081 3420 Nemo
2113 3369 2270 3419 vero
2306 3347 2393 3419 ad
2429 3347 2584 3419 illos
2621 3347 2940 3419 accedere
2971 3367 3087 3437 po·

553 3446 725 3508 terat
748 3449 1025 3525 propter
1048 3436 1381 3527 impetum
1413 3436 1712 3508 ferarum
1727 3491 1742 3506 .
1771 3442 2010 3525 Itaque
2029 3436 2429 3510 Valerianus
2453 3437 2555 3508 ira
2584 3436 3084 3519 inflammatuS,

555 3525 903 3615 praecepit
930 3537 1008 3596 ut
1034 3524 1447 3616 gladiatores
1479 3525 1564 3596 ad
1599 3538 1876 3598 sanctos
1923 3526 2307 3607 introirent,
2349 3539 2417 3596 et
2450 3547 2567 3598 eos
2597 3524 3084 3595 interficerent.

555 3615 720 3685 Cum
770 3634 935 3704 ergo
980 3634 1095 3685 eos
1130 3613 1653 3705 percussissent,
1707 3613 1936 3706 ligatis
1988 3615 2301 3706 pedibus,
2345 3614 2555 3704 jussu
2600 3613 2942 3684 Valeriani
2977 3633 3092 3685 ex·

554 3712 911 3773 traxerunt
952 3723 1090 3783 eos,
1144 3714 1211 3774 et
1259 3703 1696 3792 projecerunt
1741 3703 1824 3775 ad
1877 3703 2053 3776 Solis
2089 3703 2545 3775 simulacrum
2625 3724 2788 3793 rope
2818 3701 3093 3792 amphi-

556 3789 928 3871 theatrum,
980 3790 1106 3861 ubi
1143 3791 1212 3861 in
1263 3790 1808 3866 Christianorum
1855 3790 2246 3883 exemplum
2296 3791 2518 3863 tribus
2613 3791 2814 3863 iebus
2849 3791 3093 3880 jacue-

549 3890 737 3953 runt.
761 3883 919 3951 Post
942 3878 1248 3952 triduum
1280 3880 1462 3950 venit
1491 3880 1776 3969 quidam
1811 3881 2242 3955 Christianus
2271 3880 2562 3970 Cyrinus
2587 3879 3086 3967 subdiaconus,

548 3967 671 4055 qui
703 3966 890 4058 apud
924 3967 1510 4058 amphitheatrum
1547 3969 1983 4039 morabatur:
2021 3968 2490 4060 colligensque
2525 3982 2745 4040 noctu·
2771 3988 3086 4058 corpora,

547 4055 857 4127 condidit
901 4077 981 4127 ea
1027 4058 1095 4126 in
1138 4079 1300 4127 arca
1344 4057 1671 4148 plumbea
1727 4058 1797 4127 in
1847 4058 2052 4129 domo
2097 4079 2266 4138 sua,
2337 4058 2532 4128 tertio
2579 4056 2912 4129 Calendas
2959 4061 3093 4128 Au-

548 4145 758 4235 gusti.
829 4149 1204 4216 Latuerunt
1266 4159 1496 4216 autem
1564 4168 1855 4236 corpora
1919 4157 2314 4217 sanctorum
2385 4146 2618 4217 Abdon
2692 4159 2760 4216 et
2827 4149 3090 4217 Sennes

547 4254 771 4320 usque
818 4234 904 4303 ad
955 4247 1264 4326 tempora
1311 4235 1780 4306 Constantini:
1831 4258 1969 4326 quo
2034 4236 2460 4337 imperante,
2514 4235 2848 4306 divinitus
2901 4255 3092 4305 reve-
3205 4258 3224 4273 ·

550 4319 687 4481 {ata
735 4333 919 4479 sugit,
958 4335 1023 4393 et
1055 4345 1096 4393 a
1128 4320 1535 4396 Christianis
1577 4324 1861 4407 elevata,
1904 4337 2211 4413 atquem
2242 4324 2729 4395 coemeterium
2771 4322 3090 4394 Pontiani

579 4430 742 4479 rans
772 4431 810 4479 a
842 4432 906 4479 a.
