3308 5004
677 318 809 386 ⁸56
1249 335 1330 384 nn
1367 335 1429 384 s.
1479 332 1812 384 muno
1857 334 2002 384 Aa.
2050 331 2435 383 mnum-
2805 316 2996 385 AUG.
3063 317 3158 384 20

590 439 750 492 vero
810 418 1192 492 efficeretur
1256 441 1392 492 non
1464 418 1612 490 sola
1666 418 1918 491 domus
1971 418 2335 510 Episcopi,
2387 417 2506 490 sed
2567 431 2636 490 et
2700 440 2823 511 per
2882 420 3156 511 ipsum

591 524 726 582 tota
785 509 1026 580 civitas
1100 508 1663 580 catalaunensis:
1713 507 2093 596 quinetiam
2141 519 2209 577 et
2254 509 2661 580 Rbemensis
2719 509 3091 600 provincia
3123 564 3146 590 ‚

584 614 654 671 et
699 598 917 670 Gallia
966 610 1100 669 tota
1149 619 1270 688 per
1321 619 1482 668 eum
1532 597 1602 666 in
1634 596 2064 668 devotionem
2109 597 2398 667 excitata
2442 609 2545 668 est
2580 611 2648 668 et
2681 598 3150 669 reverentiam

586 688 717 759 viri
741 688 881 769 Dei,
907 687 1000 758 ita
1035 686 1342 775 uthuJus
1367 686 1696 777 temporis
1724 686 2185 777 praesensisse
2214 685 2283 755 in
2331 707 2412 756 eo
2458 686 2750 776 gratiam
2800 686 3154 758 videatur

588 776 796 848 homo
829 788 1052 846 tantae
1097 774 1549 855 auctoritatis,
1600 775 1702 845 sic
1757 775 2047 847 affectus
2091 795 2257 864 erga
2303 774 2618 866 ignotum
2672 774 3136 856 monachum,

589 880 655 936 et
687 864 1098 935 monachum
1143 877 1371 935 tantae
1410 863 1847 934 humilitatis.

623 1022 629 1028 .
673 957 711 1042 ξ
753 958 920 1025 88.
973 952 1237 1025 Modico
1283 974 1442 1023 vero
1490 965 1641 1044 post
1688 965 1993 1043 tempore
2039 963 2407 1034 transact0,
2461 973 2622 1022 cum
2673 974 2981 1041 eousque
3032 954 3146 1022 io-

582 1041 879 1118 flrmitas
927 1042 1203 1113 Abbatis
1250 1042 1790 1132 ingravesceret,
1842 1054 1920 1112 ut
1955 1041 2103 1131 jam
2157 1062 2293 1110 non
2346 1040 2482 1111 nisi
2532 1063 2719 1111 mors
2765 1042 2956 1133 ejus,
3009 1055 3141 1112 ast

584 1132 779 1203 omni
828 1143 1044 1202 morte
1090 1130 1363 1223 gravior
1412 1130 1546 1200 vita
1588 1146 2021 1221 speraretur,
2076 1129 2163 1200 ab
2218 1128 2558 1224 Episcopo
2620 1130 2934 1203 visitatus
2997 1144 3131 1202 est.

584 1224 893 1309 Cumque
942 1220 1083 1290 viso
1128 1241 1209 1290 eo
1255 1219 1637 1311 Episcopus
1682 1241 1755 1290 se
1802 1241 1940 1290 non
1991 1216 2216 1290 solum
2266 1218 2443 1289 vitae
2488 1220 2675 1309 ejus,
2729 1219 2847 1291 sed
2896 1233 2964 1289 et
3015 1243 3135 1290 sa—

588 1310 823 1379 nitatis
873 1332 905 1380 s
985 1331 1063 1378 -m
1105 1308 1356 1380 habere
1401 1307 1678 1389 diceret,
1731 1307 1792 1378 si
1838 1307 2128 1378 consilio
2173 1307 2327 1397 ejus
2362 1309 2833 1396 acquiescens,
2878 1330 3134 1379 secun-

584 1396 753 1467 dum
810 1398 875 1467 in
938 1397 1229 1468 rmitatis
1275 1419 1444 1469 suae
1493 1396 1774 1468 modum
1823 1396 1912 1467 ali
1971 1418 2130 1468 uam
2178 1396 2451 1488 corpori
2499 1419 2627 1467 suo
2663 1419 2903 1468 curam
2938 1411 3133 1488 pate

588 1499 777 1556 retur
809 1486 1159 1578 impendi:
1197 1484 1314 1557 ille
1340 1508 1495 1556 vero
1525 1508 1566 1556 a
1600 1486 1825 1577 rigore
1856 1508 1932 1556 ve
1983 1506 2122 1557 usu
2149 1485 2673 1557 consuetudinis
2699 1508 2865 1558 suae
2891 1486 3132 1558 minus

588 1574 788 1645 facile
816 1575 997 1646 flecti
1033 1589 1281 1666 posset,
1321 1573 1664 1667 profectus
1695 1574 2079 1677 Episcopus
2107 1574 2192 1643 ad
2230 1574 2619 1664 Capitulum
2653 1576 3126 1657 Cisteroiense,

588 1663 684 1735 ibi
732 1685 960 1735 coram
1013 1664 1331 1755 pauculis
1379 1663 1793 1746 AbbatibuS,
1847 1685 1968 1752 qut
2015 1676 2498 1745 convenerant,
2556 1663 2932 1754 pontificali
2996 1664 3133 1735 hu-

588 1752 878 1825 militate
921 1766 988 1823 et
1025 1752 1429 1823 sacerdotali
1469 1752 1804 1842 charitate
1835 1763 1972 1824 toto
2004 1773 2291 1842 corpore
2321 1751 2391 1821 in
2425 1764 2676 1822 terram
2715 1764 3124 1843 prostratus,

590 1841 783 1932 petiit
826 1854 893 1912 et
920 1841 1241 1920 obtinuit,
1278 1854 1356 1912 ut
1388 1853 1523 1912 toto
1555 1863 1739 1911 anno
1767 1862 1909 1912 uno
1948 1841 2018 1910 in
2052 1840 2512 1912 obedientiam
2547 1840 2681 1911 sibi
2717 1840 3122 1913 traderetur.

587 1928 764 2013 Quid
813 1929 997 2000 enim
1049 1942 1275 2000 tantae
1324 1929 1697 2000 humilitati
1746 1929 1815 2000 in
1869 1943 2052 2000 tanta
2109 1942 2336 2020 posset
2385 1930 2786 2001 auctoritate
2845 1933 3127 2021 negati?

589 2022 926 2090 Reversus
970 2019 1200 2107 itaque
1247 2018 1716 2099 Claravallem,
1767 2031 1958 2089 extra
2002 2019 2385 2090 claustrum
2425 2032 2492 2089 et
2526 2019 2854 2090 terminos
2884 2041 3126 2090 mom-

589 2107 778 2177 sterii
825 2106 1318 2178 domunculam
1369 2129 1581 2178 unam
1632 2107 1698 2177 ei
1730 2107 1878 2177 fieri
1907 2128 2155 2210 praece
2209 2108 2282 2190 it,
2319 2107 2652 2177 ordinans
2683 2120 2749 2178 et
2782 2108 3123 2179 mandans

591 2196 661 2266 in
712 2196 867 2267 cibo
917 2195 1015 2266 vel
1068 2208 1232 2286 potu
1262 2251 1279 2278 ,
1332 2196 1473 2267 sive
1519 2197 1753 2284 aliquo
1800 2196 2130 2287 hujusmo
2184 2196 2251 2278 i,
2303 2197 2487 2266 circa
2532 2217 2689 2266 eum
2741 2196 3012 2267 nullam
3053 2198 3122 2267 ei

584 2284 686 2355 ibi
735 2284 944 2355 teneri
994 2285 1259 2356 ordinis
1304 2284 1830 2367 districtionem,
1886 2284 2150 2357 nullam
2202 2285 2287 2355 de
2335 2297 2468 2356 tota
2516 2306 2688 2355 cura
2733 2284 2993 2357 domus
3028 2285 3123 2356 ad

588 2395 747 2445 eum
783 2373 1020 2444 referri
1052 2374 1606 2445 solicitudinem:
1658 2374 1775 2445 sed
1810 2373 1946 2446 sibi
1976 2395 2137 2447 eum
2172 2374 2270 2445 ibi
2302 2374 2521 2445 vivere
2550 2372 2940 2445 secundum
2978 2396 3124 2445 no-

584 2461 756 2535 dum
791 2463 878 2534 ab
914 2484 995 2534 eo
1031 2463 1539 2554 praestitutum.

672 2556 712 2642 ξ
754 2558 915 2627 34.
966 2552 1214 2624 Eodem
1267 2566 1569 2644 tempore
1613 2565 1679 2623 et
1809 2576 1851 2624 o
1887 2552 2354 2634 Claravallem,
2401 2551 2771 2644 ipsumque
2806 2551 3123 2641 frequen-

588 2654 732 2713 tare
777 2643 1230 2734 coeperimus.
1282 2646 1497 2725 Quem
1545 2664 1706 2712 cum
1759 2665 1779 2711 ι
1832 2642 1853 2711 i
1891 2663 2053 2712 cum
2090 2640 2391 2729 quodam
2431 2642 2685 2713 Abbate
2715 2642 2932 2713 altero
2961 2641 3122 2712 visi-

586 2743 825 2813 tarem,
876 2731 1106 2802 inveni
1151 2752 1309 2801 eum
1361 2730 1432 2800 in
1482 2751 1608 2802 suo
1637 2729 1757 2801 illo
1786 2730 2087 2822 tuguri0,
2128 2729 2332 2818 quale
2363 2730 2656 2822 leprosis
2686 2730 2758 2801 in
2797 2731 3122 2822 compitis

587 2820 889 2910 publicis
934 2820 1082 2890 fieri
1132 2819 1322 2891 solet.
1378 2819 1615 2890 Inveni
1661 2831 1893 2890 autem
1942 2841 2023 2889 ex
2072 2831 2432 2911 praecepto
2461 2875 2477 2900 ,
2531 2832 2607 2889 ut
2650 2819 2915 2889 dictum
2962 2831 3110 2901 est,

589 2909 907 3001 Episcopi
952 2922 1017 2979 et
1063 2908 1426 2989 Abbatum,
1478 2907 1797 2979 feriatum
1837 2907 1926 2978 ab
1955 2907 2147 2978 omni
2180 2908 2622 2979 solicitudine
2657 2908 2930 2988 domus,
2973 2921 3113 2978 tam

585 2997 896 3068 interiori
940 3020 1148 3085 quam
1196 2997 1534 3078 exteriori,
1587 3008 1942 3067 vacantem
1989 3007 2056 3067 et
2105 3000 2234 3067 Deo
2269 3010 2337 3067 et
2365 2997 2526 3078 sibi,
2567 3011 2633 3068 et
2663 2998 2865 3085 quasi
2904 3001 2967 3067 in
2997 2996 3118 3068 de·

584 3084 770 3157 liciis
814 3085 1117 3176 paradisi
1154 3085 1595 3156 exultantem.
1638 3091 2002 3177 Ingressus
2054 3107 2141 3156 ue
2179 3085 2448 3177 regium
2479 3084 2652 3156 illud
2685 3086 3110 3167 cubiculum,

586 3196 746 3244 cum
778 3174 1282 3245 considerarem
1319 3175 1809 3245 habitationem
1839 3174 2020 3245 etha
2076 3174 2411 3257 itatorem,
2453 3187 2642 3245 tanta
2671 3175 2842 3245 mihi
2866 3175 3112 3264 (Deum

588 3263 839 3352 testor)
883 3262 1134 3334 domus
1180 3263 1331 3354 ipsa
1378 3263 1756 3334 incutiebat
1801 3264 2245 3335 reverentiam
2305 3264 2462 3345 sui,
2521 3263 2665 3336 acsi
2721 3263 3114 3365 ingrederer

584 3349 674 3422 ad
722 3350 934 3422 altare
982 3352 1132 3422 Dei:
1177 3363 1500 3439 tantaque
1532 3374 1686 3423 sum
1729 3353 2017 3423 affectus
2050 3352 2384 3425 suavitate
2419 3353 2602 3423 circa
2642 3352 2989 3422 hommem
3033 3352 3115 3422 il-

584 3437 759 3521 lum,
816 3452 1136 3528 tantoque
1182 3439 1525 3511 desiderio
1571 3440 1642 3510 in
1696 3462 1834 3531 pau
1883 3453 2092 3513 ertate
2142 3439 2261 3511 illa
2307 3454 2374 3512 et
2420 3440 2860 3532 simplicitate
2901 3440 3112 3511 coha-

580 3525 847 3600 bitandi
886 3529 985 3610 ei,
1031 3541 1110 3600 ut
1139 3529 1200 3598 si
1231 3529 1417 3621 optio
1448 3527 1569 3599 illa
1600 3528 1715 3600 die
1749 3530 1840 3600 mi
1899 3531 1915 3599 i
1949 3529 2107 3601 data
2137 3530 2402 3604 fuisset.
2439 3529 2535 3600 nil
2569 3543 2707 3600 tam
2741 3544 3106 3622 optassem,

580 3638 792 3707 quam
844 3616 939 3687 ibi
983 3638 1146 3688 cum
1194 3639 1276 3688 eo
1322 3639 1596 3709 semper
1642 3639 1919 3690 manere
1964 3619 2049 3689 ad
2099 3619 2535 3689 serviendum
2584 3619 2672 3690 ei.
2718 3623 3019 3706 Cumque
3047 3634 3114 3691 et

583 3707 732 3797 ipse
761 3705 1064 3776 vicissim
1104 3726 1229 3776 nos
1258 3728 1422 3778 cum
1452 3706 1708 3798 gaudio
1740 3728 1942 3778 susce
1995 3708 2183 3788 isset,
2217 3720 2284 3778 et
2313 3730 2805 3796 quaereremus
2833 3707 3003 3796 quid
3039 3731 3113 3777 a·

581 3808 793 3887 geret,
835 3794 1184 3883 quomodo
1206 3793 1314 3865 -ibi
1358 3796 1631 3877 viveret,
1663 3794 1867 3867 modo
1896 3797 1943 3867 il
1975 3819 2016 3867 o
2044 3818 2174 3868 suo
2198 3797 2498 3888 gratioso
2519 3796 2835 3866 arridens
2874 3795 3105 3867 nobis:

581 3906 618 3952 a
666 3884 960 3975 Optime,
1010 3883 1131 3954 ait.
1182 3888 1344 3975 Ego,
1396 3886 1509 3955 cui
1551 3885 1883 3956 hactenus
1931 3885 2247 3956 homines
2280 3885 2647 3957 rationales
2675 3884 3103 3968 obediebant,

569 3973 759 4063 justo
806 3973 922 4044 Dei
962 3971 1257 4060 judicio,
1312 3973 1769 4045 irrationabili
1813 3974 2096 4045 cuidam
2128 3973 2385 4045 bestiae
2411 3974 2624 4045 datus
2650 3996 2805 4046 sum
2837 3973 2923 4044 ad
2960 3976 3111 4046 obe·

579 4060 938 4133 diendum.
967 4085 1005 4131 ι
1053 4061 1330 4133 Dicebat
1372 4063 1558 4134 enim
1584 4063 1696 4134 ·de
1737 4063 2041 4151 quodam
2093 4063 2374 4134 homine
2420 4065 2769 4135 rusticano
2813 4076 2879 4133 et
2913 4086 3107 4146 vano,

581 4148 679 4219 nil
732 4172 1016 4241 prorsus
1060 4151 1340 4233 sciente,
1393 4152 1764 4243 ipsumque
1810 4153 1897 4223 ab
1944 4152 2367 4234 infirmitate,
2409 4174 2549 4240 qua
2580 4152 2863 4230 laborat,
2907 4174 3104 4223 cura·

581 4247 812 4309 turum
864 4260 940 4310 se
977 4238 1322 4328 jactante:
1373 4240 1491 4311 cui
1522 4240 1609 4311 ad
1642 4240 2109 4312 obediendum
2148 4241 2239 4313 ab
2269 4241 2608 4333 Episcopo
2636 4255 2706 4312 et
2739 4240 3111 4314 Abbatibus

578 4339 647 4397 et
689 4324 1018 4400 fratribus
1060 4329 1212 4400 suis
1261 4328 1553 4401 traditus
1589 4343 1760 4401 erat.
1799 4330 2039 4419 Ibique
2076 4352 2239 4401 cum
2271 4351 2353 4400 eo
2386 4330 2909 4412 manducanteS,
2951 4352 3108 4402 cum

578 4414 1076 4488 arbitraremur
1128 4417 1478 4488 hominem
1545 4431 1685 4489 tam
1756 4418 2158 4503 infirmum,
2220 4432 2587 4509 tantaeque
2651 4418 3110 4512 providentiae
