3308 5004
152 337 346 403 AUG.
401 337 444 403 6
962 354 1041 401 mi
1087 353 1590 403 raANsriouaAr.
1644 351 1896 402 cniusrr
2500 337 2627 403 ⁴93

154 437 294 509 tale
321 438 494 527 quid
545 436 730 530 apud
781 459 856 509 se
887 437 1290 528 cogitantes,
1343 438 1623 509 dicere:
1679 436 2033 521 Quomodo
2083 436 2363 529 negabit
2409 440 2567 527 quis
2616 463 2720 511 se·

154 527 394 619 ipsum
424 583 440 610 ,
495 542 616 598 aut
662 525 1010 615 quomodo
1057 528 1180 614 qui
1228 549 1427 599 suam
1497 526 1796 618 perdidit
1854 527 2162 597 animam
2193 580 2215 608 ‚
2273 548 2424 598 eam
2475 550 2722 600 rursus

154 616 524 688 inveniet?
571 615 761 700 Quod
797 628 1026 687 autem
1061 617 1170 699 iis,
1223 617 1345 704 qui
1393 616 1523 686 hoc
1557 615 1746 707 passi
1795 613 2077 698 fuerint,
2127 616 2256 687 erit
2297 619 2714 708 praemium,

150 704 343 793 quod
395 706 460 776 ei
523 704 990 796 respondeat?
1036 717 1156 775 aut
1202 706 1407 776 etiam
1457 727 1925 793 quorumnam
1976 706 2105 776 erit
2151 705 2495 776 donorum
2561 729 2721 799 par—

155 794 378 885 ticeps
404 799 437 863 ?
468 799 550 864 Ut
582 794 751 866 tales
782 815 944 885 ergo
983 794 1433 885 cogitationes
1470 806 1537 865 et
1564 795 1774 865 verba
1807 795 1907 865 eis
1936 793 2222 876 adimat,
2258 807 2326 866 et
2361 816 2480 865 eos
2510 796 2719 868 veluti

155 881 603 955 transfundat
650 895 716 954 et
763 895 1173 955 transmutet
1219 883 1305 954 ad
1355 883 1576 953 animi
1626 882 2227 984 magnitudinem,
2282 883 2475 984 ers,
2541 907 2722 973 quae

157 972 336 1064 ipsis
384 972 618 1043 danda
665 984 791 1053 est,
895 971 1106 1044 loriae
1166 973 1584 1065 ingenerans
1631 971 2055 1044 desiderium
2094 995 2110 1037 :
2165 995 2202 1039 «
2247 977 2408 1043 Dico
2469 976 2711 1056 vobiS,

161 1061 389 1150 inquit
422 1117 438 1144 ,
502 1075 665 1134 sunt
711 1061 832 1150 qui
885 1083 995 1131 am
1063 1084 1143 1132 ex
1197 1063 1282 1132 iis
1340 1060 1461 1150 qui
1517 1061 1632 1131 hic
1697 1073 1928 1143 stant,
1980 1061 2102 1149 qui
2153 1083 2288 1131 non
2340 1064 2721 1153 gustabunt

162 1165 502 1232 mortem,
566 1152 784 1222 donec
832 1150 1129 1222 viderint
1176 1173 1467 1243 regnum
1534 1150 1674 1219 Dei.
1722 1173 1759 1218 »
1808 1156 1984 1222 Num
2037 1150 2137 1220 eis
2190 1172 2496 1238 eousque
2541 1152 2720 1222 vitae

158 1240 569 1311 extendetur
614 1261 965 1322 mensura,
1024 1253 1096 1311 ut
1142 1239 1227 1311 ad
1279 1240 1398 1310 illa
1447 1240 1800 1331 perveniat
1848 1252 2181 1328 tempora,
2236 1251 2390 1329 post
2436 1241 2716 1328 quaein

157 1328 765 1401 consummatione
813 1328 1204 1399 seculorum
1255 1327 1689 1399 descendens
1732 1328 1820 1398 de
1850 1327 2084 1410 coelis,
2123 1329 2431 1399 restituet
2461 1330 2719 1401 sanctis

159 1429 484 1509 paratum
540 1418 639 1488 eis
694 1424 1037 1509 regnum?
1085 1417 1209 1487 Sed
1277 1418 1298 1486 i
1352 1439 1426 1488 se
1485 1416 1768 1505 quidem
1829 1416 1958 1487 hoc
2023 1430 2371 1507 praestare
2427 1430 2713 1508 poterat.

163 1506 423 1607 Omnia
449 1508 634 1609 enim
669 1519 922 1598 potest:
960 1529 1086 1577 nec
1118 1519 1220 1579 est
1251 1528 1290 1577 a
1325 1505 1540 1595 iquid‚
1575 1504 1761 1594 quod
1796 1528 1930 1575 non
1976 1505 2244 1598 possint
2275 1505 2541 1576 efficere
2569 1507 2721 1597 ejus

160 1607 628 1686 potentissimi
673 1609 910 1667 nutus.

255 1691 295 1766 ἓ
345 1687 440 1755 8.
495 1689 808 1775 Regnum
859 1696 1085 1755 autem
1141 1684 1310 1755 dicit
1340 1684 1570 1775 ipsum
1603 1683 1865 1785 gloriae
1903 1683 2425 1775 spectaculum:
2480 1685 2550 1754 in
2584 1706 2725 1772 qua

160 1772 318 1862 ipse
368 1794 644 1874 quoque
703 1772 1046 1844 videbitur
1078 1773 1196 1845 illo
1231 1787 1557 1865 tempore,
1601 1796 1673 1843 1n
1722 1795 1860 1861 quo
1909 1773 2374 1864 resplendebit
2408 1774 2477 1843 in
2516 1789 2749 1856 terra„

158 1860 401 1930 Veniet
433 1883 618 1931 enim
670 1862 738 1933 in
774 1861 992 1952 gloria
1027 1863 1141 1932 Dei
1180 1863 1422 1945 PatriS,
1476 1873 1541 1932 et
1575 1884 1712 1932 non
1747 1862 1819 1931 in
1866 1884 1946 1932 ea
2005 1884 2181 1962 quae
2243 1874 2344 1932 est
2402 1863 2471 1931 in
2524 1862 2725 1933 nobis

161 1947 561 2021 humilitate
592 1963 658 2021 et
704 1952 1109 2041 abjectione.
1146 1950 1503 2035 Quomodo
1534 1972 1699 2042 ergo
1739 1950 1898 2021 fecit
1947 1951 2270 2022 miraculi
2309 1964 2726 2043 spectatores

159 2058 282 2108 eos
329 2040 453 2127 qui
495 2039 913 2130 promissum
951 2044 1413 2130 acceperant?
1459 2038 1780 2110 Ascendit
1828 2040 1896 2110 in
1950 2052 2280 2122 montem,
2334 2039 2599 2111 habens
2645 2061 2727 2110 ex

161 2128 267 2197 eis
317 2140 455 2199 tres
501 2128 775 2201 electos.
831 2128 1086 2199 Deinde
1135 2141 1640 2201 transmutatur
1701 2129 1770 2198 in
1835 2128 2210 2217 quemdam
2279 2130 2723 2201 excellentem

160 2229 230 2286 et
279 2216 593 2288 divinum
645 2217 1111 2309 splendorem,
1150 2218 1320 2289 adeo
1349 2230 1426 2289 ut
1457 2218 1609 2308 ejus
1649 2218 1859 2289 vestis
1904 2217 2254 2289 videretur
2283 2219 2728 2310 resplendere

160 2304 391 2376 instar
438 2307 752 2378 luminis.
791 2307 1047 2378 Deinde
1097 2312 1312 2379 Moses
1351 2319 1416 2378 et
1463 2306 1645 2377 Elias
1691 2313 1929 2377 Jesum
1957 2307 2598 2388 -circumsistenteS,
2639 2307 2725 2376 de

160 2396 316 2484 ejus
364 2395 655 2468 decessu
710 2397 890 2466 inter
943 2417 1017 2467 se
1067 2396 1574 2484 loquebantur,
1628 2417 1835 2484 quem
1884 2408 2029 2466 erat
2084 2396 2595 2488 adimpleturus
2651 2397 2719 2466 in

159 2484 573 2568 Jerusalem,
607 2485 737 2559 hoc
784 2498 909 2569 est,
946 2487 1097 2578 ejus
1142 2508 1319 2574 quae
1350 2497 1452 2557 est
1499 2508 1658 2557 cum
1712 2507 1919 2555 earne
1967 2485 2408 2557 oeconomiae
2469 2497 2724 2576 myste-

164 2575 349 2645 rium
377 2630 393 2657 ,
447 2588 514 2647 et
561 2574 932 2647 salutarem
982 2577 1424 2667 passionem,
1479 2595 1706 2663 quae,
1763 2575 2047 2663 inquam
2077 2630 2098 2656 ,
2158 2575 2388 2646 futura
2456 2587 2602 2644 erat
2649 2575 2720 2644 in

164 2668 407 2733 Cruce.

250 2755 291 2839 ξ
339 2757 428 2826 4.
479 2759 729 2823 Verum
769 2753 955 2823 enim
988 2763 1112 2834 est,
1151 2751 1332 2840 quod
1377 2750 1482 2822 lex
1513 2753 1742 2833 Mosis,
1780 2764 1846 2823 et
1874 2774 2100 2822 sermo
2135 2763 2532 2822 sanctorum
2565 2756 2725 2821 Pro-

159 2840 562 2998 phetarum,
602 2842 852 2913 Christi
894 2842 1090 2944 prius
1136 2841 1587 2913 ostenderunt
1633 2841 2042 2932 mysterium
2081 2866 2095 2908 ;
2147 2838 2271 2910 illa
2317 2840 2600 2928 quidem
2656 2840 2724 2909 in

189 2929 419 3020 iguris
464 2943 531 3000 et
576 2931 848 3003 umbris
897 2953 1126 3021 ipsum
1182 2930 1679 3022 propemodum
1743 2929 2144 3001 describens
2192 2930 2262 2999 in
2315 2930 2600 3000 tabula:
2655 2928 2730 2998 hi

162 3033 400 3089 autem
452 3018 903 3090 multifariam
943 3019 1317 3107 multisque
1349 3020 1572 3089 modis
1607 3018 2104 3110 praedicenteS,
2156 3024 2338 3107 quod
2388 3028 2515 3090 suo
2557 3030 2730 3088 tem-

162 3128 333 3197 pore
373 3108 720 3181 videbitur
750 3109 819 3178 in
856 3120 1089 3179 nostra
1120 3107 1366 3191 forma,
1401 3123 1468 3180 et
1503 3108 1688 3196 quod
1725 3129 1847 3199 pro
1896 3107 2117 3179 salute
2147 3120 2214 3178 et
2246 3108 2383 3178 vita
2410 3107 2724 3178 omnium

162 3217 303 3267 non
347 3199 697 3269 recusabit
746 3198 886 3289 pati
922 3211 1209 3268 mortem
1260 3198 1331 3267 in
1383 3197 1596 3299 ligno.
1653 3197 1846 3280 Quod
1897 3209 2126 3267 autem
2170 3202 2386 3267 Moses
2432 3209 2501 3266 et
2547 3196 2728 3266 Elias

162 3285 481 3370 aderant,
532 3301 599 3357 et
646 3286 857 3357 simul
909 3287 1391 3375 loquebantur,
1446 3287 1514 3356 id
1572 3286 1781 3357 fiebat
1828 3286 1957 3355 hoc
2005 3284 2320 3367 consilio,
2376 3299 2452 3356 ut
2499 3296 2726 3355 osten-

164 3373 488 3457 deretur,
544 3376 760 3467 legem
811 3386 878 3446 et
921 3376 1295 3467 Prophetas
1341 3398 1493 3447 esse
1539 3375 1750 3445 veluti
1802 3374 2128 3445 satellites
2179 3375 2452 3444 Domini
2505 3375 2725 3445 nostri

163 3468 331 3533 Jesu
407 3464 704 3545 Christi,
785 3476 865 3535 ut
929 3465 1050 3553 qui
1098 3465 1186 3535 ab
1236 3465 1408 3556 ipsis
1464 3464 1669 3535 fuerit
1716 3478 2034 3535 ostensus
2085 3465 2418 3534 Dominus
2476 3485 2596 3555 per
2643 3486 2724 3534 ea

211 3574 344 3623 uae
392 3553 919 3644 significarunt,
970 3575 1148 3642 quae
1185 3565 1382 3624 erant
1434 3553 1610 3625 inter
1657 3576 1730 3624 se
1784 3553 2288 3624 convenientia.
2342 3556 2487 3623 Non
2536 3553 2723 3622 enim

216 3640 512 3712 issident
557 3665 597 3712 a
645 3642 707 3713 le
756 3664 816 3726 e,
854 3663 935 3713 ea
972 3664 1151 3732 quae
1183 3643 1519 3713 dicuntur
1551 3664 1675 3734 per
1721 3644 2120 3734 Prophetas.
2174 3647 2250 3713 Et
2300 3641 2428 3712 hoc
2466 3654 2591 3724 est,
2644 3652 2723 3711 ut

171 3730 465 3801 arbitror
497 3786 513 3813 ,
566 3754 663 3820 qu
810 3732 988 3803 inter
1043 3753 1115 3805 se
1161 3731 1735 3820 colloquebantur
1792 3737 2008 3803 Moses
2072 3731 2600 3811 sanctissimus,
2656 3740 2722 3799 et

170 3819 663 3910 Prophetarum
715 3821 1019 3911 optimus
1050 3876 1066 3902 ,
1120 3821 1179 3891 is
1225 3835 1454 3892 autem
1504 3832 1650 3891 erat
1697 3820 1902 3890 Elias.
1969 3825 2192 3891 Potest
2249 3833 2483 3890 autem
2532 3817 2725 3888 aliud

166 3928 445 3996 quoque
481 3910 941 3981 considerari:
996 3911 1333 3993 Quoniam
1369 3931 1449 3980 ex
1484 3910 1712 3981 turbis
1741 3908 1863 3978 alii
1892 3909 2176 3997 quidem
2208 3908 2534 3980 dicebant
2567 3929 2724 3976 eum

161 4018 315 4069 esse
364 3997 611 4081 Eliam,
664 3998 785 4069 alii
830 3999 1225 4081 seremiam,
1277 3999 1397 4070 alii
1433 4019 1589 4070 vero
1621 4019 1842 4068 unum
1879 4020 1957 4067 ex
2000 3997 2402 4088 Prophetis:
2447 3995 2732 4065 adducit

158 4108 405 4187 eorum
467 4088 818 4180 principes
848 4144 864 4171 ,
914 4101 993 4159 ut
1034 4087 1138 4158 vel
1178 4111 1258 4160 ex
1310 4090 1439 4159 hoc
1491 4088 1793 4169 videant,
1848 4085 2019 4174 quid
2070 4086 2343 4157 intersit
2376 4086 2553 4155 inter
2601 4089 2729 4156 Do-

160 4197 444 4246 minum
494 4190 562 4248 et
595 4200 899 4250 servum.

251 4267 291 4353 g
340 4270 429 4338 ὅ.
483 4271 641 4339 Post
689 4268 866 4338 hanc
913 4277 1145 4337 autem
1208 4264 1344 4334 alia
1406 4287 1683 4354 quoque
1732 4277 1950 4358 potest
2006 4263 2146 4336 dici
2210 4262 2722 4335 consideratio:

159 4355 511 4437 Quoniam
560 4356 746 4427 enim
781 4378 941 4427 eum
976 4354 1257 4426 assidue
1289 4358 1712 4428 accusabant
1743 4355 1924 4445 quod
1964 4354 2183 4448 legem
2213 4352 2729 4443 transgredere-

162 4459 305 4525 tur,
340 4459 404 4515 et
432 4445 923 4517 existimabant
952 4467 1113 4516 eum
1150 4464 1301 4515 esse
1341 4442 1858 4536 blasphemum,
1896 4457 1971 4517 ut
2008 4445 2130 4535 qui
2173 4444 2307 4515 sibi
2343 4441 2732 4513 vendicaret

316 4559 580 4621 ,surius
611 4589 627 4601 ·
663 4555 827 4617 Vitae
851 4554 962 4617 SS.
988 4587 1011 4599 -
1038 4550 1170 4615 Vol.
1202 4551 1361 4615 VIII.
2502 4549 2573 4612 13
