3308 5004
721 294 851 360 68⁰
1205 308 1286 358 nx
1330 308 1389 357 s.
1439 306 1798 356 Aususrmo
1843 307 2046 358 msc.
2097 308 2175 362 ιτ
2218 307 2394 357 m.
2445 306 2624 356 noct.
2843 289 3048 356 Aue..
3087 291 3204 356 38

634 416 708 464 se
754 415 914 465 cum
966 393 1113 464 suis
1150 392 1535 482 majoribus
1560 414 1640 463 ea
1678 415 1855 481 quae
1903 391 2207 463 refellere
2256 413 2389 462 non
2445 391 2702 481 potuit,
2765 404 3207 481 prosecutus

632 495 760 564 est,
792 494 859 552 et
906 481 960 552 si
1009 481 1138 551 sibi
1188 481 1360 552 forte
1411 480 1497 550 de
1544 480 1656 550 his
1712 482 1879 552 satis
1931 481 2217 552 minime
2260 480 2603 561 fecissent,
2657 502 2826 550 suae
2898 481 3206 558 animae

634 568 1162 642 consulturum:
1215 582 1421 657 atque
1467 570 1563 640 ita
1606 569 1698 639 ab
1742 569 2091 651 omnibus,
2143 570 2328 660 apud
2367 591 2545 658 quos
2595 591 2896 659 magnus
2941 583 3018 639 et
3065 567 3206 640 do·

634 673 787 731 ctus
833 659 1215 738 videbatur,
1255 657 1430 727 nihil
1480 657 1780 730 valuisse
1810 659 1881 729 in
1930 680 2097 730 suae
2133 671 2357 730 sectae
2402 658 2778 728 assertione
2819 657 3208 744 judicatus

633 760 757 819 est.
795 753 941 831 Qua
990 746 1106 817 ille
1151 747 1558 818 confusione
1603 748 1915 827 affectus,
1965 759 2033 816 et
2078 746 2390 834 sequenti
2448 760 2756 836 tempore
2800 746 2892 816 de
2925 748 3206 838 Hippo-

637 837 833 907 nensi
881 837 1152 906 civitate
1200 835 1569 925 profectus,
1621 836 1708 905 ad
1756 835 2069 906 eamdem
2120 836 2424 926 amplius
2459 857 2614 905 »non
2672 838 3057 905 remeavit=
3113 843 3204 906 Ac

637 926 738 997 sic
785 947 907 1017 per
942 936 1395 995 memoratum
1430 924 1542 995 Dei
1587 924 1937 994 hominem
1990 924 2303 996 omnium
2338 924 2691 1004 cordibus,
2729 923 2836 994 vel
2887 926 3024 1011 qui
3071 925 3202 994 ad-

635 1025 851 1091 erant,
895 1012 999 1082 vel
1047 1015 1169 1101 qui
1216 1013 1556 1095 absentes,
1594 1013 1738 1094 illa,
1772 1035 1950 1101 quae
1983 1025 2170 1104 gesta
2223 1026 2408 1094 sunt,
2460 1028 2961 1100 cognoverant,
3004 1037 3201 1084 error

636 1102 756 1172 ille
786 1101 1083 1183 ablatuS,
1114 1100 1586 1190 catholicaque
1618 1115 1720 1171 est
1769 1102 2083 1172 intimata
2113 1123 2193 1172 ac
2222 1114 2573 1192 comperta
2600 1102 2883 1172 sincera
2923 1102 3197 1193 religio.

730 1199 769 1273 ἓ
816 1194 894 1262 ⁷.
946 1195 1025 1261 Et
1054 1190 1341 1260 docebat
1369 1212 1449 1260 ac
1477 1190 1915 1281 praedicabat
1946 1191 2063 1261 ille
2097 1190 2410 1280 privatim
2444 1204 2509 1259 et
2543 1189 2849 1281 publice,
2875 1192 2956 1261 in
2993 1193 3200 1261 domo

638 1292 705 1350 et
751 1280 820 1348 in
869 1279 1161 1350 ecclesia
1206 1279 1450 1350 salutis
1498 1280 1782 1362 verbum
1843 1302 2001 1350 cum
2052 1280 2243 1349 omni
2313 1279 2568 1352 fiducia
2623 1278 2982 1352 adversus
3029 1279 3198 1350 Afri-

640 1390 852 1458 canas
883 1367 1224 1449 haereseS,
1282 1368 1716 1456 maximeque
1744 1381 1982 1438 contra
2033 1366 2438 1448 Donatistae,
2482 1367 2936 1438 manichaeos
2966 1384 3035 1438 et
3085 1374 3196 1438 Pe-

639 1456 702 1527 la
758 1456 974 1538 ianos,
1043 1456 1240 1527 libris
1291 1456 1641 1537 confectis,
1711 1479 1790 1525 ac
1859 1457 2161 1547 repetitis
2225 1456 2686 1537 sermonibus,
2741 1457 3197 1528 ineffabiliter

639 1567 677 1615 a
734 1544 1147 1615 mirantibus
1177 1544 1583 1616 Christianis
1613 1557 1677 1615 et
1708 1544 2256 1627 collaetantibuS,
2293 1557 2359 1616 et
2403 1545 2535 1615 hoc
2583 1546 2847 1634 ipsum,
2900 1547 3034 1617 ubi
3080 1569 3192 1637 po-

636 1646 907 1714 terant,
961 1655 1097 1703 non
1146 1635 1575 1726 tacentibus,
1629 1634 1744 1703 sed
1819 1634 2367 1705 diffamantibus.
2451 1634 2737 1720 Sicque,
2809 1634 3191 1722 adjuvante

638 1723 956 1803 Domino,
995 1721 1219 1792 levare
1267 1722 1335 1791 in
1368 1722 1586 1792 Africa
1618 1723 1918 1794 Ecclesia
1945 1723 2290 1793 catholica
2320 1744 2558 1793 exorsa
2594 1736 2696 1792 est
2733 1738 2989 1813 caput,
3025 1746 3188 1811 quae

638 1810 857 1880 multo
893 1823 1194 1902 tempore
1243 1809 1384 1880 illis
1430 1810 2065 1883 convalescentibus
2097 1811 2484 1892 haereticiS,
2525 1811 3048 1901 praecipueque
3094 1836 3187 1882 re-

632 1899 1023 1989 baptizante
1073 1899 1313 1969 Donati
1366 1913 1554 1989 parte
1588 1900 1919 1988 maiorem
1965 1900 2478 1971 multitudinem
2528 1898 2877 1979 Afrorum,
2914 1901 3181 1971 seducta

632 2000 701 2057 et
744 2009 1076 2078 oppressa
1115 1988 1411 2076 jacebat.
1458 1989 1697 2059 Libros
1745 2012 1900 2060 vero
1944 1987 2252 2075 ejusdem
2289 1989 2431 2059 sive
2483 2002 2836 2070 tractatuS,
2883 1990 3178 2090 mirabili

636 2076 755 2145 Dei
801 2076 1021 2166 gratia
1072 2077 1517 2165 procedentes
1584 2100 1664 2148 ac
1714 2078 2131 2167 profluentes
2160 2132 2176 2160 ,
2230 2078 2602 2148 instructos
2647 2080 2843 2147 omni
2902 2080 3178 2150 rationis

636 2164 835 2255 copia
866 2219 881 2244 ,
952 2177 1156 2252 atque
1221 2166 1619 2236 auctoritate
1668 2179 2067 2240 sanctarum
2116 2167 2615 2256 scripturarum
2650 2219 2667 2247 ,
2720 2166 2859 2255 ipsi
2911 2189 3173 2255 qnoque

640 2252 963 2324 haeretici
1001 2267 1512 2337 concurrentes»,
1564 2277 1721 2326 cum
1774 2254 2139 2326 Catholicis
2175 2256 2243 2326 in
2298 2256 2439 2326 enti
2468 2254 2714 2324 ardore
2761 2249 3169 2327 audiebant:

638 2355 704 2412 et
735 2342 1076 2430 quisquis,
1109 2356 1186 2412 ut
1233 2342 1446 2414 voluit
1476 2356 1543 2414 et
1586 2344 1827 2435 potuit,
1861 2345 2160 2416 notarios
2207 2366 2256 2416 a
2302 2343 2569 2423 hihenS,
2622 2346 2833 2413 etiam
2879 2367 2958 2413 ea
3005 2367 3168 2431 quae

640 2429 1085 2512 dicebantur,
1138 2445 1416 2522 excepta
1479 2433 1868 2523 descripsit.
1921 2437 1999 2502 Et
2046 2432 2212 2504 inde
2261 2433 2406 2534 Jam
2461 2453 2582 2522 ‘per
2635 2443 2850 2502 totum
2910 2431 3161 2501 Ast-icae

639 2543 895 2611 corpus
935 2520 1285 2610 praeclara
1333 2521 1679 2603 doctrina,
1736 2522 2040 2610 odorque
2088 2522 2546 2594 suavissimus
2592 2521 2856 2599 Christi,
2902 2519 3144 2589 diffusa

638 2619 705 2678 et
738 2608 1179 2710 ‚manifestata
1212 2622 1337 2691 est,
1389 2611 1888 2711 congaudente,
1943 2612 2073 2682 hoc
2119 2632 2396 2713 quoque
2445 2625 2823 2700 comperto,
2861 2607 3145 2678 Ecclesia

639 2701 756 2768 Del
790 2698 1275 2768 transmarina.
1330 2703 1668 2783 Quoniam
1704 2700 1885 2770 sicut
1930 2699 2100 2771 dum
2161 2713 2417 2791 patitur
2478 2721 2701 2771 unum
2758 2698 3149 2775 membrum,

637 2787 1155 2877 compatiuntur
1185 2789 1415 2857 omnia
1467 2789 1822 2859 membra:
1876 2789 1969 2858 ita
2024 2789 2230 2859 etiam
2276 2811 2436 2859 cum
2485 2787 2918 2880 glorificatur
2956 2808 3159 2859 unum

637 2875 1055 2957 membrum,
1107 2897 1231 2945 con
1287 2876 1544 2947 audent
1588 2877 1819 2947 omnia
1874 2877 2206 2947 membra.
2243 2882 2364 2948 Per
2396 2877 2573 2947 idem
2619 2890 2903 2964 tempus
2952 2896 3158 2946 coram

635 2968 688 3034 E
739 2965 1017 3053 iscopis,
1065 2964 1191 3034 hoc
1240 2988 1257 3033 l
1297 2964 1798 3055 lijubentibus,
1852 2966 1971 3054 qui
2022 2965 2410 3052 plenarium
2459 2968 2667 3038 totius
2699 2965 2978 3036 Africae
3017 2986 3157 3035 con·

634 3053 695 3122 ci
732 3052 873 3123 ium
912 3052 1226 3153 Hippone
1257 3054 1572 3155 agebant,
1602 3055 1689 3125 de
1721 3054 1855 3125 fide
1889 3068 1956 3124 et
1986 3054 2323 3145 symbolo,
2367 3057 2722 3145 presbyter
2753 3055 3158 3137 adhuc,An·

635 3143 959 3232 gustinus
993 3141 1393 3233 disputavit.
2106 3202 2110 3206 ,

720 3231 876 3317 §Q
930 3230 1053 3299 Ille
1104 3252 1257 3301 vero
1291 3231 1533 3302 beatus
1581 3253 1786 3302 senex
1819 3232 2164 3313 Valerius,
2218 3230 2504 3303 caeteris
2550 3250 2628 3299 ex
2677 3230 2814 3300 hoc
2879 3230 3173 3323 amplius

636 3315 976 3403 exultanS,
1014 3331 1079 3390 et
1112 3324 1239 3390 Deo
1288 3320 1545 3410 gratias
1591 3342 1804 3410 agens
1828 3320 1913 3391 de
1953 3342 2278 3392 concesso
2310 3320 2446 3391 sibi
2493 3319 2780 3409 speciali
2822 3320 3176 3401 beneficio,
3215 3320 3218 3325 ’

628 3419 931 3476 metuere
977 3409 1217 3497 coepit.
1259 3421 1336 3477 ut
1381 3420 1482 3476 est
1524 3407 1874 3479 humanus
1920 3410 2225 3492 animus,
2275 3431 2357 3479 ne
2404 3410 2492 3478 ab
2539 3407 2672 3477 alia
2726 3409 3034 3481 ecclesia
3075 3431 3177 3481 sa-

632 3493 872 3565 cerdos
923 3496 1254 3583 probatus
1300 3495 1385 3565 ad
1436 3496 1921 3587 Episcopatum
1971 3511 2437 3586 quaereretur,
2490 3507 2555 3565 et
2586 3498 2720 3569 sibi
2762 3499 3182 3569 auferretur.

631 3586 798 3653 Nam
849 3595 914 3654 et
951 3584 1020 3653 id
1080 3585 1546 3673 provenisset,
1608 3585 1742 3655 nisi
1787 3600 1856 3654 et
1904 3586 2030 3656 hoc
2072 3586 2252 3663 idem
2307 3586 2689 3676 Episcopus
2735 3591 3048 3678 cognito,
3101 3586 3184 3658 ad

626 3670 856 3743 locum
910 3686 1248 3743 secretum
1316 3696 1475 3743 eum
1521 3675 1817 3744 transire.
1858 3688 2189 3756 curasset,
2267 3675 2832 3763 occultatumque
2895 3701 2944 3748 a
2979 3697 3192 3763 quae·

624 3760 937 3831 rentibus
980 3761 1266 3831 minime
1295 3762 1587 3831 inveniri
1640 3762 1933 3832 fecisset.
1989 3763 2180 3834 Unde
2211 3763 2516 3853 amplius
2561 3763 2961 3837 formidans
3002 3764 3188 3836 idem

623 3849 1038 3921 venerabilis
1088 3873 1315 3933 senex,
1367 3865 1431 3921 et
1463 3852 1690 3921 sciens
1738 3873 1810 3921 se
1856 3873 2141 3942 corpore
2187 3866 2274 3923 et.
2307 3866 2526 3923 aetate
2566 3852 3187 3935 infirmissimum,

625 3938 764 4028 egit
813 3939 1092 4010 secretis
1144 3939 1358 4010 literis
1413 3940 1598 4029 apud
1675 3941 2041 4011 Primatem
2113 3941 2525 4031 Episcopum
2579 3941 2766 4011 sedis
2827 3942 3191 4037 Carthagi-

628 4027 885 4107 nensis,
939 4027 1248 4118 allegans
1299 4028 1834 4098 imbecillitatem
1882 4032 2191 4120 corporis
2257 4030 2389 4111 sui,
2448 4031 2833 4117 aetatisque
2881 4032 3194 4122 gravita-

630 4126 791 4197 tem,
827 4129 892 4185 et
928 4118 1321 4196 obsecrans,
1359 4129 1434 4185 ut
1463 4117 1888 4208 Hipponensi
1923 4118 2264 4189 Ecclesiae
2295 4119 2733 4197 ordinaretur
2757 4120 3022 4208 Episco
3073 4180 3076 4181 f
3165 4173 3183 4200 ,

629 4204 758 4292 qui,
778 4226 943 4273 suae
965 4205 1328 4298 cathedrae
1369 4227 1502 4275 non
1530 4206 1678 4296 jam
1723 4207 2137 4288 succederet,
2172 4207 2290 4278 sed
2325 4206 2788 4279 consacerdos
2821 4141 3191 4279 racemifer

632 4292 1082 4382 Augustinus.
1135 4298 1320 4378 Quae
1368 4294 1581 4385 igitur
1613 4294 1853 4365 beatus
1902 4296 2208 4365 Valerius
2255 4298 2512 4386 optavit
2554 4309 2619 4366 et
2670 4295 2957 4388 rogavit,
3006 4299 3190 4366 sata·

640 4401 811 4469 gens
846 4381 1178 4472 rescripto
1217 4382 1630 4473 impetravit.
1693 4388 1850 4454 Post
1893 4406 2101 4475 quam
2163 4384 2556 4476 petitionem
2610 4385 2699 4455 ad
2751 4380 3188 4457 visitandum
