3308 5004
666 361 797 430 256
1376 395 1381 400 ·
2792 361 2980 429 Auo.
3033 362 3108 430 η

1165 531 1399 634 vt'rA
1465 531 1549 632 S.
1624 528 2003 640 ΕΟΠΙΤΙΙ
2093 529 2533 633 ABBATIS

1040 753 1201 821 PER
1269 751 1345 818 D.
1423 750 1914 819 GREGomUM
1985 750 2249 818 PAPAM
2323 750 2661 818 SCRIPTA

1408 962 1534 1012 Lm.
1584 963 1634 1012 1.
1688 962 1941 1013 manos·
1992 962 2133 1012 CAP.
2178 962 2265 1012 lv.

1198 1161 1386 1222 obiit
1409 1161 1593 1221 airon.
1616 1164 1797 1222 med.
1829 1163 1928 1221 v1
1956 1176 2129 1221 nec.
2154 1192 2228 1206 -
2248 1164 2492 1222 Italus.

572 1350 579 1356 ’
662 1353 701 1427 ἓ
748 1350 826 1418 Ι.
881 1343 1231 1414 Fortunati
1281 1343 1407 1414 viri
1456 1343 1892 1425 venerabilis,
1943 1344 2224 1416 Abbatis
2272 1344 2703 1425 monasterii,
2754 1341 2939 1432 quod
2988 1365 3122 1434 ap-

621 1433 872 1505 ellatur
908 1432 1235 1503 Balneum
1277 1432 1648 1514 Cioeronis,
1688 1434 2122 1522 aliorumque
2173 1433 2376 1504 etiam
2423 1433 2726 1504 virorum
2767 1433 3122 1506 venerabi·

572 1457 745 1593 lium
795 1521 1008 1592 didici
1084 1520 1455 1604 relatione,
1520 1521 1706 1610 quod
1755 1544 1983 1593 narro.
2038 1522 2152 1593 Vir
2200 1521 2714 1602 sanctissimus,
2798 1521 3118 1610 Equitius

572 1613 877 1694 nomine,
922 1610 999 1679 in
1041 1610 1345 1682 Valeriae
1393 1610 1787 1700 provinciae
1844 1610 2181 1701 partibus,
2237 1632 2363 1702 pro
2419 1610 2596 1681 vitae
2647 1630 2820 1682 suae
2867 1611 3116 1683 merito

571 1723 609 1771 a
666 1700 759 1770 ud
806 1721 1048 1770 omnes
1076 1698 1225 1770 illic
1258 1721 1548 1790 magnae
1569 1699 2054 1771 admirationis
2085 1699 2512 1771 habebatur:
2553 1699 2670 1770 cni
2700 1704 3119 1774 Fortunatus

569 1789 593 1859 i
688 1809 755 1859 m
802 1787 1236 1859 familiariter
1282 1801 1488 1860 notus
1552 1787 1706 1859 suit.
1766 1789 1897 1872 Qui
1964 1788 2298 1859 nimirum
2346 1788 2705 1876 Equitius,
2777 1809 2903 1879 pro
2949 1809 3119 1860 suae

574 1877 1056 1969 magnitudine
1093 1876 1500 1961 sanctitatis,
1547 1877 1924 1949 multorum
1972 1878 2044 1948 in
2077 1876 2314 1948 eadem
2367 1877 2722 1968 provincia
2768 1890 3120 1950 monaste·

570 1967 833 2038 riorum
885 1978 1079 2058 pater
1107 1966 1347 2037 extitit.
1400 1968 1601 2037 Hunc
1632 1988 1792 2038 cum
1818 1966 2201 2054 juventutis
2238 1987 2406 2036 suae
2441 1978 2745 2057 tempore
2790 1965 2931 2037 acri
2972 1987 3120 2037 cer-

571 2055 828 2125 tamine
874 2055 1106 2126 carnis
1140 2056 1481 2126 incentiva
1530 2054 1940 2146 fatigarent,
1992 2057 2183 2158 ipsae
2227 2076 2398 2127 suae
2445 2054 2840 2126 tentationis
2885 2075 2975 2125 an
3033 2078 3118 2127 u-

573 2144 744 2214 su'ae
785 2165 946 2216 eum
981 2143 1065 2215 ad
1098 2143 1432 2214 orationis
1477 2143 1787 2215 studium
1816 2144 2235 2217 solertlorem
2283 2143 2616 2215 fecerunt.
2648 2148 2954 2232 Cumque
3033 2165 3116 2215 ac

571 2232 643 2303 in
692 2255 766 2304 re
811 2232 900 2303 ab
930 2232 1123 2303 omni
1174 2233 1386 2304 otenti
1433 2236 1566 2303 Deo
1615 2231 1998 2304 remedium
2059 2233 2410 2305 continuis
2453 2232 2781 2323 precibus
2823 2253 3117 2320 quaere-

568 2335 694 2402 ret,
736 2335 931 2394 nocte
959 2343 1097 2411 qua
1148 2343 1287 2403 am,
1331 2321 1693 2393 assistente
1720 2321 1990 2414 angelo,
2018 2321 2465 2393 eunuchizari
2493 2344 2568 2392 se
2597 2319 2787 2391 vidit:
2820 2321 3117 2423 ejusque

571 2410 820 2483 visioni
867 2410 1214 2502 apparuit,
1248 2409 1432 2499 quod
1468 2431 1743 2481 omnem
1789 2424 2049 2482 motum
2084 2433 2165 2481 ex
2193 2410 2612 2504 genitalibus
2639 2409 2790 2500 ejus
2835 2410 3116 2482 abscin-

570 2499 799 2571 deret:
853 2513 1056 2590 atque
1103 2522 1186 2571 ex
1230 2522 1309 2571 eo
1343 2512 1648 2593 tempore
1694 2499 1787 2571 ita
1834 2500 2104 2571 alienus
2130 2499 2348 2572 extitit
2391 2521 2433 2571 a
2480 2499 2872 2581 tentatione,
2925 2521 3004 2570 ac
3052 2499 3115 2571 si

568 2611 807 2661 sexum
860 2612 999 2660 non
1064 2590 1342 2661 haberet
1402 2589 1473 2659 in
1522 2611 1830 2680 corpore.
1882 2595 2028 2674 Qua
2077 2590 2323 2661 virtute
2378 2588 2616 2670 fretuS,
2667 2610 2748 2658 ex
2793 2589 3115 2678 omnipo-

569 2679 774 2750 tentis
809 2679 925 2749 Dei
972 2677 1253 2760 auxilio,
1312 2690 1390 2749 ut
1428 2677 1593 2749 viris
1647 2690 1805 2749 ante
1852 2690 2196 2770 praeerat,
2251 2679 2346 2748 ita
2387 2678 2614 2770 coepit
2671 2676 3113 2768 postmodum

566 2768 772 2839 etiam
824 2767 1143 2838 foeminis
1210 2788 1564 2857 praeesse:
1620 2788 1747 2837 nec
1809 2777 2038 2838 tamen
2098 2766 2482 2858 discipulos
2530 2787 2694 2837 suos
2740 2764 3116 2838 admonere

567 2857 903 2938 cessabat,
959 2876 1042 2926 ne
1078 2877 1154 2926 se
1198 2855 1354 2943 ejns
1398 2855 1713 2946 exemplo
1736 2856 1804 2926 in
1849 2855 1976 2927 hac
2002 2877 2076 2927 re
2097 2855 2298 2927 facile
2335 2855 2731 2927 crederent:
2775 2868 2842 2926 et
2879 2855 3114 2929 casuri

569 2966 706 3014 non
759 2956 1100 3016 tentarent
1145 2943 1432 3027 donum,
1477 2943 1660 3033 quod
1713 2965 1851 3015 non
1899 2945 2348 3046 accepissent.

658 3034 695 3119 ἓ
744 3037 835 3104 2.
886 3037 981 3103 Eo
1009 3043 1237 3103 autem
1268 3045 1595 3123 ternpore,
1629 3054 1768 3134 quo
1800 3032 2096 3104 malefici
2133 3033 2205 3103 in
2239 3033 2366 3103 hac
2398 3044 2563 3105 sunt
2601 3038 2911 3102 Romana
2942 3032 3117 3105 urbe

567 3118 1026 3211 deprehensi,
1082 3120 1421 3202 BasiliuS,
1472 3122 1596 3209 qui
1644 3143 1712 3191 1n
1768 3121 2055 3213 magicis
2100 3121 2428 3223 operibus
2490 3121 2760 3213 primus
2807 3120 2981 3203 fuit,
3036 3121 3113 3192 in

575 3208 984 3281 monachico
1043 3209 1288 3280 habitu
1321 3208 1659 3279 Valeriam
1711 3208 1986 3301 fugiens
2034 3210 2250 3301 pettit.
2320 3210 2452 3294 Qui
2513 3209 2599 3280 ad
2651 3209 2874 3280 virum
2929 3230 3117 3282 reve-

566 3297 1063 3368 rendissimum
1123 3297 1546 3382 Castosium,
1611 3299 2076 3370 Amiterninae
2121 3299 2417 3370 civitatis
2463 3299 2906 3390 episcopum,
2960 3320 3116 3389 per·

566 3406 761 3476 genS,
819 3387 1013 3476 petiit
1056 3386 1144 3457 ab
1190 3408 1294 3467 eo,
1349 3398 1429 3457 ut
1458 3409 1617 3457 eum
1663 3388 1932 3476 Equitio
1962 3388 2193 3459 abbati
2221 3387 2698 3469 committeret,
2737 3408 2815 3458 ac
2856 3407 3112 3459 sanan·

575 3476 745 3545 dum
798 3474 1213 3547 monasterio
1243 3474 1437 3547 illius
1479 3477 2015 3548 commendaret.
2050 3483 2239 3549 Tunc
2267 3475 2356 3548 ad
2405 3476 2900 3547 monasterium
2934 3478 3119 3548 venit

568 3562 962 3655 episcopuS,
1001 3585 1377 3653 secumque
1423 3564 1752 3636 Basilium
1801 3565 2222 3637 monachum
2278 3564 2598 3647 deduxit,
2649 3577 2716 3635 et
2763 3564 3117 3653 Equitium

504 3692 508 3696 Δ
567 3651 686 3722 Dei
733 3651 1076 3724 famulum
1130 3653 1430 3745 rogavit,
1460 3666 1537 3725 ut
1562 3654 1884 3725 eumdem
1937 3654 2356 3726 monachum
2405 3653 2476 3724 in
2509 3654 3118 3745 congregationem

567 3741 971 3833 susciperet.
1025 3747 1241 3826 Quem
1290 3742 1520 3814 statim
1570 3743 1675 3813 vir
1721 3754 2006 3816 sanctus
2052 3744 2353 3826 intuens,
2392 3742 2533 3814 ait:
2587 3766 2624 3810 «
2656 3747 2856 3813 Hunc
2905 3764 3117 3831 quem

569 3829 746 3899 mihi
791 3829 1242 3902 commendas
1280 3844 1494 3922 pater,
1547 3853 1675 3924 ego
1707 3853 1844 3903 non
1894 3831 2089 3903 video
2129 3832 2551 3904 monachum
2597 3853 2770 3914 esse,
2816 3830 2935 3901 sed
2966 3831 3122 3902 dia·

563 3917 878 3991 bolum.»
930 3920 1051 3991 Cui
1083 3919 1202 3990 ille
1248 3941 1357 3992 res
1408 3919 1641 3993 ondit:
1686 3921 2128 3993 Occasionem
2156 3920 2456 4011 quaeris,
2504 3942 2589 3993 ne
2618 3921 2870 3993 debeas
2920 3941 3122 4010 prae-

564 4019 771 4089 stare,
826 4008 1011 4097 quod
1054 4020 1233 4100 peto.
1277 3944 1405 4080 Adp
1409 4031 1615 4098 quem
1668 4032 1823 4082 mox
1858 4011 1973 4081 Dei
2010 4010 2317 4083 famulus
2344 4010 2553 4082 dixit:
2596 4035 2623 4075 ‹
2655 4015 2795 4101 Ego
2831 4007 3121 4111 quidem

566 4094 698 4167 hoc
736 4118 895 4169 eum
927 4119 1077 4168 esse
1115 4097 1485 4181 denuncio,
1521 4098 1708 4187 quod
1759 4098 2000 4171 video:
2055 4121 2142 4171 ne
2190 4111 2415 4171 tamen
2465 4099 2647 4171 nolle
2697 4119 2805 4169 me
2836 4097 3122 4170 obednre

567 4185 941 4269 existimes,
981 4186 1161 4258 facio
1205 4188 1392 4277 quod
1430 4186 1714 4277 jubeS,»
1755 4200 2118 4293 susceptus
2164 4188 2395 4277 itaque
2424 4187 2494 4259 in
2544 4188 2958 4260 monasterio
2982 4197 3116 4260 est.

568 4275 725 4344 Post
760 4295 893 4346 non
943 4276 1200 4350 multos
1249 4299 1406 4349 vero
1451 4277 1601 4348 dies
1647 4277 1831 4350 idem
1867 4282 1984 4348 Dei
2022 4276 2350 4360 famuluS,
2395 4299 2518 4369 pro
2550 4276 2995 4349 exhortandis
3021 4275 3116 4346 ad

568 4358 914 4463 desideria
961 4386 1264 4457 superna
1312 4365 1661 4450 fidelibus,
1700 4366 1909 4459 paulo
1957 4366 2233 4458 longius
2273 4389 2312 4437 a
2359 4366 2530 4438 cella
2577 4367 2934 4458 digressus
2979 4376 3114 4435 est.

569 4452 718 4533 Quo
741 4448 1155 4536 discedente,
1190 4455 1478 4548 contigit
1501 4468 1578 4530 ut
1603 4456 2117 4529 iti-monasterio
2141 4456 2515 4547 virginum,
2539 4456 2609 4526 in
2634 4477 2774 4544 quo
2798 4454 3115 4548 ejusdem
