3308 5004
663 314 792 381 too
1033 288 1038 291 ¹
1219 331 1301 379 na
1345 331 1402 379 s.
1454 328 1786 380 manno
1831 330 1974 379 aaa.
2025 329 2412 380 casuum..
2789 313 2982 380 Ano.
3035 314 3116 380 20

574 416 973 507 recipiebat,
1009 413 1108 485 vel
1159 415 1622 506 parsimoniae
1668 414 1900 485 studio
1930 415 2079 506 ipse
2106 415 2493 487 recusabat.
2532 415 2704 485 Vino
2734 414 2794 485 si
2832 414 3120 503 quando

573 505 918 588 utebatur,
971 526 1125 605 raro
1170 516 1236 574 et
1285 503 1518 575 minus
1565 503 1863 585 modico,
1899 525 2058 574 cum
2096 505 2319 595 magis
2348 525 2597 592 aquam
2630 517 2697 574 et
2728 503 3120 575 infirmitati

573 616 762 675 suae,
795 606 861 663 et
892 593 1226 683 appetitui
1260 599 1646 684 competere
1682 605 2067 663 testaretur.

660 684 699 771 ξ
744 686 911 758 cm.
967 681 1076 752 Sic
1122 696 1354 753 autem
1401 681 1692 751 affectus
1737 694 1804 751 et
1856 680 2210 753 confectus
2240 736 2256 764 ,
2312 703 2351 752 a
2403 680 2760 752 communi
2817 680 3119 752 fratrum

573 771 848 854 labore,
902 793 1026 842 seu
1071 770 1368 850 diurno,
1422 792 1548 841 seu
1594 783 1969 851 nocturno,
2023 771 2132 840 vix
2180 792 2254 841 se
2299 770 2677 858 aliquando
2726 770 3124 861 patiebatur

571 871 1210 946 esseexcusatum,
1267 881 1392 930 seu
1436 861 1525 930 ab
1571 859 2152 954 occupationibus
2195 872 2263 929 et
2315 859 2673 930 laboribus
2743 860 3123 930 ministerii

572 950 707 1020 sui.
761 948 1095 1020 Videbam
1140 969 1298 1018 eum
1349 961 1414 1018 et
1468 948 2056 1018 conversationem
2115 948 2267 1035 ejus
2318 948 2634 1020 homines
2688 947 2983 1026 medici,
3054 960 3123 1019 et

571 1037 1028 1120 mirabantur,
1082 1050 1482 1125 tantamque
1531 1037 1664 1106 vim
1713 1057 1873 1107 eum
1927 1037 1994 1106 in
2047 1038 2276 1127 seipso
2330 1037 2798 1107 causabantur
2860 1036 3120 1108 inferre

566 1139 880 1209 naturae,
930 1126 1069 1197 acsi
1120 1147 1346 1217 agnus
1393 1125 1477 1195 ad
1527 1137 1833 1195 aratrum
1884 1125 2233 1217 alligatus,
2285 1147 2479 1196 arare
2518 1138 2898 1216 cogeretur.
2943 1132 3118 1197 Nam

567 1238 727 1286 cum
777 1216 1016 1286 crebra
1064 1214 1180 1283 illa
1229 1235 1310 1284 ex
1355 1214 1798 1305 corruptione
1844 1214 2181 1286 stomachi
2233 1237 2354 1305 per
2398 1238 2476 1286 os
2519 1217 2675 1304 ejus
2722 1214 3112 1305 indigestae

567 1305 932 1375 cruditatis
976 1326 1101 1374 eru
1159 1303 1249 1373 tio
1296 1302 1453 1373 aliis
1501 1304 1833 1392 inciperet
1878 1323 2029 1372 esse
2079 1303 2427 1374 molestior
2458 1358 2475 1384 ,
2531 1303 2827 1373 maxime
2874 1316 3111 1374 autem

567 1393 641 1463 in
688 1393 899 1463 choro
949 1392 1094 1483 psal
1126 1391 1438 1473 entium,
1493 1413 1626 1462 non
1682 1404 1906 1462 tamen
1961 1391 2145 1462 illico
2192 1392 2513 1463 collectas
2561 1392 2850 1462 fratrum
2905 1392 3110 1463 dese-

570 1482 747 1553 ruit:
799 1482 916 1553 sed
960 1483 1154 1570 juxta
1202 1479 1429 1551 locum
1478 1481 1794 1551 stationis
1825 1502 1991 1551 suae
2021 1495 2385 1572 procurato
2416 1504 2497 1552 ac
2526 1481 2796 1552 defosso
2824 1481 2895 1549 in
2933 1493 3119 1553 terra

569 1569 1001 1660 receptaculo
1048 1569 1303 1641 doloris
1350 1568 1574 1650 illius,
1627 1569 1730 1639 sic
1775 1568 2209 1657 aliquandiu,
2264 1582 2467 1661 prout
2516 1571 2759 1660 potuit,
2814 1571 3119 1641 necessi—

571 1672 773 1731 tatem
827 1659 1015 1730 illam
1072 1658 1421 1749 transegit.
1471 1663 1547 1728 At
1593 1659 1716 1730 ubi
1766 1681 1891 1729 nec
1941 1658 2069 1728 hoc
2117 1660 2430 1750 permisit
2476 1658 2911 1729 intolerantia
2963 1660 3111 1741 rei,

571 1762 737 1819 tunc
784 1749 1064 1819 demum
1114 1747 1437 1818 collectas
1481 1746 1827 1829 deserere,
1878 1759 1946 1818 et
1991 1747 2299 1819 seorsum
2351 1747 2659 1818 habitare
2705 1746 3117 1850 compulsus

566 1850 694 1919 est,
748 1838 884 1908 nisi
930 1849 1266 1924 quantum
1318 1835 1798 1907 collocutionis
1838 1837 1980 1907 sive
2016 1836 2511 1910 consolationis
2542 1836 2787 1928 gratia,
2822 1859 2969 1907 sive
3005 1836 3114 1907 di-

569 1925 904 2016 sciplinae
933 1924 1325 1996 claustralis
1356 1925 1778 2005 necessitate,
1817 1927 2180 1996 conventui
2210 1947 2368 1996 eum
2401 1926 2692 1996 fratrum
2725 1925 3111 2013 aliquando

568 2014 899 2085 interesse
943 2015 1320 2105 oportebat.
1375 2019 1452 2084 m
1497 2014 1667 2085 haec
1713 2013 1844 2084 fuit
1882 2014 2097 2084 tristis
2131 2015 2258 2085 illa
2280 2016 2673 2095 necessitas,
2711 2036 2848 2102 qua
2884 2016 3114 2105 primo

569 2116 806 2173 sancta
852 2100 971 2173 illa
1019 2101 1451 2183 fraternitas,
1512 2115 1791 2173 sanctae
1839 2102 2029 2174 illius
2083 2103 2511 2194 paternitatis
2555 2103 2712 2194 jugi
2767 2105 3119 2176 consortio

568 2213 802 2261 carere
846 2204 1078 2263 coacta
1120 2204 1247 2262 est.
1302 2196 1378 2260 In
1425 2213 1564 2279 quo
1611 2191 1932 2262 dolemus
1967 2191 2248 2281 quidem
2284 2207 2348 2263 et
2382 2192 2783 2295 plangimus
2812 2192 3114 2263 infirmi·

568 2281 922 2371 tatis—ejus
970 2282 1227 2352 tristem
1267 2280 1610 2351 effectum.
1665 2280 1782 2351 sed
1834 2280 2053 2351 sancti
2101 2281 2424 2351 desiderii
2464 2294 2529 2352 et
2559 2280 2944 2372 spiritualis
2981 2282 3115 2352 fer·

567 2370 749 2441 voris
795 2369 1112 2441 affectum
1164 2391 1608 2439 veneramur:
1659 2391 2082 2458 quamquam
2135 2392 2260 2440 nec
2307 2370 2732 2441 infirmitatis
2766 2371 2924 2461 ejus
2952 2371 3115 2442 effe·

563 2473 718 2531 etus
752 2480 1243 2548 usquequaque
1280 2458 1717 2551 plangendus
1756 2460 1845 2531 sit
1876 2473 1941 2531 et
1972 2458 2337 2530 dolendus.

653 2550 691 2635 ξ
735 2551 878 2622 41.
930 2547 1106 2632 Quid
1154 2548 1339 2620 enim
1372 2603 1389 2630 ,
1441 2550 1499 2618 si
1551 2548 1765 2619 voluit
1813 2549 2150 2638 sapientia
2199 2550 2312 2619 Dei
2366 2570 2486 2640 per
2541 2547 2819 2629 infirma
2879 2550 3116 2637 potius

565 2636 758 2707 illius
807 2637 1110 2708 hominis
1161 2650 1251 2709 tot
1298 2650 1623 2725 tantaque
1667 2637 2093 2709 confundere
2121 2638 2317 2709 fortia
2358 2636 2600 2707 mundi
2632 2638 2893 2727 hujus?
2932 2639 3113 2721 Quid

564 2747 722 2796 vero
769 2725 1144 2813 aliquando
1192 2747 1317 2819 pro
1362 2726 1672 2814 qualibet
1718 2727 2118 2796 infirmitate
2162 2728 2315 2816 eJus
2365 2725 2696 2796 remansit
2744 2725 3106 2808 infectum,

563 2811 746 2903 quod
822 2835 942 2905 per
984 2837 1144 2888 eum
1193 2815 1578 2885 secundum
1637 2815 1868 2886 datam
1931 2814 2222 2904 gratiam
2287 2814 2435 2885 fleri
2492 2818 2884 2905 oporteret?
2939 2816 3112 2898 Quis

561 2904 746 2974 enim
800 2917 1030 2974 nostra
1077 2916 1314 2983 aetate,
1348 2904 1797 2993 quantumvis
1837 2903 2099 2973 robusti
2137 2904 2447 2994 corporis
2484 2917 2550 2974 et
2587 2917 2948 2974 accuratae
2989 2925 3112 2973 va-

566 2991 918 3073 letudinis,
973 3005 1158 3063 tanta
1204 2990 1581 3080 aliquando
1625 2991 1809 3070 fecit,
1861 3004 2122 3079 quanta
2170 2992 2294 3062 iste
2345 2991 2807 3064 moribundus
2852 3004 2918 3063 et
2953 2990 3110 3062 lan-

563 3079 845 3170 guidus,
889 3079 972 3150 ad
1012 3082 1341 3151 bonorem
1372 3082 1485 3151 Dei
1526 3094 1594 3151 et
1622 3094 1899 3152 sanctae
1927 3079 2270 3151 Ecclesiae
2298 3079 2712 3151 utilitatem?
2749 3087 3104 3165 Quantum

570 3182 805 3260 postea
853 3190 1219 3240 numerum
1270 3169 1639 3240 bominum
1675 3171 1905 3240 -verbo
1966 3182 2032 3239 et
2077 3168 2395 3260 exemplo
2452 3170 2652 3240 traxit
2687 3170 2775 3240 de
2821 3169 3060 3242 seculo
3091 3224 3107 3252 ,

570 3277 708 3327 non
752 3256 976 3329 solum
1016 3258 1101 3329 ad
1160 3259 1674 3330 conversionem
1712 3310 1729 3339 ,
1793 3257 1914 3328 sed
1967 3271 2034 3328 et
2079 3258 2162 3328 ad
2261 3256 2697 3329 erfectionem
2724 3261 2756 3326 *Ι
2803 3263 3114 3342 Quantas

613 3368 690 3416 er
743 3358 957 3416 totum
1013 3346 1474 3418 Christianum
1524 3347 1759 3418 orbem
1801 3347 2158 3418 constituit
2239 3367 2433 3417 omos
2483 3369 2605 3418 seu
2651 3347 2960 3417 civitates
3011 3370 3114 3419 re-

597 3434 791 3536 ugii:
839 3447 915 3504 ut
958 3435 1382 3522 quicumque
1417 3435 1848 3526 peccaverint
1894 3435 1976 3505 ad
2033 3449 2343 3517 mortem,
2395 3448 2460 3506 et
2505 3450 2822 3506 aeternae
2869 3438 3114 3510 mortis

566 3545 664 3596 rel
702 3521 998 3613 ,iudicati
1048 3522 1327 3604 fuerint,
1381 3525 1919 3595 reminiscantur
1963 3535 2029 3594 et
2065 3537 2553 3595 convertantur
2580 3524 2664 3595 ad
2701 3523 3103 3606 Dominum,

563 3626 633 3683 et
669 3611 1076 3703 confugiant
1120 3610 1205 3683 ad
1252 3633 1393 3694 eas,
1448 3626 1516 3683 et
1551 3611 1905 3683 salventur
1954 3614 2023 3683 in
2057 3613 2211 3684 eis?
2249 3617 2437 3696 Quae
2468 3612 2844 3684 schismata
2885 3612 3114 3685 Eccle-

545 3701 708 3778 siae
754 3722 888 3771 non
940 3701 1258 3772 sedavit?
1300 3723 1476 3789 quas
1524 3722 1658 3773 non
1707 3701 2023 3773 confudit
2085 3701 2450 3772 haereses?
2493 3714 2561 3771 et
2604 3723 2815 3789 quam
2869 3724 3111 3790 pacem

562 3790 744 3861 inter
770 3788 1188 3881 dissidentes
1231 3789 1565 3861 Ecclesiae
1610 3803 1674 3862 et
1726 3789 2018 3882 populos
2059 3811 2193 3860 non
2232 3790 2586 3861 restituit?
2630 3795 2708 3860 Et
2758 3791 2926 3861 baec
2958 3791 3116 3879 qui·

544 3879 718 3953 dem
769 3878 1168 3949 communia
1218 3892 1404 3950 sunt.
1457 3883 1809 3950 Caeterum
1849 3901 2026 3968 quae
2056 3879 2233 3949 bona
2265 3879 2656 3949 innumeris
2703 3879 3115 3951 hominibus

562 3967 973 4058 aingulatim
1023 3968 1380 4058 praestitit,
1436 3990 1559 4057 pro
1611 3991 1848 4046 causa,
1910 3989 2034 4069 pro
2077 3990 2390 4058 persona,
2439 3989 2562 4059 pro
2602 3981 2930 4058 tempore,
2990 3990 3115 4059 pro

564 4054 738 4136 loco,
779 4058 940 4149 quis
969 4060 1383 4128 enumeret?
1429 4061 1636 4127 Porro
1661 4057 1721 4126 si
1755 4059 2074 4128 nimietas
2107 4057 2176 4126 in
2213 4078 2294 4128 eo
2327 4055 2853 4147 reprehenditur
2885 4057 3112 4128 sancti

563 4145 870 4227 fervoris,
923 4145 1130 4216 babet
1159 4159 1341 4217 certe
1385 4145 1569 4236 apud
1623 4146 1776 4235 pias
1823 4159 2083 4216 mentes
2119 4167 2439 4217 excessus
2486 4145 2615 4216 iste
2662 4146 3112 4218 reverentiam

564 4255 812 4305 suam:
861 4236 1026 4322 quia
1071 4235 1496 4322 quicumque
1552 4234 1803 4325 spiritu
1861 4236 1972 4304 Dei
2033 4248 2382 4335 aguntur,
2429 4235 2729 4305 multum
2781 4248 3109 4307 verentur

550 4321 1066 4412 reprehendere
1133 4324 1203 4392 in
1274 4344 1469 4393 servo
1535 4323 1648 4395 Dei
1723 4323 2009 4393 nimiam
2083 4337 2285 4394 istam
2359 4323 2809 4393 nimietatem.
2889 4326 3112 4395 Habet

562 4423 631 4481 et
675 4408 945 4480 facilem
1007 4410 1195 4501 apud
1262 4411 1580 4483 homines
1635 4412 2193 4495 excusationem,
2261 4434 2426 4483 eum
2489 4411 2602 4484 rix
2651 4410 2906 4485 audeat
2950 4435 3114 4485 eum
