3308 5004
657 330 786 396 282
1468 345 1547 391 ιιι·
1593 345 1651 391 s.
1703 342 1903 392 euax
1951 344 2207 393 naemu·
2786 327 2973 394 AUG.
3028 328 3117 393 ⁴2

566 432 781 502 filiam
833 430 918 501 ad
971 429 1369 521 religionem
1406 429 1795 508 transierat,
1827 441 1892 500 et
1926 430 1991 498 in
2028 430 2225 501 horto
2266 429 2592 499 concluso
2621 451 2781 502 cum
2817 431 3118 521 virgini-

567 522 703 592 bus
751 520 959 590 vidua
1007 520 1296 590 Domino
1336 518 1696 589 serviebat.
1736 519 1944 608 Signo
1975 533 2202 588 autem
2236 519 2598 590 Crucis-ab
2631 521 2782 610 ipsa
2813 531 3114 621 recept0‚

570 609 759 679 illico
809 610 1004 700 pueri
1052 608 1299 678 oculus
1347 630 1388 677 a
1438 607 1712 677 macula
1758 621 2207 698 expurgatuS‚
2242 607 2425 677 clare
2462 619 2529 677 et
2569 607 2877 698 lympide
2914 609 3114 678 vidit.

568 699 824 769 Asserit
868 719 1030 788 ergo
1078 697 1296 776 Clara,
1352 718 1642 787 puerum
1680 696 1909 785 ipsum
1948 719 2116 766 suae
2152 698 2389 769 matris
2424 698 2668 767 merito
2702 696 3065 767 liberatum
3096 721 3113 765 :

567 787 869 945 geclinat
917 785 1192 878 pondus
1240 785 1527 855 laudum
1580 797 1802 854 mater
1833 785 1901 854 in
1935 784 2179 866 filiam,
2219 808 2291 856 se
2326 800 2555 858 tantae
2594 786 2688 856 rei
2724 785 2974 857 fatetur
3005 787 3119 856 in-

620 899 638 945 1
695 898 880 945 nam.

645 899 692 1052 ξ
743 968 902 1036 88.
956 961 1304 1046 Quaedam
1357 961 1441 1031 de
1476 983 1766 1032 numero
1801 983 2140 1043 sororum,
2179 967 2415 1033 Amata
2446 962 2806 1044 vocabule,
2852 963 3117 1033 tresde-

566 1053 701 1124 cim
759 1054 1116 1123 mensibus
1164 1063 1532 1142 aggravata
1583 1050 1971 1141 hydropisi,
2015 1050 2202 1121 febre
2235 1053 2523 1143 insuper
2550 1066 2615 1121 et
2646 1052 2819 1124 tussi
2849 1065 2914 1122 et
2945 1052 3119 1122 late-

567 1143 664 1213 ris
712 1142 946 1212 dolore
993 1140 1327 1221 confecta,
1373 1139 1668 1226 jacebat.
1723 1144 1945 1229 Super
1990 1163 2199 1228 quam
2252 1141 2445 1211 Clara
2496 1141 2743 1232 pietate
2773 1155 3110 1232 permota,

566 1230 653 1300 ad
684 1254 849 1302 suae
876 1230 1131 1300 nobilis
1160 1228 1486 1331 physicae
1508 1229 1800 1298 recurrit
1826 1231 2399 1318 experimentum.
2435 1230 2671 1321 Signat
2693 1252 2842 1300 earn
2872 1235 3112 1312 Cruce,

566 1321 639 1389 in
690 1320 970 1389 nomine
1020 1318 1266 1389 Christi
1317 1317 1450 1397 sui,
1506 1331 1572 1387 et
1620 1319 1846 1388 statim
1899 1319 2193 1388 restituit
2237 1318 2584 1408 plenariae
2624 1320 2925 1389 sanitati.
2965 1319 3113 1389 Alia

568 1409 818 1479 Christi
867 1408 1122 1477 ancilla
1170 1406 1255 1476 de
1301 1406 1583 1477 Petusio
1632 1421 1813 1488 nata,
1850 1429 2082 1476 vocem
2128 1430 2249 1497 per
2275 1408 2453 1478 duos
2487 1430 2709 1478 annos
2747 1408 2837 1477 ita
2882 1407 3116 1498 perdi-

568 1497 785 1578 derat,
838 1496 1021 1585 quod
1073 1497 1181 1565 vix
1227 1496 1524 1566 exterius
1576 1507 1838 1585 poterat
1887 1495 2184 1566 formare
2230 1519 2643 1567 sermonem.
2700 1501 3010 1584 Cumque
3039 1497 3111 1566 in

567 1598 766 1654 nocte
813 1585 1320 1675 Assumptionis
1370 1585 1697 1662 Dominae
1747 1598 2018 1655 nostrae
2065 1585 2198 1656 sibi
2229 1584 2472 1656 suisset
2506 1586 2572 1655 in
2615 1586 2878 1655 visione
2914 1607 3116 1655 mon-

567 1687 884 1754 stratum,
937 1673 1121 1761 quod
1171 1673 1454 1742 domina
1503 1673 1694 1764 Clara
1750 1673 2067 1743 liberaret
2113 1696 2290 1754 eam,
2336 1674 2516 1744 diem
2566 1697 2728 1744 cum
2769 1674 3115 1744 desiderio

566 1764 988 1852 expectabat.
1043 1768 1187 1846 Qua
1236 1762 1703 1843 illucescente,
1758 1762 1842 1832 ad
1897 1777 2183 1833 matrem
2224 1763 2520 1845 festinat,
2558 1763 2839 1853 signum
2875 1763 3117 1833 Crucis

565 1851 974 1942 expostulat,
1029 1873 1259 1921 vocem
1313 1874 1468 1921 mox
1519 1852 1789 1941 signata
1839 1864 2218 1941 recuperat.
2273 1857 2519 1942 Magna
2564 1864 2707 1922 erat
2755 1851 2823 1920 in
2878 1873 3118 1921 mona·

569 1942 774 2012 sterio
809 1963 1122 2011 sororum
1161 1939 1535 2009 multitudo
1569 1940 2075 2030 languentium,
2114 1940 2406 2011 diversis
2436 1941 2794 2011 doloribus
2831 1939 3117 2010 afflicta·

567 2051 753 2100 rum.
806 2029 1199 2119 Ingreditur
1248 2028 1443 2098 Clara
1492 2029 1718 2099 locum
1769 2051 1848 2098 ex
1899 2051 2088 2098 more
2135 2052 2293 2099 cum
2332 2052 2455 2100 sua
2498 2029 2843 2100 medicina
2884 2029 3110 2111 solita,

566 2131 632 2189 et
680 2119 879 2209 signo
927 2119 1155 2188 crucis
1203 2118 1575 2205 quinquies
1624 2117 1802 2187 facto
1831 2173 1846 2199 ‚
1898 2119 2208 2206 quinque
2268 2120 2496 2188 statim
2544 2118 2799 2189 relevat
2858 2140 2898 2186 a
2960 2117 3115 2188 lan-

616 2230 804 2277 uore.
833 2212 924 2275 Ex
951 2208 1061 2276 his
1094 2207 1391 2296 profecto
1481 2219 1637 2287 atet,
1681 2207 1750 2275 in
1792 2221 2060 2296 pectore
2091 2208 2380 2296 virginis
2414 2208 2787 2298 plantatam
2822 2228 2972 2277 esse
3001 2230 3114 2277 ar-

566 2230 799 2366 {orem
851 2296 1104 2376 cruciS,
1157 2296 1360 2385 cujus
1460 2319 1574 2365 um
1625 2295 1893 2366 fructus
1943 2296 2161 2367 reficit
2196 2297 2529 2378 animam,
2571 2295 2899 2387 praebent
2929 2309 3114 2366 exte-

569 2385 718 2455 rius
750 2383 914 2455 solia
949 2385 1392 2454 medicinam.

646 2477 691 2632 [ᾗ
735 2480 888 2548 ²4.
945 2479 1120 2545 Sane
1159 2475 1321 2562 quia
1370 2485 1515 2543 erat
1569 2473 1900 2564 magistra
1957 2474 2265 2555 rudium,
2325 2487 2512 2545 tanta
2562 2495 2683 2544 eas
2736 2472 3114 2564 disciplina

566 2564 635 2633 in
672 2565 1006 2645 ormabat‚
1063 2577 1386 2649 tantoque
1433 2562 1701 2633 fovebat
1751 2565 2019 2654 pietatis
2067 2585 2324 2644 amore,
2369 2563 2552 2651 quod
2600 2584 2826 2633 sermo
2872 2564 3113 2635 nullus

568 2653 892 2744 explebit.
948 2659 1148 2723 Docet
1199 2654 1422 2742 primo
1469 2666 1605 2721 stre
1659 2654 1833 2722 itum
1884 2673 2158 2722 omnem
2207 2652 2293 2721 de
2333 2652 2584 2723 mentis
2623 2652 2925 2741 hospitio
2966 2652 3113 2742 pel·

566 2742 732 2822 lere,
785 2756 862 2812 ut
909 2742 1125 2812 solius
1161 2742 1273 2811 Dei
1318 2754 1595 2831 penetra
1630 2741 1788 2810 ibus
1821 2741 2088 2810 valeant
2121 2742 2501 2811 inhaerere.
2542 2746 2742 2811 Docet
2773 2742 2919 2828 jam
2956 2763 3108 2811 car·

566 2830 833 2900 nalium
887 2832 1432 2920 propinquorum
1485 2853 1720 2900 amore
1770 2852 1906 2899 non
1955 2829 2160 2910 affici,
2226 2831 2653 2918 domumque
2689 2830 2980 2920 patriam
3034 2842 3112 2899 ut

566 2918 833 2988 Christo
883 2918 1218 3009 placeant,
1255 2919 1593 2988 oblivisci.
1638 2924 1966 2988 Hortatur
2001 2918 2389 2988 exactiones
2428 2931 2866 2989 contemnere
2904 2917 3111 3009 fragi-

567 3007 653 3076 lis
701 3007 1033 3096 corporis,
1087 3008 1454 3093 carnisque
1504 3030 1727 3096 nugas
1773 3007 2065 3096 imperio
2115 3008 2525 3098 restringere
2565 3007 2876 3078 rationiS.
2925 3012 3110 3076 Mon-

565 3107 735 3164 strat
782 3094 1193 3166 insidiosum
1231 3096 1491 3166 hostem
1524 3095 1831 3165 occultos
1865 3095 2059 3185 puris
2093 3096 2441 3167 mentibus
2481 3097 2762 3186 injicere
2801 3097 3104 3183 laqueos:

565 3182 765 3252 aliter
839 3196 1154 3263 sanctos,
1231 3184 1428 3254 aliter
1496 3198 1757 3254 tentare
1825 3185 2238 3254 mundanos,
2328 3189 2555 3254 Monet
2615 3184 2698 3255 ad
2762 3185 3104 3265 activam,

566 3272 771 3340 certis
821 3271 1010 3341 horis
1062 3295 1178 3341 eas
1230 3273 1514 3343 lio-tans
1568 3274 1663 3342 ita
1722 3273 1992 3361 operari
2053 3273 2380 3343 manibus
2435 3275 2613 3355 θυῖε,
2668 3287 2745 3343 ut
2794 3274 3110 3364 protinus

566 3360 652 3430 ad
703 3360 1083 3431 conditoris
1130 3360 1547 3432 desiderium
1604 3384 1725 3451 per
1769 3361 2099 3434 orationis
2127 3362 2527 3432 exercitium
2561 3362 3004 3443 recalescant,
3043 3375 3108 3432 et

568 3463 908 3550 torporem
966 3450 1423 3540 negligentiae
1468 3450 1882 3533 deserentes,
1920 3452 2079 3541 igne
2110 3451 2325 3522 sancti
2367 3452 2626 3522 amoris
2663 3451 2887 3543 frigus
2926 3450 3110 3520 inde·

570 3538 861 3607 votionis
886 3538 971 3607 de
1023 3552 1257 3609 onant.
1294 3545 1646 3626 Nusquam
1683 3539 1900 3631 major
1931 3562 2225 3611 censura
2260 3540 2540 3619 silentii,
2588 3562 2930 3627 nusquam
2965 3561 3110 3608 am-

565 3626 748 3717 plior
793 3640 858 3696 et
895 3649 974 3697 co
1006 3650 1083 3697 or
1128 3641 1193 3696 et
1245 3641 1435 3698 tenor
1479 3628 1709 3698 omnis
1748 3629 2041 3700 honesti.
2078 3633 2217 3699 Non
2262 3629 2360 3699 ibi
2391 3628 2607 3698 fluida
2635 3628 2908 3716 loquela
2947 3629 3108 3699 flui-

564 3716 735 3786 dum
790 3716 1094 3803 loquitur
1140 3717 1478 3797 animum,
1539 3740 1662 3787 nec
1713 3719 1897 3788 verbi
1953 3718 2189 3789 levitas
2236 3718 2449 3787 levem
2503 3717 3108 3808 proditaffectum.

563 3809 726 3895 Ipsa
758 3827 1059 3892 namque
1094 3806 1423 3896 magistra
1455 3828 1660 3896 parca
1691 3807 1760 3876 in
1798 3808 2045 3887 verbiS,
2083 3806 2361 3877 abunde
2394 3807 2641 3875 mentis
2670 3820 2822 3878 vota
2852 3827 3113 3876 sermo-

564 3894 678 3963 nis
718 3894 1045 3965 brevitate
1079 3908 1401 3964 coarctat.

652 3987 689 4071 §
741 3990 897 4055 ²5.
951 3984 1264 4054 Providet
1311 3983 1592 4054 filiabus
1642 4005 1763 4073 per
1807 3981 2086 4054 devotos
2142 3982 2648 4074 praedicatores
2702 3983 3112 4054 alimoniam

563 4073 754 4142 verbi
805 4072 943 4153 Dei,
993 4095 1074 4141 ex
1122 4096 1258 4161 qua
1292 4094 1489 4142 suam
1526 4072 1928 4143 deteriorem
1968 4095 2104 4142 non
2136 4073 2345 4143 efficit
2379 4086 2667 4162 partem.
2713 4078 2879 4142 Nam
2918 4084 3110 4142 tanta

566 4162 635 4230 in
687 4162 922 4232 audito
956 4177 1231 4232 sanctae
1265 4161 1795 4252 praedicationis
1826 4162 2242 4232 exultatione
2272 4161 2736 4252 perfunditur,
2777 4172 2963 4230 tanta
2998 4161 3110 4231 sui

564 4248 726 4318 Jesu
774 4250 1265 4320 familiaritatis
1312 4250 1681 4320 dulcedine
1711 4246 2097 4329 deliciatur,
2148 4264 2224 4322 ut
2264 4250 2701 4341 praedicante
2730 4249 3110 4337 aliquando

567 4335 773 4405 fratre
824 4339 1141 4429 Philippo
1189 4339 1273 4408 de
1321 4339 1609 4420 Andera,
1668 4340 2224 4430 speciosissimus
2277 4339 2562 4426 quidam
2615 4361 2791 4429 puer
2853 4339 3109 4427 virgini

570 4424 804 4495 Clarae
851 4428 1219 4510 assisteret,
1273 4440 1338 4497 et
1384 4450 1505 4518 per
1555 4450 1874 4520 magnam
1912 4428 2442 4519 praedicationis
2475 4442 2740 4519 partem
2776 4427 2922 4497 suis
2951 4449 3108 4497 eam
