3308 5004
189 342 375 408 AUG.
430 343 514 408 25
872 359 952 407 ns
999 359 1054 407 s.
1110 357 1415 407 Luoovico
1466 358 1622 406 aasz
1671 358 2051 409 raucorum
2516 345 2642 411 635

187 445 670 540 aduentantes:
722 456 800 513 ut
845 444 1030 531 quod
1081 443 1193 514 hic
1238 465 1319 514 ex
1367 443 1622 514 divinis
1670 444 2036 535 scripturis
2085 444 2454 528 hauriunt,
2505 447 2577 517 in
2631 460 2733 518 to-

188 547 333 603 tum
387 531 730 603 mundum
780 531 1142 602 effundant
1189 533 1256 601 in
1301 533 1627 602 honorem
1666 533 1781 602 Dei
1810 546 1876 603 et
1913 533 2203 604 salutem
2236 537 2654 617 animarum.
2694 561 2730 604 ι

183 622 369 692 Alias
416 621 567 710 ejus
615 632 760 692 tum
810 643 1125 705 annuaS,
1179 634 1325 691 tum
1374 621 1816 709 quotidianas
1870 622 2342 713 eleemosynas
2401 626 2560 715 quis
2629 624 2731 696 vel

188 731 597 781 enumerare
644 713 895 799 queat?
2635 772 2648 783 ,

276 803 313 957 ῗ
363 805 512 871 22.
568 799 945 888 Praecipua
979 819 1135 868 vero
1164 797 1521 868 devotione
1553 810 1829 873 sanctas
1864 800 2318 871 venerabatur
2349 802 2725 890 Reliquias,

190 911 278 959 cu
307 901 590 975 tumque
640 889 754 957 Dei
802 899 869 957 et
914 886 1242 958 honorem
1312 898 1710 957 sanctorum
1781 910 1922 959 sem
1979 911 2054 958 er
2127 889 2553 991 amplificare
2624 892 2735 961 ni-

192 977 482 1047 tebatur.
536 977 820 1047 Parisiis
859 977 929 1044 in
977 976 1229 1065 palatio
1263 975 1475 1077 regali
1515 974 1846 1046 sacellum
1882 999 1918 1046 e
1947 977 2472 1068 egantisstmum
2505 992 2734 1051 extru-

186 1066 304 1148 xit,
344 1067 412 1136 in
447 1087 586 1153 quo
622 1078 1128 1135 sacrosanctam
1163 1065 1432 1134 Domini
1463 1066 1625 1135 lesu
1654 1085 1981 1135 coronam
2017 1067 2355 1158 spineam,
2402 1090 2731 1160 magnam

186 1168 465 1225 sanctae
513 1154 747 1225 Crucis
800 1153 1177 1245 portionem
1209 1208 1225 1234 ,
1280 1151 1678 1241 ferrumque
1724 1152 2044 1236 lanceae,
2107 1156 2292 1243 quod
2361 1156 2731 1228 Salvatoris

187 1242 367 1315 latus
414 1241 606 1324 fodit,
660 1241 1034 1312 admodum
1084 1255 1467 1312 reverenter
1515 1244 1820 1332 reposuit
1868 1264 2027 1314 cum
2081 1244 2319 1316 multis
2366 1245 2522 1315 aliis
2573 1245 2731 1316 reli·

181 1333 390 1420 quiis,
440 1353 614 1419 quas
660 1353 701 1400 a
750 1330 1500 1420 Constantinopolitano
1548 1336 1967 1422 Imperatore
2015 1333 2356 1403 immenso
2399 1333 2630 1405 labore
2663 1348 2730 1405 et

186 1422 460 1512 magnis
509 1419 881 1512 impendiis
927 1440 1087 1489 acce
1138 1431 1306 1488 erat.
1361 1425 1527 1490 Cum
1580 1420 1647 1488 in
1698 1418 1985 1490 ecclesia
2035 1420 2268 1491 divina
2306 1421 2536 1492 officia
2581 1445 2731 1513 per·

186 1510 657 1591 solverentur,
712 1507 978 1579 nullius
1024 1529 1061 1577 a
1121 1508 1427 1578 mittebat
1471 1507 1894 1595 colloquium
1928 1564 1943 1591 ,
1999 1509 2131 1579 nisi
2180 1523 2299 1581 aut
2352 1513 2730 1582 necessitas

187 1612 480 1689 cogeret,
533 1610 653 1669 aut
698 1595 979 1666 evidens
1024 1596 1288 1667 utilitas
1335 1596 1402 1666 id
1458 1617 1735 1687 poscere
1782 1597 2164 1669 videretur:
2219 1599 2334 1670 sed
2374 1621 2598 1687 neque
2628 1601 2729 1686 sic

187 1700 463 1768 tamen,
519 1687 650 1756 nisi
705 1686 997 1756 breviter
1039 1698 1106 1756 et
1154 1684 1500 1755 succincte
1530 1740 1546 1767 ,
1600 1707 1690 1754 ne
1736 1685 1959 1777 ipsius
2007 1686 2349 1777 lacrymae
2396 1701 2462 1758 et
2510 1688 2730 1779 pietas

185 1777 328 1847 sive
374 1775 641 1845 devotio
687 1775 1337 1845 interturbarentur.
1390 1778 1560 1845 Nam
1602 1774 1820 1844 instar
1864 1776 2225 1857 Jeremiae,
2280 1776 2349 1846 in
2404 1776 2727 1866 precibus

181 1865 332 1935 suis
378 1876 444 1934 et
489 1863 825 1934 exercitiis
877 1864 1145 1964 pietatis
1195 1861 1660 1952 lacrymarum
1692 1863 2244 1946 sontemsitiens,
2292 1886 2418 1934 suo
2456 1865 2727 1936 conses-

180 1954 365 2023 sario
414 1951 828 2040 quandoque
876 1974 945 2021 m
997 1950 1323 2021 familiari
1371 1951 1714 2039 colloquio
1762 1952 2136 2034 fatebatur,
2196 1963 2727 2042 nonnumquam

183 2042 321 2111 sibi
368 2041 587 2110 oranti
633 2041 969 2110 divinitus
1016 2039 1211 2110 datas
1258 2039 1470 2110 fuisse
1518 2039 1885 2130 lacrymas,
1928 2062 2106 2129 quae
2142 2064 2263 2133 per
2299 2064 2512 2133 genas
2543 2044 2612 2112 in
2650 2064 2727 2115 os

183 2129 572 2210 influenteS‚
627 2151 761 2199 non
810 2129 1035 2199 solum
1087 2150 1227 2209 cor,
1280 2127 1401 2198 sed
1441 2128 1645 2199 etiam
1680 2149 1758 2198 os
1800 2129 2021 2221 ipsius
2058 2144 2266 2220 gustu
2308 2132 2726 2202 suavissimo

186 2219 595 2288 affecissent.

271 2310 504 2395 5-28.
556 2313 768 2377 Tanta
816 2306 1189 2375 reverentia
1238 2319 1513 2375 sanctae
1561 2305 1798 2376 Crucis
1836 2305 2115 2396 signum
2146 2306 2718 2406 prosequebatur,

181 2409 258 2466 ut
304 2396 361 2466 si
411 2396 582 2467 illud
637 2395 833 2464 humi
881 2416 1279 2485 expressum
1330 2394 1633 2473 vidisset,
1688 2393 1955 2463 calcare
2006 2393 2298 2483 pedibus
2335 2416 2552 2465 ausus
2586 2416 2723 2466 non

178 2498 390 2557 esset:
443 2484 799 2576 exegitque
847 2506 887 2553 a
937 2482 1173 2554 multis
1219 2481 1621 2564 coenobitis,
1678 2504 1761 2552 ne
1807 2481 2135 2572 deinceps
2184 2483 2252 2553 in
2296 2483 2443 2552 suis
2486 2505 2724 2554 mona·

180 2576 406 2645 steriis
440 2574 910 2665 permitterent
940 2571 1112 2643 illud
1151 2573 1218 2641 in
1255 2572 1644 2661 pavimento
1677 2570 1912 2662 effingi
1943 2594 1958 2639 :
1993 2584 2058 2641 et
2087 2571 2311 2642 sicubi
2336 2573 2483 2661 jam
2522 2572 2723 2642 humi

176 2661 484 2733 effictum
511 2674 709 2743 esset,
737 2660 804 2731 id
835 2661 1107 2751 penitus
1136 2660 1509 2732 abolerent.
1528 2664 1748 2742 Quam
1774 2681 1933 2729 vero
1951 2673 2332 2730 reverenter
2350 2660 2554 2729 annis
2576 2660 2725 2730 sin-

176 2752 362 2843 gulis
389 2751 457 2820 in
490 2755 855 2820 Parasceve
880 2749 965 2819 ad
995 2748 1426 2819 adorandum
1455 2761 1733 2818 sanctae
1761 2749 1998 2818 Crucis
2028 2748 2322 2839 lignum,
2351 2748 2595 2819 solutis
2616 2772 2721 2819 ca·

179 2838 395 2929 pillis,
429 2840 624 2908 flexis
647 2852 853 2926 atque
880 2839 1083 2908 etiam
1116 2838 1326 2919 nudis
1355 2837 1652 2925 genibus
1690 2838 2081 2918 accesserit,
2111 2848 2446 2908 testantur
2481 2858 2726 2907 eorum

176 2926 387 3006 oculi,
443 2928 567 3014 qui
614 2941 778 2998 tunc
823 2949 983 2997 eum
1034 2927 1184 2997 sine
1235 2924 1561 3015 lacrymis
1599 2924 1999 3016 conspicere
2030 2946 2163 2994 non
2206 2938 2596 3015 potuerunt.
2632 2925 2723 2995 Il-

174 3014 322 3085 lum
373 3014 605 3096 diem,
661 3016 732 3086 in
778 3037 962 3103 quo,
1016 3028 1090 3085 ut
1142 3013 1346 3104 paulo
1394 3025 1550 3082 ante
1596 3012 1948 3093 diximus,
2004 3035 2238 3084 sacras
2295 3013 2626 3101 reliquias
2684 3037 2723 3085 a

176 3104 929 3194 Constantinopolitano
977 3109 1077 3173 Im
1133 3114 1394 3172 eratore
1439 3113 1780 3191 acceptas,
1834 3103 1902 3171 in
2002 3102 2192 3173 alatii
2226 3103 2481 3173 sacello
2509 3103 2722 3174 collo-

176 3194 357 3263 cavit
388 3248 404 3273 ,
457 3214 691 3263 annua
739 3192 953 3263 voluit
1001 3214 1077 3261 so
1104 3191 1431 3260 emnitate
1478 3189 1857 3272 celebrari,
1911 3191 1935 3260 i
1986 3213 2121 3279 que
2166 3190 2397 3262 triduo
2429 3246 2445 3272 ,
2497 3192 2592 3261 ita
2646 3204 2725 3262 ut

174 3280 404 3371 primo
451 3281 564 3351 die
609 3281 842 3351 divina
872 3280 1100 3351 officia
1131 3301 1293 3369 pera
1342 3290 1532 3349 erent
1568 3279 2020 3362 Dominicani,
2056 3279 2366 3351 secundo
2396 3280 2715 3361 MinoreS,

174 3370 373 3440 tertio
420 3370 541 3439 alii
592 3370 950 3440 monachi:
1002 3381 1209 3456 atque
1245 3390 1283 3437 a
1364 3389 1514 3438 eam
1551 3390 1697 3439 rem
1735 3389 2025 3458 magnas
2056 3390 2095 3438 a
2130 3368 2299 3438 Sede
2331 3369 2719 3460 Apostolica

174 3458 715 3529 condonationes
763 3458 904 3527 sive
955 3456 1431 3547 Indulgentias
1479 3457 1902 3549 impetrarat.
1942 3462 2107 3527 Cum
2151 3458 2474 3527 Saraceni
2513 3458 2604 3529 ab
2640 3478 2721 3527 eo

173 3547 543 3639 exigerent,
595 3558 674 3617 ut
718 3566 896 3634 quae
940 3567 1101 3617 cum
1154 3546 1324 3637 ipsis
1374 3559 1616 3636 pactus
1643 3558 1790 3616 erat
1821 3546 1908 3617 de
1947 3544 2385 3616 numeranda
2423 3546 2724 3637 pecunia

177 3657 301 3725 pro
349 3637 571 3706 suiet
620 3635 1163 3706 Christianorum
1214 3634 1639 3714 liberatione,
1696 3656 1778 3704 ea
1822 3633 2220 3704 conditione
2258 3636 2589 3714 firmaret,
2645 3647 2722 3705 ut

175 3735 537 3795 testaretur
582 3746 656 3795 se
703 3724 873 3793 velle
922 3724 1168 3795 Christi
1216 3723 1425 3792 fidem
1474 3724 1833 3814 abjurasse
1882 3721 2099 3792 videri
2128 3777 2145 3804 ,
2202 3724 2263 3793 si
2315 3743 2455 3793 non
2514 3736 2723 3793 staret

176 3814 577 3901 promissis:
614 3818 899 3902 prorsus
928 3812 1313 3894 abhorruit,
1352 3810 1636 3883 dicens:
1685 3834 1719 3878 «
1757 3810 2038 3882 Etiamsi
2072 3833 2326 3902 corpus
2359 3810 2714 3892 occidatiS,

141 3902 478 3976 animam
529 3902 842 3974 occidere
890 3923 1024 3971 non
1077 3902 1384 3991 potestis.
1422 3924 1460 3967 »
1509 3900 1639 3970 Sed
1686 3921 1847 3971 cum
1897 3899 2183 3987 quidam
2231 3922 2270 3970 e
2316 3900 2467 3969 suis
2531 3899 2720 3970 dice-

178 4003 362 4059 rent:
418 3991 578 4060 Sine
613 4002 889 4081 peccato
919 3990 1015 4060 ita
1039 4011 1198 4060 eum
1227 3990 1471 4077 jurare
1503 4010 1743 4079 posse:
1782 3987 2051 4076 placide
2077 3988 2470 4079 respondit:
2514 4013 2538 4051 ‹
2578 3992 2722 4079 Ego

176 4099 331 4147 vero
374 4079 769 4167 usqueadeo
819 4080 984 4149 haec
1035 4079 1234 4148 verba
1285 4078 1372 4147 de
1419 4077 1737 4169 neganda
1785 4075 1920 4147 fide
1967 4076 2320 4158 exhorreo,
2373 4088 2458 4148 ut·
2486 4098 2565 4146 ea
2599 4098 2717 4147 ore

173 4168 553 4256 exprimere
602 4190 734 4238 non
789 4168 1071 4258 possim.
1111 4190 1148 4235 1»
1199 4167 1501 4237 Orabant
1545 4188 1706 4236 eum
1756 4165 2068 4253 quidam,
2112 4187 2272 4236 cum
2304 4178 2482 4237 esset
2516 4166 2584 4234 in
2624 4164 2721 4236 lo-

173 4253 277 4323 cis
323 4258 803 4328 transmarinis
832 4312 847 4335 ,
900 4269 977 4326 ut
1027 4256 1328 4325 nobilem
1375 4254 1726 4342 quendam
1778 4259 2199 4325 saracenum
2229 4309 2246 4335 ,
2349 4254 2421 4324 ui
2481 4275 2721 4325 recens

176 4342 593 4416 Sulthanum
624 4346 1074 4424 interfecerat,
1114 4343 1403 4414 militem
1438 4354 1737 4422 crearet;
1783 4355 1852 4412 at
1891 4342 2008 4413 ille
2052 4354 2302 4434 respon
2363 4344 2449 4412 it:
2502 4366 2539 4410 «
2588 4343 2721 4412 Ab·

177 4433 268 4502 sit
331 4454 371 4501 a
441 4456 595 4513 me,
670 4449 749 4505 ut
816 4434 918 4504 vel
989 4454 1113 4523 pro
1186 4431 1524 4504 servanda
1596 4431 1782 4511 vita,
1846 4429 1948 4501 vel
1991 4443 2205 4503 morte
2260 4431 2718 4512 declinanda,
