3308 5004
204 333 345 401 tus.
382 333 420 399 t
1134 350 1216 399 a:
1259 350 1317 399 s.
1369 349 1673 400 normico
2451 335 2577 402 ’45η

204 434 431 505 defussi:
481 432 624 524 regi
716 454 806 504 ue
851 432 972 504 illa
1010 433 1327 525 ‹inops-et
1370 435 1607 526 ignota
1649 434 1751 505 eis
1780 447 1948 506 erat.
2002 440 2090 505 De
2140 448 2420 528 repente
2445 449 2673 512 autem

192 525 269 593 »ita
310 522 573 593 solicitis
629 546 670 592 a
720 523 893 593 stitit
949 523 1051 592 vir
1105 523 1392 611 quidam
1460 544 1773 614 magnus
1818 524 1887 593 in
1956 524 2200 596 habitu
2309 526 2672 625 eregrino,

190 614 378 698 aitque
419 612 507 682 ad
556 611 755 682 illos:
807 611 983 695 Quid
1035 611 1378 682 intervos
1420 612 1703 715 agitatis
1750 612 2069 684 homines
2116 636 2186 683 m
2281 614 2428 685 icae
2466 613 2682 686 fidei?

184 704 438 771 Primum
481 702 790 794 quaerite
844 724 1130 792 reqnum
1177 703 1301 771 Dei
1350 711 1419 771 et
1447 704 1798 792 justitiam
1853 704 2044 793 ejus,
2101 713 2164 772 et
2217 705 2446 774 omnia
2499 705 2681 795 adje-

181 792 639 861 m‘mturvobis.
675 788 998 861 Potuistis
1028 790 1315 865 credere.
1334 794 1492 871 Deo,
1532 803 1609 860 ut
1638 789 1795 878 ejus
1825 794 2042 861 causa
2069 791 2302 866 omnia
2339 790 2684 880 relinque—

182 879 343 948 retis:
389 891 453 949 et
502 901 689 951 nunc
753 878 1056 950 metuitis
1106 901 1192 949 ne
1237 901 1356 950 vos
1412 877 1599 950 fame
1662 878 1910 951 confici
1972 879 2324 969 patiatur?
2370 881 2503 964 Qui
2561 880 2684 953 dat

185 967 465 1038 'umentis
510 990 706 1039 escas
761 967 1111 1058 ipsorum,
1168 991 1300 1039 non
1350 967 1531 1038 sinet
1578 967 1811 1039 inedia
1860 967 2083 1058 perire
2130 966 2313 1040 filios
2357 992 2548 1040 suos.
2601 975 2681 1041 Et

175 988 280 1125 hoc
319 1057 506 1128 vobis
549 1056 681 1127 erit
725 1056 1056 1148 signum:
1110 1055 1515 1127 'transibitis
1563 1056 1752 1128 hunc
1800 1079 2072 1158 agrum,
2125 1069 2190 1127 et
2238 1057 2309 1127 in
2361 1059 2678 1149 proxima

179 1144 319 1214 valle
351 1168 602 1236 pagum
636 1166 773 1215 non
811 1166 1145 1236 magnum
1195 1144 1589 1235 reperietis:
1641 1145 1711 1215 in
1763 1167 1968 1236 cujus
2004 1144 2366 1217 ecclesiam
2409 1147 2532 1217 ubi
2571 1147 2680 1217 in—

178 1236 358 1322 gressi
407 1234 600 1305 eritis
628 1289 645 1316 ‚
697 1233 1017 1305 sacerdos
1078 1255 1195 1305 vos
1244 1234 1580 1305 invitabit.
1649 1234 1779 1305 Sed
1838 1233 2121 1324 quidem
2180 1236 2679 1326 superveniens

177 1321 381 1404 miles,
448 1324 513 1393 vi
558 1324 648 1395 ab
696 1322 815 1393 illo
865 1323 1050 1394 tollet
1098 1345 1239 1393 vos,
1292 1321 1440 1395 Illis
1485 1335 1714 1393 autem
1766 1324 1862 1395 ita
1910 1324 2019 1414 pie
2066 1325 2673 1407 concertantibus,

177 1424 469 1498 patronus
515 1412 848 1483 ecclesiae
891 1424 959 1481 et
1003 1433 1143 1492 vos,
1194 1425 1260 1482 et
1305 1412 1725 1483 sacerdotem
1755 1467 1770 1492 ‚
1823 1424 1888 1483 et
1936 1412 2223 1483 militem
2276 1412 2466 1485 lauto
2512 1436 2679 1484 con-

176 1498 316 1568 vivio
354 1501 670 1592 excipiet.
714 1501 835 1571 His
880 1500 1086 1571 dictis
1114 1500 1459 1591 disparuit
1492 1524 1506 1569 ε
1562 1500 1891 1572 fratribus
1929 1514 2156 1572 autem
2199 1502 2436 1573 omnia
2471 1503 2564 1574 ita
2603 1513 2682 1572 ut

172 1586 417 1671 dixerat,
451 1603 853 1660 evenerunt.
891 1590 1165 1661 Reversi
1198 1588 1359 1659 inde
1392 1589 1709 1667 Parisios,
1764 1589 2098 1661 fratribus
2126 1590 2247 1678 qui
2280 1602 2425 1661 tum
2518 1590 2679 1662 auci

168 1689 217 1744 et
239 1679 648 1768 pauperrimi
679 1678 822 1752 illic
846 1689 1067 1760 erant,
1099 1699 1241 1749 rem
1279 1691 1537 1768 gestam
1567 1678 1987 1761 indicarunt,
2021 1679 2246 1750 bonus
2274 1693 2468 1770 pater
2499 1680 2679 1750 ami*

170 1762 272 1835 lias
302 1768 634 1838 Dominus
670 1768 866 1839 lesus
902 1766 1375 1858 propheticum
1427 1767 1607 1838 beati
1660 1767 2002 1838 Dominici
2065 1790 2451 1839 sermonem
2488 1789 2681 1840 com-

167 1853 357 1943 plens,
410 1855 754 1943 hodieque
801 1856 1019 1927 servis
1065 1856 1211 1926 suis
1261 1855 1543 1945 largiter
1582 1855 2062 1946 eleemosynas
2110 1857 2620 1929 subministrat.

230 1945 263 2029 ξ
301 1951 432 2018 11.
488 1951 749 2016 Paucos
788 1944 1076 2033 >quidem
1118 1968 1158 2016 a
1189 1944 1531 2035 principio
1568 1950 1643 2014 B.
1683 1945 2084 2016 Dominicus
2122 1945 2365 2017 fratres
2400 1946 2673 2027 habuit,

166 2042 220 2100 et
261 2031 471 2104 nihilo
518 2034 756 2105 minus
801 2032 1144 2125 ablegavit
1174 2055 1305 2105 eos
1338 2088 1353 2116 ,
1408 2044 1482 2103 ut
1528 2033 1789 2121 ubique
1836 2034 2436 2108 concionarentur.
2492 2035 2691 2106 Misit

162 2141 293 2190 vero
335 2144 452 2192 eos
498 2144 660 2193 cum
712 2121 933 2193 multa
993 2120 1248 2193 fiducia
1283 2177 1300 2205 ‚
1357 2121 1533 2194 nihil
1580 2122 1974 2204 haesitanS,
2031 2124 2302 2194 tametsi
2358 2124 2676 2196 enantin

160 2206 231 2278 iis
270 2210 395 2280 sim
454 2210 620 2282 lices
663 2210 950 2299 quidam
998 2222 1064 2280 et
1113 2232 1357 2302 parum
1423 2211 1696 2282 literati.
1749 2217 2032 2285 Noverat
2095 2212 2442 2302 placuisse
2490 2217 2623 2283 Deo
2657 2268 2675 2296 ,

160 2318 259 2385 per
285 2234 647 2372 stuflitiam
698 2299 1229 2391 praedicationis
1274 2299 1501 2371 salvos
1547 2300 1770 2371 tacere
1818 2300 2195 2373 credentes.
2247 2301 2675 2372 Illisautem

162 2401 412 2476 propter
459 2388 559 2458 rei
622 2390 984 2461 novitatem
1035 2389 1562 2480 etimperitiam
1622 2411 1772 2461 sese
1822 2390 2313 2460 excusantibus
2348 2445 2364 2472 ‚
2429 2390 2522 2461 ita
2561 2390 2669 2460 di·

156 2475 372 2547 cebat:
428 2482 618 2561 «Ite,
653 2490 718 2549 et
749 2477 1054 2550 fructum
1087 2477 1327 2550 facite:
1379 2478 1473 2549 ad
1514 2478 1645 2550 hoc
1676 2478 1860 2550 enim
1916 2479 2135 2549 vocati
2182 2479 2390 2550 estis:
2442 2479 2678 2550 horta-

160 2565 304 2634 mini
350 2588 495 2651 eos,
550 2583 627 2639 ut
671 2581 881 2660 agant
940 2566 1425 2659 poenitentiam
1458 2622 1474 2650 ‚
1529 2582 1807 2660 propter
1851 2590 1925 2637 ea
1962 2622 1976 2650 ‚
2029 2589 2208 2656 quae
2253 2581 2320 2637 et
2379 2589 2497 2639 vos
2543 2567 2677 2638 ali-

154 2656 446 2738 quando,
500 2678 661 2728 cum
710 2656 943 2727 adhuc
993 2656 1234 2726 mundi
1282 2679 1480 2727 amor
1525 2678 1645 2727 vos
1695 2667 1973 2738 teneret,
2077 2657 2496 2747 erpetrastis.
2553 2658 2686 2741 Qui

155 2746 307 2812 emm
330 2749 732 2817 converterit
756 2756 1169 2838 peccatorem
1216 2746 1299 2815 ab
1332 2768 1555 2816 errore
1591 2748 1747 2816 viae
1788 2768 1977 2827 suae,
2021 2679 2331 2816 fiber-abit
2372 2747 2679 2821 animam

153 2831 276 2919 q‘us
291 2857 337 2902 a
356 2845 599 2917 morte,
630 2845 693 2906 et
711 2837 963 2926 operiet
993 2834 1498 2905 multitudinem
1521 2845 1948 2925 peccatorum
1977 2857 2253 2904 suorum
2269 2834 2394 2924 (ew
2413 2839 2562 2905 Jac.
2595 2834 2674 2925 1),

158 2920 570 3011 addebatque
616 2924 720 2993 vir
768 2927 887 2994 S.:
942 2922 1271 2993 Confidite
1316 2922 1390 2993 in
1442 2923 1773 3005 Domino,
1817 2936 1884 2993 et
1917 2923 2089 2993 nihil
2134 2923 2325 2994 vobis
2372 2922 2614 2994 deerit.
2642 2946 2680 2993 »

157 3007 405 3081 Dicebat
439 3012 511 3083 id
553 3033 841 3082 securus
886 3012 973 3082 de
1005 3012 1419 3103 protectione
1468 3012 1582 3081 Dei
1612 3012 1811 3093 coeli,
1844 3012 1958 3083 cui
1989 3033 2105 3082 eos
2137 3011 2463 3103 precibus
2493 3034 2682 3083 com-

157 3099 529 3171 mendabat.
584 3101 783 3171 Ibant
830 3100 1042 3192 igitur
1091 3100 1232 3183 illi,
1286 3112 1353 3170 et
1399 3102 1650 3192 spiritu
1706 3100 2169 3182 humilitatis,
2222 3100 2508 3189 zeloque
2557 3101 2676 3172 Dei

158 3182 539 3269 ducti‚'non
603 3190 1014 3260 mediocrem
1064 3189 1464 3260 adferebant
1510 3189 1837 3261 fructum.
1892 3190 2378 3260 'turbabantur
2434 3211 2681 3264 omnes

159 3271 373 3363 iniqui,
401 3279 573 3367 quia
595 3278 811 3348 virtus
842 3278 1076 3349 divina
1111 3278 1617 3370 multiplicabat
1645 3300 1786 3350 eos
1815 3279 1940 3349 Sed
1970 3301 2145 3367 quos
2177 3284 2249 3348 B.
2278 3279 2678 3351 Dominicus

162 3365 460 3519 plen-iculis
511 3367 917 3526 objiciebat,
970 3367 1138 3438 dum
1188 3367 1299 3438 sic.
1321 3390 1440 3438 eos
1488 3368 1828 3450 mitteret,
1889 3390 2005 3438 eos
2054 3390 2338 3458 precum
2390 3389 2678 3439 suarum

159 3472 238 3540 cy
466 3466 611 3527 rote
749 3468 900 3527 at...

200 3476 460 3639 §pzo'p
506 3478 817 3617 Decgaenus
864 3544 1146 3632 quidam
1190 3544 1469 3625 Galliae,
1513 3550 1801 3616 Romam
1837 3545 1964 3616 iter
2013 3544 2299 3625 habens,
2334 3549 2406 3615 B.
2443 3544 2675 3616 Domi·-

165 3648 364 3702 mcum
424 3634 734 3704 Mutinae
789 3634 1311 3705 concionantem
1376 3634 1568 3706 vidit.
1634 3637 1684 3704 A
1741 3634 2073 3704 concione
2135 3655 2295 3703 eum
2344 3632 2540 3717 adit,
2594 3632 2681 3704 de

167 3717 347 3789 salute
393 3723 674 3792 animae
724 3742 892 3792 suae
937 3743 1093 3792 cum
1145 3722 1266 3793 illo
1297 3722 1584 3804 confert,
1637 3723 1819 3793 inter
1856 3722 1993 3792 alia
2026 3722 2336 3793 dolenter
2380 3744 2681 3794 comme-

169 3823 349 3879 morat
404 3833 539 3881 ceu
600 3810 952 3898 quoddam
1002 3811 1394 3882 inevitabile
1452 3810 1946 3902 naufragium,
2014 3811 2199 3898 quod
2265 3832 2402 3881 non
2462 3811 2683 3902 possit

172 3898 356 3968 earnis
407 3899 775 3971 libidinem
825 3898 1140 3971 frenare:
1190 3922 1370 3988 quae
1419 3923 1527 3971 res
1575 3911 1774 3991 cogat
1821 3921 1984 3970 eum
2031 3921 2159 3970 ceu
2206 3900 2675 3990 desperatum,

174 3981 231 4050 ab
264 3987 421 4058 aliis
473 3987 675 4059 bonis
719 3988 1049 4080 operibus
1096 3988 1465 4060 abstinere.
1518 3990 1835 4059 Misertus
1867 3988 2020 4078 ejus
2049 3989 2155 4058 vir
2193 3986 2331 4070 Dei,
2361 3987 2511 4058 fide
2542 4009 2682 4076 qua

180 4068 379 4154 plenus
411 4090 589 4158 erat,
636 4099 792 4148 eum
825 4077 1215 4160 confirmat,
1249 4077 1529 4149 dicens:
1584 4102 1621 4145 «
1663 4076 1811 4158 Abi,
1849 4076 2176 4168 deinceps
2207 4098 2335 4166 age
2366 4074 2675 4160 viriliter,

181 4159 302 4234 nihil
349 4166 440 4237 de
489 4166 607 4237 Dei
658 4166 999 4238 immensa
1056 4166 1529 4237 misericordia
1591 4166 1993 4268 desperans.
2060 4171 2199 4257 Ego
2264 4164 2390 4234 tibi
2449 4165 2680 4237 carnis

185 4254 629 4327 continentiam
681 4256 1088 4346 impetrabo.
1127 4278 1163 4322 »
1214 4255 1391 4326 Dixit
1432 4255 1572 4337 ille,
1609 4268 1677 4326 et
1721 4268 1816 4325 ita
1852 4254 2111 4325 factum
2157 4264 2280 4325 est.
2324 4254 2454 4337 Qui
2491 4255 2678 4326 enim

186 4352 324 4411 &tea
352 4344 769 4416 immundus
796 4359 865 4415 ct
895 4343 1208 4416 lubricus
1246 4343 1491 4425 fuerat,
1536 4356 1774 4415 castus
1799 4357 1867 4423 et
1908 4342 2206 4435 pudicus
2237 4343 2521 4415 effectus
2548 4355 2673 4414 est.

187 4423 604 4518 Ecquantum
642 4446 860 4524 potest
890 4433 1282 4525 deprecatio
1312 4434 1510 4525 justi.
