3308 5004
691 296 820 362 602
1367 315 1447 361 na
1495 314 1552 362 s.
1606 313 1875 363 tustino
1919 312 1998 361 tr
2043 311 2219 363 socc.
2270 313 2388 363 ιιι.
2825 293 3022 362 Aue.
3077 295 3173 361 25

593 398 808 488 jussit
839 420 1001 469 eum
1035 397 1121 468 ad
1171 417 1244 467 se
1281 395 1547 479 induci,
1602 411 1669 467 et
1723 398 1823 469 sic
1869 420 2028 469 eum
2078 398 2304 489 coepit
2346 397 2581 467 affari:
2632 397 2801 479 suli,
2856 397 3177 486 qualiter

602 509 843 558 amens
870 487 1161 558 effectus
1191 507 1289 565 es,
1340 499 1420 557 ut
1454 487 1782 558 deserens
1826 493 2062 559 Jovem
2113 499 2180 557 et
2227 485 2617 567 Herculem,
2672 487 2992 574 sequaris
3039 508 3177 556 ne·

604 577 748 648 scio
792 597 1002 664 quam
1052 574 1423 647 amentiam
1466 579 1768 646 vanam?
1816 576 1937 646 Cui
1996 575 2284 648 viriliter
2343 574 2698 666 respondit
2731 575 2988 657 Julius,
3055 575 3177 645 di·

602 687 803 736 cens:
863 669 1024 734 «Tu
1070 663 1281 735 simul
1334 665 1593 755 peribis
1640 686 1800 735 cum
1851 665 1988 734 diis
2035 665 2197 748 tuis,
2255 685 2430 753 quos
2494 685 2668 734 vano
2714 686 2946 734 errore
2993 663 3175 736 deos

602 775 774 834 esse,
820 754 1182 823 temerario
1222 774 1339 823 ore
1388 753 1777 823 mentiris.»
1808 752 2149 826 Confusus
2196 753 2427 841 itaque
2455 758 2701 824 Caesar
2728 753 2839 823 his
2884 766 2953 824 et
3001 753 3176 823 aliis

601 842 851 923 verbiS,
906 841 1264 912 accersivit
1309 842 1682 930 quemdam
1744 843 1968 912 virum
2031 843 2311 913 nomine
2340 841 2688 914 Vitellium
2739 842 3174 934 magistrum

603 931 938 1022 peditum,
991 932 1226 1001 animo
1276 930 1441 1012 sero,
1494 953 1702 1022 opere
1747 931 2125 1012 crudelem,
2180 931 2645 1019 omnibusque
2692 931 2876 1001 vitiis
2921 931 3175 1002 obses-

603 1042 783 1099 sum,
837 1031 902 1090 et
942 1019 1291 1111 praecepit
1336 1020 1424 1101 ei,
1477 1019 1757 1090 dicens:
1811 1020 2105 1110 Exquire
2142 1020 2509 1111 diligenter
2534 1020 2891 1090 facultates
2941 1020 3173 1108 hujus

601 1108 946 1199 sacrilegi,
977 1121 1043 1178 et
1090 1106 1428 1200 compelle
1452 1131 1611 1179 eum
1648 1108 1731 1179 ad
1787 1109 2319 1180 sacrificandum
2358 1109 2812 1179 invictissimo
2846 1109 3166 1179 Herculi.

600 1199 732 1282 Qui
782 1198 917 1267 nisi
974 1197 1431 1286 acquieverit,
1491 1219 1625 1267 non
1680 1199 2041 1289 protrahas
2086 1219 2245 1268 eum
2296 1198 2562 1268 diutius
2623 1199 2869 1268 vivere.
2922 1200 3172 1269 Susci-

601 1288 803 1377 piens
850 1286 1160 1357 Vitellius
1194 1287 1528 1369 vicarius,
1579 1286 1741 1356 fecit
1769 1309 1928 1357 eum
1980 1289 2312 1358 coarctari
2351 1287 2422 1355 in
2464 1286 2804 1357 custodia.
2849 1291 3014 1357 Post
3045 1288 3169 1357 tri·

603 1376 821 1445 duum
859 1396 1016 1444 vero
1055 1376 1266 1466 jussit
1314 1375 1447 1446 sibi
1500 1376 1805 1446 tribunal
1872 1378 2267 1466 praeparari
2319 1376 2386 1445 in
2440 1375 2697 1446 tellude
2741 1377 2822 1457 ⁴,
2876 1388 2946 1445 et
3007 1398 3172 1447 san-

602 1476 793 1534 ctum
863 1464 1129 1534 Julium
1187 1465 1450 1534 catenis
1526 1465 1935 1536 adstrictum
2005 1478 2164 1535 ante
2210 1487 2283 1535 se
2337 1465 2668 1535 exhiberi.
2722 1469 2880 1534 Erat
2925 1478 3169 1536 autem

602 1574 887 1644 corpore
936 1553 1191 1634 nudus,
1227 1552 1344 1623 sed
1373 1575 1454 1624 ex
1492 1555 1785 1655 integre,
1830 1553 1967 1623 lide
1999 1554 2331 1624 munitus.
2367 1558 2585 1637 Quem
2618 1553 2716 1626 sic
2750 1552 3164 1641 alloquitur,

602 1641 888 1713 dicens:
942 1642 1206 1716 Audisti
1263 1643 1431 1729 quid
1478 1644 1695 1733 ,iussit
1733 1643 2113 1733 princeps?
2163 1647 2432 1732 Depone
2469 1644 2621 1731 jam
2673 1643 3166 1732 pertinaciam,

601 1745 669 1802 et
714 1731 926 1801 adora
974 1731 1161 1809 deos,
1203 1753 1327 1821 per
1370 1753 1545 1819 quos
1576 1732 1943 1801 universus
1983 1732 2298 1801 subsistit
2333 1732 2521 1802 orbis
2569 1736 2951 1802 Romanus.
2995 1737 3170 1802 Nam

603 1821 663 1891 si
699 1841 834 1890 non
885 1820 1152 1901 feceriS,
1205 1820 1495 1890 diversis
1526 1821 1823 1891 afflictus
1859 1821 2098 1911 poenis
2131 1821 2469 1910 punieris.
2512 1821 2633 1891 cui
2684 1831 2975 1890 sanctus
3007 1842 3174 1891 con-

603 1922 864 1980 stanter
901 1908 1293 2009 respondit:
1330 1931 1366 1975 «
1396 1912 1447 1978 O
1480 1910 1691 1980 miser
1725 1920 1791 1979 et
1819 1910 2232 1991 miserande,
2264 1908 2473 1980 simul
2500 1931 2659 1980 cum
2694 1921 2812 1979 tuo
2844 1908 3172 2000 principe

602 1998 869 2088 perfido
897 1997 1224 2087 peribis»
1257 2000 1346 2066 Ad
1401 1998 1569 2068 haec
1616 1998 1930 2067 Vitellius
1974 1999 2182 2068 dixit:
2235 2002 2286 2068 Ο
2331 1999 2380 2067 J
2386 1998 2508 2079 uli,
2547 1998 2618 2066 in
2659 2019 2798 2086 quo
2831 1998 3164 2074 confidis,

603 2108 761 2155 curn
804 2087 948 2174 jam
1022 2086 1396 2157 damnatus
1450 2087 1596 2156 sis?
1648 2087 1878 2157 Julius
1954 2087 2347 2178 respondit:
2402 2110 2439 2155 «
2486 2086 2772 2156 Fiducia
2820 2108 2984 2157 mea
3041 2087 3169 2157 vita

602 2188 874 2244 aeterna
916 2188 1040 2255 est,
1081 2196 1240 2266 spes
1290 2197 1437 2244 mea
1469 2175 1784 2246 Christus
1827 2188 1955 2256 est,
1990 2177 2111 2264 qui
2144 2190 2209 2247 te
2254 2199 2415 2247 cum
2453 2187 2572 2246 tuo
2607 2176 2929 2266 principe
2959 2176 3164 2246 dam·

610 2264 799 2332 nabit
843 2264 914 2332 in
966 2276 1319 2334 aeternum
1363 2264 1792 2333 interitum.»
1828 2269 2006 2334 Haec
2054 2265 2346 2336 audiens
2372 2264 2706 2346 vitellius,
2756 2265 3168 2335 iracundiae

605 2351 907 2422 stimulis
948 2352 1340 2443 instigatus,
1386 2353 1596 2440 jussit
1640 2375 1799 2423 eum
1852 2353 2154 2424 fustibus
2200 2353 2419 2424 caedi.
2466 2354 2594 2437 Qui
2636 2353 2805 2424 dum
2839 2354 3169 2425 caedere·

532 2455 535 2458 ’
602 2454 739 2524 tur,
792 2440 1110 2513 emittens
1166 2442 1514 2531 spiritum,
1577 2442 1897 2513 coelestia
1952 2444 2164 2534 petiit.
2220 2444 2435 2531 Cujus
2482 2464 2739 2535 corpus
2808 2442 3168 2535 praecepit

602 2530 916 2600 Vitellius
962 2544 1120 2600 ante
1169 2532 1757 2621 amphitheatrum
1800 2534 2072 2623 jactari.
2126 2533 2321 2616 Quod
2373 2532 2732 2603 audientes
2782 2534 3172 2609 Eusebius.

603 2620 1048 2702 VincentiuS,
1101 2622 1548 2720 Peregrinus,
1600 2634 1810 2708 atque
1874 2622 2362 2705 Potentianus,
2416 2622 2843 2712 cbllegerunt
2907 2644 3169 2713 corpus

603 2708 1021 2778 sanctissimi
1050 2708 1299 2779 Christi
1331 2710 1676 2799 martyris,
1713 2724 1778 2779 et
1812 2710 2329 2806 sepelieruntJn
2364 2711 2770 2782 coemeterio
2811 2711 3164 2803 Calepodii

602 2821 742 2868 11111
791 2796 1122 2867 Calendas
1173 2803 1256 2867 Se
1309 2798 1618 2868 tembris.
2508 2827 2514 2833 ·

690 2890 727 2975 ξ
772 2890 866 2958 8.
919 2892 1100 2957 Haec
1148 2909 1235 2954 au
1293 2890 1440 2955 iens
1487 2886 1822 2966 Vitellius,
1882 2888 2183 2977 perquiri
2232 2910 2348 2956 eos
2397 2887 2589 2969 secit,
2645 2888 2780 2958 sibi
2829 2910 2927 2958 ue
3012 2909 3158 2957 rae·

603 2977 887 3045 sentatis
953 2976 1163 3046 dixit:
1220 2976 1574 3045 Manifesta
1621 2978 1908 3046 assertio
1973 2990 2120 3057 est,
2189 2977 2569 3066 diripuisse
2618 2999 2736 3047 vos
2827 3000 2957 3048 acu
2987 2989 3152 3045 tates

600 3065 795 3143 Julii,
849 3087 1007 3134 cum
1044 3079 1108 3133 et
1141 3087 1394 3154 corpus
1441 3064 1626 3134 illius
1657 3065 2055 3155 collegistis,
2097 3065 2444 3153 simulque
2475 3078 2541 3136 et
2589 3064 2987 3155 sepulturae
3015 3078 3153 3133 tra-

603 3153 901 3223 didistis.
955 3160 1144 3222 Tunc
1245 3154 1537 3223 loriosus
1586 3153 1688 3221 vir
1723 3155 2062 3224 Eusebius
2097 3154 2370 3225 locutus
2433 3169 2574 3225 est:
2630 3154 2896 3238 «Quod
2964 3152 3159 3223 nobis

601 3241 868 3329 objicis,
924 3177 1381 3332 proculdgubio
1412 3242 1728 3323 fecimuS,
1764 3243 2090 3330 quodque
2119 3244 2504 3314 meruimus
2539 3243 2862 3333 praesule
2890 3243 3163 3313 Christo

602 3331 863 3399 executi
882 3351 1197 3399 sumus.»
1221 3332 1269 3399 J
1277 3331 1451 3401 udex
1476 3331 1944 3419 nequissimus
1978 3331 2178 3402 dixit:
2209 3334 2384 3416 Quia
2417 3333 2769 3403 meruistis
2802 3333 3168 3402 thesauros

604 3419 925 3509 diripere.
961 3418 1332 3489 difficultas
1383 3443 1515 3490 non
1569 3421 1656 3490 sit
1708 3422 1901 3491 vobis
1950 3420 2259 3502 reddere,
2335 3443 2419 3490 ne
2468 3421 2799 3511 pereatis»,
2854 3421 3044 3492 sicut
3105 3433 3168 3491 et

603 3507 721 3576 ille
760 3509 982 3598 periit.
1038 3509 1412 3599 Respondit
1449 3510 1829 3580 Eusebius:
1886 3533 1922 3577 «
1953 3515 2093 3580 Hoc
2141 3511 2469 3580 omnibus
2516 3510 2689 3580 votis
2729 3510 3162 3601 appetimus,

603 3598 734 3666 hoc
780 3598 1133 3666 communi
1170 3598 1404 3667 animo
1442 3599 2083 3688 concupiscimus»
2135 3603 2443 3687 Cumque
2490 3612 2885 3669 constanter
2945 3598 3169 3689 persi—

605 3698 881 3764 sterent,
915 3698 980 3755 et
1026 3687 1360 3757 confusus
1401 3687 1736 3765 Vitellius,
1776 3686 2014 3757 eadem
2055 3686 2221 3756 hora
2260 3688 2473 3777 jussit
2510 3700 2587 3758 ut
2618 3687 2686 3756 in
2721 3687 2963 3757 eculeo
2994 3686 3172 3757 facie

603 3775 688 3845 ad
725 3776 968 3845 faciem
997 3775 1610 3864 suspenderentur,
1657 3775 2207 3846 obtunderentur
2240 3777 2488 3857 nervis,
2533 3790 2599 3846 et
2629 3775 3163 3865 fustigarentur.

605 3865 870 3947 Quibus
920 3864 1302 3953 suspensiS,
1351 3886 1594 3966 praeco
1641 3865 1847 3934 etiam
1900 3865 2284 3934 clamabat:
2320 3869 2487 3936 Deos
2534 3877 2599 3934 et
2648 3864 3006 3953 principes
3048 3887 3166 3934 uo-

607 3953 720 4022 lite
751 3954 1254 4044 blasphemare.
1304 3953 1567 4023 Diutius
1600 3966 1827 4022 autem
1865 3954 1965 4023 eis
1997 3953 2214 4032 tortis,
2250 3954 2463 4042 jussit
2488 3974 2758 4024 cessare
2789 3952 3166 4041 paululum

605 4042 1047 4112 atormentis.
1086 4043 1352 4125 Quibus
1390 4041 1602 4112 dixit:
1657 4042 1919 4112 Parcite
1960 4042 2175 4121 vobis,
2228 4057 2292 4111 et
2324 4041 2706 4111 sacrificate
2752 4042 2911 4111 diis.
2961 4046 3170 4112 Euse-

605 4131 764 4201 bius
812 4131 898 4201 ad
930 4132 1143 4201 haec:
1189 4154 1227 4199 4(
1261 4132 1485 4211 Miser,
1545 4131 1796 4218 inquit,
1858 4131 2038 4219 quod
2097 4131 2412 4222 incepisti
2475 4130 2750 4221 perfice,
2791 4128 2931 4200 noli
2986 4130 3170 4201 desi·

606 4232 803 4289 stere.
856 4225 1021 4290 Ante
1068 4221 1249 4289 enim
1282 4221 1403 4289 tibi
1453 4219 1726 4290 deficiet
1769 4232 2043 4311 tempus
2090 4221 2177 4289 ad
2231 4220 2693 4309 torquendum
2745 4242 2892 4302 noS,
2952 4241 3168 4309 quam

608 4322 835 4378 noster
880 4309 1151 4378 deficiat
1201 4310 1269 4378 in
1306 4309 1570 4379 Christo
1623 4309 1998 4400 persistens
2053 4309 2354 4381 animus.
2409 4315 2503 4381 Ne
2557 4331 2722 4401 ergo
2773 4320 2975 4402 putes
3041 4330 3164 4380 nos

662 4435 687 4460 ⁴
718 4432 804 4483 Qui
826 4433 963 4476 Urbis
987 4436 1123 4477 locut
1144 4438 1269 4477 esset
1292 4434 1488 4476 Tell-'aden
1506 4433 1709 4477 diximus
1736 4434 1780 4477 in
1803 4438 1972 4477 nostro
1993 4437 2229 4489 Narem-01.
2255 4446 2300 4486 p.
2320 4437 2441 4477 436⁸.
