3308 5004
152 332 327 400 ΑΗΕ.
384 333 463 399 15
757 352 838 399 nn
885 349 1191 400 assunt.
1245 348 1528 400 nsanss.
1583 352 1754 401 vtae.
1809 349 2052 401 mutan
2471 335 2607 402 353

152 436 489 521 Magorum
540 430 858 524 gloriam,
928 454 1299 503 munerum
1350 433 1642 523 gratiam
1676 488 1692 515 ,
1747 444 1813 504 et
1860 446 2071 524 super
2111 433 2282 505 haec
2324 434 2558 504 omnia
2598 447 2701 505 te-

151 519 542 590 stimonium
593 521 1055 592 conscientiae
1119 524 1330 592 suae?
1377 526 1558 592 Haec
1606 536 1773 594 sunt
1811 521 1952 592 duo
1982 577 1997 603 ,
2052 544 2232 611 quae
2288 522 2702 626 virginalem

154 610 595 680 substantiam
647 622 784 681 tota
848 610 1368 681 circumdedere
1437 611 1727 692 virtute,
1781 611 2206 682 continentia
2277 612 2560 695 scilicet,
2635 625 2703 682 et

150 697 451 768 devotio:
492 720 789 786 quorum
841 698 1134 770 alterum
1185 697 1489 780 carnem,
1544 699 1839 770 alterum
1886 712 2184 770 mentem
2219 700 2315 770 ita
2364 701 2693 792 possedit,

153 799 224 856 ut
266 809 423 858 caro
471 787 960 871 mundissima,
1015 810 1211 859 mens
1248 788 1624 881 purissima
1673 789 2085 859 Genitricem
2138 790 2413 860 Domini
2460 791 2700 882 singu·

154 874 360 946 larius
392 888 900 947 consecrarent.

232 965 268 1052 §
313 969 471 1038 1⁰.
526 964 653 1034 Sed
707 987 791 1035 ne
832 978 1111 1055 putares
1159 966 1269 1037 his
1317 966 1595 1039 duabus
1644 966 1812 1039 solis
1869 964 2245 1037 virtutibus
2289 966 2699 1058 insignitam

157 1054 506 1123 Dominam
555 1053 768 1136 orbis,
803 1066 868 1124 et
906 1056 1240 1157 Reginam
1272 1056 1648 1137 coelorum,
1704 1055 2154 1144 subsequitur
2183 1055 2697 1147 Scripturarum

156 1143 557 1213 auctoritas:
611 1147 690 1214 Et
728 1143 1034 1213 universi
1086 1144 1390 1235 pulveris
1438 1144 1910 1236 pigmentarii.
1973 1144 2099 1214 Hic
2145 1166 2543 1234 expressum
2595 1159 2700 1216 est

154 1230 472 1386 guicquid
523 1232 817 1323 exprimi
866 1233 1112 1323 potuit.
1169 1234 1444 1324 Species
1490 1234 1770 1321 quidem
1837 1234 2145 1324 integrae
2190 1232 2468 1304 odorem
2539 1234 2696 1303 red-

200 1332 339 1402 unt,
393 1320 512 1392 sed
579 1343 714 1391 non
781 1334 1073 1405 tantum,
1128 1336 1465 1410 quantum
1519 1322 1932 1392 confractae.
1985 1322 2252 1393 Crebris
2299 1323 2486 1392 enim
2536 1335 2697 1392 tun-

155 1407 458 1480 sionibus
507 1411 940 1499 supertritae,
979 1411 1415 1481 remotiorem
1465 1411 1673 1480 etiam
1717 1410 1946 1481 locum
1988 1410 2329 1482 odorifera
2368 1433 2535 1481 cons
2587 1434 2696 1480 er-

157 1497 336 1567 sione
382 1497 787 1568 refundunt.
842 1500 951 1570 Sic
998 1512 1064 1569 et
1095 1500 1379 1570 virtutes
1421 1499 1489 1569 in
1532 1522 1703 1601 pace
1733 1500 2015 1587 quidem
2051 1499 2314 1570 fortiter
2364 1500 2525 1571 redo
2554 1512 2692 1580 ent,

155 1586 262 1655 sed
309 1586 555 1657 fortius
602 1588 673 1656 in
731 1587 1216 1659 tribulatione:
1268 1588 1433 1676 quia
1483 1602 1705 1659 virtus
1766 1589 1834 1658 in
1893 1610 2062 1679 pace
2126 1589 2556 1676 acquiritur,
2626 1590 2698 1659 in

111 1676 622 1765 *persecutione
687 1677 1062 1766 probatur.
1124 1679 1554 1768 approbatur
1601 1678 1671 1748 in
1730 1678 2039 1750 victoria.
2094 1679 2468 1748 Universus
2535 1699 2699 1769 ergo

157 1764 370 1852 pulvis
406 1765 909 1855 pigmentarius
937 1766 1006 1835 in
1041 1767 1320 1857 Virgine
1352 1767 1709 1857 conjectus
1739 1779 1865 1848 est,
1906 1766 2071 1854 quia
2113 1767 2181 1836 in
2232 1788 2312 1836 ea
2361 1766 2696 1837 virtutum

157 1866 520 1923 conventus
569 1853 1020 1924 reverendum
1072 1855 1203 1925 sibi
1256 1854 1639 1925 thalamum
1690 1855 2141 1935 consecravit,
2194 1867 2259 1925 et
2307 1855 2365 1925 si
2411 1856 2700 1926 caeteris

160 1961 270 2029 per
314 1955 544 2034 partes
598 1943 893 2033 Spiritus
953 1943 1191 2025 affuit,
1246 1945 1497 2014 Mariae
1546 1956 1774 2014 tamen
1835 1957 1972 2015 tota
2035 1944 2394 2035 plenitudo
2441 1945 2701 2035 gratiae

162 2030 564 2120 supervenit.
640 2037 772 2102 Nec
812 2032 1116 2124 integrae
1165 2031 1447 2104 fuerunt
1498 2033 1571 2101 in
1622 2055 1702 2103 ea
1749 2034 2055 2123 species,
2102 2033 2218 2103 sed
2271 2033 2339 2101 in
2393 2033 2702 2103 subtilis-

159 2117 399 2189 simum
433 2121 929 2202 comminutae,
976 2122 1141 2208 quia
1181 2122 1334 2212 ipsa
1361 2133 1487 2203 est,
1520 2142 1699 2210 quae
1733 2121 2132 2192 fortioribus
2166 2122 2694 2215 tribulationum

164 2206 412 2281 malleis
463 2230 674 2300 super
728 2231 937 2289 ressa,
983 2210 1152 2280 vidit
1199 2232 1404 2280 suum
1440 2223 1507 2280 et
1557 2211 1670 2280 Dei
1713 2211 1962 2281 Filium
2013 2210 2202 2302 affigi
2249 2211 2472 2291 Cruci,
2514 2212 2700 2280 mili-

165 2296 279 2365 tari
314 2297 554 2368 lancea
594 2321 680 2367 vu
718 2299 966 2373 nerari,
1019 2310 1085 2368 et
1118 2300 1297 2369 inter
1325 2304 1501 2370 duos
1541 2298 1843 2370 latrones
1888 2301 2189 2390 positum
2236 2300 2572 2389 expirare.

244 2386 276 2471 ἓ
315 2391 448 2460 11.
477 2387 803 2474 Sequitur
828 2387 913 2458 de
944 2387 1097 2458 e'us
1130 2389 1627 2477 assumptione.
1671 2390 1857 2469 Quae
1881 2399 1977 2459 est
2009 2390 2163 2469 ista,
2203 2410 2375 2479 quae
2403 2388 2701 2457 ascendit

167 2470 238 2541 de
263 2474 534 2556 deserto,
575 2477 837 2547 deliciis
884 2410 1191 2568 affluens,
1231 2479 1480 2548 innixa
1523 2499 1728 2581 super
1755 2478 2075 2548 dilectum
2118 2477 2365 2547 suum?
2390 2481 2569 2548 Haec
2598 2490 2702 2546 est

166 2562 404 2653 Regina
459 2565 606 2646 illa,
672 2587 883 2653 quam
930 2567 1228 2636 videntes
1281 2569 1473 2658 filiae
1526 2569 1710 2648 Stoa,
1756 2569 2211 2637 beatissimam
2255 2568 2701 2657 praedicave-

162 2662 326 2732 runt,
362 2665 423 2724 et
455 2657 757 2745 Reqz‘nae
820 2655 1267 2725 laudaverunt
1305 2677 1480 2726 eam.
1532 2656 1855 2725 Ascendit
1913 2667 2143 2725 autem
2187 2654 2391 2725 hodie
2447 2655 2533 2724 de
2585 2653 2701 2723 de-

164 2753 347 2823 serto,
399 2743 468 2813 id
521 2755 621 2813 est
667 2743 753 2812 de
791 2743 1055 2813 mundo
1102 2743 1189 2814 ad
1222 2744 1473 2835 regalis
1509 2744 1740 2814 throni
1770 2742 2254 2813 celsitudinem
2293 2743 2693 2813 sublimata.

165 2828 441 2914 Deliciis,
498 2831 745 2918 inquit,
790 2832 1106 2902 affluens.
1141 2837 1305 2903 Vere
1354 2832 1668 2913 affluens,
1710 2833 1876 2921 quia
1922 2835 2184 2902 multae
2265 2835 2401 2903 liae
2430 2855 2704 2922 cougre-

165 2932 478 3004 9averunt
518 2922 816 3003 divitias,
856 2920 1024 2991 haec
1069 2944 1506 3014 superqressa
1551 2933 1648 2992 est
1685 2924 2062 2992 universas.
2116 2925 2206 2989 De
2239 2921 2530 2991 iciarum
2583 2942 2706 2990 au-

165 3015 284 3075 tem
330 3008 479 3096 ejus
509 3031 642 3078 non
692 3022 796 3079 est
821 3031 1179 3091 numerus,
1228 3011 1393 3098 quia
1423 3010 1593 3081 dum
1627 3011 1962 3101 Spiritum
2001 3015 2332 3081 Sanctum
2375 3009 2695 3098 suscipit,

165 3097 444 3188 concipit
493 3098 610 3167 Dei
676 3098 952 3181 Filium,
1007 3104 1258 3200 Regem
1309 3099 1570 3190 gloriae
1631 3111 1962 3190 generat,
2045 3109 2359 3190 penetrat
2423 3098 2698 3178 coelOS,

168 3185 505 3256 cumulata
543 3186 824 3268 divitiis,
876 3201 943 3257 et
993 3188 1262 3276 deliciis
1310 3189 1623 3269 affluens,
1674 3188 1758 3258 ad
1810 3193 2127 3279 Regnum
2176 3187 2398 3259 evolat
2444 3187 2703 3278 sempi-

170 3279 420 3344 ternum
456 3297 692 3346 suum.
730 3278 989 3346 Innioea
1016 3300 1098 3346 su
1147 3300 1220 3347 er
1274 3279 1593 3348 dilectum
1623 3300 1845 3347 suum.
1901 3283 2038 3347 Rex
2085 3277 2419 3347 virtutum
2467 3275 2703 3345 dilecti

167 3359 343 3430 Pater
394 3377 521 3446 est,
596 3365 663 3433 in
713 3386 852 3452 quo
914 3365 1048 3435 sibi
1155 3388 1284 3436 ene
1344 3366 1788 3458 complacuit.
1844 3369 2064 3457 Super
2125 3366 2310 3435 hunc
2375 3365 2703 3435 innititur

171 3449 361 3544 Mater
406 3452 526 3523 illa
573 3452 882 3536 felicior,
933 3466 1001 3524 et
1057 3454 1125 3523 in
1177 3476 1386 3525 aureo
1466 3455 1900 3526 reclinatorio
1975 3454 2247 3525 divinae
2321 3454 2701 3544 majestatis
2800 3468 2804 3471 ’

171 3541 602 3623 incumbens,
657 3542 839 3612 intra
885 3543 1170 3633 sponsi,
1231 3544 1445 3614 immo
1504 3544 1657 3613 Filii
1698 3545 1808 3615 sui
1857 3544 2142 3614 brachia
2201 3543 2593 3631 requiescit.
2645 3546 2697 3612 Ο

169 3643 405 3709 quanta
436 3630 761 3721 dignitas,
792 3652 1002 3719 quam
1034 3632 1356 3723 specialis
1390 3634 1713 3723 potentia,
1744 3633 1950 3703 inniti
1978 3654 2190 3724 super
2222 3632 2452 3714 illum,
2487 3652 2696 3720 quem

172 3713 510 3805 Angelicae
552 3731 914 3811 potestates
963 3734 1359 3791 reverentur
1403 3721 1806 3814 adspicere?

181 3885 194 3898 ⁸
247 3804 282 3889 ξ
316 3812 459 3879 18.
514 3813 695 3879 Haec
743 3820 907 3879 sunt
951 3831 1138 3901 ergo,
1175 3832 1352 3898 quae
1392 3812 1737 3901 praesenti
1774 3809 2121 3880 festivitati
2156 3810 2287 3880 sub
2325 3808 2598 3879 umbris
2635 3819 2700 3877 et

175 3895 585 3995 tmaginibus
657 3898 1025 3989 dignanter
1070 3897 1434 3981 alludunt,
1499 3911 1565 3971 et
1628 3899 1999 3969 sacratiore
2061 3898 2365 3989 tegmine
2432 3897 2697 3978 velata,

178 3986 524 4065 gratiosius
559 3986 814 4070 lucent,
868 4009 1028 4057 cum
1079 3987 1428 4080 potuerint
1462 3988 1772 4070 revelari,
1825 3991 2060 4057 Amen.

333 4516 559 4583 stu-ius
586 4554 610 4570 -
641 4521 806 4585 Vitae
827 4523 938 4588 88.
963 4554 991 4573 ·
1015 4520 1149 4590 Vol.
1177 4521 1337 4589 vm.
2470 4531 2551 4593 23
