3308 5004
189 283 384 352 AUG.
436 283 521 349 24
860 300 941 348 m:
985 300 1044 349 s.
1098 298 1395 349 Aunonno
1442 298 1640 349 ausc.
1696 300 2060 351 romono.
2531 288 2662 355 599

188 385 431 457 cuncti
480 383 1111 475 prudentissimum
1154 382 1662 466 consiliarium,
1713 407 1954 476 pacem
2004 387 2261 479 populo
2310 388 2428 459 Dei
2477 410 2750 481 semper

184 465 705 554 conciliantem,
745 472 1291 563 praedicatorem
1334 473 1723 565 egregium,
1778 496 2166 566 pauperum
2218 477 2745 564 consolatorem,

186 562 698 634 monachorum
750 574 1038 653 patrem,
1097 575 1439 653 pastorem
1489 561 1926 645 clericorum,
1966 562 2465 637 haereticorum
2517 590 2752 658 perse-

188 664 529 733 cutorem,
584 652 782 741 regni
815 662 1134 733 tutorem,
1184 663 1251 721 et
1297 650 1640 721 Ecclesiae
1692 651 2077 723 Catholicae
2135 669 2744 747 propugnatorem.

191 745 383 812 Inter
420 741 588 810 haec
635 761 795 810 vero
845 753 1077 830 patent
1113 741 1262 830 jam
1297 739 1858 840 beato-pontifici
1905 741 2256 813 coelorum
2309 744 2588 834 palatia,
2642 768 2751 817 se-

190 834 535 900 cretorum
586 850 842 899 arcana
907 840 1322 900 reserantur.
1388 833 1700 900 Sociatus
1741 829 1894 918 jam
1959 830 2192 903 choris
2238 845 2638 904 sanctorum
2684 846 2752 907 et

188 917 212 987 l
309 917 584 989 ionibus
628 917 1044 1009 Angelorum
1075 971 1092 998 ,
1145 917 1573 1008 glorificatus
1637 929 1742 987 est
1789 918 1967 990 inter
2024 941 2220 991 arces
2283 922 2744 1012 apostolicas,

187 1029 270 1077 co
305 1007 570 1077 locatus
615 1006 797 1076 inter
827 1007 1383 1097 patriarcharum
1416 1019 1482 1077 et
1531 1006 2022 1097 prophetarum
2075 1020 2367 1091 turmas,
2413 1024 2480 1081 et
2525 1011 2596 1080 in
2638 1011 2749 1082 lu-

188 1095 573 1166 cidissimis
622 1097 979 1166 beatorum
1025 1095 1271 1166 castris
1306 1107 1737 1165 numeratus.
1767 1097 2154 1168 Tristantur
2182 1097 2364 1170 cives
2409 1111 2474 1170 et
2509 1100 2742 1183 vicini,

188 1197 258 1255 et
288 1184 659 1255 Audoe'nus
700 1183 957 1255 laboris
996 1185 1104 1255 sui
1169 1184 1552 1255 mercedem
1605 1183 1998 1275 accipiens,
2042 1186 2560 1287 jucundissime
2607 1188 2750 1259 lae·

188 1284 399 1344 tatur.
454 1273 870 1343 Tunduntur
920 1272 1244 1343 manibus
1294 1286 1593 1364 pectora,
1648 1273 1784 1364 piis
1823 1296 1944 1344 ora
2005 1296 2064 1343 ri
2117 1288 2326 1345 antur
2389 1275 2742 1365 lacrymiS,

188 1373 258 1432 et
312 1363 557 1434 beatus
596 1362 881 1433 antistes
929 1384 1002 1433 se
1048 1361 1297 1432 mundi
1371 1362 1664 1434 nexibus
1709 1363 1965 1453 gaudet
2032 1386 2069 1433 a
2125 1363 2453 1435 solutum.
2526 1366 2747 1458 Regni

191 1462 486 1522 tutorem
520 1472 763 1521 omnes
793 1462 1143 1540 expetunt,
1193 1472 1398 1539 quem
1450 1451 1719 1542 plateae
1757 1451 2071 1523 coelestis
2116 1453 2500 1523 Jerusalem
2549 1477 2748 1525 coro-

190 1553 432 1609 natum
475 1560 820 1631 excepere.
866 1544 919 1610 Ο
963 1551 1225 1628 quanta
1270 1539 1401 1609 fuit
1432 1552 1597 1610 tunc
1647 1540 2122 1631 plaudentium
2160 1547 2254 1613 An
2307 1542 2571 1613 elorum
2607 1543 2747 1614 lae-

189 1629 374 1699 titia:
428 1640 766 1698 ettamen
819 1650 955 1700 non
1007 1628 1446 1700 mediocriter
1556 1629 1706 1699 ium
1775 1641 1877 1700 est
1922 1630 2087 1700 flere
2141 1634 2240 1701 Au
2294 1634 2573 1713 oenum,
2625 1633 2747 1721 qui

188 1729 270 1788 ut
319 1716 677 1788 coelestem
711 1717 918 1787 vitam
967 1717 1163 1788 duxit
1210 1718 1278 1805 ip
1332 1739 1496 1788 secu
1527 1740 1590 1799 o,
1648 1717 1738 1788 ita
1799 1718 2004 1789 modo
2054 1731 2323 1810 togatus
2419 1721 2626 1800 audet
2671 1721 2746 1791 in

190 1805 407 1886 coelo,
447 1817 514 1876 et
558 1806 629 1875 in
668 1806 1128 1893 tabernaculis
1165 1807 1516 1897 justorum
1569 1827 1823 1898 magna
1869 1830 2033 1878 cum
2087 1809 2585 1896 tranquilitate
2635 1831 2747 1880 re-

187 1894 508 1983 quiescit,
548 1895 838 1984 stipatus
870 1894 1255 1983 frequentia
1281 1894 1722 1997 Angelorum.
1750 1900 2118 1983 Postquam
2150 1911 2380 1968 autem
2427 1897 2747 1988 planctus

193 1982 561 2074 paululum
594 1984 873 2071 quievit,
906 1984 1250 2075 Episcopi,
1285 2006 1407 2071 qui
1455 1984 1897 2068 advenerant,
1939 1991 2076 2055 Rex
2102 1997 2168 2057 et
2206 1987 2493 2077 Regina,
2537 1986 2750 2074 Major

194 2071 473 2152 domus,
518 2073 657 2143 sive
706 2073 1035 2164 magister
1080 2073 1417 2161 equiturn,
1470 2074 1844 2162 cunctique
1876 2072 2116 2164 palatii
2157 2075 2532 2166 principeS,
2566 2076 2750 2147 beati

193 2160 325 2229 viri
373 2182 622 2250 corpus
668 2161 915 2232 feretro
972 2163 1428 2251 imponentes,
1483 2184 1716 2232 sacras
1778 2163 2102 2250 exequias
2148 2165 2740 2237 concelebrarunt.

196 2250 651 2328 Laetabantur
675 2250 960 2341 singuli,
991 2264 1057 2319 et
1094 2250 1166 2319 in
1202 2252 1501 2320 maximo
1533 2251 1731 2320 lucro
1755 2250 2220 2341 ponebant‚.si
2246 2274 2498 2342 corpus
2525 2253 2748 2324 sancti

196 2337 325 2407 viri
373 2339 442 2409 in
494 2340 818 2410 humeros
850 2337 1212 2410 sustollere
1259 2339 1514 2411 liceret.
1554 2344 1862 2425 Cumque
1893 2340 1976 2408 ad
2015 2352 2293 2429 pontem
2330 2345 2558 2412 Isarae
2582 2361 2745 2411 cum

193 2428 495 2498 maximo
543 2427 824 2510 honore,
878 2428 1187 2521 etdigno
1235 2428 1500 2499 funeris
1539 2440 1945 2498 ornamento
1985 2426 2314 2498 laudibus
2352 2440 2417 2499 et
2468 2428 2746 2519 hymnis
2779 2477 2798 2490 .

189 2515 643 2588 decantandis
694 2518 1187 2609 pervenissent,
1229 2530 1494 2589 noctem
1534 2529 1740 2586 totam
1791 2518 1864 2585 in
1899 2516 2014 2585 Dei
2059 2516 2387 2588 laudibus
2434 2540 2740 2608 exegere.

192 2605 360 2677 Inde
407 2629 566 2676 vero
599 2608 790 2697 regia
835 2607 1139 2698 dignitas
1172 2630 1332 2678 cum
1385 2605 1604 2676 multo
1650 2605 1871 2674 animi
1919 2605 2153 2676 dolore
2198 2606 2404 2676 rediit
2447 2607 2535 2676 ad
2587 2598 2747 2688 sua:

191 2715 484 2764 cernens
513 2695 813 2765 ablatam
863 2718 907 2768 a
935 2718 1007 2765 se
1054 2696 1330 2766 Domini
1380 2695 1855 2784 margaritam.

277 2785 315 2868 ξ
360 2786 519 2856 84.
573 2788 743 2855 Tum
779 2806 937 2854 vero
988 2784 1351 2875 permultis
1392 2782 1746 2873 Episcopis
1777 2781 1847 2851 in
1888 2805 2114 2853 unum
2144 2783 2766 2866 convenientibus:

190 2870 674 2961 adJunctisque
720 2873 1235 2943 venerabilibus
1266 2871 1666 2953 Abbatibus,
1721 2871 2219 2952 sacerdotibuS‚
2265 2872 2627 2942 monachis
2681 2883 2748 2943 et

189 2959 482 3040 clericis,
536 2962 835 3049 itemque
872 2963 1040 3032 viris
1088 2961 1481 3032 illustribus
1512 2972 1577 3030 et
1611 2959 1836 3031 turbis
1884 2959 2329 3051 populorum,
2376 2984 2537 3031 cum
2583 2966 2747 3034 Cru-

192 3048 393 3119 cibus
457 3061 524 3119 et
596 3049 1039 3142 lampadibus
1115 3062 1322 3138 atque
1381 3048 1957 3139 thymiamateriis
2027 3049 2099 3118 in
2151 3047 2746 3122 Volcassinenscm

104 3192 109 3199 .
194 3139 617 3295 provinciam
668 3153 829 3209 sunt
864 3139 1183 3231 ingressi,
1237 3159 1650 3226 summoque
1680 3160 1841 3207 cum
1874 3137 2133 3209 honore
2162 3138 2439 3208 beatum
2491 3137 2746 3229 corpus

244 3227 503 3298 umeris
551 3241 917 3317 gestanteS,
987 3227 1228 3298 laudes
1285 3240 1351 3298 et
1399 3227 1698 3317 hymnos
1747 3232 1880 3296 Deo
1956 3227 2338 3308 canebant,
2406 3249 2544 3298 non
2595 3228 2746 3299 sine

195 3314 431 3385 multis
478 3315 806 3406 lacrymis
875 3328 1335 3406 respectantes
1384 3314 1711 3386 feretrum
1762 3317 2059 3404 pastoris
2120 3316 2256 3386 sui.
2310 3321 2408 3386 Ita
2458 3316 2744 3386 demum

191 3404 694 3495 Rothbmagum
727 3428 890 3475 cum
932 3428 1128 3477 sacro
1175 3426 1460 3497 corpore
1493 3405 1925 3495 perveniunt,
1980 3418 2186 3492 atque
2235 3404 2378 3474 illic
2426 3406 2500 3475 in
2565 3404 2745 3475 beati

194 3493 368 3563 Petri
418 3493 715 3584 Apostoli
765 3493 1076 3576 basilica,
1132 3493 1303 3577 loco,
1359 3516 1566 3581 quem
1615 3494 1766 3584 ipse
1814 3493 1948 3565 sibi
2010 3506 2560 3585 praeparaverat,
2624 3492 2742 3563 de-

194 3583 587 3652 centissime
617 3583 792 3653 illud
844 3606 917 3654 se
969 3583 1212 3655 eliunt.
2760 3610 2786 3643 ν

174 3680 177 3683 ’
277 3673 315 3757 ξ
362 3676 522 3744 85.
573 3671 702 3742 Illa
727 3694 884 3741 vero
965 3672 1227 3753 asilica,
1264 3673 1334 3742 in
1366 3693 1505 3759 qua
1540 3683 1777 3741 sancta
1813 3670 1968 3759 ejus
2008 3671 2313 3741 membra
2350 3672 2739 3759 quiescunt,

197 3760 373 3829 miro
420 3781 623 3850 opere
679 3760 968 3849 quadris
1035 3762 1389 3853 lapidibus
1449 3761 1760 3831 Gotthica
1812 3782 2026 3829 manu
2081 3782 2120 3829 a
2177 3759 2403 3850 primo
2453 3758 2744 3829 Clotario

194 3852 607 3919 Francorum
641 3855 844 3939 Rege,
883 3850 1050 3922 olim
1099 3850 1424 3921 nobiliter
1455 3861 1852 3920 constructa
1900 3848 2054 3929 fuit,
2101 3869 2284 3918 anno
2314 3848 2475 3938 plus
2512 3847 2748 3918 minus

194 3950 433 4021 quarto
480 3950 544 4009 et
592 3939 918 4010 vicesimo
952 3940 1146 4030 regni
1192 3940 1369 4030 ejuS‚
1432 3938 1665 4008 sedem
1719 3938 2339 4026 Rothomagensem
2399 3936 2750 4006 obtinente

199 4025 421 4096 Flavio
468 4028 829 4120 Episcopo.
872 4028 1000 4099 Ubi
1031 4030 1365 4099 Dominus
1408 4033 1612 4099 Jesus
1642 4028 1979 4108 ChristuS‚
2033 4026 2296 4097 meritis
2335 4025 2518 4095 beati
2553 4046 2751 4114 prae·

204 4111 374 4184 sulis
420 4116 727 4187 Audoe'ni
774 4118 1341 4207 suffragantibus,
1382 4117 1599 4187 multa
1629 4116 1963 4186 virtutum
2000 4116 2059 4185 si
2115 4137 2203 4186 na
2233 4136 2457 4202 usque
2505 4113 2577 4182 in
2624 4113 2750 4183 ho-
2815 4144 2818 4145 f

200 4200 515 4274 diernum
568 4206 748 4276 diem
798 4205 1068 4277 efficere
1116 4228 1251 4276 non
1302 4217 1546 4277 cessat.
1585 4211 1717 4276 Nec
1753 4205 1825 4273 in
1873 4205 2026 4293 ejus
2115 4216 2423 4274 umtaxat
2453 4225 2534 4273 ea
2571 4202 2750 4272 fiunt

198 4293 591 4381 sepulturae
641 4295 812 4377 loco,
868 4296 988 4367 sed
1025 4297 1095 4364 in
1139 4294 1378 4366 multis
1424 4295 1631 4364 etiam
1676 4293 2072 4385 provinciis,
2112 4315 2286 4382 quas
2332 4292 2437 4362 vir
2476 4290 2749 4361 Domini

196 4378 500 4452 docendo
551 4386 957 4477 peragravit.
1003 4389 1189 4469 Quae
1237 4384 1297 4455 si
1343 4383 1502 4473 quis
1548 4381 1826 4475 plenius
1888 4403 2089 4457 nesse
2134 4382 2317 4464 velit,
2381 4382 2751 4473 perlustret
