3308 5004
212 335 355 406 ma.
390 337 426 404 t
1140 357 1220 404 »Β
1266 357 1324 405 s.
1377 354 1684 405 nonturno
2469 336 2596 404 {53

212 439 599 511 innocentiam
639 439 1035 529 usqueadeo
1098 441 1393 512 charum
1457 440 1726 522 habuit,
1796 451 1874 511 ut
1909 438 2065 528 ejus
2111 437 2435 531 specialis
2491 439 2684 512 filins

207 529 504 600 diceretur.
552 533 755 600 Hunc
825 530 1170 601 seculares
1230 529 1399 600 socii
1445 530 1600 632 ejus
1663 549 1784 619 per
1842 528 2136 600 insidias
2180 550 2220 598 e
2266 528 2685 600 monasterio

200 631 540 700 extractum,
584 618 886 692 detracto
935 618 1290 710 religionis
1334 618 1603 700 babitu,
1659 616 2036 688 mundanis
2089 617 2396 690 vestibus
2441 616 2685 690 indue-

197 720 342 778 runt.
387 707 502 777 Sed
555 705 887 778 fratribus
932 707 1018 777 ad
1070 712 1141 776 B.
1198 706 1634 778 Dominicum
1676 705 2285 788 concurrentibus,
2343 719 2410 777 et
2445 705 2685 780 dieen-

196 794 582 867 tibusfilium
631 795 782 885 ejus
827 795 913 867 ad
963 794 1277 868 seculum
1314 795 1619 887 pertrahi
1658 794 2027 866 violenter:
2084 793 2199 864 ille
2249 815 2403 867 mox
2434 794 2522 866 ad
2562 817 2679 866 ec·

196 882 417 956 elesiam
468 898 808 976 properat,
849 885 1324 976 postulaturus
1369 907 1571 976 opem
1628 906 1670 954 a
1719 889 1875 955 Deo.
1930 888 2008 955 Et
2051 905 2209 954 ecoe
2259 883 2682 986 simulatque

197 971 300 1063 lupi
346 973 438 1043 illi
478 996 761 1065 rapaces
817 973 1010 1045 fratri
1063 973 1431 1044 interulam
1481 973 1545 1042 vi
1597 972 2001 1054 induerunt,
2054 971 2172 1043 ille
2216 972 2670 1044 exclamavit:

195 1061 262 1130 th
299 1075 463 1133 totus
506 1085 776 1133 exuror:
830 1086 956 1134 nec
1006 1063 1228 1154 potuit
1313 1063 1496 1133 uiete
1543 1060 1722 1142 frui,
1769 1061 1990 1132 donec
2042 1060 2330 1132 redditis
2378 1060 2480 1132 illi
2518 1083 2683 1132 san-

191 1161 297 1220 etae
337 1150 684 1242 religionis
721 1151 1170 1231 indumentis,
1222 1174 1261 1221 a
1357 1151 1770 1222 coenobium
1821 1149 2282 1221 reduceretur.
2328 1153 2395 1220 Is
2445 1162 2684 1239 postea

193 1236 279 1307 diu
318 1241 706 1330 supervixit,
736 1253 803 1311 et
837 1241 1133 1311 multum
1161 1241 1355 1311 utilis
1382 1254 1586 1327 atque
1620 1239 1968 1330 gratiosus
1997 1238 2150 1309 fuit.
2186 1244 2225 1309 J
2233 1236 2688 1329 urisperitum·

187 1328 504 1413 quemdam
548 1329 1044 1401 Bononiensem
1094 1330 1303 1400 amici
1339 1329 1493 1419 ejus
1543 1350 1665 1419 per
1720 1329 1856 1398 vim
1908 1349 1946 1398 e
1994 1327 2410 1398 monasterio
2455 1338 2683 1398 extra·-

191 1414 310 1514 ltere
353 1418 685 1491 volebant.
721 1423 988 1490 Fratres
1027 1431 1217 1488 metu
1251 1417 1516 1498 affecti,
1568 1417 1962 1509 cogitabant
2013 1415 2280 1487 nobiles
2310 1415 2677 1502 quosdam,

187 1525 447 1592 ipsorum
494 1519 848 1599 patronos,
902 1507 971 1576 in
1021 1507 1132 1577 sui
1164 1506 1634 1577 defensionem
1678 1507 1942 1576 accire:
1995 1505 2115 1576 sed
2157 1510 2227 1576 B.
2283 1504 2685 1578 Dominicus

184 1592 254 1662 ait
290 1594 365 1663 ad
390 1617 546 1667 eos:
602 1620 638 1664 «
666 1601 809 1667 Non
843 1618 1021 1686 opus
1052 1607 1156 1666 est
1184 1595 1470 1666 brachio
1502 1595 1800 1665 seculari
1833 1593 1933 1665 vel
1965 1593 2275 1665 humano
2308 1592 2678 1684 praesidio.

183 1681 345 1753 Video
382 1684 569 1753 enim
610 1685 900 1777 Angelos
938 1684 1243 1776 amplius
1271 1684 1606 1755 ducentos
1653 1684 1843 1755 circa
1887 1681 2279 1765 ecclesiam,
2330 1704 2505 1770 quos
2554 1686 2685 1752 Do-

178 1770 371 1841 minus
404 1773 736 1845 fratribus
781 1773 1255 1844 custodiendis
1300 1772 1727 1864 deputavit.»
1774 1777 1871 1842 Ita
1923 1770 2028 1844 illi
2077 1771 2346 1853 hostes,
2397 1770 2672 1843 coelesti

181 1868 391 1930 terrore
439 1863 765 1952 perculsi,
820 1875 1273 1933 recesserunt.

237 1949 269 2035 ξ
308 1954 449 2021 10.
501 1957 698 2022 Anno
747 1965 897 2042 post
945 1964 1185 2022 natum
1235 1950 1652 2021 salvatorem
1696 1968 1933 2020 nccxxr
1982 1947 2125 2019 duo
2169 1947 2416 2020 fratres
2483 1947 2680 2018 ibant

172 2037 505 2109 Bononiam
548 2039 636 2111 ad
678 2045 1122 2120 conventum,
1177 2062 1382 2141 quem
1419 2038 1738 2130 generale
1777 2036 2168 2129 Capitulum
2212 2047 2479 2108 vocant.
2533 2034 2683 2109 Illis

170 2144 294 2194 vero
329 2126 564 2215 junxit
607 2151 681 2199 se
726 2128 1009 2217 quidam
1060 2127 1147 2198 ad
1193 2141 1321 2199 tter
1365 2130 1743 2207 accinctus,
1805 2126 2112 2228 cursoris
2159 2127 2459 2226 speciem
2521 2145 2684 2227 prae

168 2232 225 2281 se
259 2213 497 2297 serens,
540 2218 848 2306 dixitque
873 2217 958 2288 ad
991 2239 1147 2288 eos:
1183 2222 1331 2301 Quo
1368 2239 1482 2288 vos
1516 2217 1643 2287 iter
1670 2215 2075 2286 intenditis?
2109 2214 2258 2285 Illts
2299 2219 2674 2286 Bononiam

165 2299 545 2388 dicentibu8‚
582 2319 661 2377 ut
692 2308 1101 2377 interessent
1190 2306 1447 2376 enerali
1503 2304 1838 2396 Capitulo,
1878 2304 2021 2374 ait:
2077 2303 2336 2391 Ecquid
2387 2303 2485 2374 ibi
2540 2313 2679 2376 tra-

164 2390 472 2464 ctabitur?
540 2395 1068 2486 Responderunt
1177 2409 1435 2466 ratres:
1493 2394 1956 2465 constituetur
2018 2392 2209 2473 illic,
2286 2404 2362 2462 ut
2437 2391 2682 2463 fratres

162 2495 369 2554 euntes
414 2482 486 2554 in
526 2484 868 2557 mundum
896 2485 1324 2567 universum,
1366 2483 1759 2575 praedicent
1792 2480 2236 2583 Evangelium
2267 2480 2461 2553 omni
2487 2501 2681 2581 crea-

164 2580 342 2653 turae,
391 2587 460 2644 et
506 2575 935 2645 annuncient
967 2596 1255 2666 regnum
1309 2572 1448 2644 Dei.
1501 2579 1672 2642 Tum
1723 2571 1874 2641 ille:
1921 2576 2382 2650 Mittenturne‚
2421 2571 2674 2657 inquit.

162 2660 443 2732 nonnulli
487 2662 557 2731 in
611 2663 1038 2734 Pannoniam
1060 2667 1089 2729 ’ἒ
1115 2668 1380 2733 Fratres
1413 2662 1769 2732 dixerunt:
1816 2659 2092 2731 volente
2124 2660 2436 2740 Domino,
2472 2657 2674 2730 multi

163 2747 508 2821 mittentur.
554 2756 723 2821 Tum
773 2752 1286 2823 commentitius
1341 2751 1461 2821 ille
1504 2772 1749 2821 cursor
1794 2750 1867 2819 in
1915 2751 2076 2820 aera
2112 2748 2426 2830 exiliens,
2479 2747 2677 2818 terri·

161 2831 440 2910 bilivoce
468 2840 833 2910 clamavit:
878 2841 1277 2910 Institutum
1309 2853 1638 2920 vestrum,
1695 2852 1927 2909 nostra
1985 2837 2373 2928 ignominia
2425 2849 2562 2919 est,
2613 2850 2682 2907 et

164 2942 404 3024 repente
440 2929 535 2999 ab
565 2951 804 2999 eorum
840 2928 1062 2999 oculis
1093 2930 1488 3001 subtractus
1533 2940 1637 2998 est
1665 2927 1883 2997 instar
1911 2925 2109 2997 fumi.
2157 2930 2423 2997 Fratres
2446 2936 2677 2997 autem

163 3011 237 3082 tlh
281 3029 643 3105 postquam
694 3018 1067 3089 Bononiam
1118 3039 1391 3100 venere,
1446 3029 1895 3087 narraverunt
1940 3015 2172 3085 omnia
2216 3014 2392 3105 patri
2450 3015 2680 3086 Domi.-

167 3101 309 3185 uico,
344 3120 411 3175 et
441 3105 606 3176 aliis
636 3106 780 3177 illic
828 3108 897 3176 in
950 3106 1230 3177 nomine
1275 3106 1544 3176 Domini
1585 3105 2043 3197 congregatis.
2085 3103 2336 3175 Eodem
2374 3118 2682 3193 tempore

167 3193 454 3283 magister
504 3194 764 3267 Paulus
818 3200 1238 3287 Hungarus‚
1285 3195 1478 3266 Juris
1526 3194 1853 3264 Canonici
1916 3193 2244 3281 publicus
2309 3191 2674 3282 professor,

167 3278 227 3347 ad
268 3284 822 3355 Praedicatorum
857 3284 1289 3356 sodalitatem
1339 3306 1411 3355 se
1456 3282 1772 3355 contulit.
1812 3288 2362 3353 Peracto-autem
2416 3282 2544 3353 hoc
2573 3302 2682 3353 se-

169 3370 360 3442 eundo
390 3377 746 3444 conventu
793 3373 1098 3464 generali
1149 3372 1344 3443 missi
1395 3386 1558 3442 sunt
1596 3371 1864 3451 fratreS‚
1903 3370 2043 3458 >qui
2095 3392 2219 3460 pro
2265 3370 2683 3442 monasterio

169 3458 569 3555 sufficerent,
626 3462 695 3531 in
765 3462 1078 3554 Angliam
1111 3517 1128 3544 ,
1178 3461 1438 3550 quibus
1510 3460 1893 3552 praefectus
1951 3471 2054 3529 est
2101 3464 2189 3530 F:
2239 3458 2675 3530 GisilbertuS.

174 3545 306 3643 lltsit
351 3551 564 3620 etiam
635 3556 707 3619 B.
763 3551 1165 3622 Dominicus
1212 3550 1548 3631 Paulum,
1599 3571 1802 3636 quem
1872 3548 2219 3627 diximus,
2274 3548 2346 3617 in
2411 3553 2681 3619 Panno-

173 3651 311 3706 utam
359 3638 775 3720 secundam,
825 3661 1034 3726 quam
1086 3639 1513 3730 Hungariam
1550 3651 1815 3718 vocant,
1866 3659 2025 3708 cum
2059 3637 2291 3717 sociis,
2334 3658 2375 3706 e
2420 3636 2682 3725 quibus

177 3739 315 3795 unus
376 3726 512 3799 fuit
558 3728 768 3799 frater
826 3728 1130 3799 Sadoch.
1183 3728 1291 3798 vir
1338 3749 1631 3817 magnae
1735 3725 2149 3796 erfectionis.
2205 3730 2280 3796 In
2331 3724 2460 3795 hoc
2529 3726 2681 3816 ipso

177 3811 472 3888 Conventu
523 3817 626 3887 vel
677 3817 988 3905 capitulo
1032 3816 1376 3908 generali,
1431 3837 1679 3887 venera
1730 3816 1804 3885 ili
1852 3815 1997 3886 viro
2043 3814 2347 3886 Jordano
2411 3814 2679 3884 absenti

180 3894 622 3997 demandatum
672 3904 804 3976 fuit
851 3905 1313 3977 ministerium
1355 3904 1703 3976 Prioratus
1739 3903 2137 3975 Provinciae
2172 3902 2432 3974 Galliae
2466 3901 2680 3973 Cisal-

180 4002 346 4071 mnae,
386 4000 519 4066 Per
568 3994 634 4064 id
690 4008 819 4064 tem
877 4017 962 4066 us
1011 4000 1078 4066 S.
1126 3994 1460 4064 Dominici
1509 3993 1903 4064 institutum
1945 3992 2228 4063 Parisiis
2275 3991 2680 4081 complexus

183 4081 602 4172 §tdominus
648 4085 822 4155 Eber
873 4084 1089 4154 ardus
1142 4083 1687 4153 Archidiaconus
1753 4081 2256 4171 Lingonensis‚
2308 4080 2413 4150 vir
2463 4078 2679 4151 multa

184 4179 609 4268 *mutempere
631 4186 980 4253 strenuus,
1007 4171 1298 4243 consilio
1324 4172 1893 4261 circumspectus,
1926 4169 2328 4240 auctoritate
2350 4190 2672 4259 magnus.

237 4256 422 4341 51².
477 4267 753 4332 Interea
808 4266 880 4331 B.
948 4260 1346 4332 Dominicus
1393 4261 1461 4329 in
1513 4259 1806 4331 fratrum
1857 4259 2271 4329 monasterio
2334 4259 2679 4329 Bononiae

380 4365 453 4433 t,
512 4350 915 4452 propediem
990 4350 1076 4420 de
1134 4348 1266 4419 hoc
1341 4348 1575 4421 seculo
1647 4349 2096 4440 migraturus,
2150 4351 2229 4418 In
2292 4351 2444 4435 eJus
2513 4369 2679 4418 sane

186 4440 410 4524 utroque
460 4439 779 4521 homme,
825 4438 892 4509 id
942 4452 1087 4521 est,
1140 4458 1427 4529 corpore
1473 4450 1540 4507 et
1584 4437 1821 4509 animo
1849 4492 1865 4520 ,
1930 4448 2161 4507 tantus
2209 4436 2429 4508 inerat
2474 4435 2681 4509 decor
