3308 5004
237 295 455 405 me.
484 335 574 402 20
931 351 1014 400 n:
1050 352 1121 402 s.
1170 352 1502 403 amttam
1549 355 1694 404 aaa.
1747 352 2136 405 cunum.
2585 338 2719 405 479

233 437 797 532 congregationis
847 435 1041 507 illius
1150 438 1547 521 ravitatem,
1603 439 1789 529 quod
1852 440 1925 510 in
1990 452 2127 511 tam
2201 438 2497 512 solemni
2545 439 2805 531 gaudio

232 529 552 602 omnium
603 525 792 598 oculi
843 524 1045 597 humi
1141 526 1338 610 efixi,
1393 549 1739 617 nusquam
1779 527 2194 622 vagabunda
2238 529 2639 600 curiositate
2668 529 2808 600 cir-

233 616 748 690 cumferrentur
777 638 815 718 τ’
846 615 1223 706 complosis
1290 616 1641 718 palpebris
1703 617 1839 709 ipsi
1902 618 2251 688 neminem
2311 616 2671 700 viderent,
2740 628 2809 689 et

238 707 329 779 ab
377 706 707 777 omnibus
755 704 1178 776 viderentur.
1233 706 1421 776 Nihil
1492 706 1565 775 in
1628 705 1920 777 ecclesia
1975 706 2096 777 illa
2161 705 2333 777 vidit
2400 712 2799 791 RomanuS,

237 795 427 885 quod
482 807 798 886 cuperet:
851 792 1052 864 nulla
1096 793 1196 866 ibi
1244 793 1579 886 supellex,
1632 816 1874 866 eorum
1924 794 2291 867 solicitavit
2337 795 2799 887 adspectum:

238 884 415 955 nihil
483 884 556 955 in
614 882 913 953 oratorio
968 883 1107 953 nisi
1166 883 1392 954 nudos
1453 883 1775 954 viderunt
1831 884 2148 974 parietes.
2221 883 2402 955 Solis
2456 885 2797 967 moribuS,

239 985 503 1076 poterat
549 972 823 1042 inhiare
870 970 1184 1042 ambitio:
1238 994 1364 1043 nec
1410 971 1749 1042 damnosa
1786 985 2047 1064 poterat
2082 994 2234 1043 esse
2280 972 2612 1068 fratribus
2662 972 2799 1044 hu-

230 1061 542 1151 jusmodi
596 1060 871 1151 praeda,
923 1082 1084 1131 cum
1139 1061 1364 1133 minui
1393 1083 1532 1133 non
1586 1073 1815 1152 posset
1852 1061 2249 1154 absportata
2292 1061 2560 1154 religio,
2612 1066 2801 1132 Gau-

235 1151 494 1222 debant
540 1171 783 1236 omnes
823 1150 895 1218 in
950 1150 1262 1233 Domino,
1297 1163 1367 1221 et
1398 1149 1801 1222 solemnitas
1840 1171 1975 1221 non
2016 1150 2218 1233 cibis,
2257 1150 2375 1220 sed
2426 1150 2800 1222 virtutibus

235 1263 278 1310 a
326 1242 598 1312 ebatur.
644 1239 849 1310 Panis
894 1238 994 1309 ibi
1042 1238 1312 1329 opicuS,
1363 1260 1487 1329 pro
1535 1239 1815 1309 simila:
1880 1262 2003 1332 pro
2048 1261 2299 1310 careno
2333 1293 2351 1322 ,
2404 1262 2618 1330 sapa:
2676 1260 2802 1330 pro

236 1263 579 1411 rhombi&
622 1327 852 1399 olera:
908 1347 1033 1418 pro
1071 1327 1508 1415 quibuslibet
1554 1326 1865 1411 deliciiS,
1918 1328 2273 1420 legumina
2334 1329 2794 1419 ponebantur.

238 1418 311 1489 Si
359 1417 531 1489 forte
573 1416 786 1509 piscis
821 1416 1146 1487 inventus
1189 1429 1315 1498 est,
1368 1416 1656 1487 domino
1701 1422 1925 1508 Papae
1975 1418 2340 1510 appositus
2386 1431 2514 1500 est,
2557 1431 2624 1488 et
2678 1415 2804 1486 ad-

238 1518 508 1599 spectu,
549 1527 683 1576 non
735 1525 895 1587 usu,
948 1505 1022 1575 in
1061 1527 1434 1577 commune
1465 1504 1774 1596 profecit.

330 1604 369 1678 ἓ
415 1600 495 1669 2.
547 1600 817 1685 Longas
861 1594 933 1664 in
984 1593 1226 1665 Galliis
1258 1593 1481 1666 facere
1507 1616 1738 1666 moras
1772 1595 2102 1666 dominus
2151 1601 2336 1687 Papa
2362 1616 2498 1665 non
2535 1593 2798 1686 potuit:

239 1684 361 1755 sed
411 1684 592 1756 sicut
639 1684 816 1754 inter
883 1705 956 1753 se
1020 1696 1087 1753 et
1123 1688 1376 1774 Regem
1429 1685 1778 1755 Lotarium
1841 1684 2330 1762 condixerant.
2394 1690 2686 1756 Romam
2735 1681 2801 1752 ei

238 1773 568 1854 occurrit,
610 1786 677 1844 et
732 1772 798 1841 vi
852 1772 1192 1843 exercitus
1246 1773 1316 1842 in
1368 1777 1821 1844 Lateranense
1890 1773 2224 1864 palatium
2282 1772 2626 1844 deductus
2671 1784 2799 1842 est.

241 1862 437 1933 nulii
475 1863 682 1933 etiam
716 1883 799 1932 ex
850 1860 1203 1932 nobilibus
1250 1862 1604 1943 Romanis,
1666 1861 1908 1934 fideles
1946 1862 2313 1944 Ecclesiae,
2366 1885 2527 1933 eum
2585 1861 2806 1930 hono-

240 1951 435 2024 rifice
475 1963 949 2042 susceperunt.
996 1955 1242 2021 Verum
1292 1955 1532 2021 Petrus
1567 1951 1835 2032 Leonis,
1872 1973 2008 2022 non
2061 1973 2325 2041 ponens
2357 1956 2570 2022 Deum
2598 1948 2808 2037 adju-

239 2054 459 2110 torem
511 2061 742 2122 suum,
787 2039 902 2110 sed
946 2038 1583 2110 confoederatorum
1619 2041 1915 2131 stipatus
1964 2040 2251 2122 malitiA,
2284 2040 2356 2110 in
2396 2038 2807 2110 editioribus

241 2141 309 2199 et
358 2127 727 2199 tutioribus
775 2128 1086 2200 turribus
1153 2149 1444 2200 manens
1474 2183 1490 2210 ,
1568 2129 1819 2199 Lotarii
1867 2128 2250 2200 ludificavit
2313 2129 2634 2200 virtutem
2673 2152 2688 2196 :
2740 2137 2808 2197 et

242 2217 664 2288 interdicens
695 2218 844 2292 suis
872 2239 1289 2309 congressus
1367 2217 1663 2297 ublicos,
1703 2239 1827 2288 nec
1862 2218 1999 2289 sibi
2031 2218 2422 2289 securitatis
2456 2239 2622 2288 suae
2646 2215 2808 2286 fecit

292 2306 659 2389 ericulum,
716 2328 839 2377 nec
871 2328 1121 2376 causas
1168 2326 1293 2377 con
1355 2307 1533 2378 ictus
1601 2305 1919 2378 hostibus
1981 2306 2208 2377 dedit:
2261 2307 2380 2377 sed
2434 2319 2660 2375 tamen
2714 2304 2802 2374 li-

292 2416 486 2464 erum
558 2417 800 2467 eorum
861 2394 1258 2465 discursum
1326 2395 1675 2465 machinis
1748 2396 2226 2486 superioribus
2299 2409 2365 2465 et
2423 2392 2805 2466 obstaculis

245 2484 453 2555 variis
515 2483 900 2577 impedivit.
953 2483 1199 2554 vitavit
1244 2483 1451 2555 etiam
1516 2484 2058 2571 obstinatissime
2105 2485 2549 2577 Imperatoris
2595 2481 2807 2554 collo-

241 2574 513 2663 quium,
570 2595 695 2644 nec
745 2573 958 2643 minis
1007 2594 1132 2643 nec
1173 2572 1668 2644 blandimentis
1697 2574 1916 2645 flexus
1961 2590 2086 2656 est,
2125 2596 2249 2644 nec
2297 2574 2383 2645 de
2429 2585 2612 2665 statu
2670 2593 2801 2643 suo

241 2661 616 2734 consilium
648 2661 1026 2752 cujuslibet
1073 2683 1404 2754 personae
1451 2662 1759 2733 admisit.
1813 2663 2073 2734 Relicto
2124 2663 2336 2754 igitur
2382 2669 2639 2733 Romae
2687 2665 2805 2730 In-

244 2751 587 2832 nocentio,
641 2750 816 2821 alias
846 2756 1227 2842 Imperator
1258 2751 1669 2842 digreditur.
1708 2757 1948 2822 Petrus
1976 2774 2135 2822 vero
2168 2767 2319 2843 post
2356 2752 2507 2843 ejus
2547 2750 2807 2820 disces-

244 2862 403 2911 sum
437 2839 717 2910 crebros
752 2862 1033 2911 movens
1068 2862 1188 2931 per
1219 2840 1462 2910 urbem
1517 2840 1904 2923 discursuS,
1949 2840 2264 2913 fidelium
2313 2839 2645 2911 caedibus
2694 2838 2805 2907 in-

240 2928 502 2999 hiabat.
556 2928 959 3020 Intelligens
1013 2929 1230 3020 igitur
1265 2930 1716 3001 Innocentius
1768 2934 2054 3001 Romam
2106 2930 2241 3001 sibi
2292 2930 2800 3000 infructuosam

243 3039 324 3089 eo
371 3030 703 3109 tempore,
764 3018 851 3088 ad
902 3019 1142 3089 horam
1202 3020 1449 3099 cessit,
1513 3040 1598 3088 ne
1646 3020 2037 3110 praesentia
2109 3042 2237 3090 sua
2285 3019 2478 3091 illius
2544 3016 2807 3087 bestiae

240 3105 507 3177 rabiem
559 3107 892 3177 efferaret.
967 3113 1047 3178 Et
1092 3129 1342 3178 rursus
1400 3106 1592 3178 Pisas
1658 3108 2019 3179 revertitur
2047 3163 2064 3191 ,
2128 3109 2364 3197 ibique
2410 3104 2805 3199 aggregatis

240 3197 451 3267 totius
491 3196 882 3267 Occidentis
906 3196 1153 3288 Episco
1206 3196 1291 3277 is,
1328 3193 1622 3285 aliisque
1644 3195 1988 3287 religiosis
2017 3197 2210 3279 viris,
2230 3219 2524 3288 magnae
2543 3194 2805 3286 gloriae

242 3283 567 3375 Synodus
609 3285 1023 3356 celebratur.
1075 3289 1125 3355 A
1181 3284 1282 3356 uit
1330 3307 1452 3376 per
1497 3286 1732 3356 omnia
1790 3299 1856 3356 et
1902 3286 2215 3359 consiliis
2259 3299 2327 3357 et
2370 3285 2685 3377 judiciis,
2737 3293 2805 3353 et

247 3373 790 3445 diffinitionibus
822 3373 1154 3446 omnibus
1187 3386 1470 3444 sanctus
1500 3374 1745 3460 Abbas,
1786 3374 2456 3466 impendebaturque
2501 3374 2563 3443 ei
2613 3393 2804 3442 reve-

241 3462 468 3533 rentia
512 3464 601 3534 ab
633 3462 990 3545 omnibu3‚
1041 3475 1108 3532 et
1153 3463 1589 3534 excubabant
1639 3478 1798 3534 ante
1847 3463 2090 3534 limina
2153 3466 2308 3554 ejus
2356 3462 2798 3534 sacerdotes:

240 3573 380 3623 non
421 3552 606 3640 quod
656 3552 901 3634 fastuS,
955 3551 1071 3622 sed
1122 3551 1306 3654 quod
1351 3551 1726 3623 multitudo
1773 3574 2217 3624 communem
2261 3552 2653 3645 prohiberet
2686 3571 2804 3620 ac-

240 3662 575 3712 cessum:
615 3654 682 3711 et
738 3640 896 3713 aliis
935 3640 1473 3743 egredientibuS,
1525 3640 1648 3712 alii
1695 3642 2124 3724 introibant,
2179 3642 2274 3713 ita
2319 3654 2398 3712 ut
2455 3641 2807 3711 videretur

245 3730 350 3800 vir
395 3728 711 3810 humilis,
764 3740 831 3799 et
868 3730 1044 3800 nihil
1091 3730 1226 3801 sibi
1254 3730 1341 3800 de
1388 3730 1498 3801 his
1536 3730 1922 3802 honoribus
1955 3752 2315 3833 arrogan3‚
2349 3753 2487 3802 non
2534 3750 2685 3800 esse
2727 3728 2802 3796 in

244 3830 435 3908 parte
481 3818 971 3900 solicitudiniS,
1022 3819 1137 3889 sed
1195 3820 1266 3890 in
1320 3818 1756 3911 plenitudine
1822 3829 2199 3911 potestatis.
2251 3820 2566 3891 Actiones
2628 3822 2804 3887 Con-

245 3907 391 3976 cilii
451 3907 739 3999 longum
799 3920 903 3978 est
958 3908 1319 4065 prosequi:
1374 3931 1650 3980 summa
1685 3921 1913 3978 tamen
1962 3908 2036 3978 in
2088 3906 2805 3980 excommunicatione

247 3996 446 4078 Petri,
490 4008 557 4067 et
594 3995 951 4089 iri-egressi
1003 3996 1082 4067 ili
1112 3996 1458 4068 fautorum
1492 3998 1645 4089 ejus
1673 3996 2060 4086 dejectione
2104 3998 2432 4080 constitit,
2470 4011 2537 4069 et
2579 4015 2806 4084 usque

245 4083 451 4155 hodie
496 4086 666 4157 haec
714 4085 1052 4157 sententia
1100 4088 1507 4177 perseverat.
2601 4106 2622 4123 ²

332 4176 371 4263 ξ
416 4178 499 4247 S.
556 4174 791 4246 Soluto
837 4175 1157 4257 concilio,
1195 4175 1282 4245 ad
1318 4173 1865 4246 Mediolanenses
1891 4173 2439 4246 reconciliandos
2472 4175 2805 4247 dominus

242 4269 430 4354 Papa
491 4264 816 4335 Abbatem
881 4263 1342 4346 claraevalliS,
1398 4285 1607 4352 quem
1672 4263 1911 4334 multis
1987 4262 2618 4354 supplicationibus
2683 4285 2800 4334 ex-

246 4352 606 4444 petierant,
658 4366 723 4424 et
770 4353 1153 4425 Guidonem
1204 4354 1558 4434 Pisanum,
1595 4366 1660 4423 et
1710 4353 2123 4424 matthaeum
2155 4351 2611 4423 Albanensem
2640 4352 2802 4443 Epi-

247 4462 536 4532 scopum
564 4466 605 4512 a
652 4441 862 4514 latere
895 4467 1024 4515 suo
1054 4443 1326 4526 direxit,
1359 4443 1481 4532 qui
1530 4442 1836 4515 schisma
1869 4464 1991 4534 per
2018 4441 2421 4515 Anselmum
2455 4442 2527 4513 in
2557 4441 2798 4512 eadem
