3308 5004
673 312 803 378 366
1273 328 1352 375 ns
1400 328 1457 375 s.
1508 326 1844 375 munao
1892 325 2220 376 suzssmn.
2273 326 2475 376 smsc.
2806 309 2991 377 Auo.
3064 311 3159 377 25

582 409 978 481 Bertradam
1007 409 1064 491 ⁴⁸,
1102 432 1281 498 quae
1325 408 1730 480 auctoritate
1772 407 1959 500 regia
1998 406 2371 478 Geraldum
2406 407 2794 499 expelleret,
2846 423 2911 480 et
2954 413 3164 480 Pon-

582 501 758 571 tium
785 511 1023 569 contra
1068 498 1171 572 sas
1205 500 1275 569 in
1315 498 1535 569 sancti
1584 497 1717 568 loci
1765 497 2436 569 administrationem
2464 497 2865 568 intruderet.
2899 498 2977 568 Id
3011 497 3164 569 ubi

583 588 861 659 rescivit
904 587 1152 659 Christi
1185 609 1423 660 servus
1455 585 1880 678 Arnulphus,
1924 607 1962 655 e
1998 585 2172 656 cella
2204 585 2577 676 egreditur,
2617 587 2925 678 reginam
2958 586 3162 659 furi-

582 676 891 748 bundam
943 676 1290 749 blanditer
1335 700 1372 746 a
1430 676 1661 767 pellat,
1721 675 2067 746 submisse
2116 687 2333 766 rogat,
2398 687 2476 746 ut
2522 675 2681 746 licet
2726 676 2965 767 regina
3010 677 3150 758 sit,

585 787 849 837 memor
881 778 1108 836 tamen
1160 698 1524 837 muliessris
1582 762 2025 846 conditionis,
2083 786 2347 835 memor
2400 763 2793 835 divinorum
2827 764 3161 853 judicio-

581 877 765 936 rum,
807 867 1046 926 contra
1093 854 1280 947 leges
1311 854 1827 925 Ecclesiasticus
1861 854 2091 924 venire
2136 852 2477 935 formidet,
2529 853 2620 923 ab
2665 854 2925 942 injuria
2959 855 3155 925 tanti

583 944 714 1014 viri
746 943 1128 1015 verecunde
1164 945 1301 1014 sibi
1347 956 1703 1046 temperet.
1756 948 1925 1013 Cum
1968 955 2200 1013 autem
2246 964 2328 1012 ea
2375 964 2539 1032 prae
2593 943 2781 1034 regio
2839 942 3026 1014 fastu
3079 956 3154 1015 et

583 1045 850 1104 tumore
885 1032 1011 1103 viri
1060 1033 1281 1105 sancti
1316 1045 1575 1103 monita
1606 1053 1744 1102 non
1779 1031 2191 1109 admitteret,
2235 1031 2634 1122 prophetico
2667 1032 2916 1122 spiritu
2963 1031 3155 1103 dixit

581 1123 684 1193 ei:
723 1145 762 1190 «
792 1122 999 1193 Crede
1046 1123 1106 1192 si
1155 1122 1367 1202 lubet,
1404 1143 1446 1191 o
1481 1122 1743 1211 regina,
1780 1120 1970 1190 fratri
2005 1119 2386 1210 Arnulpho,
2422 1121 2638 1190 immo
2670 1121 2899 1211 potius
2931 1122 3151 1192 crede

583 1211 870 1314 Spiritui
911 1216 1179 1282 Sancto.
1240 1216 1407 1281 Nam
1450 1210 1509 1280 si
1561 1221 1634 1281 tu
1682 1210 1957 1280 fratrem
2019 1209 2389 1280 Geraldum
2440 1210 2602 1279 hinc
2640 1211 2946 1301 ejeceriS,
3004 1215 3151 1281 Deo

578 1299 874 1381 vindice,
928 1312 1004 1370 tu
1047 1320 1322 1387 quoque
1370 1312 1526 1369 ante
1580 1298 1846 1369 obitum
1889 1312 2083 1368 tuum
2147 1319 2189 1367 a
2243 1320 2456 1399 regno
2505 1299 2915 1379 extruderis,
2970 1321 3148 1370 con-

581 1402 975 1479 temptaque
1019 1402 1086 1459 et
1131 1409 1546 1459 aerumnosa
1608 1388 1947 1458 morieris,
1981 1410 2019 1454 »
2067 1392 2229 1457 Earn
2297 1388 2428 1456 viri
2475 1389 2592 1458 Dei
2642 1389 3081 1480 prophetiam
3118 1445 3137 1471 ,

582 1477 739 1548 luce
785 1476 1043 1548 clarius
1069 1490 1193 1558 est,
1237 1476 1649 1567 completam
1701 1498 1873 1558 esse,
1907 1476 2188 1564 quando
2227 1498 2469 1546 omnes
2504 1491 2779 1559 norunt,
2819 1479 3143 1568 reginam

580 1565 771 1635 illam
827 1580 979 1658 post
1011 1587 1231 1637 annos
1263 1565 1526 1654 aliquot
1575 1566 1756 1657 regis
1801 1566 2117 1635 animum
2179 1564 2350 1635 adeo
2396 1566 2787 1648 offendisse,
2834 1580 2915 1636 ut
2968 1590 3148 1638 con-

579 1654 804 1725 ciliari
842 1676 1127 1746 prorsus
1157 1653 1414 1725 nollet:
1452 1666 1892 1741 amotamque
1919 1677 1960 1724 a
2007 1653 2203 1744 regni
2235 1656 2602 1737 consortio,
2638 1669 2704 1727 et
2749 1656 2821 1725 in
2871 1679 2964 1747 pa
3070 1678 3144 1724 m

540 1745 949 1816 'Pontinum
1018 1743 1448 1825 translatam,
1495 1755 1647 1835 post
1694 1742 2099 1813 diuturnam
2151 1742 2609 1814 calamitatem
2671 1744 2814 1814 illic
2862 1746 2977 1836 ple
2992 1746 3142 1905 edio

578 1855 772 1905 more
820 1833 1217 1904 defunctam
1250 1845 1315 1904 et
1363 1833 1731 1923 sepultam.
1771 1832 2107 1903 Geraldus
2137 1843 2367 1902 autem
2399 1833 2487 1903 ab
2516 1854 2597 1903 ea
2628 1834 2898 1924 pulsuS,
2942 1835 2985 1903 d
3090 1835 3144 1904 it

578 1922 808 1992 locum
857 1923 1022 2004 irae,
1060 1921 1367 2009 abiitque
1421 1922 1491 1991 in
1529 1922 1989 2010 Aquitaniam:
2028 1921 2150 1991 ubi
2186 1945 2226 1991 a
2264 1921 2439 1991 duce
2496 1922 2894 1992 humaniter
2941 1945 3143 1994 acce·

577 2023 761 2100 ptus,
814 2010 883 2079 in
934 2010 1128 2101 sylva
1160 2011 1410 2098 majori
1459 2010 1728 2081 illustre
1774 2010 2182 2080 coenobium
2251 2012 2673 2081 construxit:
2717 2012 2800 2081 'in
2840 2035 2979 2099 quo
3047 2012 3140 2083 ad

576 2100 789 2170 finem
821 2100 993 2169 vitae
1023 2104 1157 2171 Deo
1191 2099 1489 2182 servivit,
1533 2111 1601 2170 et
1630 2099 1907 2169 tandem
1939 2099 2226 2169 feliciter
2261 2100 2329 2168 in
2366 2101 2655 2171 Domino
2684 2100 3133 2173 obdormivit.

576 2189 747 2276 EJ‘us
791 2201 857 2258 et
895 2188 1031 2260 vita
1077 2202 1145 2259 et
1175 2210 1361 2259 mors
1394 2190 1723 2260 virtutum
1777 2188 1997 2279 signis
2036 2187 2315 2259 effulsit.

667 2285 706 2358 ἓ
758 2282 919 2350 22.
971 2276 1373 2368 Arnulphus
1401 2299 1564 2368 ergo
1592 2279 1821 2349 amica
1851 2276 2070 2348 Cellae
2103 2277 2490 2348 inclusione
2522 2279 2800 2367 potituS,
2839 2279 3136 2368 perinde

575 2366 718 2437 acsi
752 2377 898 2436 tum
940 2367 1164 2457 primo
1199 2368 1555 2457 inciperet,
1608 2367 2034 2455 quotidianis
2083 2388 2230 2438 sese
2269 2367 2558 2457 jejuniis
2596 2368 2915 2438 alacriter
2973 2390 3129 2439 rna-

578 2456 877 2538 cerabat,
911 2455 1166 2547 vigiliis
1197 2456 1564 2547 affligebat,
1603 2457 1897 2527 orationi
1929 2455 2210 2526 assidue
2237 2477 2512 2538 vacans,
2538 2469 2604 2526 et
2634 2479 2886 2547 magna
2911 2457 3136 2528 animi

575 2546 1012 2617 contentione
1045 2546 1320 2616 divinae
1367 2546 1934 2636 contemplationi
1981 2545 2331 2615 insistens.
2372 2551 2472 2616 Ita
2518 2567 2680 2637 ergo
2719 2569 2792 2617 se
2846 2568 3136 2637 compa-

574 2657 763 2717 rans,
795 2646 861 2705 et
907 2635 1254 2725 ejusmodi
1288 2636 1616 2705 virtutum
1650 2635 1901 2706 studiis
1933 2646 2000 2703 et
2030 2634 2372 2704 exercitiis
2409 2635 2480 2703 in
2514 2633 2662 2706 dies
2699 2657 3126 2716 excrescens,

573 2745 903 2816 magnam
930 2746 972 2794 a
1002 2724 1294 2794 Domino
1317 2736 1733 2796 consecutus
1765 2737 1865 2794 est
1895 2724 2215 2814 gratiam,
2268 2735 2334 2793 et
2367 2723 2435 2792 in
2465 2729 2886 2794 Francorum
2917 2747 2987 2793 re
3045 2747 3132 2796 no

572 2811 759 2883 fama
805 2813 959 2902 ejus
1006 2812 1211 2903 longe
1245 2812 1513 2900 lateque
1559 2812 1815 2882 diffusa
1846 2824 1970 2892 est,
2015 2810 2185 2881 adeo
2223 2825 2301 2881 ut
2339 2813 2547 2882 totius
2587 2835 2660 2882 re
2711 2814 2781 2882 ni
2830 2813 2997 2883 nobi
3027 2836 3128 2893 es,

575 2901 730 2989 ejus
777 2901 1378 2972 benedictionibus
1410 2900 1549 2971 frui
1598 2912 2057 2992 peroptarent,
2110 2913 2175 2970 et
2220 2922 2462 2970 omnes
2521 2901 2593 2970 in
2691 2902 2978 2992 ignitate
3010 2924 3134 2992 po-

573 2990 711 3071 siti,
764 2988 920 3060 e'us
964 2989 1391 3077 colloquium
1424 2990 1746 3060 ardenter
1772 3001 2184 3078 expeterent,
2219 3001 2368 3059 tum
2408 2989 2494 3060 de
2545 3012 2709 3081 pace
2758 2991 3128 3074 Ecclesiae,

571 3090 720 3147 tum
819 3100 857 3147 e
914 3080 1313 3150 animarum
1371 3079 1594 3149 salute
1640 3078 1729 3148 ab
1791 3077 1910 3148 illo
1970 3079 2264 3150 consilia
2328 3089 2655 3169 petentes.
2710 3081 3004 3151 Felicem
3051 3103 3130 3151 se

571 3165 912 3248 credebat,
949 3168 1269 3255 quisquis
1316 3167 1419 3237 vel
1455 3188 1844 3238 sermonem
1873 3168 2024 3258 ejus
2059 3168 2303 3238 audire
2381 3169 2690 3238 otuisset.
2725 3175 2933 3240 Fama
2962 3191 3126 3241 vero

573 3255 956 3327 sanctitatis
1001 3256 1154 3346 ejus
1184 3256 1393 3326 etiam
1443 3278 1567 3346 per
1601 3278 1846 3327 omnes
1894 3257 2282 3347 provincias
2371 3258 2745 3339 imanabat,
2798 3271 3005 3346 atque
3037 3259 3127 3328 ad

570 3343 726 3431 ejus
772 3343 1197 3432 colloquium
1228 3343 1538 3415 diversae
1574 3358 1640 3415 et
1664 3345 1905 3416 aetatis
1936 3358 2002 3416 et
2033 3343 2391 3436 dignitatis
2439 3368 2769 3436 personas
2806 3347 3125 3436 undique

571 3431 972 3503 advocabat.
1024 3436 1505 3524 Opportunum
1566 3434 1888 3521 equidem
1947 3456 2098 3504 reor
2143 3436 2274 3505 hoc
2332 3434 2480 3506 loco
2529 3458 3075 3507 commemorare
3105 3493 3121 3519 ,

570 3542 749 3610 quae
780 3522 982 3612 signa
1026 3534 1094 3592 et
1123 3521 1463 3593 miracula
1494 3522 1810 3605 ediderit,
1846 3545 2025 3612 quae
2059 3523 2456 3615 prophetice
2500 3526 2917 3597 enunciarit.

657 3612 696 3698 ἓ
748 3615 909 3683 28.
960 3615 1085 3681 Per
1113 3610 1241 3682 hos
1277 3610 1426 3680 dies
1473 3612 1659 3681 venit
1696 3612 1780 3680 ad
1813 3634 1971 3681 eum
2010 3613 2301 3682 maritus
2345 3613 2602 3684 sororis
2648 3614 2823 3704 ejus,
2874 3637 2956 3685 ex
2984 3636 3126 3703 quo

567 3711 726 3801 post
777 3713 1024 3771 mutua
1076 3698 1163 3769 de
1210 3699 1482 3769 animae
1542 3699 1764 3771 salute
1811 3700 2156 3788 colloquia
2216 3701 2719 3784 sciscitabatur,
2782 3704 3127 3774 viveretne

567 3812 591 3858 1
646 3810 879 3860 sorum
916 3787 1272 3876 quondam
1320 3787 1578 3859 sodalis
1612 3801 1680 3860 et
1703 3789 2084 3861 commilito
2118 3791 2356 3874 Israel,
2400 3804 2465 3861 et
2493 3790 2828 3878 quidnam
2863 3805 3121 3883 ageret.

568 3883 598 3949 1
633 3877 696 3948 lo
730 3877 1212 3969 respondente,
1252 3878 1579 3969 sospitem
1610 3901 1773 3949 eum
1813 3900 1964 3951 esse
2000 3892 2065 3949 et
2094 3891 2275 3951 recte
2321 3879 2567 3963 valere,
2620 3893 2826 3969 atque
2873 3882 2945 3952 in
2986 3905 3128 3970 om,-

455 4041 462 4046 ,
566 3967 779 4038 nibus
847 3988 1174 4059 prospere
1220 3990 1260 4037 a
1310 3989 1465 4068 ‚re,
1534 3967 1640 4039 vir
1694 3969 1809 4038 Dei
1872 3968 2273 4127 prophetico
2322 3967 2571 4059 plenus
2619 3970 2918 4062 spiritu,
2976 3972 3121 4042 ait:

567 4078 605 4124 α
637 4061 783 4127 Non
815 4068 919 4128 est
967 4057 1086 4139 ita,
1137 4066 1216 4128 ut
1305 4057 1454 4140 icis,
1510 4079 1812 4145 namque
1847 4057 1867 4126 i
1898 4056 1963 4127 le
2008 4071 2074 4128 et
2111 4080 2395 4149 corpore
2425 4070 2491 4129 et
2528 4059 2764 4129 animo
2804 4070 3123 4133 mortuus

568 4156 695 4214 est.
734 4150 1067 4218 Hesterno
1103 4146 1292 4217 enim
1348 4145 1461 4217 die
1521 4168 1685 4218 cum
1740 4147 1961 4218 multa
2011 4146 2264 4238 praeda
2311 4147 2586 4218 rediens
2639 4147 2950 4230 domum,
2991 4149 3124 4220 sub

565 4254 922 4323 vesperam
973 4236 1046 4305 in
1096 4257 1381 4307 scamno
1428 4235 1615 4327 apud
1671 4235 1901 4307 focum
1935 4237 2006 4305 in
2061 4235 2490 4306 concubinae
2552 4258 2718 4307 suae
2776 4238 3122 4329 gremium

565 4334 779 4412 caput
823 4322 1166 4414 deposuit,
1223 4338 1290 4395 et
1337 4325 1696 4416 repentina
1756 4336 1975 4396 morte
2031 4325 2373 4396 extinctus
2436 4325 2661 4417 periit.
2721 4329 2773 4397 Ο
2827 4338 3117 4398 mortem

620 4444 648 4471 ⁸
676 4443 802 4494 Lege
820 4444 1017 4492 Boream,
1036 4454 1177 4495 qum
1196 4455 1279 4488 rex
1299 4443 1562 4497 Philippus,
1576 4448 1715 4498 Juxt-
1734 4446 1887 4491 aancti
1906 4444 2184 4490 vaticinium
2216 4444 2500 4499 repudiavit,
2521 4450 2665 4491 ducta
2682 4447 2793 4492 dein
2811 4450 3051 4491 Ber-trodo.
