3308 5004
677 320 805 386 766
1444 337 1522 383 ns
1571 337 1629 384 s.
1692 334 1853 384 aoss
1899 335 2065 384 vmc-
2118 336 2248 383 mr.
2815 315 3002 382 AUG.
3053 315 3123 382 3⁰

581 435 649 493 et
693 421 882 493 brevi
929 420 1234 492 oratione
1290 434 1585 509 peracta,
1638 420 1938 491 accinxit
1984 443 2057 491 se
2102 421 2318 512 operi,
2400 419 2819 490 mirantibus
2858 417 3128 489 adstan-

581 511 791 592 tibus,
844 521 1207 598 quaestore
1270 509 1421 598 ipso
1468 509 1743 579 vidente
1819 531 2106 580 manum
2178 510 2385 611 paulo
2459 522 2619 580 ante
2686 508 3122 579 acerbissime

582 599 864 680 laesam,
918 610 1083 669 tunc
1120 597 1420 669 validam
1452 611 1520 668 et
1548 598 1829 688 agilem,
1873 599 2139 669 medico
2184 621 2333 690 ipso
2387 611 2672 668 testante
2716 596 3121 668 evidentiam

582 686 938 768 miraculi;
976 688 1090 758 cui
1119 686 1456 758 beneficio
1504 687 1797 758 accessit
1842 687 2027 774 quod
2075 687 2323 759 exinde
2371 708 2731 775 nunquam
2782 688 2858 755 in
2904 699 3120 788 poste-

579 798 736 847 rum
774 777 1084 848 arthritis
1133 798 1419 847 manum
1472 775 1664 846 illam
1724 776 2030 847 invasit:
2083 777 2268 864 quod
2322 778 2577 845 mirum
2629 795 2765 844 non
2812 775 2952 847 fuit
3007 776 3125 866 ipsi

580 871 846 947 Rosae,
898 888 1076 954 quae
1142 865 1232 943 ab
1289 866 1438 955 ipsa
1494 887 1623 935 ceu
1670 887 1708 934 a
1762 877 1981 936 matre
2042 887 2218 956 pene
2286 865 2688 954 quotidiana
2737 885 2820 933 ex
2877 865 3123 935 mutuis

579 955 946 1027 consortiis
981 954 1222 1025 solatia
1268 953 1656 1024 hauriebat.

668 1046 708 1133 ξ
754 1049 911 1117 84.
965 1043 1186 1114 Zelata
1231 1055 1334 1114 est
1362 1042 1568 1114 etiam
1599 1063 1723 1134 pro
1762 1042 1970 1114 domo
2000 1043 2114 1113 Dei
2160 1044 2454 1114 salutem
2504 1043 2933 1113 animarum.
2980 1046 3119 1132 Ipsa

576 1133 764 1203 enim
813 1133 1146 1203 charitate
1218 1154 1356 1219 qua
1407 1153 1641 1202 verum
1711 1131 1961 1203 Christi
2030 1134 2305 1203 Domini
2380 1155 2679 1223 corpus,
2764 1131 3117 1220 mysticum

575 1243 852 1310 quoque
917 1221 1292 1312 diligebat3
1366 1222 1635 1309 quoties
1684 1220 1770 1290 ad
1846 1221 2171 1292 interiora
2224 1220 2697 1292 meridionalis
2778 1222 3119 1290 Americae

576 1324 905 1380 montana
952 1310 1194 1382 oculos
1227 1312 1544 1393 vertebat,
1583 1309 2029 1381 cruciabatur
2054 1310 2458 1382 medullitus
2490 1311 2949 1398 illacrymans
2988 1331 3118 1399 per-

576 1399 823 1469 ditioni
877 1413 975 1470 tot
1018 1399 1472 1469 barbarorum
1501 1454 1516 1480 ,
1569 1399 1692 1486 qui
1743 1399 2132 1470 inaccessas
2186 1413 2341 1491 post
2402 1399 2639 1471 nivosa
2694 1398 2885 1488 juga·
2924 1398 3113 1467 valles

575 1488 1027 1579 populabant.
1055 1489 1165 1559 Sic
1196 1488 1400 1557 etiam
1418 1488 1614 1579 jugis
1643 1486 1964 1575 planctus
1997 1490 2315 1558 materies
2339 1489 2402 1558 ei
2427 1500 2622 1558 erant
2646 1508 3139 1575 quaecumque.

575 1577 751 1647 aliae
799 1577 1190 1648 infidelium
1243 1578 1573 1648 nationes.
1616 1577 1809 1648 Viros
1859 1576 2241 1668 religiosos,
2293 1591 2359 1647 et
2449 1577 2801 1648 raesertim
2859 1577 2969 1646 sui
3011 1582 3113 1647 Or·

576 1666 764 1736 dinis
791 1666 1057 1746 fratres,
1098 1678 1434 1754 quotquot
1469 1677 1668 1756 aptos
1709 1678 2011 1748 noverat,
2064 1666 2149 1736 ad
2200 1668 2386 1757 genti
2419 1670 2565 1745 ium
2609 1665 3107 1735 conversionem

574 1755 1003 1837 hortabatur,
1040 1767 1104 1824 et
1154 1776 1275 1845 per
1302 1760 1468 1825 Jesu
1497 1754 1746 1826 Christi
1798 1754 2061 1825 viscera
2089 1756 2491 1827 obsecrabat
2515 1768 2594 1825 ut
2625 1755 2789 1824 huic
2833 1774 2911 1826 se
2946 1756 3109 1844 operi

578 1846 1041 1935 accingerent.
1075 1844 1294 1937 Unius
1316 1865 1398 1914 ex
1429 1845 1578 1914 suis
1606 1842 2071 1926 confessariiS,
2104 1846 2421 1915 missioni
2454 1844 2788 1934 deputati,
2816 1843 3103 1913 animum

575 1933 662 2003 ad
713 1931 1203 2003 maturandum
1254 1954 1434 2021 opus
1502 1931 1942 2003 inflammare
1991 1933 2278 2015 studuit,
2330 1948 2396 2004 et
2442 1957 2602 2003 cum
2653 1954 2734 2002 eo
2781 1933 3115 2011 convenit,-

576 2035 655 2092 ut
702 2022 1035 2092 medietas
1080 2020 1395 2091 omnium
1456 2020 1810 2091 fructuum
1872 2043 2050 2109 quos
2101 2024 2358 2093 interea
2405 2023 2557 2112 ipsa
2601 2044 2683 2091 ex
2733 2034 2873 2092 toto
2918 2024 3100 2092 bono-

574 2132 734 2181 rum
796 2132 1084 2201 operum
1136 2110 1456 2180 exercitio
1503 2131 1576 2179 se
1620 2109 2139 2182 cumulaturam
2199 2112 2540 2200 sperabat,
2593 2111 2654 2179 ei
2703 2110 3097 2180 adscribere·

575 2212 709 2282 tur,
762 2211 828 2269 et
867 2199 1170 2272 vicissim
1223 2198 1341 2270 ille
1373 2198 1860 2269 transcriberet
1894 2199 2027 2289 ipsi
2078 2201 2329 2292 virgini
2360 2201 2628 2270 fructus
2659 2199 3089 2269 conversionis

576 2288 973 2359 animarum
1022 2310 1197 2376 quas
1245 2310 1374 2358 sua
1421 2288 1930 2379 praedicatione
1979 2290 2048 2357 in
2101 2291 2278 2359 viam
2329 2289 2576 2360 salutis
2619 2302 2767 2357 erat
2804 2301 3086 2358 attractu-

573 2399 719 2448 rus.
773 2382 914 2447 Hoc
961 2378 1196 2447 animo
1259 2377 1666 2467 excogitavit
1712 2378 1990 2467 inopem
2117 2377 2437 2449 arvulum
2556 2377 2707 2447 nasi
2781 2378 2852 2446 in
2895 2376 3078 2473 filium

574 2488 952 2549 assumere,
1004 2486 1211 2555 quem
1276 2466 1696 2537 christianae
1740 2466 1921 2536 vitae
1970 2476 2063 2537 ru·
2104 2468 2382 2539 imentis
2433 2468 2525 2538 im
2580 2478 2809 2550 neret,
2870 2479 2924 2536 et
2960 2464 3071 2553 piis

574 2554 1032 2646 eleemosynis
1082 2554 1169 2625 ad
1220 2555 1505 2627 virtutes
1549 2568 1614 2626 et
1675 2577 2031 2627 sacrarum
2097 2557 2477 2628 litterarum
2531 2555 2800 2647 plenam
2852 2556 3061 2624 instru-

573 2646 868 2715 ctionem
919 2667 992 2715 se
1036 2657 1424 2714 evecturam
1476 2645 1840 2734 sperabat,
1892 2667 1973 2715 eo
2022 2659 2243 2736 pacto,
2317 2658 2394 2716 ut
2451 2646 2512 2715 is
2566 2645 2838 2715 idoneus
2878 2641 3068 2711 factus

571 2745 638 2804 et
684 2734 1064 2805 sacerdotio
1113 2733 1490 2823 insignitus
1536 2733 1622 2803 ad
1657 2756 1697 2803 a
1750 2734 2073 2805 ostolicas
2108 2736 2476 2808 missiones
2524 2757 2647 2825 pro
2681 2731 3078 2805 conversione

574 2824 884 2913 gentium
936 2835 1357 2914 properaret;
1396 2835 1493 2904 ut,
1545 2845 1686 2911 quo
1783 2844 1905 2912 per
1953 2845 2026 2892 se
2074 2838 2420 2913 praestare
2472 2845 2610 2893 non
2664 2836 2935 2914 poterat,
2980 2839 3085 2910 per

571 2912 788 2982 alium
839 2911 1215 3004 suppleret;
1267 2910 1478 2998 quod,
1533 2913 1665 2983 nisi
1714 2912 2090 2982 immatura
2139 2925 2355 2984 morte
2420 2926 2787 3002 praeventa
2831 2912 3083 2987 fuisset,

572 2998 987 3090 perfecisset.
1035 3005 1162 3071 Pro
1223 2999 1777 3088 periclitantibus
1826 3001 2227 3071 christianis
2256 3057 2271 3076 .
2324 3003 2446 3090 qui
2509 3023 2632 3091 per
2674 3002 2950 3093 culpam
3006 2998 3093 3067 le·

571 3088 826 3158 thalem
877 3112 918 3158 a
951 3102 1134 3161 statu
1189 3088 1465 3158 divinae
1511 3088 1860 3159 amicitiae
1905 3089 2272 3160 infeliciter
2317 3091 2736 3170 exciderant,
2794 3089 2968 3161 nulli
3009 3087 3097 3157 la·

569 3199 968 3267 crymarum
1028 3179 1341 3268 sumptui
1413 3180 1760 3268 parcebat,
1811 3190 1878 3247 et
1923 3179 2232 3267 quotidie
2303 3193 2590 3250 cruenta
2656 3181 2787 3253 sibi
2839 3178 3098 3248 vulnera

570 3266 928 3356 infligebat
974 3280 1052 3337 ut
1084 3267 1194 3336 his
1233 3288 1388 3338 vere
1438 3268 1712 3338 miseris
1759 3267 1937 3338 vitae
2003 3269 2185 3338 seria
2231 3269 2627 3339 emendatio
2673 3292 2713 3338 a
2767 3274 2900 3339 Deo
2958 3288 3102 3336 con·

568 3355 948 3426 cederetur.
1024 3356 1549 3427 concionatores
1596 3357 1785 3447 ipsos
1859 3356 2291 3427 vehementer
2338 3358 2745 3429 hortabatur
2799 3372 2882 3428 ut
2927 3355 3104 3446 flagi·

570 3445 1068 3515 tiosasanimas
1115 3443 1202 3515 ab
1231 3446 1388 3514 ‚ima
1441 3445 1760 3516 vitiorum
1811 3445 2151 3536 charybdi
2185 3447 2316 3536 (a),
2368 3469 2454 3516 ne
2503 3447 2829 3537 perirent,
2887 3447 2973 3517 ad
3016 3467 3110 3513 se·

567 3555 811 3603 curum
866 3534 1323 3624 poenitentiae
1371 3533 1541 3605 litus
1591 3547 1725 3606 toto
1759 3547 2009 3605 conatu
2041 3548 2426 3606 evocarent.
3276 3609 3277 3618 χ

656 3624 898 3710 §BR
969 3623 1308 3694 Divinitus
1366 3621 1607 3694 edocta
1680 3623 1765 3692 de
1815 3645 2023 3714 pravo
2100 3624 2466 3705 desiderio,
2531 3647 2673 3713 quo
2720 3622 3112 3696 Vincentius

571 3712 852 3781 nomine
887 3712 1192 3802 juvenis,
1243 3711 1457 3782 nobili
1491 3723 1741 3814 genere
1788 3712 2154 3795 oriundus
2188 3713 2273 3782 ad
2314 3734 2465 3783 earn
2501 3713 2665 3783 ficte
2691 3721 3108 3790 accesserat,
3276 3731 3277 3806 l

570 3811 756 3869 tanta
797 3823 957 3870 cum
986 3801 1318 3871 charitate
1343 3802 1702 3892 corripuit,
1741 3813 1819 3870 ut
1866 3801 2193 3872 fateretur
2224 3819 2297 3872 se
2343 3822 2721 3893 agnoscere
2768 3803 3115 3874 Christum
3276 3813 3277 3818 ’

569 3889 937 3958 Dominum
991 3891 1061 3959 in
1111 3911 1190 3959 ea
1225 3889 1645 3978 loquentem3
1718 3903 1784 3959 et
1834 3903 2013 3960 totus
2063 3902 2369 3962 mutatus
2432 3893 2520 3965 ab
2563 3891 2680 3962 illo
2741 3893 2865 3980 qui
2914 3887 3119 3992 paulo

567 3991 725 4046 ante
771 3992 938 4059 erat,
992 3979 1205 4048 fretus
1237 3992 1302 4048 et
1334 3979 1615 4069 adjutus
1641 3978 1963 4069 precibus
1991 3980 2300 4070 ejusdem
2337 3980 2653 4082 virginiS,
2685 3979 3125 4073 juvenilibus

491 4143 494 4148 ,
566 4065 929 4138 desideriis
974 4081 1041 4137 et
1088 4068 1319 4158 culpis
1366 4066 1799 4148 valefaciens,
1854 4082 2163 4139 sanctam
2213 4069 2488 4140 vivendi
2535 4071 2873 4140 rationem
2924 4067 3125 4139 insti-

568 4155 719 4226 tuit.
773 4156 1172 4247 Prodigium
1222 4170 1409 4240 erat,
1466 4159 1526 4227 si
1570 4179 1713 4246 qua
1759 4179 2053 4248 persona
2113 4158 2540 4247 quicumque
2613 4158 2777 4229 vitio
2821 4156 3126 4229 obnoxia

614 4351 679 4402 (a)
708 4354 952 4413 (gharybdis
977 4356 1054 4396 est
1077 4355 1267 4404 proprie
1295 4365 1464 4406 gurges
1491 4352 1759 4396 vorticosus
1786 4355 1837 4397 in
1863 4356 1987 4398 stete
2016 4354 2175 4399 Siculo
2203 4357 2453 4408 oppositus
2468 4357 2649 4409 aaran«.
2671 4354 3005 4407 nst-photine
3020 4363 3127 4414 prq-

561 4406 684 4507 ῐᾶὲὲἔι
694 4408 1057 4510 {Riulfaefflnem
1085 4407 1160 4450 hic
1190 4411 1397 4450 sumitur
1424 4420 1509 4460 pro
1537 4410 1761 4461 voragine
1788 4410 2044 4462 spirituali,
2073 4421 2170 4461 qus
2193 4411 2467 4463 peccatores
2494 4410 2824 4458 absorbentur.
2850 4415 2907 4452 ut
2931 4409 3058 4452 ntis
3074 4409 3126 4450 h·
