3308 5004
675 343 805 408 2⁴0
1374 357 1453 404 ως
1500 357 1555 405 s.
1610 354 1858 405 nonno
1906 354 2105 405 msc.
2160 355 2350 404 nar.
2857 338 3042 405 AUG.
3096 341 3136 405 7

580 466 742 515 cum
795 448 1035 532 Satyro
1083 439 1422 533 Episcopo
1459 454 1525 510 et
1564 440 1901 522 Hilarin0,
1955 440 2285 531 expulsus
2331 440 2626 511 daemon
2676 462 2972 532 puerum
3024 464 3138 513 sa-

585 554 755 604 num
790 530 1093 619 reliquit.

670 623 707 711 §
753 625 844 693 θ.
901 618 1028 691 Sed
1076 630 1144 689 et
1191 639 1326 689 non
1369 617 1577 709 longo
1615 631 1751 688 tem
1807 640 1924 688 ore
1958 630 2131 708 post,
2173 617 2277 686 vir
2321 617 2606 705 quidam
2644 619 2998 691 Eustasius
3030 642 3142 690 re-

585 722 732 782 ctor
762 709 1050 781 Tusciae
1095 719 1161 778 et
1189 720 1463 777 exactor
1508 706 1684 787 fisci,
1790 728 1906 776 um
1953 720 2331 797 occupatus
2378 705 2545 777 alibi
2597 720 2961 789 teneretur,
3017 731 3141 778 su-

585 796 1146 890 pervenientibus
1190 795 1531 876 hostibus,
1583 817 1758 867 uxor
1804 795 2027 885 ipsius
2075 794 2394 887 Euphros
2447 817 2535 866 na
2577 797 2939 887 pecuniam
2983 797 3138 869 fisci

582 887 968 968 abscondit,
1022 900 1088 957 et
1136 885 1379 975 paucis
1425 884 1676 955 diebus
1725 884 2290 967 succedentibus,
2342 906 2381 953 a
2437 897 2626 956 sente
2680 884 2908 956 adhuc
2959 887 3135 970 vir0,

584 975 909 1048 defuncta
948 988 1071 1046 est.
1118 974 1417 1046 Rediens
1446 986 1676 1044 autem
1730 973 2172 1064 postmodum
2207 974 2308 1042 vir
2339 973 2516 1062 ejm,
2561 973 2823 1044 invenit
2853 990 3137 1047 uxorem

587 1087 786 1136 suam
841 1076 1210 1145 mortuam,
1262 1075 1328 1133 et
1378 1062 1741 1153 pecuniam
1779 1061 1928 1133 fisci
1963 1063 2097 1134 sibi
2146 1062 2378 1132 celari.
2435 1067 2581 1146 Qua
2613 1062 2698 1132 de
2734 1085 2805 1133 re
2835 1085 2970 1132 non
3015 1087 3143 1154 pa-

584 1176 742 1225 rum
804 1154 1046 1234 tristiS,
1100 1150 1312 1224 simul
1361 1174 1485 1253 pro
1546 1151 1879 1239 requisita
1934 1152 2267 1244 pecunia,
2320 1173 2483 1222 cum
2530 1151 2735 1222 etiam
2780 1152 3139 1252 principes

584 1243 819 1313 curiae
852 1241 1199 1333 supplicia
1249 1241 1385 1331 ipsi
1430 1240 1953 1322 meditarentur,
1990 1239 2063 1312 fu
2116 1240 2264 1310 iens
2311 1239 2496 1309 idem
2527 1245 2909 1321 Eustasius,
2950 1243 3143 1312 venit.

584 1332 668 1402 ad
722 1332 999 1403 beatum
1052 1335 1368 1420 Satyrum
1396 1341 1461 1399 et
1494 1334 1858 1410 Donatum,
1893 1342 1958 1399 et
1989 1329 2057 1399 in
2116 1329 2318 1400 icavit
2344 1330 2445 1398 eis
2470 1330 2879 1399 anxietatem
2909 1331 3132 1401 animi

586 1421 722 1492 sui.
779 1425 978 1490 Stans
1026 1418 1255 1507 itaque
1302 1423 1604 1489 Donatus
1627 1440 1841 1509 super
1886 1417 2283 1511 sepulcrum
2321 1417 2828 1508 uxotisipsius,
2883 1441 3138 1510 magna

586 1531 748 1579 voce
787 1507 1154 1578 clamavit:
1208 1507 1663 1598 Euphrosyna
1696 1529 1816 1598 per
1854 1507 2197 1581 Christum
2235 1506 2647 1577 crucifixum
2702 1520 2762 1575 te
2808 1507 3130 1598 conjuro,

584 1610 662 1668 ut
708 1597 901 1667 dicas
950 1596 1172 1677 nobiS,
1225 1596 1391 1684 quid
1444 1595 1700 1666 factum
1750 1596 1838 1666 sit
1883 1596 1970 1665 de
2017 1594 2313 1687 pecunia
2362 1595 2553 1676 fisci,
2608 1595 2774 1683 quia
2824 1595 2926 1665 vir
2973 1609 3136 1667 tuus

584 1707 709 1778 pro
755 1708 835 1757 ea
895 1686 982 1756 ab
1028 1685 1461 1755 exactoribus
1527 1684 1723 1755 valde
1775 1684 1912 1754 affli
1968 1685 2127 1755 itur.
2182 1688 2370 1767 Quae
2445 1703 2603 1754 mox
2650 1683 2736 1753 de
2806 1685 3130 1775 sepulcro

586 1774 985 1867 respondit:
1039 1780 1118 1844 In
1152 1774 1473 1865 ingressu
1511 1773 1765 1844 domus
1805 1796 1887 1844 su
1943 1796 2098 1844 ossa
2134 1772 2294 1843 latet
2332 1774 2626 1865 pecunia
2665 1794 2874 1861 quam
2926 1795 3140 1861 quae-

583 1865 757 1936 ritis'.
812 1868 1105 1954 Recepta
1150 1874 1253 1935 est
1302 1863 1514 1954 igitur
1541 1863 1857 1954 pecunia,
1890 1862 2174 1933 liberato
2203 1862 2517 1932 Eustasio
2549 1861 2639 1932 ab
2690 1862 3131 1953 impositione

584 1952 1001 2023 calumniae.

671 2044 707 2130 ξ
754 2047 841 2115 4.
892 2046 1139 2112 Verum
1173 2051 1440 2132 recepto
1471 2041 1667 2111 beato
1701 2044 1936 2129 Satyro
1968 2062 2128 2112 cum
2182 2038 2499 2130 patribus
2550 2039 2721 2121 suiS,
2774 2039 2933 2127 ejus
2979 2040 3132 2111 loco

583 2130 1045 2202 sacerdotium
1095 2130 1337 2201 beatus
1388 2134 1691 2200 Donatus
1737 2129 2063 2219 suscepit.
2118 2133 2424 2216 Cumque
2471 2128 2583 2198 die
2630 2129 2934 2217 quadam
2969 2131 3129 2200 Mis—

584 2242 729 2290 sam
764 2219 1174 2290 celebrasset
1214 2218 1493 2310 populo,
1546 2232 1611 2288 et
1648 2217 1734 2288 de
1781 2239 2065 2309 corpore
2114 2217 2362 2288 Christi
2411 2240 2491 2287 ac
2532 2218 2876 2308 sanguine
2904 2218 3131 2308 ipsius

582 2309 887 2400 populus
936 2308 1413 2379 venerabiliter
1458 2320 1903 2388 recrearetur,
1956 2307 2294 2376 diaconus
2332 2306 2621 2393 quidam
2669 2307 2949 2376 nomine
2992 2311 3128 2376 An—

582 2398 821 2479 timuS‚
868 2397 1177 2468 tradebat
1208 2419 1482 2467 sacrum
1516 2396 1927 2487 sanguinem
1959 2396 2231 2475 Christi,
2274 2396 2396 2483 qui
2437 2395 2667 2466 subito
2697 2416 3130 2485 paganorum

581 2487 894 2579 impulsu
940 2486 1225 2568 cecidit,
1276 2500 1342 2556 et
1389 2508 1663 2557 sacrum
1714 2485 1998 2555 calicem
2049 2483 2466 2556 comminuit
2510 2484 2639 2575 (a).
2695 2484 2886 2555 Unde
2934 2484 3136 2555 valde

581 2578 795 2648 tristis
837 2590 972 2648 tam
1010 2577 1177 2667 ipse,
1228 2597 1436 2664 quam
1490 2574 1792 2664 populus
1848 2574 2093 2643 Christi
2141 2573 2462 2644 efficitur.
2514 2574 2727 2664 Cujus
2777 2574 3130 2644 tristitiam

581 2666 915 2737 Dominus
967 2687 1086 2755 per
1130 2664 1405 2735 beatum
1459 2669 1796 2734 Donatum
1839 2662 1996 2732 ilico
2032 2662 2374 2733 relevavit.
2428 2668 2595 2733 Nam
2646 2662 2930 2734 collecta
2960 2677 3136 2732 sunt.

581 2754 965 2845 fragmenta
998 2753 1336 2823 Dominici
1391 2752 1650 2833 calicis,
1710 2764 1775 2820 et
1821 2750 2017 2821 beato
2073 2753 2219 2821 viro
2267 2751 2496 2822 allata.
2551 2757 2740 2835 Quae
2787 2752 2961 2822 flens
3009 2750 3134 2821 ille

581 2843 994 2933 suscipienS,
1045 2841 1348 2911 oratione
1406 2839 1604 2916 facta.
1663 2862 1779 2910 vas
1827 2840 1897 2907 in
1932 2840 2294 2929 pristinam
2346 2839 2637 2911 formam
2690 2840 3130 2912 restauravit.

582 2936 727 3015 Quo
762 2932 960 3021 signo
991 2928 1287 3019 perculsi
1324 2929 1599 3029 pagani,
1646 2926 1857 2997 simul
1884 2950 2042 2997 cum
2087 2929 2491 2999 Christianis
2523 2929 2848 2999 Deitatem
2884 2929 3137 2999 Christi
3219 2962 3220 2965 ¹

581 3018 876 3090 confessi
928 3030 1112 3097 sunt,
1151 3039 1230 3088 ac
1286 3031 1559 3087 circiter
1605 3016 2290 3108 septuagintanovem
2339 3019 2614 3088 animae
2661 3018 2731 3087 in
2782 3018 3136 3088 Christum

583 3106 939 3178 credentes
988 3127 1107 3196 per
1166 3105 1587 3196 baptismum
1640 3104 1939 3177 salvatae
1987 3118 2170 3176 sunt.
2226 3106 2458 3176 Multis
2504 3128 2667 3198 ergo
2727 3107 2952 3196 signis
3001 3111 3133 3176 Do-

583 3197 817 3266 minus
864 3194 1262 3286 glorificans
1295 3207 1611 3265 sanctum
1664 3215 1896 3274 suum,
1949 3193 2035 3263 ad
2070 3216 2395 3265 coronam
2430 3197 2743 3287 martyrii
2794 3196 3158 3286 provexit..

671 3292 710 3365 ἓ
757 3290 844 3356 ὅ.
899 3283 1201 3371 Denique
1235 3294 1461 3354 tentus
1494 3295 1799 3374 tempore
1820 3283 2085 3353 Juliani
2125 3285 2567 3373 Imperatoris
2596 3308 2634 3355 a
2661 3284 3135 3368 Quadratiano

580 3378 678 3463 Au
783 3372 961 3455 stali,
1007 3371 1214 3441 simul
1263 3384 1518 3443 etcum
1552 3393 1632 3442 eo
1672 3371 2029 3443 Hilarinus
2077 3373 2179 3443 vir
2235 3372 2376 3456 Dei,
2425 3372 2712 3459 jubetur
2757 3373 2966 3444 idolis
3018 3396 3139 3444 sa-

582 3462 681 3533 cri
711 3483 917 3531 lcare.
953 3459 1076 3531 Cui
1133 3459 1425 3531 fideliter
1471 3459 1859 3552 reluctanti,
1889 3461 2100 3549 jussit
2130 3462 2643 3544 Quadratianus
2668 3484 2746 3532 os
2775 3462 3142 3553 lapidibus

580 3550 957 3621 contundi:
1011 3549 1401 3621 Hilarinum
1441 3570 1595 3619 vero
1630 3550 2049 3620 monachum
2089 3551 2156 3619 in
2206 3573 2375 3623 cons
2426 3564 2583 3622 ectu
2629 3552 2783 3642 ejus
2819 3564 2951 3621 tam
3004 3550 3138 3622 diu

579 3638 881 3711 fustibus
927 3639 1144 3721 caedi,
1184 3638 1400 3709 donec
1433 3660 1464 3708 s
1522 3638 1753 3708 iritum
1783 3639 2140 3710 emitteret.
2185 3641 2349 3710 Dein
2405 3663 2442 3710 e
2475 3640 2752 3711 beatum
2787 3646 3133 3713 Donatum

578 3729 649 3799 in
692 3728 1005 3799 custodia
1058 3727 1346 3798 recludi.
1412 3731 1463 3796 U
1518 3728 1538 3798 i
1585 3750 1746 3798 cum
1818 3728 2188 3800 innumera
2240 3730 2578 3800 miracula
2629 3731 2959 3809 Dominus
3009 3751 3139 3819 per

577 3840 848 3888 servum
902 3839 1105 3888 suum
1155 3829 1575 3908 operaretur,
1615 3817 1805 3888 misit
1831 3817 2340 3901 Quadratianus
2369 3819 2490 3907 qui
2522 3818 2756 3921 gladio
2786 3840 2941 3891 eum
2973 3839 3139 3908 per-

577 3919 836 3979 cuteret
868 3913 907 3976 7
955 3906 1122 3977 Idus
1184 3906 1493 3995 Augusti.
1551 3907 1763 3996 Cujus
1810 3928 2065 3997 corpus
2122 3907 2490 3978 Christiani
2531 3921 2733 3997 Juxta
2779 3908 3129 3978 civitatem

575 4019 735 4067 cum
786 3996 1218 4091 veneratione
1252 3994 1694 4085 sepelierunt.
1742 3996 2057 4087 Martyris
2107 4018 2264 4067 vero
2287 3995 2585 4066 Hilarini
2633 4019 2791 4069 ossa
2829 3998 2898 4066 in
2940 3996 3136 4066 Ostia

577 4085 848 4156 civitate
881 4084 1222 4156 tumulata
1252 4096 1634 4155 servantur.

630 4210 693 4262 (a)
712 4211 906 4253 Viti-eus
930 4214 1032 4253 erat
1049 4211 1192 4259 calix,
1210 4214 1264 4253 ut
1279 4210 1392 4253 olim
1412 4215 1522 4253 usui
1543 4214 1646 4253 arat
1664 4214 1713 4252 in
1731 4212 1960 4253 sacrificio
1978 4210 2169 4259 Altaria.
2188 4215 2237 4253 et
2254 4214 2351 4253 fere
2374 4213 2429 4253 ad
2451 4223 2533 4253 vm
2565 4221 2716 4263 usque
2738 4212 2979 4253 saeculum
3003 4215 3132 4260 apud

577 4265 812 4305 Ecclesiae
840 4268 888 4306 et
914 4266 1169 4307 monachos
1189 4267 1507 4316 pauperiores.
1538 4267 1703 4317 Lignei
1731 4276 1920 4316 quoque
1948 4266 2005 4307 ab
2037 4268 2371 4315 Apostolorum
2404 4267 2697 4318 temporibus
2735 4266 2913 4306 Calices
2942 4266 3135 4307 tdhtbe·

577 4319 763 4359 bantur.
786 4320 926 4360 Sacra
954 4323 1113 4361 tutem
1141 4330 1254 4360 vasa
1282 4330 1424 4361 aurea
1442 4323 1490 4361 et
1514 4323 1735 4369 argentea
1753 4321 1918 4361 confici
1957 4320 2132 4361 alicubi
2165 4322 2424 4370 coeperunt
2453 4331 2572 4361 saec.
2612 4330 2677 4361 ιιι.
2705 4322 2772 4360 De
2800 4321 2954 4360 vitreo
2981 4321 3132 4361 calice

578 4372 622 4412 S.
640 4369 952 4421 Hieronymus
981 4374 1127 4422 Epist.
1154 4375 1222 4413 4.».
1251 4374 1308 4413 ad
1327 4375 1601 4414 Rusticum:
1634 4373 1654 4394 ⁸
1673 4374 1800 4414 Nihil
1828 4374 1914 4415 1110
1943 4374 2093 4414 dit-ius
2115 4375 2196 4422 qui
2230 4374 2410 4423 Corpus
2445 4375 2633 4415 Domini
2666 4375 2874 4414 canistro
2905 4375 3131 4421 vimineo,

577 4425 860 4475 smgutnem
874 4427 1032 4475 portat
1050 4427 1100 4466 tn
1128 4427 1265 4466 Vltro.
1288 4454 1309 4475 ,,
1333 4427 1389 4466 In
1410 4425 1619 4467 Concilio
1636 4428 1904 4472 Rhemensl.
1923 4428 1990 4468 ait
2011 4428 2256 4474 Bai-onius.
2280 4430 2369 4469 sub
2388 4429 2555 4487 carolo
2578 4429 2761 4478 Magno.
2781 4428 2903 4468 calix
2931 4428 3115 4468 vitreus
3128 4457 3144 4473 ,

575 4479 635 4521 ob
654 4476 978 4531 fragilitatem,
995 4476 1175 4520 vetitus
1203 4481 1297 4523 est:
1326 4481 1427 4520 tum
1448 4479 1589 4521 etiam
1610 4482 1670 4523 ob
1698 4479 1934 4523 vilitatem
1955 4481 2156 4531 ligneus.
