<?xml version="1.0" encoding="UTF-8"?>
<!DOCTYPE html PUBLIC "-//W3C//DTD XHTML 1.0 Transitional//EN"
    "http://www.w3.org/TR/xhtml1/DTD/xhtml1-transitional.dtd">
<html xmlns="http://www.w3.org/1999/xhtml" xml:lang="en" lang="en">
 <head>
  <title>
</title>
<meta http-equiv="Content-Type" content="text/html;charset=utf-8" />
  <meta name='ocr-system' content='tesseract 3.04.00' />
  <meta name='ocr-capabilities' content='ocr_page ocr_carea ocr_par ocr_line ocrx_word'/>
</head>
<body>
  <div class='ocr_page' id='page_1' title='image "./historiaeseuvit01lippgoog_0484.png"; bbox 0 0 3308 5004; ppageno 0'>
   <div class='ocr_carea' id='block_1_1' title="bbox 652 348 3120 421">
    <p class='ocr_par' dir='ltr' id='par_1_1' title="bbox 652 348 3120 421">
     <span class='ocr_line' id='line_1_1' title="bbox 652 348 3120 421; baseline -0.001 -1"><span class='ocrx_word' id='word_1_1' title='bbox 652 355 784 421; x_wconf 75' lang='lat' dir='ltr'><strong>47o</strong></span> <span class='ocrx_word' id='word_1_2' title='bbox 1253 367 1335 416; x_wconf 71' lang='lat' dir='ltr'><strong>m:</strong></span> <span class='ocrx_word' id='word_1_3' title='bbox 1380 367 1436 415; x_wconf 82' lang='lat' dir='ltr'><strong>s.</strong></span> <span class='ocrx_word' id='word_1_4' title='bbox 1491 365 1824 415; x_wconf 55' lang='lat' dir='ltr'><strong>namnam</strong></span> <span class='ocrx_word' id='word_1_5' title='bbox 1870 365 2012 414; x_wconf 67' lang='lat' dir='ltr'><strong>An.</strong></span> <span class='ocrx_word' id='word_1_6' title='bbox 2068 361 2454 416; x_wconf 67' lang='lat' dir='ltr'><strong>emitum.</strong></span> <span class='ocrx_word' id='word_1_7' title='bbox 2787 348 2975 418; x_wconf 75' lang='lat' dir='ltr'><strong>mo.</strong></span> <span class='ocrx_word' id='word_1_8' title='bbox 3027 349 3120 417; x_wconf 70' lang='lat'><strong>20</strong></span> 
     </span>
    </p>
   </div>
   <div class='ocr_carea' id='block_1_2' title="bbox 561 449 3158 4545">
    <p class='ocr_par' dir='ltr' id='par_1_2' title="bbox 564 449 3123 904">
     <span class='ocr_line' id='line_1_2' title="bbox 564 449 3123 539; baseline -0.002 -12"><span class='ocrx_word' id='word_1_9' title='bbox 564 456 902 536; x_wconf 86' lang='lat' dir='ltr'><strong>nationes,</strong></span> <span class='ocrx_word' id='word_1_10' title='bbox 945 454 1019 524; x_wconf 90' lang='lat' dir='ltr'><strong>in</strong></span> <span class='ocrx_word' id='word_1_11' title='bbox 1112 452 1321 522; x_wconf 91' lang='lat' dir='ltr'><strong>uibus</strong></span> <span class='ocrx_word' id='word_1_12' title='bbox 1358 449 1695 522; x_wconf 89' lang='lat' dir='ltr'><strong>naturalis</strong></span> <span class='ocrx_word' id='word_1_13' title='bbox 1740 449 1974 521; x_wconf 85' lang='lat' dir='ltr'><strong>feritas</strong></span> <span class='ocrx_word' id='word_1_14' title='bbox 2007 463 2325 522; x_wconf 86' lang='lat' dir='ltr'><strong>naturam</strong></span> <span class='ocrx_word' id='word_1_15' title='bbox 2356 450 2875 539; x_wconf 89' lang='lat' dir='ltr'><strong>quodammodo</strong></span> <span class='ocrx_word' id='word_1_16' title='bbox 2922 453 3123 525; x_wconf 85' lang='lat' dir='ltr'><strong>exuit</strong></span> 
     </span>
     <span class='ocr_line' id='line_1_3' title="bbox 565 539 3115 635; baseline -0.002 -19"><span class='ocrx_word' id='word_1_17' title='bbox 565 546 974 624; x_wconf 85' lang='lat' dir='ltr'><strong>humanam,</strong></span> <span class='ocrx_word' id='word_1_18' title='bbox 1007 564 1079 612; x_wconf 89' lang='lat' dir='ltr'><strong>re</strong></span> <span class='ocrx_word' id='word_1_19' title='bbox 1110 541 1247 635; x_wconf 83' lang='lat' dir='ltr'><strong>igio</strong></span> <span class='ocrx_word' id='word_1_20' title='bbox 1295 542 1463 612; x_wconf 84' lang='lat' dir='ltr'><strong>haec</strong></span> <span class='ocrx_word' id='word_1_21' title='bbox 1494 539 1798 632; x_wconf 84' lang='lat' dir='ltr'><strong>profecta</strong></span> <span class='ocrx_word' id='word_1_22' title='bbox 1841 552 1966 622; x_wconf 90' lang='lat' dir='ltr'><strong>est,</strong></span> <span class='ocrx_word' id='word_1_23' title='bbox 2019 540 2140 610; x_wconf 91' lang='lat' dir='ltr'><strong>ubi</strong></span> <span class='ocrx_word' id='word_1_24' title='bbox 2181 561 2305 631; x_wconf 91' lang='lat' dir='ltr'><strong>per</strong></span> <span class='ocrx_word' id='word_1_25' title='bbox 2349 562 2499 611; x_wconf 91' lang='lat' dir='ltr'><strong>eam</strong></span> <span class='ocrx_word' id='word_1_26' title='bbox 2535 541 2791 612; x_wconf 89' lang='lat' dir='ltr'><strong>bestiae</strong></span> <span class='ocrx_word' id='word_1_27' title='bbox 2837 540 3115 632; x_wconf 79' lang='lat' dir='ltr'><strong>sylvae,</strong></span> 
     </span>
     <span class='ocr_line' id='line_1_4' title="bbox 565 628 3123 712; baseline -0.002 -6"><span class='ocrx_word' id='word_1_28' title='bbox 565 634 887 706; x_wconf 92' lang='lat' dir='ltr'><strong>homines</strong></span> <span class='ocrx_word' id='word_1_29' title='bbox 933 632 1134 702; x_wconf 81' lang='lat' dir='ltr'><strong>fiunt:</strong></span> <span class='ocrx_word' id='word_1_30' title='bbox 1193 641 1260 700; x_wconf 92' lang='lat' dir='ltr'><strong>et</strong></span> <span class='ocrx_word' id='word_1_31' title='bbox 1313 651 1475 701; x_wconf 85' lang='lat' dir='ltr'><strong>cum</strong></span> <span class='ocrx_word' id='word_1_32' title='bbox 1528 628 1934 700; x_wconf 89' lang='lat' dir='ltr'><strong>hominibus</strong></span> <span class='ocrx_word' id='word_1_33' title='bbox 1979 643 2294 700; x_wconf 79' lang='lat' dir='ltr'><strong>assuetae</strong></span> <span class='ocrx_word' id='word_1_34' title='bbox 2342 631 2779 712; x_wconf 87' lang='lat' dir='ltr'><strong>conversari,</strong></span> <span class='ocrx_word' id='word_1_35' title='bbox 2834 631 3123 702; x_wconf 83' lang='lat' dir='ltr'><strong>discunt</strong></span> 
     </span>
     <span class='ocr_line' id='line_1_5' title="bbox 566 718 3120 811; baseline -0.001 -18"><span class='ocrx_word' id='word_1_36' title='bbox 566 735 845 793; x_wconf 86' lang='lat' dir='ltr'><strong>cantare</strong></span> <span class='ocrx_word' id='word_1_37' title='bbox 888 720 1172 791; x_wconf 87' lang='lat' dir='ltr'><strong>Domino</strong></span> <span class='ocrx_word' id='word_1_38' title='bbox 1211 720 1560 790; x_wconf 89' lang='lat' dir='ltr'><strong>canticum</strong></span> <span class='ocrx_word' id='word_1_39' title='bbox 1614 739 1888 789; x_wconf 85' lang='lat' dir='ltr'><strong>novum.</strong></span> <span class='ocrx_word' id='word_1_40' title='bbox 1941 722 2373 810; x_wconf 76' lang='lat' dir='ltr'><strong>Quapropter</strong></span> <span class='ocrx_word' id='word_1_41' title='bbox 2402 718 2705 810; x_wconf 77' lang='lat' dir='ltr'><strong>piscator</strong></span> <span class='ocrx_word' id='word_1_42' title='bbox 2737 721 2873 801; x_wconf 88' lang='lat' dir='ltr'><strong>Dei,</strong></span> <span class='ocrx_word' id='word_1_43' title='bbox 2916 741 3120 811; x_wconf 89' lang='lat' dir='ltr'><strong>prae—</strong></span> 
     </span>
     <span class='ocr_line' id='line_1_6' title="bbox 566 807 3123 904; baseline -0.001 -22"><span class='ocrx_word' id='word_1_44' title='bbox 566 812 866 904; x_wconf 89' lang='lat' dir='ltr'><strong>cipiente</strong></span> <span class='ocrx_word' id='word_1_45' title='bbox 912 810 1225 890; x_wconf 83' lang='lat' dir='ltr'><strong>Domine,</strong></span> <span class='ocrx_word' id='word_1_46' title='bbox 1278 830 1415 878; x_wconf 91' lang='lat' dir='ltr'><strong>non</strong></span> <span class='ocrx_word' id='word_1_47' title='bbox 1471 820 1696 878; x_wconf 91' lang='lat' dir='ltr'><strong>cessat</strong></span> <span class='ocrx_word' id='word_1_48' title='bbox 1742 807 1972 877; x_wconf 85' lang='lat' dir='ltr'><strong>laxare</strong></span> <span class='ocrx_word' id='word_1_49' title='bbox 2025 807 2194 878; x_wconf 89' lang='lat' dir='ltr'><strong>retia</strong></span> <span class='ocrx_word' id='word_1_50' title='bbox 2245 808 2315 876; x_wconf 92' lang='lat' dir='ltr'><strong>in</strong></span> <span class='ocrx_word' id='word_1_51' title='bbox 2372 821 2784 899; x_wconf 89' lang='lat' dir='ltr'><strong>capturam,</strong></span> <span class='ocrx_word' id='word_1_52' title='bbox 2835 821 2903 879; x_wconf 91' lang='lat' dir='ltr'><strong>et</strong></span> <span class='ocrx_word' id='word_1_53' title='bbox 2957 809 3123 881; x_wconf 78' lang='lat' dir='ltr'><strong>aliis</strong></span> 
     </span>
    </p>

    <p class='ocr_par' dir='ltr' id='par_1_3' title="bbox 566 895 3124 1078">
     <span class='ocr_line' id='line_1_7' title="bbox 567 895 3123 986; baseline -0.002 -14"><span class='ocrx_word' id='word_1_54' title='bbox 567 899 1012 981; x_wconf 90' lang='lat' dir='ltr'><strong>abeuntibus,</strong></span> <span class='ocrx_word' id='word_1_55' title='bbox 1065 897 1223 968; x_wconf 89' lang='lat' dir='ltr'><strong>aliis</strong></span> <span class='ocrx_word' id='word_1_56' title='bbox 1270 896 1804 968; x_wconf 88' lang='lat' dir='ltr'><strong>succedentibus</strong></span> <span class='ocrx_word' id='word_1_57' title='bbox 1852 896 1922 965; x_wconf 92' lang='lat' dir='ltr'><strong>in</strong></span> <span class='ocrx_word' id='word_1_58' title='bbox 1964 895 2192 967; x_wconf 89' lang='lat' dir='ltr'><strong>locum</strong></span> <span class='ocrx_word' id='word_1_59' title='bbox 2226 918 2492 978; x_wconf 89' lang='lat' dir='ltr'><strong>eorum,</strong></span> <span class='ocrx_word' id='word_1_60' title='bbox 2539 920 2920 986; x_wconf 84' lang='lat' dir='ltr'><strong>numquam</strong></span> <span class='ocrx_word' id='word_1_61' title='bbox 2990 899 3123 968; x_wconf 88' lang='lat' dir='ltr'><strong>mi·</strong></span> 
     </span>
     <span class='ocr_line' id='line_1_8' title="bbox 566 985 3124 1078; baseline -0.001 -18"><span class='ocrx_word' id='word_1_62' title='bbox 566 990 811 1060; x_wconf 89' lang='lat' dir='ltr'><strong>nuitur</strong></span> <span class='ocrx_word' id='word_1_63' title='bbox 838 1000 1116 1059; x_wconf 86' lang='lat' dir='ltr'><strong>sanctae</strong></span> <span class='ocrx_word' id='word_1_64' title='bbox 1154 986 1347 1057; x_wconf 87' lang='lat' dir='ltr'><strong>illius</strong></span> <span class='ocrx_word' id='word_1_65' title='bbox 1399 985 1955 1078; x_wconf 82' lang='lat' dir='ltr'><strong>congregationis</strong></span> <span class='ocrx_word' id='word_1_66' title='bbox 2013 985 2396 1076; x_wconf 79' lang='lat' dir='ltr'><strong>plenitudo,</strong></span> <span class='ocrx_word' id='word_1_67' title='bbox 2449 991 2589 1056; x_wconf 86' lang='lat' dir='ltr'><strong>Hoc</strong></span> <span class='ocrx_word' id='word_1_68' title='bbox 2637 1009 2858 1075; x_wconf 89' lang='lat' dir='ltr'><strong>usque</strong></span> <span class='ocrx_word' id='word_1_69' title='bbox 2924 1008 3124 1058; x_wconf 88' lang='lat' dir='ltr'><strong>nunc</strong></span> 
     </span>
    </p>

    <p class='ocr_par' dir='ltr' id='par_1_4' title="bbox 561 1074 3158 2940">
     <span class='ocr_line' id='line_1_9' title="bbox 651 1074 3115 1167; baseline -0.001 -19"><span class='ocrx_word' id='word_1_70' title='bbox 651 1090 879 1159; x_wconf 91' lang='lat' dir='ltr'><strong>erunt,</strong></span> <span class='ocrx_word' id='word_1_71' title='bbox 923 1089 989 1147; x_wconf 92' lang='lat' dir='ltr'><strong>et</strong></span> <span class='ocrx_word' id='word_1_72' title='bbox 1034 1075 1343 1165; x_wconf 90' lang='lat' dir='ltr'><strong>quotidie</strong></span> <span class='ocrx_word' id='word_1_73' title='bbox 1403 1088 1619 1167; x_wconf 82' lang='lat' dir='ltr'><strong>agunt</strong></span> <span class='ocrx_word' id='word_1_74' title='bbox 1669 1075 1884 1144; x_wconf 89' lang='lat' dir='ltr'><strong>mirae</strong></span> <span class='ocrx_word' id='word_1_75' title='bbox 1930 1074 2083 1164; x_wconf 87' lang='lat' dir='ltr'><strong>ejus</strong></span> <span class='ocrx_word' id='word_1_76' title='bbox 2147 1088 2499 1165; x_wconf 89' lang='lat' dir='ltr'><strong>capturae,</strong></span> <span class='ocrx_word' id='word_1_77' title='bbox 2545 1076 3069 1146; x_wconf 85' lang='lat' dir='ltr'><strong>Catalaunensis</strong></span> <span class='ocrx_word' id='word_1_78' title='bbox 3097 1132 3115 1152; x_wconf 88' lang='lat'><strong>.</strong></span> 
     </span>
     <span class='ocr_line' id='line_1_10' title="bbox 566 1163 3122 1255; baseline -0.001 -18"><span class='ocrx_word' id='word_1_79' title='bbox 566 1173 622 1238; x_wconf 87' lang='lat' dir='ltr'>R</span> <span class='ocrx_word' id='word_1_80' title='bbox 677 1165 1003 1246; x_wconf 89' lang='lat' dir='ltr'><strong>emensis,</strong></span> <span class='ocrx_word' id='word_1_81' title='bbox 1058 1164 1508 1248; x_wconf 86' lang='lat' dir='ltr'><strong>Parisiensis,</strong></span> <span class='ocrx_word' id='word_1_82' title='bbox 1563 1164 2148 1255; x_wconf 69' lang='lat' dir='ltr'><strong>moguntinensis.</strong></span> <span class='ocrx_word' id='word_1_83' title='bbox 2202 1163 2637 1246; x_wconf 89' lang='lat' dir='ltr'><strong>Leodiensis,</strong></span> <span class='ocrx_word' id='word_1_84' title='bbox 2704 1178 2772 1235; x_wconf 89' lang='lat' dir='ltr'><strong>et</strong></span> <span class='ocrx_word' id='word_1_85' title='bbox 2817 1165 3122 1236; x_wconf 78' lang='lat' dir='ltr'><strong>aliarum</strong></span> 
     </span>
     <span class='ocr_line' id='line_1_11' title="bbox 566 1252 3118 1341; baseline -0.001 -15"><span class='ocrx_word' id='word_1_86' title='bbox 566 1254 1065 1326; x_wconf 89' lang='lat' dir='ltr'><strong>nonnullarum</strong></span> <span class='ocrx_word' id='word_1_87' title='bbox 1124 1254 1529 1324; x_wconf 88' lang='lat' dir='ltr'><strong>civitatum:</strong></span> <span class='ocrx_word' id='word_1_88' title='bbox 1585 1252 1947 1322; x_wconf 82' lang='lat' dir='ltr'><strong>Flandriae</strong></span> <span class='ocrx_word' id='word_1_89' title='bbox 1993 1274 2309 1341; x_wconf 84' lang='lat' dir='ltr'><strong>quoque.</strong></span> <span class='ocrx_word' id='word_1_90' title='bbox 2363 1254 2791 1336; x_wconf 78' lang='lat' dir='ltr'><strong>Germaniae,</strong></span> <span class='ocrx_word' id='word_1_91' title='bbox 2849 1254 3118 1334; x_wconf 89' lang='lat' dir='ltr'><strong>Italiae,</strong></span> 
     </span>
     <span class='ocr_line' id='line_1_12' title="bbox 566 1342 3123 1434; baseline -0 -20"><span class='ocrx_word' id='word_1_92' title='bbox 566 1344 993 1433; x_wconf 78' lang='lat' dir='ltr'><strong>Aquitaniae,</strong></span> <span class='ocrx_word' id='word_1_93' title='bbox 1044 1355 1109 1413; x_wconf 92' lang='lat' dir='ltr'><strong>et</strong></span> <span class='ocrx_word' id='word_1_94' title='bbox 1140 1343 1434 1413; x_wconf 89' lang='lat' dir='ltr'><strong>aliarum</strong></span> <span class='ocrx_word' id='word_1_95' title='bbox 1472 1342 1859 1434; x_wconf 83' lang='lat' dir='ltr'><strong>regionum,</strong></span> <span class='ocrx_word' id='word_1_96' title='bbox 1896 1363 2376 1431; x_wconf 90' lang='lat' dir='ltr'><strong>quascumque</strong></span> <span class='ocrx_word' id='word_1_97' title='bbox 2405 1364 2846 1432; x_wconf 90' lang='lat' dir='ltr'><strong>quacumque</strong></span> <span class='ocrx_word' id='word_1_98' title='bbox 2881 1364 3123 1413; x_wconf 89' lang='lat' dir='ltr'><strong>neces·</strong></span> 
     </span>
     <span class='ocr_line' id='line_1_13' title="bbox 567 1430 3119 1525; baseline -0.002 -19"><span class='ocrx_word' id='word_1_99' title='bbox 567 1434 764 1506; x_wconf 89' lang='lat' dir='ltr'><strong>sitate</strong></span> <span class='ocrx_word' id='word_1_100' title='bbox 791 1432 1079 1525; x_wconf 83' lang='lat' dir='ltr'><strong>contigit</strong></span> <span class='ocrx_word' id='word_1_101' title='bbox 1126 1430 1525 1520; x_wconf 88' lang='lat' dir='ltr'><strong>aliquando,</strong></span> <span class='ocrx_word' id='word_1_102' title='bbox 1565 1452 1691 1501; x_wconf 91' lang='lat' dir='ltr'><strong>seu</strong></span> <span class='ocrx_word' id='word_1_103' title='bbox 1722 1430 1952 1501; x_wconf 91' lang='lat' dir='ltr'><strong>adhuc</strong></span> <span class='ocrx_word' id='word_1_104' title='bbox 1985 1452 2205 1519; x_wconf 89' lang='lat' dir='ltr'><strong>usque</strong></span> <span class='ocrx_word' id='word_1_105' title='bbox 2255 1431 2459 1502; x_wconf 88' lang='lat' dir='ltr'><strong>hodie</strong></span> <span class='ocrx_word' id='word_1_106' title='bbox 2502 1433 2843 1523; x_wconf 82' lang='lat' dir='ltr'><strong>contingit</strong></span> <span class='ocrx_word' id='word_1_107' title='bbox 2888 1434 3119 1502; x_wconf 81' lang='lat' dir='ltr'><strong>virum</strong></span> 
     </span>
     <span class='ocr_line' id='line_1_14' title="bbox 568 1519 3123 1612; baseline 0 -19"><span class='ocrx_word' id='word_1_108' title='bbox 568 1523 684 1593; x_wconf 90' lang='lat' dir='ltr'><strong>Dei</strong></span> <span class='ocrx_word' id='word_1_109' title='bbox 733 1522 1032 1593; x_wconf 86' lang='lat' dir='ltr'><strong>visitare.</strong></span> <span class='ocrx_word' id='word_1_110' title='bbox 1084 1525 1500 1612; x_wconf 78' lang='lat' dir='ltr'><strong>cooperante</strong></span> <span class='ocrx_word' id='word_1_111' title='bbox 1569 1519 1911 1608; x_wconf 85' lang='lat' dir='ltr'><strong>siquidem</strong></span> <span class='ocrx_word' id='word_1_112' title='bbox 1980 1521 2200 1611; x_wconf 76' lang='lat' dir='ltr'><strong>gratia</strong></span> <span class='ocrx_word' id='word_1_113' title='bbox 2263 1521 2562 1611; x_wconf 73' lang='lat' dir='ltr'><strong>Spiritus</strong></span> <span class='ocrx_word' id='word_1_114' title='bbox 2609 1523 2863 1603; x_wconf 79' lang='lat' dir='ltr'><strong>Sancti,</strong></span> <span class='ocrx_word' id='word_1_115' title='bbox 2941 1543 3123 1610; x_wconf 88' lang='lat' dir='ltr'><strong>quo—</strong></span> 
     </span>
     <span class='ocr_line' id='line_1_15' title="bbox 567 1609 3129 1702; baseline -0.001 -20"><span class='ocrx_word' id='word_1_116' title='bbox 567 1633 871 1700; x_wconf 89' lang='lat' dir='ltr'><strong>cumque</strong></span> <span class='ocrx_word' id='word_1_117' title='bbox 917 1610 1126 1691; x_wconf 89' lang='lat' dir='ltr'><strong>vadit,</strong></span> <span class='ocrx_word' id='word_1_118' title='bbox 1188 1609 1462 1702; x_wconf 88' lang='lat' dir='ltr'><strong>plenius</strong></span> <span class='ocrx_word' id='word_1_119' title='bbox 1509 1609 1730 1691; x_wconf 90' lang='lat' dir='ltr'><strong>redit,</strong></span> <span class='ocrx_word' id='word_1_120' title='bbox 1782 1622 1850 1679; x_wconf 90' lang='lat' dir='ltr'><strong>et</strong></span> <span class='ocrx_word' id='word_1_121' title='bbox 1898 1630 2024 1678; x_wconf 90' lang='lat' dir='ltr'><strong>sua</strong></span> <span class='ocrx_word' id='word_1_122' title='bbox 2070 1631 2233 1680; x_wconf 90' lang='lat' dir='ltr'><strong>eum</strong></span> <span class='ocrx_word' id='word_1_123' title='bbox 2282 1610 2639 1701; x_wconf 85' lang='lat' dir='ltr'><strong>plenitudo</strong></span> <span class='ocrx_word' id='word_1_124' title='bbox 2687 1610 2944 1699; x_wconf 88' lang='lat' dir='ltr'><strong>ubique</strong></span> <span class='ocrx_word' id='word_1_125' title='bbox 3006 1632 3129 1680; x_wconf 87' lang='lat' dir='ltr'><strong>co·</strong></span> 
     </span>
     <span class='ocr_line' id='line_1_16' title="bbox 566 1699 3128 1788; baseline -0.001 -17"><span class='ocrx_word' id='word_1_126' title='bbox 566 1700 875 1771; x_wconf 89' lang='lat' dir='ltr'><strong>mitatur.</strong></span> <span class='ocrx_word' id='word_1_127' title='bbox 915 1705 1047 1770; x_wconf 86' lang='lat' dir='ltr'><strong>Nec</strong></span> <span class='ocrx_word' id='word_1_128' title='bbox 1078 1699 1364 1769; x_wconf 86' lang='lat' dir='ltr'><strong>dimittit</strong></span> <span class='ocrx_word' id='word_1_129' title='bbox 1394 1720 1583 1781; x_wconf 93' lang='lat' dir='ltr'><strong>suos,</strong></span> <span class='ocrx_word' id='word_1_130' title='bbox 1633 1720 1811 1787; x_wconf 91' lang='lat' dir='ltr'><strong>quos</strong></span> <span class='ocrx_word' id='word_1_131' title='bbox 1839 1720 1878 1768; x_wconf 89' lang='lat' dir='ltr'><strong>a</strong></span> <span class='ocrx_word' id='word_1_132' title='bbox 1929 1719 2003 1767; x_wconf 92' lang='lat' dir='ltr'><strong>se</strong></span> <span class='ocrx_word' id='word_1_133' title='bbox 2049 1699 2473 1778; x_wconf 78' lang='lat' dir='ltr'><strong>transmittit,</strong></span> <span class='ocrx_word' id='word_1_134' title='bbox 2519 1699 2635 1770; x_wconf 91' lang='lat' dir='ltr'><strong>sed</strong></span> <span class='ocrx_word' id='word_1_135' title='bbox 2685 1700 3128 1788; x_wconf 82' lang='lat' dir='ltr'><strong>ubicumque</strong></span> 
     </span>
     <span class='ocr_line' id='line_1_17' title="bbox 566 1786 3117 1880; baseline -0.001 -20"><span class='ocrx_word' id='word_1_136' title='bbox 566 1801 751 1872; x_wconf 89' lang='lat' dir='ltr'><strong>sunt,</strong></span> <span class='ocrx_word' id='word_1_137' title='bbox 789 1802 855 1860; x_wconf 90' lang='lat' dir='ltr'><strong>et</strong></span> <span class='ocrx_word' id='word_1_138' title='bbox 901 1789 1050 1880; x_wconf 88' lang='lat' dir='ltr'><strong>ipse</strong></span> <span class='ocrx_word' id='word_1_139' title='bbox 1081 1809 1357 1878; x_wconf 80' lang='lat' dir='ltr'><strong>semper</strong></span> <span class='ocrx_word' id='word_1_140' title='bbox 1389 1802 1673 1877; x_wconf 88' lang='lat' dir='ltr'><strong>paterna</strong></span> <span class='ocrx_word' id='word_1_141' title='bbox 1700 1786 2141 1858; x_wconf 88' lang='lat' dir='ltr'><strong>solicitudine</strong></span> <span class='ocrx_word' id='word_1_142' title='bbox 2178 1809 2336 1857; x_wconf 89' lang='lat' dir='ltr'><strong>cum</strong></span> <span class='ocrx_word' id='word_1_143' title='bbox 2371 1789 2474 1859; x_wconf 94' lang='lat' dir='ltr'><strong>eis</strong></span> <span class='ocrx_word' id='word_1_144' title='bbox 2501 1801 2629 1859; x_wconf 89' lang='lat' dir='ltr'><strong>est.</strong></span> <span class='ocrx_word' id='word_1_145' title='bbox 2683 1793 2762 1859; x_wconf 90' lang='lat' dir='ltr'><strong>Et</strong></span> <span class='ocrx_word' id='word_1_146' title='bbox 2794 1789 2975 1861; x_wconf 88' lang='lat' dir='ltr'><strong>sicut</strong></span> <span class='ocrx_word' id='word_1_147' title='bbox 3026 1788 3117 1858; x_wconf 87' lang='lat' dir='ltr'><strong>ad</strong></span> 
     </span>
     <span class='ocr_line' id='line_1_18' title="bbox 569 1877 3125 1970; baseline -0 -22"><span class='ocrx_word' id='word_1_148' title='bbox 569 1879 826 1957; x_wconf 90' lang='lat' dir='ltr'><strong>locum,</strong></span> <span class='ocrx_word' id='word_1_149' title='bbox 870 1877 1056 1949; x_wconf 91' lang='lat' dir='ltr'><strong>unde</strong></span> <span class='ocrx_word' id='word_1_150' title='bbox 1088 1890 1357 1959; x_wconf 86' lang='lat' dir='ltr'><strong>exeunt,</strong></span> <span class='ocrx_word' id='word_1_151' title='bbox 1396 1877 1691 1947; x_wconf 83' lang='lat' dir='ltr'><strong>flumina</strong></span> <span class='ocrx_word' id='word_1_152' title='bbox 1739 1889 2212 1947; x_wconf 87' lang='lat' dir='ltr'><strong>revertuntur:</strong></span> <span class='ocrx_word' id='word_1_153' title='bbox 2268 1877 2368 1947; x_wconf 89' lang='lat' dir='ltr'><strong>sic</strong></span> <span class='ocrx_word' id='word_1_154' title='bbox 2416 1877 2500 1947; x_wconf 94' lang='lat' dir='ltr'><strong>ad</strong></span> <span class='ocrx_word' id='word_1_155' title='bbox 2545 1877 2774 1970; x_wconf 89' lang='lat' dir='ltr'><strong>ipsum</strong></span> <span class='ocrx_word' id='word_1_156' title='bbox 2807 1877 3125 1966; x_wconf 84' lang='lat' dir='ltr'><strong>quotidie</strong></span> 
     </span>
     <span class='ocr_line' id='line_1_19' title="bbox 567 1965 3125 2056; baseline -0.001 -19"><span class='ocrx_word' id='word_1_157' title='bbox 567 1989 690 2038; x_wconf 91' lang='lat' dir='ltr'><strong>seu</strong></span> <span class='ocrx_word' id='word_1_158' title='bbox 729 1966 929 2047; x_wconf 90' lang='lat' dir='ltr'><strong>laeta,</strong></span> <span class='ocrx_word' id='word_1_159' title='bbox 975 1987 1097 2036; x_wconf 90' lang='lat' dir='ltr'><strong>seu</strong></span> <span class='ocrx_word' id='word_1_160' title='bbox 1148 1967 1366 2036; x_wconf 88' lang='lat' dir='ltr'><strong>tristia</strong></span> <span class='ocrx_word' id='word_1_161' title='bbox 1402 1965 1709 2036; x_wconf 88' lang='lat' dir='ltr'><strong>filiorum</strong></span> <span class='ocrx_word' id='word_1_162' title='bbox 1733 1985 2046 2035; x_wconf 90' lang='lat' dir='ltr'><strong>suorum.</strong></span> <span class='ocrx_word' id='word_1_163' title='bbox 2079 1969 2292 2056; x_wconf 89' lang='lat' dir='ltr'><strong>Saepe</strong></span> <span class='ocrx_word' id='word_1_164' title='bbox 2337 1966 2544 2035; x_wconf 89' lang='lat' dir='ltr'><strong>etiam</strong></span> <span class='ocrx_word' id='word_1_165' title='bbox 2587 1968 2737 2036; x_wconf 87' lang='lat' dir='ltr'><strong>sine</strong></span> <span class='ocrx_word' id='word_1_166' title='bbox 2765 1967 2959 2036; x_wconf 91' lang='lat' dir='ltr'><strong>omni</strong></span> <span class='ocrx_word' id='word_1_167' title='bbox 3015 1988 3125 2035; x_wconf 88' lang='lat' dir='ltr'><strong>re·</strong></span> 
     </span>
     <span class='ocr_line' id='line_1_20' title="bbox 572 2054 3124 2147; baseline 0.001 -23"><span class='ocrx_word' id='word_1_168' title='bbox 572 2055 830 2125; x_wconf 88' lang='lat' dir='ltr'><strong>latione</strong></span> <span class='ocrx_word' id='word_1_169' title='bbox 859 2055 1094 2126; x_wconf 85' lang='lat' dir='ltr'><strong>carnis</strong></span> <span class='ocrx_word' id='word_1_170' title='bbox 1138 2068 1204 2125; x_wconf 90' lang='lat' dir='ltr'><strong>et</strong></span> <span class='ocrx_word' id='word_1_171' title='bbox 1259 2055 1661 2147; x_wconf 84' lang='lat' dir='ltr'><strong>sanguinis,</strong></span> <span class='ocrx_word' id='word_1_172' title='bbox 1728 2065 2049 2144; x_wconf 88' lang='lat' dir='ltr'><strong>paternae</strong></span> <span class='ocrx_word' id='word_1_173' title='bbox 2095 2054 2250 2143; x_wconf 77' lang='lat' dir='ltr'><strong>eJus</strong></span> <span class='ocrx_word' id='word_1_174' title='bbox 2296 2054 2722 2125; x_wconf 87' lang='lat' dir='ltr'><strong>solicitudini</strong></span> <span class='ocrx_word' id='word_1_175' title='bbox 2783 2054 3124 2126; x_wconf 80' lang='lat' dir='ltr'><strong>divinitus</strong></span> 
     </span>
     <span class='ocr_line' id='line_1_21' title="bbox 568 2141 3120 2236; baseline -0.001 -22"><span class='ocrx_word' id='word_1_176' title='bbox 568 2145 961 2226; x_wconf 81' lang='lat' dir='ltr'><strong>innotescit,</strong></span> <span class='ocrx_word' id='word_1_177' title='bbox 1011 2143 1177 2232; x_wconf 91' lang='lat' dir='ltr'><strong>quid</strong></span> <span class='ocrx_word' id='word_1_178' title='bbox 1230 2144 1413 2214; x_wconf 90' lang='lat' dir='ltr'><strong>circa</strong></span> <span class='ocrx_word' id='word_1_179' title='bbox 1461 2144 1735 2232; x_wconf 90' lang='lat' dir='ltr'><strong>aliquos</strong></span> <span class='ocrx_word' id='word_1_180' title='bbox 1777 2164 2014 2214; x_wconf 90' lang='lat' dir='ltr'><strong>eorum</strong></span> <span class='ocrx_word' id='word_1_181' title='bbox 2053 2141 2255 2234; x_wconf 85' lang='lat' dir='ltr'><strong>longe</strong></span> <span class='ocrx_word' id='word_1_182' title='bbox 2287 2165 2326 2212; x_wconf 91' lang='lat' dir='ltr'><strong>a</strong></span> <span class='ocrx_word' id='word_1_183' title='bbox 2360 2165 2434 2214; x_wconf 94' lang='lat' dir='ltr'><strong>se</strong></span> <span class='ocrx_word' id='word_1_184' title='bbox 2471 2143 2807 2214; x_wconf 90' lang='lat' dir='ltr'><strong>distantes</strong></span> <span class='ocrx_word' id='word_1_185' title='bbox 2845 2155 3120 2236; x_wconf 84' lang='lat' dir='ltr'><strong>agatur:</strong></span> 
     </span>
     <span class='ocr_line' id='line_1_22' title="bbox 568 2231 3158 2325; baseline -0.002 -20"><span class='ocrx_word' id='word_1_186' title='bbox 568 2234 627 2305; x_wconf 91' lang='lat' dir='ltr'><strong>si</strong></span> <span class='ocrx_word' id='word_1_187' title='bbox 677 2232 842 2322; x_wconf 92' lang='lat' dir='ltr'><strong>quid</strong></span> <span class='ocrx_word' id='word_1_188' title='bbox 893 2233 994 2305; x_wconf 92' lang='lat' dir='ltr'><strong>eis</strong></span> <span class='ocrx_word' id='word_1_189' title='bbox 1041 2233 1573 2325; x_wconf 88' lang='lat' dir='ltr'><strong>providendum,</strong></span> <span class='ocrx_word' id='word_1_190' title='bbox 1628 2232 1685 2302; x_wconf 93' lang='lat' dir='ltr'><strong>si</strong></span> <span class='ocrx_word' id='word_1_191' title='bbox 1723 2231 1891 2319; x_wconf 89' lang='lat' dir='ltr'><strong>quid</strong></span> <span class='ocrx_word' id='word_1_192' title='bbox 1947 2232 2014 2300; x_wconf 91' lang='lat' dir='ltr'><strong>in</strong></span> <span class='ocrx_word' id='word_1_193' title='bbox 2064 2233 2165 2302; x_wconf 92' lang='lat' dir='ltr'><strong>eis</strong></span> <span class='ocrx_word' id='word_1_194' title='bbox 2211 2232 2724 2302; x_wconf 88' lang='lat' dir='ltr'><strong>emendandum</strong></span> <span class='ocrx_word' id='word_1_195' title='bbox 2785 2233 2913 2302; x_wconf 90' lang='lat' dir='ltr'><strong>sit:</strong></span> <span class='ocrx_word' id='word_1_196' title='bbox 2969 2246 3158 2302; x_wconf 81' lang='lat' dir='ltr'><strong>ten--</strong></span> 
     </span>
     <span class='ocr_line' id='line_1_23' title="bbox 568 2321 3125 2410; baseline 0 -18"><span class='ocrx_word' id='word_1_197' title='bbox 568 2323 857 2393; x_wconf 89' lang='lat' dir='ltr'><strong>tationes</strong></span> <span class='ocrx_word' id='word_1_198' title='bbox 905 2333 970 2392; x_wconf 91' lang='lat' dir='ltr'><strong>et</strong></span> <span class='ocrx_word' id='word_1_199' title='bbox 1014 2343 1335 2394; x_wconf 79' lang='lat' dir='ltr'><strong>excessus</strong></span> <span class='ocrx_word' id='word_1_200' title='bbox 1366 2343 1635 2401; x_wconf 91' lang='lat' dir='ltr'><strong>eorum,</strong></span> <span class='ocrx_word' id='word_1_201' title='bbox 1681 2321 2118 2392; x_wconf 88' lang='lat' dir='ltr'><strong>infirmitates</strong></span> <span class='ocrx_word' id='word_1_202' title='bbox 2149 2333 2214 2391; x_wconf 93' lang='lat' dir='ltr'><strong>et</strong></span> <span class='ocrx_word' id='word_1_203' title='bbox 2244 2322 2499 2403; x_wconf 91' lang='lat' dir='ltr'><strong>obitus,</strong></span> <span class='ocrx_word' id='word_1_204' title='bbox 2534 2334 2600 2392; x_wconf 91' lang='lat' dir='ltr'><strong>et</strong></span> <span class='ocrx_word' id='word_1_205' title='bbox 2646 2321 3125 2410; x_wconf 86' lang='lat' dir='ltr'><strong>quarumlibet</strong></span> 
     </span>
     <span class='ocr_line' id='line_1_24' title="bbox 564 2409 3130 2502; baseline -0.001 -22"><span class='ocrx_word' id='word_1_206' title='bbox 564 2410 984 2482; x_wconf 88' lang='lat' dir='ltr'><strong>secularium</strong></span> <span class='ocrx_word' id='word_1_207' title='bbox 1036 2411 1561 2482; x_wconf 89' lang='lat' dir='ltr'><strong>tribulationum</strong></span> <span class='ocrx_word' id='word_1_208' title='bbox 1612 2411 1968 2479; x_wconf 88' lang='lat' dir='ltr'><strong>incursus.</strong></span> <span class='ocrx_word' id='word_1_209' title='bbox 2006 2414 2171 2479; x_wconf 85' lang='lat' dir='ltr'><strong>Nam</strong></span> <span class='ocrx_word' id='word_1_210' title='bbox 2232 2422 2298 2480; x_wconf 93' lang='lat' dir='ltr'><strong>et</strong></span> <span class='ocrx_word' id='word_1_211' title='bbox 2346 2432 2470 2502; x_wconf 90' lang='lat' dir='ltr'><strong>pro</strong></span> <span class='ocrx_word' id='word_1_212' title='bbox 2540 2411 2929 2481; x_wconf 90' lang='lat' dir='ltr'><strong>absentium</strong></span> <span class='ocrx_word' id='word_1_213' title='bbox 2982 2409 3130 2479; x_wconf 76' lang='lat' dir='ltr'><strong>fra-</strong></span> 
     </span>
     <span class='ocr_line' id='line_1_25' title="bbox 565 2497 3128 2601; baseline -0.001 -29"><span class='ocrx_word' id='word_1_214' title='bbox 565 2514 750 2573; x_wconf 89' lang='lat' dir='ltr'><strong>trum</strong></span> <span class='ocrx_word' id='word_1_215' title='bbox 800 2500 1006 2572; x_wconf 88' lang='lat' dir='ltr'><strong>certis</strong></span> <span class='ocrx_word' id='word_1_216' title='bbox 1055 2500 1578 2573; x_wconf 85' lang='lat' dir='ltr'><strong>necessitatibus</strong></span> <span class='ocrx_word' id='word_1_217' title='bbox 1627 2497 2107 2590; x_wconf 87' lang='lat' dir='ltr'><strong>praesentibus</strong></span> <span class='ocrx_word' id='word_1_218' title='bbox 2151 2499 2335 2570; x_wconf 91' lang='lat' dir='ltr'><strong>circa</strong></span> <span class='ocrx_word' id='word_1_219' title='bbox 2398 2522 2471 2570; x_wconf 90' lang='lat' dir='ltr'><strong>se</strong></span> <span class='ocrx_word' id='word_1_220' title='bbox 2517 2500 2850 2572; x_wconf 86' lang='lat' dir='ltr'><strong>fratribus</strong></span> <span class='ocrx_word' id='word_1_221' title='bbox 2910 2521 3128 2601; x_wconf 86' lang='lat' dir='ltr'><strong>saepe</strong></span> 
     </span>
     <span class='ocr_line' id='line_1_26' title="bbox 562 2588 3118 2677; baseline -0.001 -17"><span class='ocrx_word' id='word_1_222' title='bbox 562 2591 939 2661; x_wconf 88' lang='lat' dir='ltr'><strong>orationem</strong></span> <span class='ocrx_word' id='word_1_223' title='bbox 977 2589 1267 2659; x_wconf 81' lang='lat' dir='ltr'><strong>indicit:</strong></span> <span class='ocrx_word' id='word_1_224' title='bbox 1322 2610 1852 2677; x_wconf 89' lang='lat' dir='ltr'><strong>nonnumquam</strong></span> <span class='ocrx_word' id='word_1_225' title='bbox 1891 2588 2094 2657; x_wconf 90' lang='lat' dir='ltr'><strong>etiam</strong></span> <span class='ocrx_word' id='word_1_226' title='bbox 2149 2589 2518 2660; x_wconf 88' lang='lat' dir='ltr'><strong>morientes</strong></span> <span class='ocrx_word' id='word_1_227' title='bbox 2574 2590 2644 2658; x_wconf 90' lang='lat' dir='ltr'><strong>in</strong></span> <span class='ocrx_word' id='word_1_228' title='bbox 2694 2590 2853 2660; x_wconf 89' lang='lat' dir='ltr'><strong>aliis</strong></span> <span class='ocrx_word' id='word_1_229' title='bbox 2911 2589 3118 2670; x_wconf 80' lang='lat' dir='ltr'><strong>locis,</strong></span> 
     </span>
     <span class='ocr_line' id='line_1_27' title="bbox 563 2677 3129 2771; baseline 0 -22"><span class='ocrx_word' id='word_1_230' title='bbox 563 2679 649 2749; x_wconf 89' lang='lat' dir='ltr'><strong>ad</strong></span> <span class='ocrx_word' id='word_1_231' title='bbox 693 2680 924 2771; x_wconf 91' lang='lat' dir='ltr'><strong>ipsum</strong></span> <span class='ocrx_word' id='word_1_232' title='bbox 976 2701 1100 2770; x_wconf 89' lang='lat' dir='ltr'><strong>per</strong></span> <span class='ocrx_word' id='word_1_233' title='bbox 1145 2679 1476 2751; x_wconf 86' lang='lat' dir='ltr'><strong>visionem</strong></span> <span class='ocrx_word' id='word_1_234' title='bbox 1510 2677 1886 2749; x_wconf 89' lang='lat' dir='ltr'><strong>accessisse</strong></span> <span class='ocrx_word' id='word_1_235' title='bbox 1921 2689 2327 2759; x_wconf 90' lang='lat' dir='ltr'><strong>noscuntur,</strong></span> <span class='ocrx_word' id='word_1_236' title='bbox 2384 2678 2930 2749; x_wconf 84' lang='lat' dir='ltr'><strong>benedictionem</strong></span> <span class='ocrx_word' id='word_1_237' title='bbox 2959 2679 3129 2767; x_wconf 70' lang='lat' dir='ltr'><strong>ejus</strong></span> 
     </span>
     <span class='ocr_line' id='line_1_28' title="bbox 561 2767 3125 2871; baseline -0.001 -32"><span class='ocrx_word' id='word_1_238' title='bbox 561 2783 629 2839; x_wconf 89' lang='lat' dir='ltr'><strong>et</strong></span> <span class='ocrx_word' id='word_1_239' title='bbox 674 2768 1022 2839; x_wconf 91' lang='lat' dir='ltr'><strong>licentiam</strong></span> <span class='ocrx_word' id='word_1_240' title='bbox 1062 2767 1529 2871; x_wconf 87' lang='lat' dir='ltr'><strong>postulantes:</strong></span> <span class='ocrx_word' id='word_1_241' title='bbox 1589 2768 1921 2837; x_wconf 87' lang='lat' dir='ltr'><strong>nimirum</strong></span> <span class='ocrx_word' id='word_1_242' title='bbox 1972 2778 2216 2856; x_wconf 85' lang='lat' dir='ltr'><strong>agente</strong></span> <span class='ocrx_word' id='word_1_243' title='bbox 2245 2768 2374 2837; x_wconf 90' lang='lat' dir='ltr'><strong>hoc</strong></span> <span class='ocrx_word' id='word_1_244' title='bbox 2421 2767 2810 2839; x_wconf 90' lang='lat' dir='ltr'><strong>obedientia</strong></span> <span class='ocrx_word' id='word_1_245' title='bbox 2863 2767 3125 2837; x_wconf 88' lang='lat' dir='ltr'><strong>misso-</strong></span> 
     </span>
     <span class='ocr_line' id='line_1_29' title="bbox 562 2856 1628 2940; baseline -0.003 -12"><span class='ocrx_word' id='word_1_246' title='bbox 562 2880 748 2940; x_wconf 87' lang='lat' dir='ltr'><strong>rum,</strong></span> <span class='ocrx_word' id='word_1_247' title='bbox 800 2869 867 2927; x_wconf 92' lang='lat' dir='ltr'><strong>et</strong></span> <span class='ocrx_word' id='word_1_248' title='bbox 893 2857 1226 2927; x_wconf 78' lang='lat' dir='ltr'><strong>charitate</strong></span> <span class='ocrx_word' id='word_1_249' title='bbox 1272 2856 1628 2927; x_wconf 88' lang='lat' dir='ltr'><strong>mittentis.</strong></span> 
     </span>
    </p>

    <p class='ocr_par' dir='ltr' id='par_1_5' title="bbox 562 2941 3128 3994">
     <span class='ocr_line' id='line_1_30' title="bbox 600 2941 3118 3035; baseline -0.002 -16"><span class='ocrx_word' id='word_1_250' title='bbox 600 2994 607 3001; x_wconf 84' lang='lat'><strong>·</strong></span> <span class='ocrx_word' id='word_1_251' title='bbox 650 2950 689 3035; x_wconf 61' lang='grc' dir='ltr'>ὅ</span> <span class='ocrx_word' id='word_1_252' title='bbox 735 2950 901 3019; x_wconf 68' lang='lat'><strong>88.</strong></span> <span class='ocrx_word' id='word_1_253' title='bbox 954 2950 1285 3016; x_wconf 86' lang='lat' dir='ltr'><strong>Veneram</strong></span> <span class='ocrx_word' id='word_1_254' title='bbox 1325 2944 1704 3033; x_wconf 90' lang='lat' dir='ltr'><strong>aliquando</strong></span> <span class='ocrx_word' id='word_1_255' title='bbox 1751 2942 1837 3014; x_wconf 88' lang='lat' dir='ltr'><strong>ad</strong></span> <span class='ocrx_word' id='word_1_256' title='bbox 1885 2964 2073 3023; x_wconf 88' lang='lat' dir='ltr'><strong>eum,</strong></span> <span class='ocrx_word' id='word_1_257' title='bbox 2126 2954 2192 3013; x_wconf 94' lang='lat' dir='ltr'><strong>et</strong></span> <span class='ocrx_word' id='word_1_258' title='bbox 2237 2941 2407 3013; x_wconf 91' lang='lat' dir='ltr'><strong>dum</strong></span> <span class='ocrx_word' id='word_1_259' title='bbox 2468 2943 2785 3033; x_wconf 81' lang='lat' dir='ltr'><strong>loquerer</strong></span> <span class='ocrx_word' id='word_1_260' title='bbox 2823 2945 2922 3026; x_wconf 90' lang='lat' dir='ltr'><strong>ei,</strong></span> <span class='ocrx_word' id='word_1_261' title='bbox 2963 2942 3118 3015; x_wconf 78' lang='lat' dir='ltr'><strong>vidi</strong></span> 
     </span>
     <span class='ocr_line' id='line_1_31' title="bbox 562 3031 3126 3123; baseline 0 -19"><span class='ocrx_word' id='word_1_262' title='bbox 562 3048 630 3105; x_wconf 91' lang='lat' dir='ltr'><strong>et</strong></span> <span class='ocrx_word' id='word_1_263' title='bbox 661 3034 920 3116; x_wconf 87' lang='lat' dir='ltr'><strong>audivi,</strong></span> <span class='ocrx_word' id='word_1_264' title='bbox 970 3034 1156 3123; x_wconf 91' lang='lat' dir='ltr'><strong>quod</strong></span> <span class='ocrx_word' id='word_1_265' title='bbox 1206 3034 1409 3105; x_wconf 90' lang='lat' dir='ltr'><strong>silere</strong></span> <span class='ocrx_word' id='word_1_266' title='bbox 1456 3055 1591 3105; x_wconf 90' lang='lat' dir='ltr'><strong>non</strong></span> <span class='ocrx_word' id='word_1_267' title='bbox 1626 3032 1880 3104; x_wconf 89' lang='lat' dir='ltr'><strong>debeo:</strong></span> <span class='ocrx_word' id='word_1_268' title='bbox 1932 3031 2179 3102; x_wconf 79' lang='lat' dir='ltr'><strong>Aderat</strong></span> <span class='ocrx_word' id='word_1_269' title='bbox 2217 3032 2604 3102; x_wconf 89' lang='lat' dir='ltr'><strong>monachus</strong></span> <span class='ocrx_word' id='word_1_270' title='bbox 2627 3032 2913 3121; x_wconf 89' lang='lat' dir='ltr'><strong>quidam</strong></span> <span class='ocrx_word' id='word_1_271' title='bbox 2951 3037 3126 3105; x_wconf 78' lang='lat' dir='ltr'><strong>Fus-</strong></span> 
     </span>
     <span class='ocr_line' id='line_1_32' title="bbox 568 3121 3118 3212; baseline 0 -20"><span class='ocrx_word' id='word_1_272' title='bbox 568 3123 935 3205; x_wconf 85' lang='lat' dir='ltr'><strong>niacensis,</strong></span> <span class='ocrx_word' id='word_1_273' title='bbox 968 3124 1300 3194; x_wconf 86' lang='lat' dir='ltr'><strong>continuo</strong></span> <span class='ocrx_word' id='word_1_274' title='bbox 1330 3122 1415 3194; x_wconf 85' lang='lat' dir='ltr'><strong>ad</strong></span> <span class='ocrx_word' id='word_1_275' title='bbox 1466 3143 1628 3194; x_wconf 91' lang='lat' dir='ltr'><strong>suos</strong></span> <span class='ocrx_word' id='word_1_276' title='bbox 1670 3121 2044 3192; x_wconf 79' lang='lat' dir='ltr'><strong>rediturus.</strong></span> <span class='ocrx_word' id='word_1_277' title='bbox 2095 3126 2403 3208; x_wconf 87' lang='lat' dir='ltr'><strong>Cumque</strong></span> <span class='ocrx_word' id='word_1_278' title='bbox 2449 3143 2781 3212; x_wconf 85' lang='lat' dir='ltr'><strong>responso</strong></span> <span class='ocrx_word' id='word_1_279' title='bbox 2831 3133 3118 3212; x_wconf 83' lang='lat' dir='ltr'><strong>accepto</strong></span> 
     </span>
     <span class='ocr_line' id='line_1_33' title="bbox 565 3208 3124 3312; baseline 0 -31"><span class='ocrx_word' id='word_1_280' title='bbox 565 3233 778 3303; x_wconf 90' lang='lat' dir='ltr'><strong>super</strong></span> <span class='ocrx_word' id='word_1_281' title='bbox 823 3211 933 3281; x_wconf 91' lang='lat' dir='ltr'><strong>his</strong></span> <span class='ocrx_word' id='word_1_282' title='bbox 982 3234 1105 3304; x_wconf 90' lang='lat' dir='ltr'><strong>pro</strong></span> <span class='ocrx_word' id='word_1_283' title='bbox 1136 3213 1394 3300; x_wconf 88' lang='lat' dir='ltr'><strong>quibus</strong></span> <span class='ocrx_word' id='word_1_284' title='bbox 1433 3224 1730 3294; x_wconf 87' lang='lat' dir='ltr'><strong>venerat,</strong></span> <span class='ocrx_word' id='word_1_285' title='bbox 1768 3210 1915 3299; x_wconf 91' lang='lat' dir='ltr'><strong>jam</strong></span> <span class='ocrx_word' id='word_1_286' title='bbox 1975 3210 2064 3280; x_wconf 94' lang='lat' dir='ltr'><strong>ab</strong></span> <span class='ocrx_word' id='word_1_287' title='bbox 2110 3230 2190 3280; x_wconf 90' lang='lat' dir='ltr'><strong>eo</strong></span> <span class='ocrx_word' id='word_1_288' title='bbox 2236 3208 2701 3312; x_wconf 77' lang='lat' dir='ltr'><strong>egrederetur,</strong></span> <span class='ocrx_word' id='word_1_289' title='bbox 2739 3212 2810 3280; x_wconf 90' lang='lat' dir='ltr'><strong>in</strong></span> <span class='ocrx_word' id='word_1_290' title='bbox 2862 3234 2896 3280; x_wconf 90' lang='lat' dir='ltr'><strong>s</strong></span> <span class='ocrx_word' id='word_1_291' title='bbox 2951 3211 3124 3282; x_wconf 88' lang='lat' dir='ltr'><strong>iritu</strong></span> 
     </span>
     <span class='ocr_line' id='line_1_34' title="bbox 563 3298 3126 3390; baseline -0 -19"><span class='ocrx_word' id='word_1_292' title='bbox 563 3312 631 3371; x_wconf 88' lang='lat' dir='ltr'><strong>et</strong></span> <span class='ocrx_word' id='word_1_293' title='bbox 678 3301 927 3370; x_wconf 88' lang='lat' dir='ltr'><strong>virtute</strong></span> <span class='ocrx_word' id='word_1_294' title='bbox 974 3300 1157 3371; x_wconf 84' lang='lat' dir='ltr'><strong>Eliae</strong></span> <span class='ocrx_word' id='word_1_295' title='bbox 1204 3303 1531 3371; x_wconf 78' lang='lat' dir='ltr'><strong>revocans</strong></span> <span class='ocrx_word' id='word_1_296' title='bbox 1575 3321 1736 3369; x_wconf 88' lang='lat' dir='ltr'><strong>eum</strong></span> <span class='ocrx_word' id='word_1_297' title='bbox 1816 3298 2150 3390; x_wconf 89' lang='lat' dir='ltr'><strong>propheta</strong></span> <span class='ocrx_word' id='word_1_298' title='bbox 2210 3304 2323 3369; x_wconf 82' lang='lat' dir='ltr'><strong>Dei</strong></span> <span class='ocrx_word' id='word_1_299' title='bbox 2356 3352 2373 3380; x_wconf 91' lang='lat'><strong>,</strong></span> <span class='ocrx_word' id='word_1_300' title='bbox 2440 3312 2509 3370; x_wconf 88' lang='lat' dir='ltr'><strong>et</strong></span> <span class='ocrx_word' id='word_1_301' title='bbox 2559 3300 2842 3370; x_wconf 90' lang='lat' dir='ltr'><strong>nomine</strong></span> <span class='ocrx_word' id='word_1_302' title='bbox 2919 3300 3126 3371; x_wconf 72' lang='lat' dir='ltr'><strong>ratris</strong></span> 
     </span>
     <span class='ocr_line' id='line_1_35' title="bbox 564 3387 3125 3480; baseline 0 -21"><span class='ocrx_word' id='word_1_303' title='bbox 564 3389 930 3480; x_wconf 89' lang='lat' dir='ltr'><strong>cujusdam</strong></span> <span class='ocrx_word' id='word_1_304' title='bbox 980 3389 1067 3460; x_wconf 90' lang='lat' dir='ltr'><strong>de</strong></span> <span class='ocrx_word' id='word_1_305' title='bbox 1126 3389 1334 3460; x_wconf 92' lang='lat' dir='ltr'><strong>domo</strong></span> <span class='ocrx_word' id='word_1_306' title='bbox 1383 3388 1500 3459; x_wconf 89' lang='lat' dir='ltr'><strong>illa</strong></span> <span class='ocrx_word' id='word_1_307' title='bbox 1537 3387 1959 3479; x_wconf 89' lang='lat' dir='ltr'><strong>praemiss0,</strong></span> <span class='ocrx_word' id='word_1_308' title='bbox 2015 3387 2102 3458; x_wconf 90' lang='lat' dir='ltr'><strong>de</strong></span> <span class='ocrx_word' id='word_1_309' title='bbox 2160 3387 2453 3460; x_wconf 86' lang='lat' dir='ltr'><strong>occultis</strong></span> <span class='ocrx_word' id='word_1_310' title='bbox 2511 3388 2958 3478; x_wconf 88' lang='lat' dir='ltr'><strong>quibusdam,</strong></span> <span class='ocrx_word' id='word_1_311' title='bbox 3006 3410 3125 3459; x_wconf 85' lang='lat' dir='ltr'><strong>me</strong></span> 
     </span>
     <span class='ocr_line' id='line_1_36' title="bbox 566 3475 3128 3568; baseline 0 -20"><span class='ocrx_word' id='word_1_312' title='bbox 566 3476 910 3559; x_wconf 89' lang='lat' dir='ltr'><strong>audiente,</strong></span> <span class='ocrx_word' id='word_1_313' title='bbox 967 3477 1450 3559; x_wconf 80' lang='lat' dir='ltr'><strong>mandavitei,</strong></span> <span class='ocrx_word' id='word_1_314' title='bbox 1489 3489 1567 3548; x_wconf 92' lang='lat' dir='ltr'><strong>ut</strong></span> <span class='ocrx_word' id='word_1_315' title='bbox 1610 3475 2019 3568; x_wconf 82' lang='lat' dir='ltr'><strong>corrigenda</strong></span> <span class='ocrx_word' id='word_1_316' title='bbox 2058 3477 2471 3568; x_wconf 82' lang='lat' dir='ltr'><strong>corrigeret:</strong></span> <span class='ocrx_word' id='word_1_317' title='bbox 2524 3478 2629 3549; x_wconf 90' lang='lat' dir='ltr'><strong>sin</strong></span> <span class='ocrx_word' id='word_1_318' title='bbox 2679 3491 2933 3557; x_wconf 88' lang='lat' dir='ltr'><strong>autem,</strong></span> <span class='ocrx_word' id='word_1_319' title='bbox 2992 3478 3128 3566; x_wconf 87' lang='lat' dir='ltr'><strong>ju-</strong></span> 
     </span>
     <span class='ocr_line' id='line_1_37' title="bbox 566 3565 3124 3658; baseline 0.001 -22"><span class='ocrx_word' id='word_1_320' title='bbox 566 3565 827 3636; x_wconf 90' lang='lat' dir='ltr'><strong>dicium</strong></span> <span class='ocrx_word' id='word_1_321' title='bbox 882 3568 994 3635; x_wconf 90' lang='lat' dir='ltr'><strong>Dei</strong></span> <span class='ocrx_word' id='word_1_322' title='bbox 1041 3587 1253 3658; x_wconf 89' lang='lat' dir='ltr'><strong>super</strong></span> <span class='ocrx_word' id='word_1_323' title='bbox 1282 3587 1353 3638; x_wconf 89' lang='lat' dir='ltr'><strong>se</strong></span> <span class='ocrx_word' id='word_1_324' title='bbox 1386 3567 1457 3635; x_wconf 91' lang='lat' dir='ltr'><strong>in</strong></span> <span class='ocrx_word' id='word_1_325' title='bbox 1513 3565 1822 3658; x_wconf 84' lang='lat' dir='ltr'><strong>proximo</strong></span> <span class='ocrx_word' id='word_1_326' title='bbox 1867 3576 2275 3657; x_wconf 86' lang='lat' dir='ltr'><strong>expectaret.</strong></span> <span class='ocrx_word' id='word_1_327' title='bbox 2315 3565 2753 3658; x_wconf 83' lang='lat' dir='ltr'><strong>stupefactus</strong></span> <span class='ocrx_word' id='word_1_328' title='bbox 2784 3565 2920 3648; x_wconf 89' lang='lat' dir='ltr'><strong>ille,</strong></span> <span class='ocrx_word' id='word_1_329' title='bbox 2951 3567 3124 3653; x_wconf 76' lang='lat' dir='ltr'><strong>quis</strong></span> 
     </span>
     <span class='ocr_line' id='line_1_38' title="bbox 565 3653 3119 3743; baseline 0 -17"><span class='ocrx_word' id='word_1_330' title='bbox 565 3655 629 3726; x_wconf 92' lang='lat' dir='ltr'><strong>ei</strong></span> <span class='ocrx_word' id='word_1_331' title='bbox 678 3654 1139 3738; x_wconf 86' lang='lat' dir='ltr'><strong>haecdixerit,</strong></span> <span class='ocrx_word' id='word_1_332' title='bbox 1186 3655 1565 3743; x_wconf 82' lang='lat' dir='ltr'><strong>requisivit.</strong></span> <span class='ocrx_word' id='word_1_333' title='bbox 1604 3655 1955 3743; x_wconf 89' lang='lat' dir='ltr'><strong>Quisquis,</strong></span> <span class='ocrx_word' id='word_1_334' title='bbox 1997 3654 2246 3742; x_wconf 90' lang='lat' dir='ltr'><strong>inquit,</strong></span> <span class='ocrx_word' id='word_1_335' title='bbox 2272 3653 2519 3726; x_wconf 82' lang='lat' dir='ltr'><strong>dixerit</strong></span> <span class='ocrx_word' id='word_1_336' title='bbox 2548 3655 2759 3727; x_wconf 89' lang='lat' dir='ltr'><strong>mihi:</strong></span> <span class='ocrx_word' id='word_1_337' title='bbox 2811 3668 2879 3726; x_wconf 91' lang='lat' dir='ltr'><strong>tu</strong></span> <span class='ocrx_word' id='word_1_338' title='bbox 2916 3655 3119 3737; x_wconf 84' lang='lat' dir='ltr'><strong>vade,</strong></span> 
     </span>
     <span class='ocr_line' id='line_1_39' title="bbox 564 3742 3127 3836; baseline 0 -21"><span class='ocrx_word' id='word_1_339' title='bbox 564 3757 631 3815; x_wconf 88' lang='lat' dir='ltr'><strong>ct</strong></span> <span class='ocrx_word' id='word_1_340' title='bbox 675 3743 813 3826; x_wconf 88' lang='lat' dir='ltr'><strong>dic,</strong></span> <span class='ocrx_word' id='word_1_341' title='bbox 864 3766 1042 3832; x_wconf 92' lang='lat' dir='ltr'><strong>quae</strong></span> <span class='ocrx_word' id='word_1_342' title='bbox 1086 3766 1214 3836; x_wconf 83' lang='lat' dir='ltr'><strong>ego</strong></span> <span class='ocrx_word' id='word_1_343' title='bbox 1245 3744 1421 3815; x_wconf 77' lang='lat' dir='ltr'><strong>dico·</strong></span> <span class='ocrx_word' id='word_1_344' title='bbox 1449 3745 1596 3836; x_wconf 85' lang='lat' dir='ltr'><strong>tibi,</strong></span> <span class='ocrx_word' id='word_1_345' title='bbox 1644 3766 1754 3825; x_wconf 89' lang='lat' dir='ltr'><strong>ne,</strong></span> <span class='ocrx_word' id='word_1_346' title='bbox 1808 3744 1865 3816; x_wconf 91' lang='lat' dir='ltr'><strong>si</strong></span> <span class='ocrx_word' id='word_1_347' title='bbox 1927 3742 2478 3815; x_wconf 81' lang='lat' dir='ltr'><strong>dissimulaveris</strong></span> <span class='ocrx_word' id='word_1_348' title='bbox 2506 3798 2522 3825; x_wconf 91' lang='lat'><strong>‚</strong></span> <span class='ocrx_word' id='word_1_349' title='bbox 2578 3758 2640 3815; x_wconf 91' lang='lat' dir='ltr'><strong>te</strong></span> <span class='ocrx_word' id='word_1_350' title='bbox 2685 3766 2964 3834; x_wconf 90' lang='lat' dir='ltr'><strong>quoque</strong></span> <span class='ocrx_word' id='word_1_351' title='bbox 3012 3746 3127 3816; x_wconf 90' lang='lat' dir='ltr'><strong>in-</strong></span> 
     </span>
     <span class='ocr_line' id='line_1_40' title="bbox 564 3832 3119 3935; baseline 0 -32"><span class='ocrx_word' id='word_1_352' title='bbox 564 3834 787 3904; x_wconf 93' lang='lat' dir='ltr'><strong>volvat</strong></span> <span class='ocrx_word' id='word_1_353' title='bbox 816 3855 944 3935; x_wconf 86' lang='lat' dir='ltr'><strong>par</strong></span> <span class='ocrx_word' id='word_1_354' title='bbox 993 3856 1210 3925; x_wconf 90' lang='lat' dir='ltr'><strong>poena</strong></span> <span class='ocrx_word' id='word_1_355' title='bbox 1258 3835 1543 3925; x_wconf 90' lang='lat' dir='ltr'><strong>peccati.</strong></span> <span class='ocrx_word' id='word_1_356' title='bbox 1598 3833 1895 3904; x_wconf 81' lang='lat' dir='ltr'><strong>Mirabar</strong></span> <span class='ocrx_word' id='word_1_357' title='bbox 1942 3854 2155 3923; x_wconf 89' lang='lat' dir='ltr'><strong>super</strong></span> <span class='ocrx_word' id='word_1_358' title='bbox 2200 3833 2366 3903; x_wconf 86' lang='lat' dir='ltr'><strong>hoc:</strong></span> <span class='ocrx_word' id='word_1_359' title='bbox 2421 3832 2538 3905; x_wconf 93' lang='lat' dir='ltr'><strong>sed</strong></span> <span class='ocrx_word' id='word_1_360' title='bbox 2573 3834 2856 3904; x_wconf 88' lang='lat' dir='ltr'><strong>miranti</strong></span> <span class='ocrx_word' id='word_1_361' title='bbox 2900 3835 3119 3916; x_wconf 86' lang='lat' dir='ltr'><strong>mihi,</strong></span> 
     </span>
     <span class='ocr_line' id='line_1_41' title="bbox 568 3922 2838 3994; baseline 0 -2"><span class='ocrx_word' id='word_1_362' title='bbox 568 3924 638 3992; x_wconf 91' lang='lat' dir='ltr'><strong>in</strong></span> <span class='ocrx_word' id='word_1_363' title='bbox 672 3922 887 3993; x_wconf 81' lang='lat' dir='ltr'><strong>simili</strong></span> <span class='ocrx_word' id='word_1_364' title='bbox 916 3943 1128 3994; x_wconf 85' lang='lat' dir='ltr'><strong>causa</strong></span> <span class='ocrx_word' id='word_1_365' title='bbox 1161 3922 1587 3994; x_wconf 87' lang='lat' dir='ltr'><strong>mirabiliora</strong></span> <span class='ocrx_word' id='word_1_366' title='bbox 1635 3922 1722 3992; x_wconf 92' lang='lat' dir='ltr'><strong>de</strong></span> <span class='ocrx_word' id='word_1_367' title='bbox 1766 3944 1845 3993; x_wconf 95' lang='lat' dir='ltr'><strong>eo</strong></span> <span class='ocrx_word' id='word_1_368' title='bbox 1880 3934 2157 3992; x_wconf 90' lang='lat' dir='ltr'><strong>narrata</strong></span> <span class='ocrx_word' id='word_1_369' title='bbox 2204 3934 2392 3993; x_wconf 89' lang='lat' dir='ltr'><strong>sunt.</strong></span> <span class='ocrx_word' id='word_1_370' title='bbox 2741 3974 2742 3979; x_wconf 65' lang='lat'><strong>,</strong></span> <span class='ocrx_word' id='word_1_371' title='bbox 2833 3944 2838 3951; x_wconf 87' lang='lat'><strong>·</strong></span> 
     </span>
    </p>

    <p class='ocr_par' dir='ltr' id='par_1_6' title="bbox 564 4010 3131 4545">
     <span class='ocr_line' id='line_1_42' title="bbox 654 4010 3115 4113; baseline 0 -30"><span class='ocrx_word' id='word_1_372' title='bbox 654 4015 692 4113; x_wconf 59' lang='grc' dir='ltr'>ᾗ</span> <span class='ocrx_word' id='word_1_373' title='bbox 737 4016 897 4085; x_wconf 67' lang='lat' dir='ltr'><strong>«u.</strong></span> <span class='ocrx_word' id='word_1_374' title='bbox 950 4012 1171 4083; x_wconf 89' lang='lat' dir='ltr'><strong>Guido</strong></span> <span class='ocrx_word' id='word_1_375' title='bbox 1204 4033 1503 4100; x_wconf 85' lang='lat' dir='ltr'><strong>namque</strong></span> <span class='ocrx_word' id='word_1_376' title='bbox 1528 4012 1738 4081; x_wconf 86' lang='lat' dir='ltr'><strong>frater</strong></span> <span class='ocrx_word' id='word_1_377' title='bbox 1774 4011 1947 4100; x_wconf 84' lang='lat' dir='ltr'><strong>ejus,</strong></span> <span class='ocrx_word' id='word_1_378' title='bbox 1981 4011 2205 4101; x_wconf 89' lang='lat' dir='ltr'><strong>major</strong></span> <span class='ocrx_word' id='word_1_379' title='bbox 2234 4024 2402 4081; x_wconf 91' lang='lat' dir='ltr'><strong>natu</strong></span> <span class='ocrx_word' id='word_1_380' title='bbox 2436 4012 2613 4082; x_wconf 88' lang='lat' dir='ltr'><strong>inter</strong></span> <span class='ocrx_word' id='word_1_381' title='bbox 2639 4010 2885 4082; x_wconf 84' lang='lat' dir='ltr'><strong>fratres</strong></span> <span class='ocrx_word' id='word_1_382' title='bbox 2919 4033 3115 4094; x_wconf 90' lang='lat' dir='ltr'><strong>suos,</strong></span> 
     </span>
     <span class='ocr_line' id='line_1_43' title="bbox 566 4098 3130 4194; baseline 0.001 -24"><span class='ocrx_word' id='word_1_383' title='bbox 566 4122 771 4191; x_wconf 67' lang='lat' dir='ltr'><strong>cujus</strong></span> <span class='ocrx_word' id='word_1_384' title='bbox 803 4101 1155 4194; x_wconf 83' lang='lat' dir='ltr'><strong>gravitatis</strong></span> <span class='ocrx_word' id='word_1_385' title='bbox 1201 4114 1268 4172; x_wconf 92' lang='lat' dir='ltr'><strong>et</strong></span> <span class='ocrx_word' id='word_1_386' title='bbox 1312 4101 1618 4171; x_wconf 81' lang='lat' dir='ltr'><strong>veritatis</strong></span> <span class='ocrx_word' id='word_1_387' title='bbox 1666 4098 1871 4170; x_wconf 79' lang='lat' dir='ltr'><strong>fuerit</strong></span> <span class='ocrx_word' id='word_1_388' title='bbox 1921 4100 2076 4182; x_wconf 86' lang='lat' dir='ltr'><strong>vir,</strong></span> <span class='ocrx_word' id='word_1_389' title='bbox 2140 4121 2382 4171; x_wconf 90' lang='lat' dir='ltr'><strong>omnes</strong></span> <span class='ocrx_word' id='word_1_390' title='bbox 2428 4100 2708 4183; x_wconf 82' lang='lat' dir='ltr'><strong>sciunt,</strong></span> <span class='ocrx_word' id='word_1_391' title='bbox 2771 4099 2895 4190; x_wconf 91' lang='lat' dir='ltr'><strong>qui</strong></span> <span class='ocrx_word' id='word_1_392' title='bbox 2945 4103 3130 4173; x_wconf 83' lang='lat' dir='ltr'><strong>scire</strong></span> 
     </span>
     <span class='ocr_line' id='line_1_44' title="bbox 564 4188 3131 4281; baseline 0.001 -22"><span class='ocrx_word' id='word_1_393' title='bbox 564 4211 725 4259; x_wconf 90' lang='lat' dir='ltr'><strong>eum</strong></span> <span class='ocrx_word' id='word_1_394' title='bbox 782 4204 1169 4280; x_wconf 90' lang='lat' dir='ltr'><strong>potuerunt.</strong></span> <span class='ocrx_word' id='word_1_395' title='bbox 1224 4190 1373 4273; x_wconf 83' lang='lat' dir='ltr'><strong>Hic,</strong></span> <span class='ocrx_word' id='word_1_396' title='bbox 1426 4211 1587 4261; x_wconf 88' lang='lat' dir='ltr'><strong>cum</strong></span> <span class='ocrx_word' id='word_1_397' title='bbox 1639 4188 1851 4260; x_wconf 91' lang='lat' dir='ltr'><strong>simul</strong></span> <span class='ocrx_word' id='word_1_398' title='bbox 1899 4188 2162 4260; x_wconf 87' lang='lat' dir='ltr'><strong>alicubi</strong></span> <span class='ocrx_word' id='word_1_399' title='bbox 2219 4209 2570 4272; x_wconf 89' lang='lat' dir='ltr'><strong>essemus,</strong></span> <span class='ocrx_word' id='word_1_400' title='bbox 2615 4202 2682 4260; x_wconf 91' lang='lat' dir='ltr'><strong>et</strong></span> <span class='ocrx_word' id='word_1_401' title='bbox 2727 4190 2813 4260; x_wconf 90' lang='lat' dir='ltr'><strong>de</strong></span> <span class='ocrx_word' id='word_1_402' title='bbox 2872 4190 3131 4281; x_wconf 86' lang='lat' dir='ltr'><strong>hujus-</strong></span> 
     </span>
     <span class='ocr_line' id='line_1_45' title="bbox 567 4277 3128 4369; baseline 0.002 -22"><span class='ocrx_word' id='word_1_403' title='bbox 567 4278 757 4348; x_wconf 89' lang='lat' dir='ltr'><strong>modi</strong></span> <span class='ocrx_word' id='word_1_404' title='bbox 815 4278 1276 4368; x_wconf 90' lang='lat' dir='ltr'><strong>loqueremur,</strong></span> <span class='ocrx_word' id='word_1_405' title='bbox 1331 4291 1398 4350; x_wconf 88' lang='lat' dir='ltr'><strong>et</strong></span> <span class='ocrx_word' id='word_1_406' title='bbox 1443 4285 1845 4368; x_wconf 83' lang='lat' dir='ltr'><strong>quaererem</strong></span> <span class='ocrx_word' id='word_1_407' title='bbox 1892 4299 2022 4368; x_wconf 82' lang='lat' dir='ltr'><strong>ego</strong></span> <span class='ocrx_word' id='word_1_408' title='bbox 2068 4277 2157 4348; x_wconf 92' lang='lat' dir='ltr'><strong>ab</strong></span> <span class='ocrx_word' id='word_1_409' title='bbox 2202 4299 2306 4361; x_wconf 89' lang='lat' dir='ltr'><strong>e0,</strong></span> <span class='ocrx_word' id='word_1_410' title='bbox 2365 4278 2548 4349; x_wconf 91' lang='lat' dir='ltr'><strong>sicut</strong></span> <span class='ocrx_word' id='word_1_411' title='bbox 2601 4277 2963 4369; x_wconf 85' lang='lat' dir='ltr'><strong>jucundae</strong></span> <span class='ocrx_word' id='word_1_412' title='bbox 3035 4279 3128 4351; x_wconf 86' lang='lat' dir='ltr'><strong>ad</strong></span> 
     </span>
     <span class='ocr_line' id='line_1_46' title="bbox 568 4365 3129 4456; baseline 0.002 -21"><span class='ocrx_word' id='word_1_413' title='bbox 568 4366 832 4436; x_wconf 89' lang='lat' dir='ltr'><strong>amicos</strong></span> <span class='ocrx_word' id='word_1_414' title='bbox 876 4367 1357 4439; x_wconf 87' lang='lat' dir='ltr'><strong>collocutionis</strong></span> <span class='ocrx_word' id='word_1_415' title='bbox 1411 4390 1561 4440; x_wconf 90' lang='lat' dir='ltr'><strong>esse</strong></span> <span class='ocrx_word' id='word_1_416' title='bbox 1601 4366 1895 4439; x_wconf 88' lang='lat' dir='ltr'><strong>solebat:</strong></span> <span class='ocrx_word' id='word_1_417' title='bbox 1952 4365 2285 4448; x_wconf 82' lang='lat' dir='ltr'><strong>Fabulae,</strong></span> <span class='ocrx_word' id='word_1_418' title='bbox 2338 4366 2611 4455; x_wconf 89' lang='lat' dir='ltr'><strong>inquit,</strong></span> <span class='ocrx_word' id='word_1_419' title='bbox 2671 4379 2874 4450; x_wconf 89' lang='lat' dir='ltr'><strong>sunt,</strong></span> <span class='ocrx_word' id='word_1_420' title='bbox 2941 4389 3129 4456; x_wconf 78' lang='lat' dir='ltr'><strong>quae</strong></span> 
     </span>
     <span class='ocr_line' id='line_1_47' title="bbox 571 4453 3130 4545; baseline 0.004 -22"><span class='ocrx_word' id='word_1_421' title='bbox 571 4453 857 4525; x_wconf 88' lang='lat' dir='ltr'><strong>auditis.</strong></span> <span class='ocrx_word' id='word_1_422' title='bbox 930 4459 1238 4545; x_wconf 86' lang='lat' dir='ltr'><strong>Cumque</strong></span> <span class='ocrx_word' id='word_1_423' title='bbox 1296 4479 1425 4528; x_wconf 91' lang='lat' dir='ltr'><strong>suo</strong></span> <span class='ocrx_word' id='word_1_424' title='bbox 1479 4479 1671 4528; x_wconf 91' lang='lat' dir='ltr'><strong>more</strong></span> <span class='ocrx_word' id='word_1_425' title='bbox 1739 4467 1807 4528; x_wconf 86' lang='lat' dir='ltr'><strong>et</strong></span> <span class='ocrx_word' id='word_1_426' title='bbox 1877 4454 2079 4527; x_wconf 90' lang='lat' dir='ltr'><strong>solito</strong></span> <span class='ocrx_word' id='word_1_427' title='bbox 2139 4455 2372 4528; x_wconf 89' lang='lat' dir='ltr'><strong>studio</strong></span> <span class='ocrx_word' id='word_1_428' title='bbox 2435 4455 2774 4529; x_wconf 82' lang='lat' dir='ltr'><strong>fraternas</strong></span> <span class='ocrx_word' id='word_1_429' title='bbox 2835 4457 3130 4533; x_wconf 71' lang='lat' dir='ltr'><strong>virtute·</strong></span> 
     </span>
    </p>
   </div>
  </div>
 </body>
</html>
