3308 5004
662 279 789 346 ⁴68
1377 294 1457 341 nr.
1502 295 1559 341 s.
1610 293 1779 341 uas
1825 290 1904 340 nr
1951 292 2151 342 socns
2195 293 2312 342 ια’.
2832 274 3022 343 AUG.
3074 279 3118 341 5

571 381 742 453 dum
791 401 1049 474 poenas
1095 378 1270 454 luit.
1320 377 1672 450 abluatur.
1718 377 2025 448 »Judex
2091 378 2308 448 dixit:
2362 378 2513 449 Scio
2577 379 3001 449 meretricem
3054 393 3116 449 te

570 492 722 542 esse
751 526 766 552 ,
818 484 885 541 et
930 469 1186 540 idcirco
1234 467 1437 558 longe
1497 467 1800 537 alienam
1848 489 1889 537 a
1937 466 2278 539 sacrificio
2328 466 2898 538 Christianorum.
2961 466 3114 539 Afra

569 559 976 650 respondit:
1029 581 1066 625 (ι
1109 556 1443 628 Dominus
1483 578 1683 626 meus
1727 556 1925 626 Jesus
1972 556 2283 626 Christus
2328 556 2500 625 dixit
2531 578 2606 626 se
2637 570 2917 647 propter
2963 578 3121 646 pec-

569 660 835 720 catores
882 645 1323 718 descendisse
1359 666 1398 714 e
1454 645 1711 715 coelis:
1766 658 1833 715 et
1878 666 2037 714 cum
2090 645 2567 747 peccatoribus
2612 659 2678 715 et
2727 644 3124 736 publicanis

568 759 651 808 ca
692 742 907 808 causa
953 734 1252 806 comedit
1296 749 1365 804 et
1411 733 1631 814 bibit,
1685 745 1764 803 ut
1809 733 1964 822 ejus
2014 734 2558 804 misericordiam
2612 756 2815 805 nemo
2876 734 3122 825 despe-

570 840 777 897 raret.
802 861 805 864 ·
832 825 1208 915 Evangelia
1254 844 1531 911 quoque
1576 822 1731 911 ejus
1773 835 2109 892 testantur
2142 823 2590 913 peccatricem
2629 821 2988 894 mulierem
3026 823 3130 893 la·

570 915 834 1006 crymis
884 916 1148 1007 rigasse
1197 912 1407 1002 pedes
1452 911 1647 1000 ejuS,
1700 923 1768 980 et
1813 911 2218 1002 impetrasse
2267 912 2582 981 veniam:
2637 911 2996 981 mulierem
3050 913 3121 980 in

572 1004 916 1075 adulterio
966 1002 1493 1093 deprehensam,
1546 999 1909 1071 dimissam
1961 1000 2048 1070 ab
2094 1022 2173 1069 eo
2218 1022 2393 1082 esse,
2446 1001 2537 1069 ita
2587 1013 2838 1083 tamen,
2877 1015 2957 1071 ut
3001 1001 3126 1071 de-

572 1093 811 1183 inceps
873 1114 1011 1162 non
1059 1102 1392 1181 peccaret.
1442 1089 1700 1173 Quidni
1747 1089 1961 1180 igitur
2006 1102 2072 1159 et
2116 1093 2241 1180 ego
2292 1089 2633 1179 peccatrix
2680 1111 2945 1179 sperem
3001 1111 3129 1178 per

572 1182 729 1271 ejus
769 1179 1315 1252 misericordiam
1382 1200 1584 1269 posse
1635 1199 1744 1248 me
1783 1177 2099 1272 *salutem
2158 1177 2509 1268 adipisci?
2551 1201 2587 1245 »
2632 1177 2848 1247 Judex
2894 1178 3122 1249 dixit:

576 1271 924 1347 Sacrifica,
959 1283 1039 1339 ut
1068 1283 1130 1339 te
1158 1281 1392 1337 ament
1422 1278 1764 1338 amatores
1791 1267 1914 1346 tui,
1945 1268 2047 1336 uti
2079 1267 2413 1338 hactenus
2439 1287 2731 1357 semper,
2769 1280 2836 1336 et
2865 1267 3131 1337 multae

576 1360 701 1430 tibi
740 1360 829 1428 ab
869 1358 1009 1429 illis
1062 1355 1390 1447 pecuniae
1436 1355 1860 1425 adferantur.
1898 1356 2053 1426 Afra
2086 1355 2484 1445 respondit:
2537 1378 2575 1422 «
2603 1356 2937 1425 Pecunias
2967 1376 3128 1426 exe-

575 1448 873 1518 crabiles
929 1447 1213 1538 posthac
1263 1467 1622 1532 nunquam
1685 1444 2050 1534 accipiam.
2103 1450 2271 1514 Nam
2320 1457 2386 1514 ct
2446 1466 2622 1532 quas
2669 1444 2925 1525 habui,
2972 1445 3125 1531 jam

577 1558 660 1607 ex
710 1535 871 1606 endi
907 1590 923 1617 ‚
973 1549 1039 1605 et
1090 1540 1220 1605 Deo
1265 1546 1496 1605 votum
1563 1534 2005 1623 nuncupavi,
2066 1555 2445 1621 numquam
2496 1553 2607 1602 me
2654 1532 2824 1603 tales
2869 1533 3131 1604 habere

575 1558 774 1703 velle,
828 1645 965 1693 non
1014 1624 1200 1693 enim
1252 1635 1545 1714 possunt
1590 1622 1779 1692 salva
1829 1622 2068 1692 haberi
2106 1622 2549 1692 conscientia,
2595 1627 2643 1691 E
2693 1644 2772 1702 o,-
2804 1622 3122 1710 inquam,

578 1735 705 1806 pro
751 1735 988 1783 amore
1034 1713 1306 1783 Domini
1355 1711 1705 1796 meiJesu
1745 1711 1995 1781 Christi
2033 1710 2291 1793 omnia,
2343 1732 2522 1799 quae
2571 1710 2655 1781 ha
2711 1710 2778 1779 ui
2828 1726 2896 1781 et
2945 1711 3130 1781 male

580 1802 1069 1890 acquisieram,
1106 1802 1175 1870 in
1215 1821 1553 1891 pauperes
1592 1799 1960 1870 distribui:
2012 1812 2078 1870 et
2107 1799 2371 1887 aliquot
2413 1800 2618 1869 etiam
2653 1799 2898 1870 fratres
2934 1821 3132 1870 meos

581 1890 1004 1962 Christianos
1052 1890 1361 1960 nolentes
1408 1889 1721 1979 accipere
1754 1943 1769 1970 ,
1826 1889 2059 1979 rogavi
2117 1901 2196 1959 ut
2240 1888 2698 1980 dignarentur
2754 1889 3121 1978 accipere,

577 1994 645 2050 et
695 2002 817 2070 pro
857 1980 1155 2071 peccatis
1205 1979 1377 2048 meis
1427 1983 1558 2047 Deo
1606 1999 1844 2069 preces
1888 1978 2154 2048 offerre.
2199 1978 2267 2047 Si
2299 1998 2462 2069 ergo
2508 1999 2611 2059 ea,
2663 1999 2841 2064 quae
2881 1978 3125 2060 habui,

578 2069 845 2159 abjeci:
899 2090 1037 2156 qua
1085 2079 1306 2158 potest
1350 2067 1614 2136 ratione
1663 2067 1836 2149 fieri,
1888 2080 1967 2137 ut
2012 2067 2260 2137 iterum
2309 2067 2589 2156 cupiam
2638 2087 2719 2135 ea
2765 2067 3126 2153 consequi,

575 2179 753 2246 quae
786 2178 988 2227 nemo
1023 2157 1171 2228 sine
1214 2169 1487 2246 peccato
1521 2168 1739 2246 potest
1769 2155 2072 2225 habere?
2116 2178 2152 2222 »
2184 2154 2407 2225 Judex
2444 2155 2615 2225 dixit
2645 2179 2660 2223 :
2714 2155 3028 2225 Christus
3070 2168 3135 2225 te

578 2268 652 2317 se
702 2244 1062 2336 indignam
1111 2258 1365 2326 censet,
1419 2243 1676 2314 frustra
1705 2265 1871 2335 ergo
1916 2243 2088 2315 colis
2130 2265 2319 2325 eum,
2374 2244 2496 2332 qui
2535 2257 2598 2313 te
2633 2265 2768 2314 non
2809 2267 2849 2314 a
2906 2245 3133 2315 noscit

577 2357 803 2406 suam.
842 2335 1153 2405 Meretrix
1199 2334 1383 2404 enim
1426 2333 1565 2403 dici
1599 2334 1985 2405 Christiana
2030 2354 2464 2421 nequaquam
2518 2346 2758 2423 potest.
2812 2334 2966 2402 A'ra
3018 2353 3133 2401 re-

576 2423 901 2516 spondit:
956 2447 993 2491 «
1028 2423 1413 2495 Christiana
1449 2422 1729 2511 quidem
1778 2444 1905 2513 ego
1943 2422 2084 2492 dici
2132 2443 2267 2492 non
2320 2442 2629 2491 mereor:
2682 2420 2802 2491 sed
2855 2422 3134 2490 miseri-

577 2514 814 2586 cordia
863 2514 1004 2595 Dei‚
1048 2536 1231 2602 quae
1260 2535 1395 2583 non
1433 2534 1555 2603 pro
1587 2512 1830 2583 merito
1882 2534 2055 2594 meo,
2097 2511 2213 2582 sed
2252 2533 2375 2601 pro
2409 2510 2652 2613 pietate
2684 2532 2812 2580 sua
2852 2509 3132 2599 judicat

576 2603 664 2674 de
712 2624 869 2686 me:
922 2603 1009 2673 ad
1062 2604 1189 2673 hoc
1239 2623 1489 2672 nomen
1542 2623 1651 2671 me
1704 2600 2009 2671 admisit.
2049 2624 2084 2668 »
2134 2599 2347 2688 Gajus
2400 2599 2614 2690 judex
2661 2598 2894 2668 dixit:
2936 2600 3134 2669 Unde

576 2693 783 2772 nosti,
841 2713 1089 2761 nomen
1142 2691 1371 2762 isthuc
1400 2690 1691 2759 coelitus
1740 2689 1862 2760 tibi
1895 2690 2278 2780 obtigisse?
2323 2688 2477 2758 Afra
2527 2686 2916 2778 respondit:
2963 2710 3001 2756 «
3039 2694 3131 2759 Ex

574 2781 706 2851 hoc
754 2802 885 2880 ego
929 2779 1240 2936 intelligo
1275 2801 1382 2847 me
1413 2800 1545 2848 non
1582 2800 1732 2849 esse
1771 2779 2143 2868 projectam
2177 2800 2217 2847 a
2247 2776 2421 2847 facie
2457 2777 2596 2852 Dei.
2634 2776 2841 2864 cuius
2868 2799 3128 2847 nomen

574 2889 838 2958 accept,
890 2867 1075 2955 quod
1111 2890 1150 2936 a
1239 2866 1610 2956 gloriosam
1642 2866 1865 2936 sancti
1901 2866 2203 2936 nominis
2231 2867 2387 2953 ejus
2424 2864 2925 2937 confessionem
2974 2889 3131 2956 per-

575 2960 809 3027 mittor
840 2955 1187 3035 accedere,
1247 2977 1364 3044 per
1410 2977 1619 3042 quam
1675 2978 1783 3023 me
1830 2954 2034 3024 credo
2066 2953 2381 3024 omnium
2434 2956 2773 3024 scelerum
2811 2976 3130 3026 meorum

578 3045 850 3113 veniam
914 3056 1470 3114 consecuturam.
1527 3066 1563 3110 »
1609 3043 1829 3112 ludex
1893 3044 2108 3131 Gajus
2161 3042 2376 3112 dixit:
2430 3046 2572 3114 Hae
2620 3064 2846 3133 nugae
2907 3059 3127 3114 sunt:

578 3133 812 3223 potius
840 3131 1154 3202 sacrifica
1184 3132 1342 3212 diis,
1379 3153 1503 3221 per
1532 3152 1709 3218 quos
1735 3132 2022 3201 salutem
2055 3153 2261 3202 conse
2312 3132 2524 3202 uaris.
2554 3131 2707 3201 Afra
2745 3132 3127 3221 respondit:

585 3244 623 3288 «
668 3220 869 3291 Salus
904 3242 1056 3290 mea
1096 3220 1406 3291 Christus
1435 3235 1560 3304 est,
1603 3220 1727 3308 qui
1768 3220 1838 3289 in
1881 3224 2093 3292 Cruce
2128 3242 2253 3311 pen
2308 3241 2456 3304 enS,
2496 3220 2744 3292 latroni
2774 3221 3135 3292 confitenti

583 3308 986 3401 paradisum
1033 3309 1371 3399 promisit.
1409 3331 1446 3376 »

673 3401 710 3485 ἓ
755 3401 851 3467 θ.
903 3399 1128 3468 Judex
1159 3400 1369 3488 GaJus
1414 3397 1623 3468 dixit:
1694 3398 2105 3468 Posthabitis
2170 3399 2869 3470 sermocinationibus
2928 3399 3124 3480 istis,

582 3486 927 3557 sacrificia
974 3487 1133 3557 diis.
1187 3486 1380 3570 Quod
1431 3487 1490 3557 si
1539 3508 1676 3556 non
1718 3486 1982 3569 feceris,
2030 3488 2100 3557 in
2137 3501 2514 3578 conspectu
2553 3502 2941 3557 amatorum
2975 3501 3134 3558 tuo-

579 3596 763 3657 rum,
814 3576 937 3664 qui
986 3588 1208 3646 tecum
1254 3577 1545 3666 turpiter
1592 3577 1929 3658 vixerunt,
1974 3577 2263 3647 catomis
2291 3576 2484 3647 caedi
2535 3589 2596 3646 te
2632 3576 2919 3667 jubebo.
2973 3575 3134 3647 Afra

581 3664 959 3766 respondit:
987 3670 1132 3766 «Me
1164 3664 1428 3765 pudore
1462 3664 1635 3734 nihil
1664 3664 1899 3746 afficit,
1943 3666 2078 3736 nisi
2111 3680 2386 3756 peccata
2413 3686 2635 3734 mea.»
2662 3666 2711 3734 J
2715 3664 2894 3735 udex
2926 3664 3128 3735 dixit:

580 3758 914 3846 Melpsum
966 3753 1225 3844 injuria
1256 3753 1504 3836 affici0,
1537 3755 1720 3842 quod
1774 3768 1868 3825 tot
1896 3754 2083 3825 horis
2116 3769 2339 3824 tecum
2376 3767 2581 3823 certo.
2613 3757 2853 3840 Itaque
2898 3754 2960 3823 si
2993 3775 3148 3843 non„

580 3842 1101 3924 sacrificaveris,
1156 3843 1516 3913 occideris.
1556 3843 1711 3913 Afra
1761 3865 1869 3914 res
1921 3844 2157 3913 ondit:
2205 3866 2242 3910 «
2274 3848 2415 3914 Hoc
2449 3854 2572 3923 est,
2635 3843 2821 3930 quod
2870 3842 3136 3935 cupide

582 3944 888 4022 peropto,
942 3933 1003 4003 si
1052 3946 1280 4001 tamen
1334 3953 1598 4001 merear
1629 3987 1645 4014 ,
1699 3954 1823 4023 per
1928 3955 2059 4003 anc
2127 3931 2628 4002 confessionem
2678 3931 2766 4000 ad
2820 3932 3129 4019 requiem

580 4022 970 4112 pertingere
1003 4021 1569 4111 sempiternam.»
1601 4020 1824 4090 Judex
1880 4021 2016 4090 ait:
2071 4020 2417 4100 Sacrifica,
2461 4033 2540 4091 ut
2584 4020 2763 4091 dixi:
2815 4020 3129 4107 alioquin

583 4121 647 4178 te
694 4109 957 4200 jubebo
1006 4111 1358 4197 torqueri,
1423 4122 1490 4179 et
1535 4109 1635 4180 sic
1705 4110 1930 4178 vivam
1996 4108 2445 4180 concremari.
2499 4108 2653 4179 Afra
2724 4109 3128 4200 respondit:

582 4200 886 4287 «Corpus
935 4220 1194 4280 meum,
1234 4220 1355 4289 per
1398 4198 1584 4287 quod
1637 4198 1937 4289 peccavi,
1979 4198 2219 4270 multis
2252 4198 2593 4269 subdatur
2624 4198 2885 4289 poenis,
2925 4212 3132 4287 prout

584 4284 799 4374 impie
845 4287 1051 4385 gessi.
1104 4287 1419 4358 Animam
1469 4302 1698 4356 autem
1750 4308 1970 4357 meam
2029 4308 2386 4374 nunquam
2484 4288 2660 4357 atiar
2705 4288 3126 4358 daemonum

586 4372 948 4469 sacrificiis
977 4375 1353 4464 inquinari.
1393 4398 1431 4444 »
1464 4381 1656 4447 Tunc
1678 4376 1896 4467 judex
1924 4375 2388 4468 impiissimus
2462 4376 3129 4449 ictavitsententiam
