3308 5004
609 312 741 382 496
1187 329 1270 378 os
1315 328 1373 377 s.
1421 327 1758 380 asanaaoo
1804 328 1949 378 aaa.
1992 326 2391 382 maanus.
2753 308 3083 380 Auta-2⁰

522 413 710 502 quod
742 431 881 485 non
914 413 985 483 in
1022 412 1468 490 multitudine
1499 412 1672 490 foret
1696 425 1984 486 eventus
2021 413 2212 498 belli,
2247 415 2474 488 virum
2509 424 2834 488 sanctum
2868 435 3087 502 quae·-

525 515 790 578 rentem
836 524 915 572 ea
962 523 1141 591 quae
1191 502 1380 592 pacis
1424 514 1646 584 erant,
1698 501 1998 576 ulterius
2044 504 2291 577 audire
2336 503 2777 596 contempsit.
2828 507 2908 575 At
2966 501 3090 574 ille

526 590 776 664 ducem
828 590 1330 682 Rannulphum
1395 604 1463 661 et
1521 591 2022 664 catholicorum
2093 593 2313 665 aciem
2384 593 2612 666 verbis
2682 592 3090 684 potentibus

526 679 929 764 adhortans,
984 680 1165 754 sicut
1210 680 1379 771 Regi
1428 679 1694 772 fugam,
1748 681 1848 751 sic
1898 677 2038 755 illis
2086 681 2448 754 victoriam
2491 681 2841 774 pollicitus
2882 689 3093 752 estet

527 769 964 860 triumphurn
1014 769 1072 839 ²*-
1124 773 1438 858 Cumque
1483 769 1569 842 ad
1623 769 2007 860 proximam
2060 770 2375 844 villulam
2407 771 2845 853 declinasset,
2879 782 2946 842 et
2978 770 3096 841 in-

529 870 737 930 staret
779 859 1100 940 orationi,
1154 871 1437 950 repente
1482 857 1517 929 f
1608 858 1899 930 ientium
1948 871 2019 931 et
2072 859 2585 949 insequentium
2651 859 2915 930 clamor
2962 882 3094 931 au·-

528 947 740 1022 ditur.
795 946 1152 1035 Siquidem
1203 969 1325 1038 per
1368 969 1530 1020 eum
1585 969 1695 1020 em
1746 947 1971 1020 locum
2032 946 2412 1041 fugientem
2475 947 2684 1041 Regis
2708 947 3091 1020 exercitum

530 1036 1010 1128 Rannulphus-
1048 1036 1616 1127 persequebatur.
1662 1041 1999 1127 Egressus
2032 1036 2264 1125 itaque
2300 1037 2508 1109 frater
2544 1037 2828 1126 quidam
2864 1060 2945 1108 ex
2970 1035 3095 1108 his

528 1125 651 1214 qui
679 1147 840 1196 cum
875 1125 1133 1202 Abbate
1163 1137 1385 1209 erant,
1423 1126 1550 1196 uni
1581 1148 1657 1196 ex
1690 1123 2032 1196 militibus
2064 1127 2394 1209 occurrit,
2427 1126 2691 1214 etquid
2724 1126 3094 1198 accidisset

529 1216 1020 1305 interrogabat.
1076 1220 1154 1286 At
1200 1214 1317 1284 ille
1362 1214 1740 1306 (siquidem
1791 1214 2026 1287 literas
2074 1216 2384 1306 noverat)
2432 1217 2599 1296 Vidi,
2652 1215 2902 1304 inquit,
2965 1217 3095 1286 im-

524 1306 722 1395 pium
765 1307 1364 1396 supcrcoealtatum
1395 1315 1459 1374 et
1487 1307 1852 1385 elevatum,
1894 1305 2069 1374 sicut
2101 1306 2328 1377 cedros
2357 1306 2636 1377 Libani.-
2678 1316 2742 1375 ct
2776 1304 3089 1386 transivi,

530 1403 592 1463 ct
640 1415 785 1463 ecce
831 1411 962 1466 non
1008 1403 1157 1464 erat
1202 1393 1343 1484 (Ps.
1397 1392 1536 1484 36).
1588 1397 1725 1464 Nec
1774 1413 1990 1474 mora,
2047 1391 2190 1464 dux
2239 1393 2389 1486 ipse
2444 1407 2752 1476 secutus,
2815 1414 2970 1464 mox
3011 1403 3099 1463 ut

533 1481 955 1554 monachum
1007 1480 1201 1564 vidit,
1256 1481 1438 1552 sicut
1481 1494 1629 1552 erat
1674 1491 2010 1563 armatuS,
2062 1503 2242 1571 equo
2280 1482 2562 1564 desiliit,
2608 1494 2675 1553 et
2710 1482 2866 1585 ejus
2897 1480 3097 1574 pedi·
3172 1544 3180 1551 ,

531 1569 666 1640 bus
714 1569 1084 1641 advolutus
1116 1593 1131 1639 :
1185 1571 1453 1644 Gratias
1483 1592 1522 1642 a
1571 1591 1636 1651 o,
1676 1569 1928 1657 inquit,
1978 1574 2111 1642 Deo
2150 1584 2216 1642 et
2246 1571 2436 1643 fideli
2469 1592 2666 1643 servo
2696 1594 2892 1662 ejus:
2926 1570 3101 1660 quia

534 1681 673 1730 non
695 1659 950 1731 nostris
967 1659 1256 1741 viribuS,
1295 1658 1415 1730 sed
1448 1659 1497 1729 fl
1547 1660 1612 1730 ei
1644 1660 1797 1749 ejus
1830 1658 2083 1731 collata
2122 1660 2291 1733 haec
2330 1661 2618 1732 victoria
2645 1673 2771 1743 est;
2805 1660 3102 1732 iterum-

530 1770 666 1835 que
706 1748 1025 1822 insiliens
1062 1769 1267 1836 equ0,
1306 1747 1538 1818 hostes
1568 1748 2089 1837 insequebatur.

622 1839 659 1937 ς
697 1841 854 1912 88..
906 1842 1037 1907 Nec
1078 1848 1307 1908 tamen
1345 1836 1474 1908 hac
1518 1837 1724 1928 plaga
1763 1836 1901 1907 sibi
1940 1837 2206 1909 inflicta
2243 1836 2558 1921 coelitus),
2600 1846 2953 1909 correctus
2990 1847 3102 1907 est

535 1947 818 1997 animus
856 1925 1089 2016 Regis,
1130 1947 1255 1996 nec
1288 1924 1635 1996 detumuit
1716 1925 1993 2007 rocella,
2039 1947 2252 2015 quam
2291 1926 2924 2017 conglomeraverat
2938 1947 3103 2015 pra-

535 2034 659 2083 vac
708 2014 960 2084 mentis
1007 2014 1253 2086 elatio:
1305 2014 1425 2087 sed
1477 2027 1630 2106 post
1696 2037 1905 2105 ugam
1948 2015 2261 2097 reversiS,
2300 2016 2421 2103 qui
2455 2027 2839 2098 evaserant,
2873 2014 3102 2084 simu·-

535 2102 690 2173 lans
716 2102 1167 2180 alacritatem,
1221 2125 1292 2173 re
1346 2104 1411 2175 io
1444 2126 1515 2175 se
1545 2116 1797 2173 ornatu
1826 2103 2170 2186 attollens,
2207 2104 2458 2194 stipata
2489 2104 2831 2175 militibus
2869 2103 3094 2185 curia,

535 2204 906 2280 utramque
948 2204 1208 2283 partem
1236 2193 1320 2283 ju
1372 2203 1438 2263 et
1473 2192 1841 2263 accersiri:
1880 2205 1946 2263 et
1988 2192 2183 2283 prius
2217 2192 2555 2264 instructo
2575 2198 2794 2274 Petr0,
2823 2202 2892 2262 et
2914 2191 3083 2262 mul·

535 2293 765 2351 tarum
819 2280 1364 2371 promissionum
1414 2282 1957 2352 auctoramentis
2004 2303 2318 2356 accense.
2370 2281 2458 2352 de
2495 2303 2749 2354 causae
2780 2293 2949 2353 suae
2986 2302 3102 2351 ra-

540 2369 851 2441 tionibus
888 2369 1133 2459 ‚eloqui
1168 2370 1391 2461 jubet.
1445 2372 1639 2442 Prior
1686 2376 1928 2443 Petrus
1978 2370 2378 2443 electionem
2429 2370 2697 2442 domini
2744 2370 2854 2441 sui
2887 2391 3101 2439 cano-

536 2459 766 2531 nicam
801 2461 1069 2543 asserit,
1099 2472 1166 2533 et
1198 2461 1402 2531 verba
1432 2481 1559 2531 sua
1587 2459 1828 2533 multis
1851 2482 2202 2532 canonum
2228 2460 2733 2532 assertionibus
2764 2458 3090 2530 munit**.

535 2553 612 2619 At
657 2571 815 2619 vero
865 2549 969 2619 vir
1016 2549 1131 2620 Dei
1174 2571 1320 2621 -non
1369 2550 1439 2619 in
1490 2572 1834 2631 sermone,
1887 2550 2007 2621 sed
2058 2550 2129 2620 in
2181 2549 2430 2621 virtute
2463 2571 2757 2641 regnum
2792 2548 2912 2617 Dei
2944 2569 3099 2620 esse

537 2637 974 2728 intelligens:
1020 2660 1058 2706 «
1095 2639 1273 2721 Scin,
1311 2639 1560 2726 inquit,
1601 2650 1666 2708 te
1697 2644 1913 2721 Petre,
1956 2638 2183 2710 virum
2226 2638 2605 2729 sapientem
2645 2646 2713 2708 et
2746 2636 3101 2708 literatum

535 2741 831 2811 esse„et
876 2728 1145 2798 utinam
1195 2728 1431 2800 sanior
1479 2749 1639 2819 pars
1671 2740 1738 2799 et
1777 2727 2173 2798 honestiora
2214 2739 2278 2797 te
2305 2738 2762 2829 occupassent
2794 2727 3097 2819 negotia.

538 2817 809 2888 Utinam
863 2828 927 2886 te
975 2829 1343 2907 patronum
1393 2839 1607 2889 causa
1646 2815 1906 2905 justior
1942 2814 2303 2898 obtineret,
2339 2829 2407 2887 et
2449 2838 2598 2889 sine
2630 2815 2848 2887 dubio
2889 2815 3102 2887 ratio·

539 2905 727 2975 nalia
771 2905 1230 2993 eloquentem,
1279 2905 1474 2977 nulla
1523 2916 1757 2996 posset
1788 2904 2129 2996 impedire
2159 2903 2511 2976 facundia.
2549 2910 2629 2976 Et
2659 2927 2787 2976 nos
2814 2904 3098 2993 quidem

538 3006 864 3084 agrestes,
918 2995 1199 3085 saepius
1248 2994 1603 3084 ligonibus
1634 3015 1845 3083 quam
1892 2993 2342 3085 pragmaticis
2375 2994 2947 3066 advocationibus
2982 3015 3100 3065 as-

538 3082 741 3161 sueti.
794 3083 866 3153 si.
901 3105 1152 3153 caussa
1198 3083 1362 3153 fidei
1409 3104 1546 3154 non
1595 3095 1798 3165 esset,
1853 3081 2250 3154 institutum
2285 3082 2641 3155 silentium
2674 3094 3094 3154 teneremus

540 3175 738 3242 Nunc
770 3184 1002 3242 autem
1038 3193 1163 3243 nos
1191 3172 1495 3243 charitas
1523 3171 1759 3259 eloqui
1783 3171 1989 3263 cogit,
2023 3172 2193 3260 quia
2223 3173 2526 3243 tunicam
2558 3172 2860 3255 Domini,
2889 3192 3106 3260 quam

541 3259 611 3329 in
666 3271 969 3351 tempore
1017 3261 1364 3351 passionis
1410 3283 1537 3332 nec
1570 3260 1892 3331 ethnicus
1929 3262 2395 3352 praesumpsit
2433 3261 2775 3343 scindere,
2824 3282 2953 3332 nec
2981 3261 3107 3333 Ju-

543 3347 782 3431 daeus,
835 3354 1076 3422 Petrus
1109 3350 1353 3422 Leonis
1392 3349 1650 3420 lacerat
1675 3362 1744 3422 et
1773 3349 2006 3421 dirum
2064 3350 2139 3420 it.
2186 3354 2334 3425 Una
2369 3364 2474 3421 est
2509 3350 2709 3434 fides,
2750 3372 2939 3421 unus
2972 3354 3108 3419 Do-

543 3437 804 3517 minus,
857 3459 1083 3508 unum
1129 3438 1500 3529 baptisma.
1553 3444 1688 3511 Nos
1737 3460 1958 3527 neque
2057 3460 2184 3510 uos
2230 3438 2576 3521 dominos,
2618 3461 2841 3528 neque
2880 3438 3109 3530 gemi-

544 3547 707 3597 nam
757 3525 991 3607 fidem,
1046 3548 1172 3598 nec
1219 3527 1359 3599 duo
1405 3527 1827 3629 baptismata
1865 3528 2219 3599 novimus:
2264 3541 2342 3599 ut
2371 3528 2460 3599 ab
2499 3528 2805 3617 antiquis
2831 3525 3100 3610 ordiar,

543 3636 686 3691 una
732 3636 892 3686 arca
937 3627 1246 3706 tempore
1291 3615 1539 3688 diluvii
1585 3615 1740 3688 fuit.
1795 3622 1874 3687 In
1927 3618 2055 3688 hac
2103 3627 2255 3687 octo
2285 3617 2585 3701 animae,
2628 3616 2914 3688 caeteris
2944 3637 3111 3688 om·-

542 3703 755 3775 nibus
803 3704 1303 3795 pereuntibus,
1355 3719 1764 3778 evaserunt:
1816 3718 1882 3777 et
1929 3718 2267 3795 quotquot
2311 3719 2501 3779 extra
2546 3729 2781 3793 arcam
2837 3706 3110 3777 inventi

542 3805 731 3874 sunt,
784 3792 1159 3883 perierunt.
1214 3798 1454 3867 Arcam
1501 3794 1685 3868 hanc
1734 3808 1800 3884 ty
1855 3819 1975 3866 um
2034 3808 2265 3867 tenere
2319 3797 2689 3880 Ecclesiae,
2748 3818 2955 3867 nemo
3000 3805 3112 3867 est

542 3880 659 3970 qui
710 3881 1043 3973 ambigat.
1097 3888 1263 3954 Arca
1312 3883 1449 3953 alia
1485 3906 1709 3975 nuper
1740 3818 2075 3955 fabricata
2112 3897 2251 3956 est:
2289 3898 2355 3957 et
2387 3908 2546 3956 cum
2582 3887 2723 3958 sint
2760 3885 2967 3968 duae,
3002 3884 3113 3956 al·-

542 3983 758 4043 teram
793 3992 1076 4043 necesse
1104 3984 1387 4045 estesse
1413 3972 1828 4056 adulteram,
1858 3986 1924 4045 et
1960 3973 2034 4044 in
2073 3972 2500 4064 profundum
2532 3975 2868 4075 demergi.
2904 3978 3106 4061 Arca,

542 4080 754 4147 quarn
807 4061 982 4167 regit
1027 4067 1288 4145 Petrus,
1332 4063 1395 4133 si
1425 4084 1508 4133 ex
1537 4068 1672 4133 Deo
1704 4073 1830 4143 est,
1877 4084 2157 4134 necesse
2194 4076 2298 4136 est
2336 4076 2411 4134 ut
2447 4086 2633 4147 arca,
2674 4086 2886 4153 quam
2929 4064 3115 4156 regit

545 4152 1017 4234 Innocenttus,
1050 4151 1407 4225 obruatur.
1448 4152 1704 4223 Peribit
1731 4173 1894 4246 ergo
1927 4152 2297 4226 orientalis
2325 4152 2654 4237 Ecclesia,
2692 4152 2948 4247 peribit
2968 4156 3116 4225 ‘Oc-

544 4237 783 4312 cidens
832 4251 1036 4323 totu&
1091 4240 1343 4332 peribit
1389 4240 1700 4322 Francia,
1758 4240 2009 4333 peribit
2056 4242 2456 4327 Germania,
2517 4243 2700 4318 Iberi
2754 4253 2820 4314 et
2872 4241 3108 4334 Angli,

596 4399 622 4426 ²⁸¹
652 4398 1068 4443 SchismatIcorum
1089 4404 1270 4446 cladem
1290 4402 1593 4447 vaticinatur.

595 4452 648 4481 ’¹⁸
678 4454 879 4496 Pulchre
899 4459 946 4497 ct
965 4458 1131 4507 paucis
1149 4455 1506 4501 schismaticum
1527 4460 1772 4502 Oratorem
1791 4458 1969 4513 desiuit.
