3308 5004
660 316 789 382 306
1389 329 1468 377 na
1513 329 1571 377 s.
1623 329 2000 378 monemus
2045 329 2279 378 nanu
2783 312 2970 380 AUG.
3023 313 3110 378 ,13

572 418 858 487 immota
923 413 1388 506 perseverans,
1449 425 1514 483 et
1567 414 1908 485 Christum
1959 414 2031 483 in
2086 426 2360 515 pectore
2419 427 2740 505 gestanS,
2800 435 3104 502 equum,

570 506 685 576 cui
733 504 1094 585 insidebat,
1151 524 1285 573 non
1335 515 1492 572 ante
1524 524 1562 572 e
1607 502 1756 573 loco
1799 516 2154 593 promovit,
2205 524 2415 590 quam
2465 502 2703 572 fanum
2742 503 2914 573 illud
2952 526 3112 594 pro·

570 594 836 675 fanum,
888 614 1200 677 eversum
1246 605 1447 670 esset,
1506 591 1792 681 ipsaque
1837 604 2097 672 orante,
2153 591 2454 683 populus
2504 593 2680 662 inter
2735 614 2809 663 se
2861 606 3113 664 mutua

571 706 737 775 pace
769 682 1226 773 copularetur.
1283 686 1374 749 Eo
1424 680 1809 782 impetrato,
1856 687 1948 751 Re
2002 682 2154 750 inae
2184 680 2497 750 virtutem
2529 693 2596 750 et
2641 683 3105 753 constantiam

570 793 810 843 omnes
856 770 1302 850 admiranteS,
1357 774 1721 840 Dominum
1772 770 1943 839 bene
2001 772 2292 840 ixerunt.

656 863 693 949 ξ
738 865 828 932 8.
882 859 1235 949 Explicare
1280 859 1439 945 quis
1500 858 1736 943 possit,
1780 879 1989 946 quam
2029 857 2234 928 fuerit
2288 858 2359 927 in
2425 879 2741 927 sermone
2793 871 2997 929 cauta
3039 871 3110 930 et

575 949 1114 1039 circumspecta,
1167 968 1376 1035 quam
1447 945 1517 1014 in
1580 947 1773 1016 omni
1820 948 2085 1017 actione
2151 946 2442 1016 devota?
2498 952 2573 1017 In
2628 948 2976 1038 prosperis
3037 961 3109 1019 et

569 1037 896 1119 adversiS,
943 1038 1010 1106 in
1052 1036 1244 1106 laetis
1290 1047 1355 1105 et
1387 1035 1699 1105 tristibus
1744 1036 1981 1105 eodem
2032 1057 2305 1126 semper
2333 1037 2565 1104 animo
2617 1036 3103 1125 permanebat:

568 1148 705 1197 non
758 1125 1207 1216 frangebatur
1252 1123 1556 1193 adversis
1604 1125 1836 1206 rebuS,
1892 1145 2024 1193 non
2077 1124 2403 1195 secundis
2448 1125 2879 1194 efferebatur.
2932 1130 3109 1196 Cum

569 1215 951 1286 etiamnum
1000 1214 1070 1282 in
1113 1234 1215 1291 ea,
1267 1234 1474 1300 quam
1525 1212 1866 1294 diximuS,
1922 1212 2081 1282 villa
2129 1212 2470 1294 haereret,
2527 1235 2764 1283 rumor
2815 1213 2901 1282 ad
2948 1235 3107 1283 eam

567 1304 898 1395 pervenit,
949 1301 1134 1391 quod
1185 1307 1320 1372 Rex
1355 1300 1552 1370 vellet
1585 1302 1805 1392 ipsam
1847 1301 1934 1371 ad
1969 1323 2042 1371 se
2082 1323 2438 1372 revocare:
2472 1302 2734 1392 quippe
2777 1302 2898 1389 qui
2930 1315 3111 1373 tam-

567 1414 776 1481 quam
814 1413 1143 1482 magnum
1189 1412 1433 1481 passus
1479 1390 1840 1472 damnum,
1890 1389 2150 1460 doleret
2190 1412 2263 1460 se
2297 1390 2495 1460 talem
2545 1413 2624 1459 ac
2674 1404 2929 1460 tantam
2971 1397 3105 1461 Re·

570 1482 806 1572 ginam
843 1480 1237 1570 permisisse
1275 1501 1315 1548 a
1355 1500 1482 1549 suo
1523 1479 1729 1548 latere
1763 1479 2108 1549 amoveri:
2147 1478 2538 1567 diceretque
2567 1478 2787 1568 ipsam
2829 1501 3111 1567 quoque

567 1571 775 1638 vitam
828 1569 957 1639 sibi
993 1569 1349 1638 molestam
1383 1567 1548 1649 iore,
1604 1568 1737 1638 nisi
1785 1589 1935 1637 eam
1971 1567 2058 1637 ad
2107 1590 2179 1637 se
2226 1568 2627 1638 reduxisset.
2682 1568 2759 1638 Id
2809 1568 2928 1638 illa
2974 1591 3111 1640 au·-

570 1658 792 1739 diens,
833 1658 1048 1728 nimio
1097 1670 1348 1727 terrore
1393 1668 1852 1738 consternata,
1909 1656 2151 1746 majori
2190 1679 2279 1727 se·
2308 1656 2518 1727 afficit
2563 1656 2900 1738 cruciatu,
2950 1656 3111 1727 cili-

565 1748 749 1817 cium
801 1745 1260 1836 asperrimum
1323 1746 1691 1815 tenerrimo
1740 1745 2155 1836 corpusculo
2201 1745 2466 1835 injicit,
2510 1746 2779 1835 jejunio
2826 1769 2897 1815 se
2946 1768 3105 1816 ma-

568 1849 774 1914 cerat,
821 1835 1138 1905 noctibus
1203 1834 1487 1925 pervigil
1548 1846 1754 1903 totam
1805 1856 1877 1904 se
1924 1835 1994 1904 in
2104 1856 2290 1905 reces
2349 1834 2685 1915 effundit,
2744 1848 3103 1925 paternam

564 1924 854 2014 despicit
902 1923 1157 2004 sedem,
1195 1923 1513 2013 con'ugis
1546 1924 1864 1993 affectum
1919 1857 2225 2023 negligit,
2274 1923 2518 1994 mundi
2552 1923 2767 2010 huJus
2792 1945 3100 1994 amorem

566 2035 607 2082 a
654 2034 726 2083 se
776 2034 1058 2102 prorsus
1104 2012 1300 2082 cxclu
1353 2013 1426 2092 it,
1461 2024 1650 2102 optat
1694 2012 1848 2081 exul
1885 2010 2057 2093 fieri,
2102 2034 2184 2082 ne
2212 2012 2364 2082 sita
2403 2012 2666 2082 Christo
2708 2013 3095 2103 peregrina.

650 2103 687 2189 ξ
733 2106 818 2174 4.
873 2101 1178 2171 Habebat
1225 2113 1368 2170 tum
1410 2101 1594 2191 apud
1647 2123 1717 2172 se
1766 2101 2030 2191 regium
2081 2100 2428 2188 quoddam
2470 2116 2978 2183 ornamentum,
3013 2123 3100 2171 ex

562 2211 732 2259 auro
770 2188 995 2270 fusile,
1035 2190 1326 2280 gemmis
1373 2201 1439 2259 et
1487 2190 1875 2280 margaritis
1922 2190 2402 2279 conspicuum,
2451 2189 2640 2259 mille
2686 2189 2942 2259 solidos
2970 2212 3101 2280 ap-

564 2278 897 2369 pendens.
948 2282 1088 2348 Hoc
1141 2300 1258 2367 per
1291 2300 1590 2348 nonnam
1627 2301 1826 2348 suam
1880 2279 2361 2370 Fridovigiam,
2399 2300 2607 2366 quam
2641 2278 2815 2349 inter
2860 2278 3102 2348 fideles

565 2368 944 2458 proximam
997 2366 1291 2438 habebat
1350 2379 1416 2437 et
1460 2367 2145 2458 conjunctissimam‚
2217 2367 2585 2436 venerabili
2637 2368 2779 2436 viro
2847 2368 3101 2437 Joanni

564 2457 749 2548 apud
799 2456 1156 2528 castellum
1206 2456 1627 2527 Cainonense
1671 2456 1985 2547 (chinon)
2034 2456 2303 2528 incluso
2352 2456 2772 2537 transmisit,
2831 2471 3092 2546 petenS,

561 2559 637 2617 ut
686 2547 1054 2616 Dominum
1100 2567 1220 2636 pro
1260 2546 1408 2635 ipsa
1438 2559 1685 2625 oraret,
1727 2568 1811 2616 ne
1844 2568 2089 2616 rursus
2121 2546 2205 2616 ad
2256 2545 2568 2616 seculum
2619 2559 3091 2616 reverteretur:

561 2648 704 2705 tum
754 2636 959 2705 etiam
1010 2648 1086 2705 ut
1136 2646 1383 2704 vestem
1435 2635 1782 2705 cilicinam
1833 2635 1968 2724 ipsi
2017 2635 2347 2715 mitteret,
2399 2657 2539 2722 qua
2585 2656 2838 2724 corpus
2887 2656 3096 2706 suum

560 2725 1021 2794 excruciaret:
1056 2722 1264 2793 simul
1298 2724 1501 2792 etiam
1538 2724 1896 2793 certiorem
1930 2725 2146 2824 ipsam
2180 2723 2514 2803 redderet,
2548 2723 2607 2792 si
2646 2723 2813 2811 quid
2846 2723 3099 2814 spiritu

559 2813 912 2883 didicisset
957 2811 1043 2880 de
1087 2833 1166 2880 ea
1208 2832 1278 2880 re
1323 2833 1531 2898 quam
1583 2813 1731 2903 ipsa
1781 2812 2215 2882 formidaret:
2268 2812 2397 2881 hoc
2444 2812 2650 2881 etiam
2690 2812 2975 2892 addenS,
3027 2811 3090 2882 si

559 2902 765 2991 Regis
811 2923 890 2971 ea
922 2912 1101 2971 esset
1125 2899 1461 2974 voluntas,
1502 2922 1574 2970 se
1625 2900 1828 2970 rnalle
1859 2899 2001 2970 tolli
2033 2921 2071 2968 e
2106 2900 2351 2982 medio,
2390 2922 2601 2987 quam
2652 2900 2899 2970 iterum
2930 2901 3097 2990 Regi

561 3004 826 3058 terreno
865 2989 1095 3078 jungi,
1139 2988 1419 3081 quando
1455 2989 1602 3079 jam
1654 2988 1725 3058 in
1763 2995 1855 3059 Re
1909 2989 1963 3060 is
2015 2988 2326 3060 coelestis
2379 3004 2555 3060 esset
2592 2988 2898 3058 admissa
2945 3010 3096 3058 am-

564 3076 824 3165 plexus.
881 3076 1163 3146 Remisit
1197 3089 1425 3146 autem
1474 3076 1562 3147 ad
1627 3100 1777 3147 eam
1838 3077 1952 3147 ile
1992 3077 2094 3146 vir
2155 3078 2267 3146 Dei
2330 3100 2638 3167 pannum
2701 3077 3085 3159 cilicinum,

560 3164 742 3234 unde
803 3166 951 3255 ipsa
999 3164 1132 3235 sibi
1181 3165 1470 3235 interius
1516 3177 1581 3235 et
1628 3166 1951 3255 superius
2020 3166 2242 3236 effecit
2313 3166 2822 3236 indumentum.
2890 3172 3094 3236 Porro

562 3267 765 3323 totam
819 3266 1083 3323 noctem
1119 3253 1304 3323 idem
1333 3255 1437 3322 vir
1483 3267 1763 3324 sanctus
1794 3255 1864 3323 in
1913 3256 2216 3324 oratione
2247 3255 2689 3346 pervigilanS,
2727 3276 2809 3324 ex
2857 3254 3094 3324 divino

563 3342 893 3412 instinctu
928 3343 995 3411 in
1046 3342 1425 3412 crastinum
1479 3343 1827 3414 mandavit
1872 3344 1958 3424 ei,
2011 3344 2214 3434 Regis
2252 3344 2530 3431 quidem
2580 3365 2728 3414 eam
2779 3366 2929 3415 esse
2978 3366 3093 3415 vo-

561 3431 916 3512 luntatem,
963 3431 1078 3501 sed
1132 3452 1266 3502 non
1332 3431 1836 3520 permissurum
1918 3437 2175 3514 Deum,
2228 3445 2305 3503 ut
2349 3456 2429 3503 ea
2479 3434 2639 3502 fiat:
2692 3444 2851 3502 ante
2902 3432 3091 3502 enim

561 3524 833 3607 Regem,
901 3520 1014 3588 Dei
1053 3520 1244 3611 justo
1283 3519 1549 3609 judicio
1598 3543 1854 3611 poenas
1891 3520 2241 3604 daturum,
2282 3543 2489 3610 quam
2528 3543 2675 3590 eam
2727 3521 3092 3611 conjugem

560 3608 864 3696 recipiat.
919 3608 994 3679 Id
1046 3608 1165 3678 ubi
1208 3607 1325 3678 illa
1372 3610 1710 3701 cognovit,
1755 3610 1987 3680 animo
2016 3610 2099 3679 ad
2153 3610 2717 3698 tranquillitatem
2754 3624 3085 3692 revocat0,

555 3719 636 3766 ex
671 3696 907 3767 divina
954 3698 1403 3788 inspiratione
1433 3710 1499 3768 et
1536 3699 1783 3768 Christi
1817 3699 2179 3790 adjutorio,
2236 3698 2523 3769 Pictavis
2571 3698 2704 3769 sibi
2748 3710 3093 3769 monaste-

555 3787 733 3856 rium
775 3786 1178 3866 construxit,
1239 3786 1524 3857 Clotario
1573 3794 1754 3878 Rege
1789 3788 2076 3878 jubente
2106 3843 2121 3869 ,
2175 3799 2252 3858 ut
2301 3788 2367 3858 id
2413 3789 2626 3857 fieret.
2692 3791 2838 3869 Qua
2892 3789 2960 3856 in
3014 3809 3088 3857 re

553 3874 999 3946 acceleranda
1046 3875 1446 3967 diligentem
1494 3876 1556 3946 ei
1622 3891 1958 3946 navarunt
2014 3898 2334 3967 operam,
2379 3877 2584 3966 jussu
2637 3876 2861 3966 RegiS‚
2914 3880 3092 3965 Apo—

552 3966 835 4035 stolicus
883 3964 1262 4054 Episcopus
1308 3965 1612 4036 Pientius
1643 3978 1709 4034 et
1753 3967 2157 4056 Austrapius
2201 3965 2364 4035 dux.
2405 3972 2481 4035 In
2533 3964 2706 4034 illud
2748 3979 3091 4036 monaste—

551 4054 730 4123 rium
785 4069 1016 4124 sancta
1093 4054 1397 4146 Regina,
1454 4053 1698 4124 mundi
1768 4053 2116 4126 fallaciosa
2164 4054 2637 4124 blandimenta
2704 4074 3083 4143 respuens,

549 4142 860 4212 hilariter
907 4143 1217 4234 ingressa
1261 4156 1386 4223 est,
1450 4155 1527 4213 ut
1576 4142 2009 4232 perfectionis
2055 4143 2189 4214 sibi
2245 4154 2650 4212 ornamenta
2696 4141 2839 4211 illic
2891 4163 3085 4211 com-

555 4245 845 4320 pararet.
901 4237 1144 4321 Magna
1191 4246 1418 4302 autem
1472 4231 1859 4322 puellarum
1895 4232 2297 4319 frequentia,
2352 4232 2615 4302 Christo
2665 4251 2917 4322 sponso
2955 4230 3087 4299 im-

558 4319 824 4388 mortali
867 4320 1121 4390 ibidem
1169 4320 1474 4402 collecta,
1526 4321 1953 4391 Abbatissam
2002 4320 2400 4392 constituit:
2453 4333 2518 4391 et
2564 4331 2703 4390 tam
2749 4319 3076 4408 seipsam,

555 4428 761 4490 quam
796 4408 1029 4477 omnia
1061 4430 1187 4480 sua
1236 4409 1425 4479 illius
1475 4411 1873 4501 permittens
1921 4410 2255 4500 potestati,
2321 4409 2495 4479 nihil
2553 4409 2688 4482 sibi
2740 4428 3084 4480 reservare
