3308 5004
180 358 323 425 ΑΗΕ.
370 359 395 423 4
966 378 1046 426 nr.
1092 379 1147 426 s.
1201 378 1477 428 raiAno
1522 378 1801 428 muso
2470 363 2559 430 tc

240 462 379 546 §⁴-
427 460 723 548 Denique
769 474 922 551 post
969 462 1138 532 haec
1184 485 1344 533 cum
1405 465 1473 532 in
1525 466 1837 534 arborem
1886 485 2010 554 pro
2055 464 2353 552 quadam
2414 487 2649 536 neces-

177 548 327 617 sitate
350 549 777 631 ascendisset,
829 552 1081 634 subito,
1127 552 1368 622 colliso
1396 553 1528 622 sub
1563 553 1856 643 pedibus
1891 574 2104 634 ramo,
2153 575 2350 624 ruere
2396 556 2643 646 coepit,

177 637 499 725 cadensque
543 638 863 710 deorsum
905 662 1024 731 per
1071 642 1176 711 sin
1235 640 1408 722 ulos,
1434 663 1609 729 quos
1638 641 2081 732 percutiebat,
2116 664 2365 725 ramoS,
2401 644 2651 713 Christi

179 725 583 798 beatissimum
634 750 882 798 nomen
935 731 1174 799 invoca
1227 742 1295 800 at
1342 730 1623 800 dicens:
1679 731 1938 801 Christe
1966 732 2426 822 omnipotente,
2461 733 2650 803 salva

176 835 267 880 me.
310 819 597 903 Cumque
639 818 1057 907 pervenisset
1101 819 1186 888 ad
1240 832 1515 900 terram,
1574 819 1746 888 nihil
1786 832 1891 889 est
1943 819 2212 901 laesus,
2265 820 2383 890 sed
2423 822 2650 912 ajebat

172 922 423 991 semper:
459 905 886 996 Adjutorium
941 919 1249 977 nostrum
1281 909 1349 976 in
1397 908 1675 977 nomine
1703 908 1997 987 Domini,
2038 908 2161 995 qui
2186 908 2344 979 fecit
2381 911 2649 981 coelum

166 1004 213 1059 et
249 1004 495 1061 terram.
561 995 683 1064 His
745 1008 812 1065 et
856 995 1014 1067 aliis
1063 996 1432 1067 virtutibus
1478 997 1830 1067 animatus
1889 998 2112 1085 coepit
2160 997 2340 1068 intra
2390 1013 2651 1071 secreta

163 1080 346 1152 cordis
402 1083 643 1153 tacitus
688 1084 989 1174 cogitare
1018 1139 1034 1162 ,
1089 1084 1369 1154 dicens:
1432 1108 1469 1152 «
1518 1086 1586 1154 Si
1634 1089 1810 1155 Crux
1857 1085 2150 1165 Christi,
2203 1099 2270 1155 et
2316 1087 2651 1157 invocatio

164 1170 414 1241 notniuis
442 1172 615 1261 ejus,
654 1185 858 1260 atque
903 1173 1325 1263 adjutorium
1372 1173 1791 1263 postulatum
1828 1174 1914 1244 ab
1946 1196 2048 1254 eo,
2104 1187 2359 1244 tantam
2415 1190 2651 1266 poten-

162 1256 288 1325 tiam
334 1258 549 1341 habet,
608 1274 686 1330 ut
729 1283 972 1352 aspera
1020 1284 1338 1349 quaeque
1387 1262 1631 1332 mundi
1680 1262 2030 1343 devincat,
2088 1264 2470 1354 periculosa
2527 1263 2651 1333 ob-

158 1360 299 1426 ruat,
350 1350 790 1419 tentationum
826 1364 973 1421 atra
1006 1351 1327 1442 depellat,
1374 1366 1439 1420 et
1464 1352 1722 1432 omnia,
1755 1374 1931 1439 quae
1965 1365 2128 1422 sunt
2157 1352 2372 1422 seculi
2409 1353 2645 1443 hujuS,

156 1432 603 1507 oblectamenta
659 1459 780 1529 pro
814 1439 1029 1510 nihilo
1066 1454 1331 1531 reputet
1363 1463 1442 1510 ac
1490 1440 1828 1510 fastidiat:
1860 1440 2026 1528 quid
2060 1440 2232 1509 mihi
2259 1453 2326 1510 et
2360 1442 2645 1524 munde,

158 1522 263 1591 nisi
305 1538 373 1594 ut
418 1527 674 1597 relictis
719 1528 1046 1597 omnibus
1094 1551 1268 1617 quae
1316 1530 1467 1619 ejus
1515 1542 1718 1611 sunt,
1779 1530 1847 1597 in
1903 1529 2091 1599 illius
2140 1551 2378 1599 vacare
2435 1530 2651 1602 solius

155 1609 395 1681 debeam
444 1616 837 1704 obsequii3‚
888 1618 1091 1707 cujus
1167 1618 1470 1688 nominis
1542 1618 1969 1688 invocatione
2028 1639 2065 1686 a
2117 1618 2444 1708 periculis
2493 1641 2650 1689 sum

153 1699 414 1771 salvatus
457 1704 716 1792 iniquis
735 1709 807 1775 ἲ»
858 1711 934 1775 Et
978 1727 1299 1797 egressus
1328 1708 1416 1777 ab
1453 1706 1820 1796 hospitiolo
1860 1728 2009 1787 suo,
2045 1706 2301 1777 oblitus
2340 1721 2653 1798 parentes

151 1799 201 1855 et
241 1791 539 1876 patriam,
593 1796 902 1863 eremum
942 1796 1157 1885 petiit,
1202 1817 1285 1864 ne
1319 1797 1385 1864 in
1429 1796 1664 1865 seculo
1699 1795 2035 1865 habitanti
2073 1796 2649 1897 impedimentum

152 1874 391 1964 aliquod
429 1881 497 1950 in
539 1884 845 1953 oratione
878 1884 1121 1953 mundi
1171 1883 1537 1954 solicitudo
1570 1884 1932 1954 conferret.
1979 1890 2131 1985 Ipse
2170 1885 2406 1986 igitur,
2441 1884 2649 1955 simul

151 1977 201 2033 et
237 1968 445 2040 Abbas
495 1972 880 2052 sabaudus,
932 1973 1056 2059 qui
1100 1973 1450 2059 quondam
1505 1975 1709 2064 Regis
1754 1973 2028 2043 Clotari1
2066 1974 2378 2043 minister
2405 1973 2649 2053 fuerat,

153 2056 598 2140 poenitentiam
633 2062 1070 2150 accipienteS,
1130 2061 1720 2132 Windunitensem
1773 2062 2132 2132 Nannetici
2179 2062 2496 2132 territorii
2552 2063 2655 2130 in-

150 2142 335 2296 Bulam
404 2161 568 2218 sunt
614 2150 948 2241 aggressi.
1014 2151 1373 2220 Habebam
1444 2163 1674 2219 autem
1739 2173 1971 2220 secum
2036 2164 2104 2220 et
2163 2150 2649 2221 secundellum

190 2252 512 2307 laconum.

188 2322 243 2418 ,ξ
283 2329 366 2395 ὅ.
417 2326 644 2396 Abbas
711 2349 907 2408 vern,
963 2327 1190 2397 ablata
1239 2326 1322 2397 de
1370 2342 1595 2397 aratro
1654 2327 1920 2397 Domini
1976 2348 2222 2408 manu,
2277 2327 2364 2397 ab
2422 2327 2654 2398 insula

149 2405 512 2493 discedens,
573 2416 661 2485 ad
725 2417 1215 2487 monasterium
1295 2416 1532 2497 rediit,
1616 2438 1740 2486 nec
1812 2416 2029 2485 multo
2090 2427 2283 2507 post,
2366 2416 2655 2486 occultis

148 2500 359 2583 causis,
412 2504 647 2605 gladio
692 2518 796 2575 est
845 2519 1260 2596 peremptus.
1316 2510 1607 2577 Sanctus
1641 2529 1797 2575 vero
1840 2505 2161 2575 Friardus
2199 2528 2358 2575 cum
2395 2511 2654 2576 Secun-

149 2583 295 2658 dello
351 2597 654 2663 Diacono
712 2595 780 2663 in
858 2595 1256 2684 supradicta
1333 2595 1561 2664 insula
1636 2595 1820 2664 stetit
1886 2593 2304 2664 immobilis:
2359 2593 2656 2663 habebat

150 2685 335 2747 tamen
387 2694 680 2769 uterque
743 2704 982 2753 eorum
1053 2683 1400 2773 propriam
1460 2683 1827 2763 cellulam,
1884 2682 1999 2754 sed
2054 2681 2292 2773 procul
2343 2683 2521 2752 inter
2582 2703 2655 2752 se

150 2766 428 2849 positam.
484 2776 795 2859 Cumque
840 2785 1118 2842 strenue
1167 2773 1233 2841 in
1269 2774 1576 2842 oratione
1627 2772 2088 2873 persisterent,
2144 2783 2336 2840 nocte
2397 2775 2655 2841 Secun-

148 2848 294 2924 dello
336 2858 637 2930 Diacono
676 2861 997 2951 apparuit
1038 2874 1327 2931 tentator
1356 2863 1421 2930 in
1456 2882 1684 2952 specte
1719 2860 2009 2941 Domini,
2041 2859 2301 2930 dicens:
2335 2865 2473 2952 Ego
2495 2881 2651 2930 sum

149 2940 457 3029 christus,
527 2970 732 3036 quem
783 2950 1089 3037 quotidie
1136 2950 1563 3041 deprecaris:
1611 2950 1758 3038 jam
1825 2950 2010 3019 enim
2087 2961 2367 3020 sanctus
2420 2971 2539 3030 es,
2590 2961 2658 3017 et

150 3048 359 3104 nomen
411 3049 617 3107 tuum
690 3037 866 3108 libro
938 3040 1113 3110 vitae
1182 3062 1340 3109 cum
1415 3039 1702 3126 reliquis
1769 3037 2028 3108 sanctis
2091 3038 2262 3108 meis
2308 3037 2651 3129 ascripsi:

96 3183 99 3190 ,
150 3121 440 3218 Egredere
493 3148 689 3196 nunc
721 3127 810 3196 ab
851 3127 978 3196 hac
1027 3128 1283 3207 insula,
1337 3141 1403 3197 et
1442 3127 1699 3197 vadens
1731 3126 1838 3196 fac
1877 3127 2204 3196 sanitates
2245 3127 2314 3197 in
2346 3127 2654 3217 populis·

152 3209 244 3280 His
283 3225 344 3282 et
391 3214 509 3285 ille
561 3215 835 3286 illectus
881 3215 1429 3317 deceptionibuS‚
1483 3216 1802 3286 discessit
1846 3217 1935 3286 ab
1991 3215 2245 3295 insula,
2302 3215 2658 3316 necnsocio

152 3303 505 3374 nunciavit:
570 3317 792 3374 tamen
845 3327 1003 3374 cum
1056 3305 1356 3375 infirmis
1402 3306 1471 3374 in
1527 3305 1806 3374 nomine
1855 3305 2101 3374 Christi
2143 3325 2390 3372 manus
2438 3325 2659 3393 1mpo-

152 3403 320 3470 neret,
368 3393 827 3463 sanabantur.
882 3400 1255 3483 Regressus
1303 3406 1532 3463 autem
1576 3405 1728 3485 post
1779 3393 2072 3463 multum
2111 3405 2380 3482 tempus
2415 3391 2503 3460 ad
2553 3392 2656 3460 in-

153 3475 375 3570 sulam,
428 3481 623 3552 venit
666 3481 753 3550 ad
804 3484 1066 3553 socium
1133 3504 1293 3552 cum
1344 3505 1520 3552 vana
1583 3482 1846 3574 gloria,
1922 3481 2200 3551 dicens:
2253 3480 2401 3550 Abii
2470 3493 2658 3550 extra

157 3566 437 3658 insulam,
478 3583 549 3641 et
585 3570 869 3641 virtutes
916 3571 1170 3641 multas
1229 3572 1298 3640 in
1346 3570 1619 3673 populis
1669 3570 1820 3642 feci.
1883 3575 2191 3657 Cumque
2248 3569 2659 3641 conterritus

157 3649 243 3749 tlle
283 3657 765 3751 interrogaret,
824 3659 993 3748 quid
1046 3660 1172 3730 hoc
1233 3661 1367 3730 sib1
1430 3660 1677 3742 vellet,
1728 3670 1980 3730 cuncta
2010 3715 2025 3740 ,
2076 3680 2252 3746 quae
2300 3671 2653 3749 gesserat,

158 3744 518 3834 simpliciter
573 3748 835 3837 pandit.
888 3754 964 3818 At
1020 3750 1250 3818 senior
1294 3750 1815 3840 obstupescen3‚
1880 3748 2378 3839 suspiransque
2424 3769 2503 3816 ac
2558 3745 2662 3817 la-

157 3847 455 3919 crymanS,
493 3838 635 3908 ait:
690 3861 726 3904 «
759 3842 891 3908 Vae
925 3837 1146 3919 nobis,
1194 3840 1603 3926 inquantum
1637 3837 1871 3918 audi0,
1912 3859 1952 3906 a
2001 3849 2331 3906 tentatore
2374 3835 2662 3907 delusus

161 3936 236 3987 ss:
268 3924 448 4007 vade,
503 3948 637 4017 age
684 3927 1200 4015 poenitentiam,
1256 3950 1341 3997 ne
1386 3927 1568 3997 ultra
1616 3927 1737 3996 tibi
1786 3925 2218 4017 praevaleant
2264 3926 2416 4014 ejus
2448 3923 2656 3993 doli.»

162 4008 310 4106 Quod
352 4015 469 4085 ille
520 4015 941 4106 intelligenS‚
995 4028 1063 4085 et
1110 4017 1367 4107 perisse
1413 4038 1488 4085 se
1550 4016 1842 4096 timens,
1895 4036 2054 4084 cum
2108 4015 2273 4083 fletu
2319 4013 2403 4083 ad
2456 4012 2665 4115 pedes

167 4112 274 4183 ejus
302 4104 783 4191 prosternitur,
843 4127 1096 4195 rogans
1136 4119 1212 4173 ut
1255 4127 1379 4195 pro
1427 4127 1498 4175 se
1534 4105 1901 4174 Dominum
1953 4103 2458 4194 deprecaretur.
2513 4107 2659 4185 Cui,

172 4189 372 4273 «Veni,
416 4193 678 4281 inquit,
717 4205 785 4263 et
848 4195 1103 4284 pariter
1137 4193 1288 4282 ejus
1335 4193 1904 4283 omnipotentiam
1957 4213 2080 4282 pro
2129 4190 2349 4261 salute
2395 4191 2667 4262 animae

174 4281 282 4374 mae
320 4301 735 4370 poseamus:
784 4304 919 4353 non
968 4295 1067 4353 est
1114 4282 1296 4350 enim
1348 4281 1653 4352 difficilis
1688 4282 2018 4352 Dominus
2065 4302 2138 4351 se
2178 4279 2667 4351 confitentibus

178 4371 449 4449 misereri,
505 4393 672 4441 cum
710 4372 858 4462 ipse
891 4393 1012 4462 per
1040 4371 1444 4460 Prophetam
1474 4371 1696 4441 dicat:
1749 4374 1913 4441 Nolo
1958 4381 2237 4440 mortem
2276 4375 2660 4460 peccatoris,

181 4454 253 4520 “d
286 4469 352 4527 ut
388 4471 837 4543 convertatur,
869 4471 934 4530 et
978 4462 1236 4530 vivat.»
1269 4462 1643 4532 orantibus
1675 4459 2074 4531 autemillis
2104 4459 2380 4531 advenit
2411 4460 2665 4529 iterum

287 4580 517 4640 surius
549 4613 566 4625 ·
603 4579 767 4640 Vitae
788 4579 902 4641 88.
926 4611 951 4624 -
978 4577 1107 4640 Vol.
1139 4578 1295 4640 VIII.
2469 4581 2509 4636 4
