3308 5004
185 376 380 443 AUG.
432 377 518 441 29
799 391 867 441 m
913 390 1109 440 rzsro
1159 391 1493 441 naconem.
1551 394 1607 440 s,
1659 392 1886 441 solinu.
1938 393 2120 441 narr.
2525 375 2654 439 7⁴9

182 478 283 549 sic
333 477 640 558 dixisset,
679 475 1050 567 diligenter
1098 479 1467 567 praecepit,
1504 490 1580 547 ut
1628 478 1697 546 in
1735 477 1926 548 omni
1962 477 2242 564 quidem
2277 477 2538 547 honore
2568 476 2739 545 illud

180 565 504 638 haberet:
545 565 612 635 id
657 586 835 646 vero,
871 565 1054 653 quod
1092 566 1469 647 celabatur,
1518 566 1672 658 ipsa
1733 575 1892 637 non·
1921 567 2115 656 prius
2153 568 2472 656 aperiret,
2529 587 2742 654 quam

180 655 269 727 iis
307 677 483 743 quos
533 654 720 725 novit
771 654 994 724 modis
1044 659 1458 726 Praecursor
1505 656 1652 745 ipse
1701 654 1770 725 id
1836 654 2228 726 faciendum
2290 655 2740 746 significaret.

181 749 325 816 Hoc
364 759 590 814 autem
623 742 861 834 jussit,
900 743 1185 816 fortasse
1217 744 1691 826 consideranS,
1726 744 1910 832 quod
1947 745 2067 832 qui
2103 766 2309 815 suum
2345 745 2739 823 Dominum,

184 856 342 906 curn
386 832 619 903 adhuc
658 845 836 903 esset
886 832 1066 903 intra
1091 846 1391 916 uterum,
1427 856 1559 905 non
1612 835 1974 925 ignoravit,
2030 832 2146 903 sed
2183 834 2250 902 in
2290 846 2520 902 ventre
2543 833 2741 903 exul-

187 923 415 1004 tand0,
437 943 596 993 eum
631 921 1087 1022 significavit:
1122 924 1180 992 is
1205 923 1407 993 etiam
1440 936 1593 1014 post
1621 935 1908 993 mortem
1936 924 2173 1012 caps3,
2208 934 2557 1011 tamquam
2583 944 2746 990 ven-

187 1023 308 1093 tre,
364 1023 591 1092 utem,
635 1023 972 1100 seipsum,
1004 1033 1164 1081 cum
1195 1011 1418 1094 vellet,
1456 1024 1635 1084 esset
1684 1011 2184 1081 declaraturus,
2238 1016 2450 1098 Atque
2496 1032 2746 1099 quam-

185 1101 307 1170 diu
356 1099 667 1188 quidem,
702 1099 922 1169 sorori
973 1100 1222 1187 inquit,
1265 1100 1535 1182 vixeris,
1591 1100 1745 1170 vide
1779 1113 1856 1172 ut
1892 1100 2121 1171 omnis
2162 1100 2382 1187 honor
2418 1111 2483 1170 et
2511 1099 2742 1169 cultus

182 1189 245 1260 ei
286 1201 617 1260 servetur:
675 1203 1042 1278 postquam
1076 1203 1303 1259 autem
1357 1190 1610 1260 videris
1658 1204 1853 1261 tuum
1906 1211 1996 1280 ap
2050 1193 2467 1279 ropinquare
2513 1187 2746 1257 deces-

184 1301 369 1358 sum,
425 1276 609 1368 apud
663 1276 965 1379 aliquem
1020 1277 1241 1347 virum
1347 1278 1488 1349 ium
1524 1291 1628 1349 est
1667 1279 1780 1347 hic
1814 1278 1939 1348 tibi
2019 1278 2423 1369 eponendus
2468 1277 2745 1347 thesau-

184 1390 329 1438 rus.
371 1367 481 1437 Sic
527 1387 690 1456 ergo
742 1364 1017 1445 mulier,
1070 1389 1278 1454 quam
1338 1368 1411 1437 iu
1454 1367 1698 1438 habuit
1741 1367 2022 1455 quidem
2071 1389 2350 1457 corpm,
2403 1366 2743 1437 alacritati

181 1455 402 1526 animi
436 1456 763 1533 serviens,
807 1455 1076 1525 curavit
1102 1455 1427 1525 mandata
1459 1455 1715 1537 fratris,
1746 1469 1812 1526 et
1853 1457 1923 1525 in
1961 1455 2321 1527 serviendo
2354 1455 2742 1526 venerando

182 1545 392 1635 capiti
468 1565 602 1613 non
666 1543 798 1614 fuit
847 1543 1231 1635 negligens.
1302 1549 1668 1632 Postquam
1736 1558 1965 1615 autem
2044 1546 2351 1634 pervenit
2396 1546 2602 1614 etiam
2651 1544 2738 1614 ad

184 1645 636 1715 senectutem,
673 1646 739 1702 et
780 1631 865 1702 ad
919 1634 1384 1703 necessarium
1429 1634 1916 1704 exsolvendum
1968 1634 2276 1704 debitum
2344 1655 2531 1703 mors
2561 1645 2739 1702 'eam

184 1723 493 1802 vocabat,
522 1719 763 1813 implet
793 1721 904 1791 hic
939 1743 1216 1809 quoque
1245 1722 1692 1794 mandatum:
1722 1735 1789 1793 et
1812 1723 1997 1812 apud
2025 1722 2422 1810 quemdam,
2453 1722 2573 1809 qui
2606 1744 2741 1790 non

180 1811 408 1882 solum
443 1811 788 1901 pietatem,
823 1809 942 1880 sed
975 1811 1178 1880 etiam
1216 1812 1598 1881 castitatem
1632 1812 1766 1881 sibi
1792 1812 2218 1891 vendicabat,
2258 1810 2542 1900 deponit
2591 1811 2738 1880 the-

177 1921 493 1979 saurum,
547 1921 626 1969 ea
663 1898 1007 1968 mandans
1031 1899 1353 1969 similiter
1381 1923 1560 1989 quae
1601 1901 1734 1972 sibi
1765 1922 2043 1988 quoque
2075 1899 2401 1969 mandata
2432 1899 2731 1969 fuerant.

271 1990 309 2076 ξ
357 1993 441 2060 -Ι,
498 1987 589 2056 Ad
643 1987 900 2058 multos
940 2010 1103 2079 ergo
1159 1987 1399 2058 eodem
1469 1988 1674 2059 modo
1735 1989 1997 2060 donum
2059 1990 2428 2069 transiens,
2487 1987 2741 2057 deinde
2835 2043 2844 2056 .

176 2077 384 2147 etiam
423 2075 506 2147 ad
558 2075 932 2234 guemdam
976 2078 1453 2160 Eustachium,
1500 2079 1919 2148 monachum
1953 2078 2232 2170 quidem
2283 2091 2349 2147 et
2392 2077 2743 2168 presbyte-

179 2188 367 2246 rum,
408 2164 521 2234 sed
611 2166 868 2235 iversae
915 2166 1005 2236 ab
1037 2166 1434 2238 orthodoxis
1472 2169 1873 2247 sententiae,
1918 2180 1984 2236 et
2032 2189 2166 2235 non
2219 2167 2739 2236 convenientem

179 2275 341 2325 cum
401 2253 488 2324 iis
535 2253 657 2342 qui
715 2253 801 2323 de
860 2253 997 2324 fide
1047 2269 1225 2325 recte
1274 2256 1682 2337 sentiebant,
1742 2258 2000 2327 bonum
2054 2254 2226 2324 illud
2306 2254 2526 2323 venit:
2579 2276 2739 2323 cum

180 2343 639 2431 ignorassent,
677 2356 755 2413 ut
802 2343 1121 2426 arbitror,
1159 2344 1279 2431 qui
1311 2345 1797 2435 deposuerant,
1838 2344 2215 2413 sententiae
2243 2342 2733 2412 diversitatem.

177 2433 253 2501 Ei
307 2453 460 2501 vero
497 2454 629 2501 non
685 2431 813 2502 hoc
847 2430 1099 2514 solum,
1154 2432 1269 2502 sed
1327 2454 1521 2502 mens
1553 2454 1829 2522 quoque
1867 2444 2012 2502 erat
2047 2453 2385 2521 perversa,
2415 2443 2481 2500 et
2516 2451 2739 2499 mores

176 2522 680 2592 conveniebant
715 2522 778 2590 ei
809 2522 989 2609 quod
1034 2523 1395 2593 sentiebat.
1450 2522 1666 2609 quue
1698 2521 1896 2592 facile
1949 2521 2223 2613 probari
2278 2533 2517 2609 potest.
2549 2525 2738 2603 Quae

174 2611 361 2680 enim
412 2611 705 2681 iaciebat
750 2610 934 2697 quod
982 2611 1171 2699 apud
1235 2632 1393 2681 eum
1444 2612 1822 2691 celabatur,
1878 2623 1945 2680 et
2000 2633 2178 2698 quae
2240 2609 2479 2679 divina
2527 2610 2734 2700 signa

176 2699 619 2789 operabatur,
675 2698 806 2769 sibi
857 2699 1171 2790 improbe
1206 2699 1321 2769 ille
1357 2699 1617 2789 impius
1667 2700 2126 2781 adscribebat,
2166 2712 2231 2770 et
2279 2698 2391 2768 sur
2437 2714 2581 2768 erat
2636 2698 2736 2768 si-

182 2786 377 2869 mul,
435 2787 1000 2888 pretiosissimam
1073 2788 1337 2858 thecam
1394 2787 1654 2857 habens
1705 2802 2056 2876 tamquam
2140 2787 2621 2878 marsupium,
2676 2800 2740 2857 et

178 2896 317 2943 non
363 2897 595 2946 minus
641 2897 818 2963 quae
868 2876 1145 2957 fiebant,
1185 2897 1393 2963 quam
1436 2899 1613 2963 quae
1665 2877 2248 2957 immittebantur,
2302 2879 2732 2968 cauponans,

176 2974 255 3033 ut
287 2963 404 3050 qui
438 2964 722 3034 omnino
772 2963 1154 3045 simularet,
1194 2977 1260 3034 et
1290 2985 1368 3033 ea
1403 2964 1486 3033 ad
1538 2987 1611 3036 se
1647 2966 1965 3036 traheret.
2000 2971 2141 3036 Non
2194 2978 2459 3055 oportet
2506 2980 2737 3035 autem

175 3052 464 3121 omnino
510 3052 868 3133 admirari,
921 3054 981 3124 si
1022 3054 1164 3122 viro
1206 3052 1324 3124 tali
1375 3066 1511 3124 tam
1576 3055 1950 3143 pretiosum
2002 3069 2213 3146 caput
2264 3055 2565 3144 Baptista
2618 3076 2738 3124 su-

176 3140 423 3210 stinuit
469 3142 829 3212 committi.
869 3140 1045 3225 Quid
1096 3142 1310 3223 enim,
1342 3143 1463 3230 qui
1509 3143 1672 3214 etin
1720 3142 2073 3235 improbae
2126 3143 2442 3213 mulieris
2484 3165 2736 3213 manus

177 3228 375 3330 prius
417 3230 670 3313 venire,
722 3243 789 3301 et
836 3232 923 3301 ab
972 3253 1052 3301 ea
1100 3231 1481 3302 abscondi:
1536 3231 1756 3302 multo
1804 3245 2030 3302 autem
2090 3232 2314 3320 magis
2361 3230 2482 3318 qui
2530 3232 2736 3301 etiam

172 3317 371 3388 illam
423 3317 645 3409 ipsam
679 3319 1012 3391 sustinuit
1059 3320 1312 3390 habere
1337 3342 1619 3391 causam
1657 3321 2208 3409 amputationis?
2229 3320 2541 3390 Tandem·
2577 3342 2738 3390 vero

170 3404 308 3477 fuit
355 3407 661 3490 evidenS,
763 3429 1054 3478 uaenam
1105 3423 1283 3479 esset
1310 3410 1462 3479 e'us
1512 3410 1874 3480 sententia.
1910 3411 2202 3481 Favebat
2249 3422 2476 3480 autem
2513 3412 2728 3490 Arrio,

172 3509 243 3568 et
288 3496 525 3569 eodem
580 3519 729 3567 mor
779 3519 843 3579 o,
896 3519 1034 3585 quo
1082 3499 1218 3580 ille,
1280 3498 1343 3568 la
1396 3498 1659 3568 orabat.
1712 3503 1992 3589 Propter
2041 3499 2263 3590 ipsam
2301 3499 2531 3587 itaque
2572 3499 2738 3570 hae-

173 3586 386 3656 resim
436 3586 675 3656 eadem
728 3586 895 3657 hora
943 3588 1309 3677 expellitur
1354 3608 1434 3656 ex
1481 3587 1755 3658 civitate
1781 3593 2304 3669 Emesenorum‚
2353 3587 2551 3658 valde
2584 3589 2739 3675 qui-

172 3674 332 3744 dem
370 3697 621 3767 rogans
668 3688 734 3745 et
779 3675 1175 3758 obsecrans,
1215 3690 1291 3746 ut
1325 3699 1550 3746 unum
1601 3676 1826 3747 solum
1879 3677 2061 3748 diem
2113 3678 2248 3747 sibi
2310 3677 2543 3747 liceret
2593 3699 2738 3745 ma-

171 3786 336 3835 nere
372 3765 440 3833 in
486 3765 922 3835 monasterio,
956 3770 1122 3836 Cum
1164 3787 1297 3836 non
1332 3765 1572 3837 suisset
1602 3781 1831 3836 autem
1865 3766 2230 3837 exauditus
2258 3765 2514 3856 (neque
2543 3765 2734 3835 enim

175 3852 555 3944 oportebat,
628 3875 787 3923 cum
837 3854 1120 3926 divinus
1171 3877 1303 3924 non
1396 3855 1817 3944 permitteret
1886 3861 2344 3937 Praecursor,
2421 3854 2736 3924 futurum

177 3940 448 4010 malum
499 3943 774 4034 egregie
849 3943 1321 4034 prospiciens:
1375 3944 1657 4014 Volebat
1725 3944 1907 4014 enim
1984 3944 2358 4015 sceleratus
2418 3943 2735 4013 divinum

178 4042 388 4119 caput
426 4053 662 4102 secum
696 4032 1032 4134 accipere,
1076 4047 1152 4103 ut
1179 4055 1426 4105 rursus
1459 4034 1830 4113 furaretur,
1857 4046 1922 4104 et
1955 4034 2085 4106 sibi
2128 4034 2524 4115 attribuere,
2561 4054 2739 4119 quae

178 4118 268 4188 ab
313 4118 434 4190 illo
470 4120 729 4191 fiebant
780 4121 1140 4203 miracula,
1196 4136 1262 4192 et
1308 4124 1409 4193 sic
1470 4144 1847 4214 procurare
1878 4179 1894 4206 ,
1961 4135 2038 4193 ut
2087 4122 2391 4193 haeresis
2439 4135 2619 4192 recte
2667 4144 2739 4191 se

178 4204 473 4308 habere,
527 4223 595 4280 et
650 4214 786 4280 Deo
832 4225 1025 4303 grata
1074 4233 1223 4281 esse
1294 4212 1701 4302 videretur)
1746 4212 1863 4281 ille
1909 4210 2192 4300 quidem
2263 4210 2492 4280 malus
2558 4208 2737 4279 male

181 4299 827 4479 statlmtexfellitur
865 4324 879 4368 :
933 4312 1144 4390 caput
1173 4313 1402 4371 autem
1456 4323 1725 4387 rursm,
1764 4301 1858 4371 ita
1893 4314 1969 4371 ut
1996 4314 2162 4385 erat,
2209 4312 2443 4370 manet
2479 4299 2551 4367 in
2590 4320 2737 4367 mo-

179 4397 488 4457 nasterlo
569 4394 666 4473 a).
2553 4411 2560 4416 ·

226 4510 292 4563 (Β)
318 4512 529 4567 othelm
553 4513 664 4559 hinc
690 4514 860 4571 incipit
878 4515 1087 4560 suffundi
1105 4516 1442 4560 Inventionum
1460 4518 1510 4559 ct
1528 4517 1913 4561 Trmlauonum
1930 4516 2107 4568 captus
2124 4517 2170 4559 Β.
2181 4518 2426 4557 Paeoni-a.
2435 4513 2647 4555 historia.
2662 4512 2739 4553 In-
