3308 5004
759 317 887 383 598
1331 332 1412 380 os
1458 332 1513 379 s.
1568 330 1865 381 mmmm
1911 329 2112 381 susc.
2166 330 2532 382 immone.
2897 313 3104 382 AUG.
3161 315 3238 381 24

667 418 996 489 adversus
1045 426 1394 507 parentem
1443 428 1806 498 exerceret,
1858 428 1927 487 at
1973 416 2091 486 ille
2139 428 2366 487 tamen
2400 416 2660 487 monita
2705 414 2858 517 ejus
2888 416 3240 487 salutaria

673 508 917 578 audire
965 506 1207 576 noluit.
1248 505 1375 575 Sed
1428 528 1564 575 non
1596 505 1812 576 multo
1859 518 2079 595 posta
2119 510 2251 576 Deo
2278 527 2676 597 percussuS,
2728 505 3244 596 impiissimam

672 597 977 667 animam
1025 593 1389 674 exhalavit,
1441 594 2033 682 quemadmodum
2080 595 2143 665 ei
2176 593 2280 664 vir
2331 594 2444 664 Dei
2478 606 2634 664 ante
2677 594 3156 685 praedixerat.

762 693 801 768 ἓ
847 686 995 757 81.
1049 688 1208 754 Orta
1256 694 1485 753 autem
1538 682 1889 754 discordia
1936 683 2115 754 inter
2169 687 2467 755 Francos
2522 696 2588 753 et
2632 685 3076 765 AustrasiOS,
3142 685 3244 753 vir

670 774 913 845 beatus
958 771 1480 863 componendae
1528 773 1722 863 pacis
1768 774 1980 844 causa
2021 771 2372 842 Coloniam
2424 772 2628 842 venit.
2670 772 2796 843 Ubi
2844 795 3010 843 cum
3056 796 3240 843 mar·

674 877 900 954 tyrum
953 872 1403 931 monumenta
1477 860 1962 952 perlustraret,
2017 872 2221 950 atque
2268 882 2397 932 suo
2447 882 2636 932 more
2714 860 3086 950 Reliquias
3168 885 3242 932 ex

668 973 907 1022 eorum
960 949 1430 1020 monumentis
1478 950 1767 1031 ablatas,
1823 972 2056 1020 secum
2110 971 2363 1041 magno
2410 972 2570 1021 curn
2623 950 2882 1021 honore
2930 951 3242 1042 abspor-

670 1053 863 1122 taret,
916 1039 1198 1110 obvium
1232 1038 1476 1109 habuit
1515 1051 1789 1110 mutum
1824 1039 2222 1127 quemdam,
2273 1039 2396 1126 qui
2446 1039 2595 1129 jam
2645 1038 2848 1109 annis
2899 1040 3238 1111 undecim

668 1128 945 1199 nullum
993 1128 1319 1216 cuiquam
1371 1128 1660 1198 verbum
1730 1127 2041 1200 fudisset.
2102 1128 2417 1198 Permisit
2465 1140 2693 1198 autem
2748 1129 3101 1198 Dominus
3155 1144 3241 1200 tot

666 1218 872 1289 annis
920 1217 1121 1287 illum
1171 1217 1272 1286 sic
1321 1238 1724 1308 permanere
1781 1217 1852 1286 in
1920 1216 2166 1286 famuli
2222 1217 2331 1287 sui
2378 1216 2685 1287 Audoeni
2736 1216 3113 1299 honorem,
3168 1233 3238 1287 ut

668 1330 792 1408 per
836 1328 994 1376 eum
1028 1305 1318 1376 facultas
1350 1306 1412 1375 ei
1461 1305 1788 1395 loquendi
1838 1307 2332 1388 restitueretur,
2384 1305 2602 1376 etdiu
2651 1318 2885 1377 tacens
2955 1306 3232 1398 lingua,

667 1419 740 1464 ιη
793 1394 1040 1465 Christi
1089 1393 1330 1465 laudes
1356 1407 1770 1485 erumperet.
1825 1394 2121 1486 Illiergo
2149 1407 2340 1465 muto
2370 1395 2474 1463 vir
2510 1394 2623 1465 Dei
2673 1394 2955 1484 signum
2992 1397 3236 1467 Crucis

667 1484 1065 1575 impressit,
1119 1494 1330 1574 caput
1402 1484 1553 1574 ejus
1601 1484 2072 1574 consignans:
2147 1504 2441 1571 moxque
2501 1483 2734 1554 locuta
2777 1495 2879 1554 est
2928 1482 3232 1576 lingua.

671 1573 915 1643 tandiu
962 1586 1215 1643 tacens.
1255 1577 1424 1642 Tum
1457 1595 1615 1643 vero
1665 1573 1841 1642 inter
1888 1571 2241 1642 discordes
2285 1571 2577 1662 populos
2620 1573 3007 1670 instaurato
3043 1575 3234 1663 pacis

667 1662 960 1744 foedere,
996 1661 1157 1731 inde
1204 1661 1566 1732 discedens
1615 1662 1686 1730 in
1736 1662 2149 1741 Neustriam,
2221 1661 2607 1731 virdunum
2665 1662 3003 1751 pervenit.
3064 1667 3232 1733 Cum

669 1765 898 1822 autem
951 1751 1021 1820 in
1070 1750 1223 1838 ejus
1256 1751 1453 1821 urbis
1501 1747 1864 1821 ecclesiam
1894 1749 2397 1841 ingrederetur,
2432 1750 2686 1820 mulier
2722 1751 3033 1837 quadam
3077 1751 3230 1822 dae·

667 1840 986 1910 moniaca
1054 1839 1278 1908 vexari
1327 1840 1549 1930 coepit
1607 1838 2130 1909 miserabiliter:
2197 1838 2661 1927 frendensque
2725 1838 3112 1919 dentibus.
3168 1842 3229 1910 in

668 1929 897 1997 virum
947 1928 1062 1996 Dei
1110 1926 1354 2018 rapido
1384 1950 1596 1997 cursu
1646 1928 2120 1998 invehebatur.
2171 1932 2248 1997 At
2300 1928 2404 1998 vir
2449 1928 2691 1998 beatus
2754 1950 2973 1997 manu
3025 1945 3234 2020 caput

667 2017 819 2106 ejus
855 2016 1224 2107 stringenS,
1258 2015 1416 2086 ilico
1464 2016 1871 2087 daemonem
1911 2017 2132 2106 eJecit,
2165 2038 2547 2105 sanamque
2582 2016 2770 2086 illam
2816 2019 3230 2104 parentibus

671 2104 993 2175 reddidit.
1051 2104 1215 2175 Inde
1263 2104 1347 2174 ad
1429 2105 1763 2196 palatium
1831 2107 2161 2186 venienS,
2217 2126 2394 2193 quae
2441 2106 2525 2175 de
2572 2103 3016 2175 conficienda
3073 2130 3235 2197 pace

668 2215 993 2285 prospere
1041 2194 1385 2285 gessisset,
1440 2206 1693 2264 cuncta
1739 2195 2125 2285 explicavit.
2181 2194 2308 2263 Sed
2352 2194 2500 2282 jam
2551 2206 2823 2283 tempus
2861 2209 2998 2274 est,
3039 2197 3232 2265 ‘utde

671 2282 1154 2374 pretiosissimi
1203 2283 1329 2352 viri
1376 2283 1571 2353 obitu
1601 2283 1915 2353 calamus
1964 2295 2194 2354 noster
2239 2282 2577 2371 quaedam
2629 2294 2930 2358 annotet.

755 2374 791 2530 ἓ
837 2376 1001 2443 82.
1053 2375 1245 2441 Anno
1278 2445 1283 2451 ,
1314 2372 1526 2462 igitur
1582 2371 2042 2442 decimosexto
2087 2371 2121 2406 ⁴*
2173 2372 2366 2462 regni
2438 2371 2839 2441 Theodorici
2891 2374 3113 2463 Regis
3178 2391 3232 2442 et

669 2460 761 2532 Ch
795 2460 1090 2531 odoildis
1125 2467 1217 2531 Re
1270 2461 1461 2541 inae,
1515 2483 1623 2531 res
1674 2460 1909 2551 palatii
1958 2459 2485 2533 administrante
2535 2465 2921 2531 Warattone
2983 2463 3231 2534 subre-

667 2551 856 2640 gulO,
910 2550 1095 2640 apud
1131 2550 1220 2619 vil
1257 2572 1365 2620 am
1419 2550 1847 2641 Clypiacum‚
1904 2551 2021 2621 ubi
2072 2561 2219 2619 turn
2261 2551 2364 2619 vir
2404 2551 2645 2620 beatus
2689 2549 2775 2619 de
2824 2572 3004 2640 pace
3061 2554 3234 2622 inter

666 2644 1088 2739 Francorum
1125 2639 1417 2729 populos
1464 2640 1838 2710 constituta
1870 2639 2208 2709 nuncium
2262 2640 2604 2719 attulerat,
2651 2638 2798 2725 jam
2854 2639 3235 2731 longaevae

554 2804 559 2807 ,
665 2729 906 2798 aetatis
946 2749 1136 2798 sento
1183 2726 1560 2808 confectuS,
1600 2729 1669 2797 in
1711 2730 2028 2799 morbum
2082 2727 2350 2798 incidit.
2387 2728 3008 2819 Appropinquabat
3043 2732 3234 2799 enim

554 3536 568 3553 ⁸
663 3525 783 3595 red

665 2816 815 2887 dies
840 2830 1136 2907 optatuS,
1173 2839 1308 2904 quo
1358 2817 1681 2908 cupiebat
1714 2816 2022 2899 dissolvi,
2068 2830 2133 2887 et
2157 2838 2307 2887 esse
2351 2839 2511 2886 cum
2545 2817 2850 2887 Christo:
2910 2822 3236 2907 terraque

665 2906 928 2985 relicta,
987 2918 1343 2995 penetrare
1390 2904 1640 2984 coelos
1676 2919 1742 2975 et
1783 2906 2009 2975 videre
2049 2906 2197 2996 jam
2244 2905 2418 2975 facie
2465 2905 2549 2974 ad
2588 2905 2860 2985 faciem,
2910 2905 3094 2993 quod
3153 2909 3231 2976 in

663 2995 1050 3084 aenigmate
1093 2993 1518 3084 jampridem
1570 2993 1872 3064 vidisset.
1910 2999 2216 3081 Cumque
2260 2993 2569 3065 febribus
2616 3016 2876 3083 corpus
2909 3007 3236 3065 attenua-

664 3095 874 3163 retur,
913 3097 977 3153 et
1024 3083 1287 3154 obitum
1324 3105 1530 3152 suum
1562 3083 1710 3170 jam
1748 3083 2135 3165 imminere,
2167 3095 2498 3164 cerneret,
2544 3083 2949 3153 obsecrabat
2990 3086 3238 3153 Domi·

666 3194 862 3250 num,
901 3185 980 3241 ut
1028 3194 1191 3241 suas
1224 3193 1383 3241 oves
1417 3171 1666 3242 idoneo
1702 3171 1955 3260 pastori
1985 3172 2413 3242 committere
2453 3173 2885 3262 dignaretur.
2922 3173 3237 3261 Denique

661 3258 1069 3329 hortabatur
1118 3266 1393 3350 Regem,
1450 3273 1527 3330 ut
1560 3260 1882 3330 Abbatem
1934 3261 2347 3332 Ansbertum
2398 3261 2531 3330 sibi
2580 3261 2830 3331 faceret
2873 3284 3236 3333 successo-

661 3349 1084 3436 remz-quod
1134 3362 1199 3418 et
1245 3349 1503 3417 factum
1550 3362 1675 3418 est.
1710 3354 2059 3418 Postremo
2108 3348 2284 3420 fusis
2319 3350 2403 3419 ad
2447 3350 2813 3419 Dominum
2869 3351 3234 3440 precibus,

666 3459 943 3594 gregem
978 3438 1110 3507 sibi
1160 3436 1501 3527 creditum
1540 3436 1640 3507 illi
1675 3437 1911 3507 devote
1943 3438 2475 3518 commendavit,
2515 3451 2718 3526 atque
2748 3436 2846 3506 ita
2896 3441 3239 3528 spiritum

844 3525 966 3598 idit
1013 3527 1082 3595 in
1135 3549 1387 3595 manus
1453 3527 1833 3608 Creatoris,
1903 3527 2318 3605 coelestibus
2365 3528 2595 3597 choris
2643 3527 3078 3603 sociandum
3111 3585 3131 3613 ,
3185 3544 3241 3599 et

666 3614 886 3705 gloria
921 3615 1341 3705 sempiterna
1395 3616 1693 3705 paradisi
1744 3615 2145 3686 fruiturum.
2194 3616 2387 3686 Rexit
2433 3629 2659 3686 autem
2712 3615 3241 3710 Rothomagen·

665 3726 808 3773 sem
857 3704 1215 3774 ecclesiam
1267 3727 1488 3774 annos
1526 3705 1988 3795 quadraginta
2035 3718 2100 3774 et
2134 3719 2294 3787 treS,
2354 3727 2624 3779 menses
2675 3718 2848 3783 tres,
2909 3705 3079 3777 dies
3129 3710 3242 3779 de·

663 3816 838 3863 cem.
894 3794 1410 3883 Nonagenarius
1446 3794 1765 3884 migravit
1798 3794 1882 3862 ad
1920 3794 2290 3863 Dominum
2336 3815 2517 3864 nono
2545 3793 2878 3864 Calendas
2915 3799 3244 3887 Septem—

663 3882 830 3963 b'ris,
885 3882 996 3951 die
1031 3883 1407 3963 DominiCO,
1461 3904 1645 3953 anno
1694 3883 1781 3952 ab
1831 3882 2305 3953 incarnatione
2340 3883 2586 3953 Christi
2622 3885 3150 3959 sexcentesimo
3185 3890 3244 3921 ⁸⁸

666 3971 1254 4062 septuagesimose
1309 3972 1501 4040 timo.

753 4062 789 4146 ξ
834 4064 998 4131 88.
1053 3995 1445 4150 completur
1504 4056 1762 4129 interea
1811 4058 2003 4130 luctu
2052 4059 2315 4151 ingenti
2384 4056 2635 4129 domus
2706 4059 2946 4149 regia,
3009 4068 3245 4135 omnis

668 4149 973 4238 palatina
1006 4148 1308 4239 dignitas
1347 4160 1622 4228 moeret,
1664 4148 1890 4218 omnis
1939 4148 2332 4218 sublimitas
2391 4147 2822 4228 humiliatur,
2881 4153 3245 4237 gaudium

666 4259 870 4307 omne
919 4238 985 4307 in
1033 4237 1411 4308 lamentum
1480 4238 1805 4317 vertitur,
1864 4236 2049 4307 risus
2098 4237 2326 4307 omnis
2391 4236 2822 4315 excluditur,
2877 4237 3246 4335 plangunt

718 4402 742 4423 ‘¹
772 4401 1040 4449 Lege-ndum
1061 4400 1360 4447 arbitramur.
1379 4405 1510 4444 recta
1529 4400 1860 4452 chronologiis:
1883 4400 2224 4442 decimotertio.

718 4453 771 4478 ¹⁸²*
800 4454 1231 4502 Anachronysmum
1251 4455 1382 4495 deme
1406 4456 1625 4504 legendo:
1647 4454 1934 4506 octogesimo
1953 4458 2137 4505 quarto.
