3308 5004
730 325 855 390 454
1639 341 1720 388 mr
1768 341 1822 389 s.
1877 337 2182 389 nonnneo
2878 320 3045 387 AUG.
3081 320 3114 386 l

624 437 721 497 et·
751 425 1062 517 puritas,
1113 436 1192 496 ut
1236 424 1550 496 omnium
1608 425 1681 493 in
1732 446 1810 496 se
1851 423 2388 515 etadspectum-
2428 438 2496 493 et
2555 424 2858 494 affectum
2920 443 3121 513 prouo-

636 527 844 585 caret.
882 520 1041 584 Erat
1070 517 1333 584 statura
1360 512 1714 595 mediocri,
1749 535 2042 606 corpore
2066 513 2333 605 gracili,
2375 512 2665 614 pulchra
2693 511 2863 581 facie
2904 511 3123 581 etsub-

622 601 1053 674 rubicunda:
1106 603 1361 673 barbae
1385 616 1452 674 et
1488 624 1567 673 ca
1623 602 1899 673 illorum
1943 602 2280 674 subrufus
2305 601 2396 672 alt
2448 613 2917 673 uantumerat
2942 598 3121 669 color.

622 696 682 763 A
727 691 950 762 fronte
993 692 1257 783 ejus‘et
1303 693 1579 784 superci
1608 691 1699 762 iis
1743 692 2029 779 quidam
2098 692 2294 762 lueis.
2333 713 2409 761 ra
2459 691 2512 760 ii
2560 691 2883 760 micantes
2928 687 3126 757 vibra·
3239 771 3240 782 χ

628 781 911 862 bantur,
963 793 1252 851 cunctos
1303 780 1389 850 ad
1437 781 1590 850 e'us
1648 802 1954 851 amorem
2003 793 2069 850 et
2114 781 2619 851 venerationem
2672 789 3126 869 permoventes.

631 869 844 942 Vultu
887 882 1033 940 erat
1071 891 1345 962 semper
1392 870 1462 939 hi
1494 869 1599 938 ari
1642 882 1713 940 et
1749 870 2066 971 jucundo
2092 925 2108 950 ‚
2176 869 2313 941 nisi
2358 868 2444 938 ad
2507 867 3130 939 commiserationem

631 959 932 1051 proximi
979 957 1259 1029 afflictio
1304 980 1465 1028 eum
1536 958 1930 1029 inflexisset.
1986 963 2229 1028 Manus
2289 958 2584 1028 habebat
2636 957 2871 1047 longas
2913 969 2974 1025 et
3020 953 3133 1023 ele-

624 1061 900 1139 gantes,
928 1069 1161 1118 vocem
1193 1048 1568 1139 egregiam,
1604 1069 1910 1128 suavem,
1944 1069 2297 1130 canoram,
2328 1059 2394 1117 et
2426 1047 2630 1117 tubae
2658 1047 2891 1117 instar.
2925 1043 3134 1114 Calvus

631 1158 771 1207 non
818 1136 974 1218 fuit,
1020 1137 1149 1207 -sed
1197 1158 1521 1206 coronam
1565 1157 1792 1207 rasam
1825 1157 2115 1237 prorsus
2163 1138 2498 1226 integram
2555 1135 2877 1215 habebat,
2928 1130 3136 1231 paucis

626 1225 908 1316 capillis
959 1246 1368 1315 respersam.
1423 1229 1523 1294 Ita
1568 1244 1880 1316 corporis
1949 1225 2164 1315 hujus
2227 1227 2539 1295 membra
2603 1225 2887 1293 finxerat
2929 1226 3134 1292 Omni·

620 1327 873 1405 potans
922 1313 1267 1394 Conditor,
1319 1327 1392 1383 ut
1430 1326 1661 1384 essent
1704 1313 2047 1385 donorum
2080 1314 2236 1402 ejus
2284 1312 2756 1404 receptacula,
2806 1324 2873 1381 et
2913 1328 3138 1398 organa

626 1403 922 1504 spiritus
966 1402 1139 1493 ejus.
1180 1402 1351 1472 -Fuit
1398 1423 1630 1472 revera
1677 1403 2170 1492 corpusculum
2223 1403 2399 1472 beati
2450 1403 2578 1471 viri
2617 1414 2774 1483 tem
2830 1401 2965 1470 lum
3011 1402 3048 1465 S
3092 1396 3138 1463 i-

631 1491 1112 1574 ntus-Sancti,
1164 1491 1347 1577 quod
1384 1512 1766 1577 numquam
1798 1491 2092 1562 foedavit
2126 1491 2460 1563 mortiferi
2488 1491 2748 1581 peccati
2812 1490 2968 1559 abes
2989 1485 3056 1556 ul
3082 1506 3136 1563 a,

632 1599 761 1649 nec
809 1580 1201 1666 inquinavit
1244 1580 1532 1651 insanae
1570 1580 1885 1651 libidinis
1932 1580 2316 1670 turpitudo,
3106 1660 3117 1672 ,

634 1753 635 1756 ¹
698 1670 757 1756 ’ξ
802 1672 941 1742 18.
997 1674 1161 1739 Vere
1208 1668 1405 1739 beata
1432 1671 1744 1761 corporis
1791 1669 2005 1760 hujus
2053 1670 2386 1751 membra,
2433 1668 2784 1757 inquibus
2831 1676 3007 1737 tanta
3034 1661 3143 1732 fuit

629 1756 863 1827 cordis
907 1769 975 1827 et
1039 1757 1317 1841 carnis,
1372 1760 1441 1828 in
1492 1762 1703 1829 Deum
1767 1759 1998 1829 vivum
2065 1758 2484 1839 exultantis,
2553 1755 3020 1828 consonantia.
3053 1747 3141 1819 ,td
3239 1805 3240 1812 ,

627 1867 907 1916 omnem
934 1846 1120 1915 enim
1161 1847 1544 1917 sanctitatis
1579 1846 2061 1938 perfectionem
2104 1846 2576 1927 contendenti,
2620 1866 2913 1935 magnus
2944 1841 3147 1911 aderat

628 1935 863 2005 carnis
886 1956 1052 2004 cum
1102 1935 1352 2026 spiritu
1383 1935 2376 2027 consensus-Agebaturenim
2412 1934 2667 2036 spiritu
2703 1935 2841 2016 Dei,
2893 1944 2958 2002 et
2984 1926 3148 2028 carni
3239 1999 3240 2016 2

630 2022 986 2094 liberrime
1032 2023 1438 2115 imperabat.
1493 2029 1568 2095 In
1626 2024 2103 2115 perpetrandis
2154 2024 2548 2107 miraculis,
2607 2024 2680 2093 in
2730 2022 2949 2115 gratia
2992 2037 3148 2089 sam-

511 2170 519 2181 .
632 2123 851 2183 tatum
900 2125 967 2182 et
1016 2114 1275 2183 morbis
1334 2113 1714 2195 curandis,
1784 2114 2045 2202 quibus
2121 2113 2325 2184 donis
2372 2112 2689 2183 Christus
2767 2111 3060 2182 illustres
3098 2119 3150 2173 et
3239 2141 3240 2150 κ

630 2199 969 2291 gloriosos
1016 2201 1242 2272 reddit
1286 2214 1563 2273 sanctos
1610 2224 1799 2282 suos,
1854 2202 2030 2274 nulli
2063 2202 2413 2273 secundus
2447 2202 2822 2272 invenitur.

715 2291 754 2448 ῗ
802 2295 950 2363 ss).
1028 2294 1233 2361 Porro
1262 2345 1277 2372 ‚
1331 2290 1512 2378 quod
1564 2304 1668 2361 est
1717 2291 2074 2362 miraculis
2119 2291 2566 2362 excellentius
2596 2345 2613 2371 ‚
2672 2303 2859 2360 tanta
2908 2303 3151 2358 morum

630 2398 720 2470 po
751 2376 934 2449 lebat
980 2378 1357 2461 honestate,
1395 2391 1585 2450 tanto
1616 2379 1834 2453 divini
1861 2379 2145 2450 fervoris
2192 2381 2458 2470 impetu
2487 2378 2860 2459 serebatur,
2898 2390 2974 2448 ut
3016 2391 3150 2443 eum
3239 2415 3240 2438 2

626 2489 747 2538 vas
795 2467 1078 2539 honoris
1124 2481 1192 2539 et
1236 2469 1520 2561 gratiae,
1574 2490 1694 2540 vas
1740 2469 1932 2540 omni
1981 2481 2301 2540 ornatum
2354 2468 2585 2560 lapide
2635 2468 2938 2561 pretioso
2968 2521 2983 2547 ,
3035 2481 3156 2532 me-

623 2556 758 2628 rito
832 2558 1334 2717 {raedicemus
1410 2562 1640 2629 Inerat
1685 2558 1748 2628 ei
1797 2559 2016 2629 animi
2088 2560 2261 2629 mira
2327 2558 2672 2646 quaedam
2725 2571 2792 2629 et
2856 2565 3155 2625 constans

624 2666 838 2736 aequa
894 2647 1122 2730 ilitas,
1179 2648 1313 2718 nisi
1387 2669 1540 2716 eam
1589 2669 1756 2739 erga
1816 2648 2119 2736 aliquem
2185 2647 2519 2718 afflictum
2595 2643 3069 2719 misericordia
3107 2649 3161 2706 et

624 2734 1065 2805 condolentia
1115 2735 1432 2806 nonnihil
1485 2735 1974 2826 interpellaret.
2021 2742 2099 2806 Et
2128 2738 2292 2824 quia
2320 2759 2441 2807 cor
2484 2736 2806 2827 gaudens
2852 2731 3158 2804 exhilarat

623 2823 897 2906 faciem,
932 2824 1379 2911 tranquillam
1414 2824 1566 2914 ejus
1594 2825 1942 2895 interioris
1983 2825 2287 2895 hominis
2316 2825 2887 2896 constitutionem
2915 2834 3165 2893 externa

623 2911 862 2981 vultus
898 2913 1308 3002 jucunditas
1354 2923 1419 2982 et
1473 2914 1808 2983 serenitas
1854 2914 2222 3004 perspicue
2294 2913 2670 2983 indicabat.
2733 2913 2805 2983 si
2868 2910 3029 2999 quid
3075 2928 3167 2974 se-

624 2998 942 3100 cundum
993 3005 1203 3070 Deum
1246 3000 1332 3070 ad
1382 3014 1605 3071 rectae
1654 3002 1940 3072 rationis
1984 3001 2483 3092 praescriptum
2525 3002 2755 3073 facere
2787 2997 3167 3073 constituis-

626 3087 858 3187 set31d
920 3100 1110 3158 tanta
1155 3089 1373 3158 animi
1421 3090 1810 3161 constantia
1861 3092 2450 3181 prosequebatur,
2504 3104 2583 3161 ut
2647 3114 2736 3163 ne
2796 3103 3164 3160 sermonem

624 3174 910 3277 quidem
961 3176 1187 3247 ullum
1217 3232 1233 3259 ,
1312 3177 1524 3248 semel
1574 3178 1663 3248 ab
1716 3201 1832 3248 ore
1880 3192 2154 3250 matura
2226 3178 2728 3251 deliberatione
2797 3177 3166 3270 prolatum,

629 3276 902 3365 irritum
954 3265 1104 3335 fieri
1170 3278 1536 3356 pateretur.
1592 3269 1730 3337 Etsi
1778 3281 2009 3338 autern
2039 3323 2055 3350 ,
2108 3281 2186 3339 ut
2231 3268 2539 3339 diximus
2571 3323 2587 3351 ,
2643 3291 2728 3340 ex
2781 3271 2964 3339 bono
3027 3282 3172 3360 con·

625 3354 953 3456 scientiae
999 3354 1427 3437 testimoniO,
1488 3356 1704 3426 multa
1754 3378 2027 3448 semper
2072 3359 2222 3447 eJus
2262 3357 2527 3427 vultum
2630 3357 3031 3428 erfunderet
3077 3351 3174 3421 ht-

626 3439 888 3523 larttaS‚
962 3455 1032 3513 at
1080 3455 1305 3513 tamen
1358 3443 1480 3514 illa
1541 3444 1773 3516 vultus
1826 3447 1980 3535 eJ'us
2047 3445 2166 3516 lux
2215 3468 2351 3516 non
2401 3446 2570 3517 cade
2623 3460 2696 3517 at
2771 3448 2843 3516 in
2910 3460 3168 3515 terram.

621 3529 1000 3601 Jucundus
1046 3532 1231 3601 enim
1281 3547 1427 3602 erat
1474 3534 1864 3604 secundum
1893 3533 2140 3605 faciem
2190 3547 2617 3619 sanctorum,
2673 3558 2818 3624 qua
2858 3528 3178 3623 jucundi-

624 3632 763 3722 tate
792 3620 1019 3701 fiebat,
1076 3633 1152 3691 ut
1198 3620 1399 3693 facile
1461 3623 1801 3705 omnium,
1854 3624 1977 3710 qui
2022 3645 2182 3693 eum
2234 3624 2712 3714 adspicerent,
2771 3626 2911 3694 sibi
2958 3617 3178 3718 conci-

625 3707 824 3779 haret
851 3730 1180 3780 amorem.
1238 3711 1670 3798 Ubicumque
1716 3725 2125 3793 versaretur,
2170 3713 2313 3782 sive
2348 3714 2417 3782 in
2452 3714 2698 3782 itinere
2747 3735 2915 3784 cum
2955 3709 3170 3784 sociis,

625 3798 871 3899 sivein
904 3796 1112 3870 domo
1150 3821 1317 3870 cum
1373 3799 1641 3891 hospite
1688 3813 1754 3871 et
1798 3802 1949 3892 ejus
2007 3800 2273 3871 familia
2303 3856 2318 3883 ,
2373 3801 2473 3871 vel
2524 3802 2714 3892 apud
2774 3812 3173 3893 magnates,

675 3887 977 3977 rinctpes
1022 3901 1090 3958 et
1128 3888 1488 3980 praelatoS,
1544 3910 1819 3980 semper
1863 3890 2302 3960 sermonibus
2348 3889 2672 3961 utebatur
2722 3891 2814 3961 ad
2872 3893 3178 3982 pietatem

648 3976 1035 4047 acientibus
1081 3990 1147 4048 et
1192 3977 1488 4047 aliorum
1537 3978 2130 4049 aedificationem:
2194 3979 2567 4067 aderatque
2612 3980 2676 4049 ei
2729 3982 2807 4050 in
2864 3985 3182 4071 promptu

621 4066 819 4156 copia
867 4087 1224 4137 sacrorum
1252 4066 1753 4156 exemplorum,
1792 4069 2050 4154 quibus
2074 4067 2157 4138 ad
2203 4068 2452 4138 Christi
2486 4089 2802 4139 amorem
2844 4083 2911 4138 et
2945 4060 3186 4136 mundi

623 4166 1121 4253 contemptum,
1173 4155 2054 4247 auditoresinvitarentur.
2113 4156 2379 4244 Ubique
2428 4158 2652 4227 virum
2686 4156 3185 4248 Evangelicum

623 4239 827 4312 dictis
871 4255 938 4312 et
982 4242 1180 4314 sactis
1212 4266 1287 4314 se
1344 4244 1778 4327 declarabat,
1848 4267 2090 4318 omnes
2141 4246 2335 4337 largo
2381 4246 2743 4318 charitatis
2795 4247 2968 4318 sinu
3015 4240 3189 4311 exci-

624 4350 836 4488 2:313
852 4354 868 4395 t
906 4343 972 4400 et
1015 4353 1176 4403 cum
1223 4352 1468 4405 omnes
1514 4332 1857 4425 diligeret,
1911 4335 2062 4427 ipse
2111 4356 2386 4423 quoque
2416 4336 2506 4406 ab
2551 4335 2896 4406 omnibus
2946 4332 3191 4422 dilige-
