<?xml version="1.0" encoding="UTF-8"?>
<!DOCTYPE html PUBLIC "-//W3C//DTD XHTML 1.0 Transitional//EN"
    "http://www.w3.org/TR/xhtml1/DTD/xhtml1-transitional.dtd">
<html xmlns="http://www.w3.org/1999/xhtml" xml:lang="en" lang="en">
 <head>
  <title>
</title>
<meta http-equiv="Content-Type" content="text/html;charset=utf-8" />
  <meta name='ocr-system' content='tesseract 3.04.00' />
  <meta name='ocr-capabilities' content='ocr_page ocr_carea ocr_par ocr_line ocrx_word'/>
</head>
<body>
  <div class='ocr_page' id='page_1' title='image "./historiaeseuvit01lippgoog_0619.png"; bbox 0 0 3308 5004; ppageno 0'>
   <div class='ocr_carea' id='block_1_1' title="bbox 188 356 2654 424">
    <p class='ocr_par' dir='ltr' id='par_1_1' title="bbox 188 356 2654 424">
     <span class='ocr_line' id='line_1_1' title="bbox 188 356 2654 424; baseline -0 -2"><span class='ocrx_word' id='word_1_1' title='bbox 188 356 378 424; x_wconf 60' lang='lat' dir='ltr'><strong>ABG.</strong></span> <span class='ocrx_word' id='word_1_2' title='bbox 430 356 515 422; x_wconf 67' lang='lat'><strong>24</strong></span> <span class='ocrx_word' id='word_1_3' title='bbox 861 375 940 421; x_wconf 77' lang='lat' dir='ltr'><strong>tm</strong></span> <span class='ocrx_word' id='word_1_4' title='bbox 988 374 1046 422; x_wconf 88' lang='lat' dir='ltr'><strong>s.</strong></span> <span class='ocrx_word' id='word_1_5' title='bbox 1096 373 1394 422; x_wconf 67' lang='lat' dir='ltr'><strong>Annorum</strong></span> <span class='ocrx_word' id='word_1_6' title='bbox 1440 371 1641 422; x_wconf 67' lang='lat' dir='ltr'><strong>muse.</strong></span> <span class='ocrx_word' id='word_1_7' title='bbox 1697 369 2061 422; x_wconf 59' lang='lat' dir='ltr'><strong>aemonae.</strong></span> <span class='ocrx_word' id='word_1_8' title='bbox 2528 358 2654 421; x_wconf 79' lang='lat'><strong>585</strong></span> 
     </span>
    </p>
   </div>
   <div class='ocr_carea' id='block_1_2' title="bbox 96 457 2798 4548">
    <p class='ocr_par' dir='ltr' id='par_1_2' title="bbox 179 457 2798 619">
     <span class='ocr_line' id='line_1_2' title="bbox 180 457 2798 552; baseline -0 -23"><span class='ocrx_word' id='word_1_9' title='bbox 180 469 432 552; x_wconf 86' lang='lat' dir='ltr'><strong>posset</strong></span> <span class='ocrx_word' id='word_1_10' title='bbox 462 480 624 529; x_wconf 81' lang='lat' dir='ltr'><strong>voce</strong></span> <span class='ocrx_word' id='word_1_11' title='bbox 662 457 877 546; x_wconf 85' lang='lat' dir='ltr'><strong>loqui,</strong></span> <span class='ocrx_word' id='word_1_12' title='bbox 912 459 1111 529; x_wconf 90' lang='lat' dir='ltr'><strong>nobis</strong></span> <span class='ocrx_word' id='word_1_13' title='bbox 1152 480 1435 529; x_wconf 89' lang='lat' dir='ltr'><strong>sensum</strong></span> <span class='ocrx_word' id='word_1_14' title='bbox 1479 460 1985 545; x_wconf 88' lang='lat' dir='ltr'><strong>verborumque</strong></span> <span class='ocrx_word' id='word_1_15' title='bbox 2016 459 2288 548; x_wconf 89' lang='lat' dir='ltr'><strong>copiam</strong></span> <span class='ocrx_word' id='word_1_16' title='bbox 2338 458 2596 529; x_wconf 85' lang='lat' dir='ltr'><strong>tribuat</strong></span> <span class='ocrx_word' id='word_1_17' title='bbox 2655 459 2739 528; x_wconf 90' lang='lat' dir='ltr'><strong>ad</strong></span> <span class='ocrx_word' id='word_1_18' title='bbox 2788 460 2798 473; x_wconf 85' lang='lat'><strong>‘</strong></span> 
     </span>
     <span class='ocr_line' id='line_1_3' title="bbox 179 547 1213 619; baseline -0.003 -1"><span class='ocrx_word' id='word_1_19' title='bbox 179 547 574 619; x_wconf 88' lang='lat' dir='ltr'><strong>enarranda</strong></span> <span class='ocrx_word' id='word_1_20' title='bbox 610 569 903 617; x_wconf 82' lang='lat' dir='ltr'><strong>munera</strong></span> <span class='ocrx_word' id='word_1_21' title='bbox 950 547 1213 617; x_wconf 86' lang='lat' dir='ltr'><strong>divina.</strong></span> 
     </span>
    </p>

    <p class='ocr_par' dir='ltr' id='par_1_3' title="bbox 152 634 2745 2515">
     <span class='ocr_line' id='line_1_4' title="bbox 274 634 2745 727; baseline -0.001 -18"><span class='ocrx_word' id='word_1_22' title='bbox 274 646 315 719; x_wconf 69' lang='grc' dir='ltr'>ἓ</span> <span class='ocrx_word' id='word_1_23' title='bbox 364 644 442 710; x_wconf 82' lang='lat'><strong>1.</strong></span> <span class='ocrx_word' id='word_1_24' title='bbox 496 636 953 727; x_wconf 81' lang='lat' dir='ltr'><strong>Temporibus</strong></span> <span class='ocrx_word' id='word_1_25' title='bbox 1001 636 1273 712; x_wconf 87' lang='lat' dir='ltr'><strong>Clotarii</strong></span> <span class='ocrx_word' id='word_1_26' title='bbox 1322 636 1694 707; x_wconf 81' lang='lat' dir='ltr'><strong>clarissimi</strong></span> <span class='ocrx_word' id='word_1_27' title='bbox 1745 635 2122 725; x_wconf 89' lang='lat' dir='ltr'><strong>principis,</strong></span> <span class='ocrx_word' id='word_1_28' title='bbox 2179 634 2308 704; x_wconf 88' lang='lat' dir='ltr'><strong>filii</strong></span> <span class='ocrx_word' id='word_1_29' title='bbox 2376 636 2745 727; x_wconf 75' lang='lat' dir='ltr'><strong>chilperici</strong></span> 
     </span>
     <span class='ocr_line' id='line_1_5' title="bbox 182 724 2743 818; baseline -0 -21"><span class='ocrx_word' id='word_1_30' title='bbox 182 726 391 818; x_wconf 85' lang='lat' dir='ltr'><strong>Regis</strong></span> <span class='ocrx_word' id='word_1_31' title='bbox 439 731 888 806; x_wconf 81' lang='lat' dir='ltr'>Francorum,</span> <span class='ocrx_word' id='word_1_32' title='bbox 934 748 1119 796; x_wconf 90' lang='lat' dir='ltr'><strong>anno</strong></span> <span class='ocrx_word' id='word_1_33' title='bbox 1167 725 1324 813; x_wconf 86' lang='lat' dir='ltr'><strong>plus</strong></span> <span class='ocrx_word' id='word_1_34' title='bbox 1375 727 1609 795; x_wconf 88' lang='lat' dir='ltr'><strong>minus</strong></span> <span class='ocrx_word' id='word_1_35' title='bbox 1660 724 1983 795; x_wconf 86' lang='lat' dir='ltr'><strong>vicesimo</strong></span> <span class='ocrx_word' id='word_1_36' title='bbox 2044 725 2242 814; x_wconf 83' lang='lat' dir='ltr'><strong>regni</strong></span> <span class='ocrx_word' id='word_1_37' title='bbox 2297 725 2496 814; x_wconf 83' lang='lat' dir='ltr'><strong>ejus,</strong></span> <span class='ocrx_word' id='word_1_38' title='bbox 2568 748 2743 817; x_wconf 81' lang='lat' dir='ltr'><strong>pago</strong></span> 
     </span>
     <span class='ocr_line' id='line_1_6' title="bbox 184 813 2736 903; baseline -0 -17"><span class='ocrx_word' id='word_1_39' title='bbox 184 815 643 895; x_wconf 79' lang='lat' dir='ltr'><strong>SuessionicO,</strong></span> <span class='ocrx_word' id='word_1_40' title='bbox 674 815 984 902; x_wconf 90' lang='lat' dir='ltr'><strong>quinque</strong></span> <span class='ocrx_word' id='word_1_41' title='bbox 1035 813 1455 884; x_wconf 82' lang='lat' dir='ltr'><strong>milliaribus</strong></span> <span class='ocrx_word' id='word_1_42' title='bbox 1485 815 1572 883; x_wconf 87' lang='lat' dir='ltr'><strong>ab</strong></span> <span class='ocrx_word' id='word_1_43' title='bbox 1603 815 1754 903; x_wconf 90' lang='lat' dir='ltr'><strong>ipsa</strong></span> <span class='ocrx_word' id='word_1_44' title='bbox 1792 814 2064 884; x_wconf 86' lang='lat' dir='ltr'><strong>civitate</strong></span> <span class='ocrx_word' id='word_1_45' title='bbox 2093 813 2414 895; x_wconf 89' lang='lat' dir='ltr'><strong>distante,</strong></span> <span class='ocrx_word' id='word_1_46' title='bbox 2453 837 2533 884; x_wconf 92' lang='lat' dir='ltr'><strong>eo</strong></span> <span class='ocrx_word' id='word_1_47' title='bbox 2562 815 2736 897; x_wconf 86' lang='lat' dir='ltr'><strong>loco,</strong></span> 
     </span>
     <span class='ocr_line' id='line_1_7' title="bbox 185 902 2743 993; baseline 0 -19"><span class='ocrx_word' id='word_1_48' title='bbox 185 927 392 993; x_wconf 90' lang='lat' dir='ltr'><strong>quem</strong></span> <span class='ocrx_word' id='word_1_49' title='bbox 444 905 853 974; x_wconf 89' lang='lat' dir='ltr'><strong>Sanciacum</strong></span> <span class='ocrx_word' id='word_1_50' title='bbox 907 916 1171 984; x_wconf 85' lang='lat' dir='ltr'><strong>vocant,</strong></span> <span class='ocrx_word' id='word_1_51' title='bbox 1225 904 1355 973; x_wconf 91' lang='lat' dir='ltr'><strong>orti</strong></span> <span class='ocrx_word' id='word_1_52' title='bbox 1405 915 1569 973; x_wconf 89' lang='lat' dir='ltr'><strong>sunt</strong></span> <span class='ocrx_word' id='word_1_53' title='bbox 1618 916 1755 973; x_wconf 89' lang='lat' dir='ltr'><strong>tres</strong></span> <span class='ocrx_word' id='word_1_54' title='bbox 1804 903 2225 973; x_wconf 88' lang='lat' dir='ltr'><strong>venerabiles</strong></span> <span class='ocrx_word' id='word_1_55' title='bbox 2278 902 2427 983; x_wconf 86' lang='lat' dir='ltr'><strong>viri,</strong></span> <span class='ocrx_word' id='word_1_56' title='bbox 2472 925 2553 974; x_wconf 82' lang='lat' dir='ltr'><strong>ex</strong></span> <span class='ocrx_word' id='word_1_57' title='bbox 2602 927 2743 975; x_wconf 92' lang='lat' dir='ltr'><strong>uno</strong></span> 
     </span>
     <span class='ocr_line' id='line_1_8' title="bbox 185 991 2743 1083; baseline -0.001 -19"><span class='ocrx_word' id='word_1_58' title='bbox 185 995 448 1065; x_wconf 88' lang='lat' dir='ltr'><strong>semine</strong></span> <span class='ocrx_word' id='word_1_59' title='bbox 498 991 764 1062; x_wconf 89' lang='lat' dir='ltr'><strong>nobiles</strong></span> <span class='ocrx_word' id='word_1_60' title='bbox 806 992 882 1061; x_wconf 88' lang='lat' dir='ltr'><strong>in</strong></span> <span class='ocrx_word' id='word_1_61' title='bbox 926 991 1161 1062; x_wconf 89' lang='lat' dir='ltr'><strong>seculo</strong></span> <span class='ocrx_word' id='word_1_62' title='bbox 1200 992 1438 1083; x_wconf 84' lang='lat' dir='ltr'><strong>geniti,</strong></span> <span class='ocrx_word' id='word_1_63' title='bbox 1491 1005 1558 1061; x_wconf 88' lang='lat' dir='ltr'><strong>et</strong></span> <span class='ocrx_word' id='word_1_64' title='bbox 1604 991 1825 1082; x_wconf 69' lang='lat' dir='ltr'><strong>gratia</strong></span> <span class='ocrx_word' id='word_1_65' title='bbox 1873 991 2368 1081; x_wconf 89' lang='lat' dir='ltr'><strong>omnipotentis</strong></span> <span class='ocrx_word' id='word_1_66' title='bbox 2426 993 2541 1062; x_wconf 91' lang='lat' dir='ltr'><strong>Dei</strong></span> <span class='ocrx_word' id='word_1_67' title='bbox 2588 1014 2743 1062; x_wconf 87' lang='lat' dir='ltr'><strong>coe-</strong></span> 
     </span>
     <span class='ocr_line' id='line_1_9' title="bbox 178 1079 2743 1171; baseline -0.001 -18"><span class='ocrx_word' id='word_1_68' title='bbox 178 1083 354 1153; x_wconf 86' lang='lat' dir='ltr'><strong>·litus</strong></span> <span class='ocrx_word' id='word_1_69' title='bbox 398 1080 772 1151; x_wconf 88' lang='lat' dir='ltr'><strong>illuminati</strong></span> <span class='ocrx_word' id='word_1_70' title='bbox 801 1105 833 1149; x_wconf 75' lang='grc' dir='ltr'><strong>ε·</strong></span> <span class='ocrx_word' id='word_1_71' title='bbox 851 1099 1039 1171; x_wconf 84' lang='lat' dir='ltr'><strong>puta,</strong></span> <span class='ocrx_word' id='word_1_72' title='bbox 1078 1079 1241 1162; x_wconf 75' lang='lat' dir='ltr'><strong>Ado,</strong></span> <span class='ocrx_word' id='word_1_73' title='bbox 1277 1080 1484 1160; x_wconf 88' lang='lat' dir='ltr'><strong>Dado,</strong></span> <span class='ocrx_word' id='word_1_74' title='bbox 1537 1094 1603 1150; x_wconf 87' lang='lat' dir='ltr'><strong>et.</strong></span> <span class='ocrx_word' id='word_1_75' title='bbox 1635 1079 1850 1150; x_wconf 87' lang='lat' dir='ltr'><strong>Rado.</strong></span> <span class='ocrx_word' id='word_1_76' title='bbox 1902 1080 2047 1151; x_wconf 87' lang='lat' dir='ltr'><strong>Nati</strong></span> <span class='ocrx_word' id='word_1_77' title='bbox 2077 1093 2243 1150; x_wconf 92' lang='lat' dir='ltr'><strong>sunt</strong></span> <span class='ocrx_word' id='word_1_78' title='bbox 2289 1093 2516 1150; x_wconf 86' lang='lat' dir='ltr'><strong>autem</strong></span> <span class='ocrx_word' id='word_1_79' title='bbox 2555 1095 2743 1171; x_wconf 86' lang='lat' dir='ltr'><strong>patre</strong></span> 
     </span>
     <span class='ocr_line' id='line_1_10' title="bbox 183 1168 2743 1261; baseline -0.001 -20"><span class='ocrx_word' id='word_1_80' title='bbox 183 1171 534 1249; x_wconf 79' lang='lat' dir='ltr'><strong>Authario‚</strong></span> <span class='ocrx_word' id='word_1_81' title='bbox 570 1182 788 1240; x_wconf 88' lang='lat' dir='ltr'><strong>matre</strong></span> <span class='ocrx_word' id='word_1_82' title='bbox 837 1191 993 1240; x_wconf 87' lang='lat' dir='ltr'><strong>vero</strong></span> <span class='ocrx_word' id='word_1_83' title='bbox 1032 1171 1216 1261; x_wconf 79' lang='lat' dir='ltr'><strong>Aiga.</strong></span> <span class='ocrx_word' id='word_1_84' title='bbox 1256 1174 1422 1239; x_wconf 90' lang='lat' dir='ltr'><strong>Cum</strong></span> <span class='ocrx_word' id='word_1_85' title='bbox 1473 1182 1705 1240; x_wconf 90' lang='lat' dir='ltr'><strong>essent</strong></span> <span class='ocrx_word' id='word_1_86' title='bbox 1751 1180 1979 1239; x_wconf 87' lang='lat' dir='ltr'><strong>autem</strong></span> <span class='ocrx_word' id='word_1_87' title='bbox 2040 1168 2461 1250; x_wconf 83' lang='lat' dir='ltr'><strong>nobilissimi</strong></span> <span class='ocrx_word' id='word_1_88' title='bbox 2509 1171 2743 1242; x_wconf 87' lang='lat' dir='ltr'><strong>carnis</strong></span> 
     </span>
     <span class='ocr_line' id='line_1_11' title="bbox 184 1257 2740 1350; baseline -0.001 -20"><span class='ocrx_word' id='word_1_89' title='bbox 184 1261 475 1350; x_wconf 83' lang='lat' dir='ltr'><strong>origine,</strong></span> <span class='ocrx_word' id='word_1_90' title='bbox 514 1260 702 1329; x_wconf 86' lang='lat' dir='ltr'><strong>fuere</strong></span> <span class='ocrx_word' id='word_1_91' title='bbox 736 1258 955 1329; x_wconf 87' lang='lat' dir='ltr'><strong>nihilo</strong></span> <span class='ocrx_word' id='word_1_92' title='bbox 986 1259 1222 1328; x_wconf 90' lang='lat' dir='ltr'><strong>minus</strong></span> <span class='ocrx_word' id='word_1_93' title='bbox 1253 1279 1415 1348; x_wconf 84' lang='lat' dir='ltr'><strong>erga</strong></span> <span class='ocrx_word' id='word_1_94' title='bbox 1465 1258 1890 1327; x_wconf 82' lang='lat' dir='ltr'><strong>Christianae</strong></span> <span class='ocrx_word' id='word_1_95' title='bbox 1926 1257 2282 1348; x_wconf 82' lang='lat' dir='ltr'><strong>religionis</strong></span> <span class='ocrx_word' id='word_1_96' title='bbox 2310 1258 2740 1334; x_wconf 83' lang='lat' dir='ltr'><strong>devotionem</strong></span> 
     </span>
     <span class='ocr_line' id='line_1_12' title="bbox 152 1346 2738 1450; baseline 0.003 -38"><span class='ocrx_word' id='word_1_97' title='bbox 152 1409 153 1412; x_wconf 74' lang='grc'>,</span> <span class='ocrx_word' id='word_1_98' title='bbox 185 1371 520 1440; x_wconf 84' lang='lat' dir='ltr'><strong>perquam</strong></span> <span class='ocrx_word' id='word_1_99' title='bbox 572 1348 890 1418; x_wconf 81' lang='lat' dir='ltr'><strong>studiosi.</strong></span> <span class='ocrx_word' id='word_1_100' title='bbox 925 1353 1179 1418; x_wconf 89' lang='lat' dir='ltr'><strong>Cuncta</strong></span> <span class='ocrx_word' id='word_1_101' title='bbox 1215 1348 1440 1428; x_wconf 85' lang='lat' dir='ltr'><strong>enim,</strong></span> <span class='ocrx_word' id='word_1_102' title='bbox 1475 1369 1654 1435; x_wconf 91' lang='lat' dir='ltr'><strong>quae</strong></span> <span class='ocrx_word' id='word_1_103' title='bbox 1704 1347 2149 1450; x_wconf 47' lang='lat' dir='ltr'><strong>possidebant</strong></span> <span class='ocrx_word' id='word_1_104' title='bbox 2187 1348 2328 1416; x_wconf 88' lang='lat' dir='ltr'><strong>sive</strong></span> <span class='ocrx_word' id='word_1_105' title='bbox 2363 1348 2433 1415; x_wconf 85' lang='lat' dir='ltr'><strong>in</strong></span> <span class='ocrx_word' id='word_1_106' title='bbox 2477 1346 2738 1422; x_wconf 82' lang='lat' dir='ltr'><strong>fundis.</strong></span> 
     </span>
     <span class='ocr_line' id='line_1_13' title="bbox 184 1437 2739 1527; baseline -0.001 -19"><span class='ocrx_word' id='word_1_107' title='bbox 184 1439 329 1508; x_wconf 86' lang='lat' dir='ltr'><strong>sive</strong></span> <span class='ocrx_word' id='word_1_108' title='bbox 376 1438 444 1506; x_wconf 89' lang='lat' dir='ltr'><strong>in</strong></span> <span class='ocrx_word' id='word_1_109' title='bbox 482 1437 763 1517; x_wconf 84' lang='lat' dir='ltr'><strong>divitiis,</strong></span> <span class='ocrx_word' id='word_1_110' title='bbox 820 1437 886 1506; x_wconf 90' lang='lat' dir='ltr'><strong>in</strong></span> <span class='ocrx_word' id='word_1_111' title='bbox 939 1437 1265 1525; x_wconf 81' lang='lat' dir='ltr'><strong>hospiteS‚</strong></span> <span class='ocrx_word' id='word_1_112' title='bbox 1320 1437 1389 1504; x_wconf 92' lang='lat' dir='ltr'><strong>in</strong></span> <span class='ocrx_word' id='word_1_113' title='bbox 1430 1458 1792 1527; x_wconf 88' lang='lat' dir='ltr'><strong>pauperes,</strong></span> <span class='ocrx_word' id='word_1_114' title='bbox 1847 1437 1914 1504; x_wconf 90' lang='lat' dir='ltr'><strong>in</strong></span> <span class='ocrx_word' id='word_1_115' title='bbox 1970 1437 2393 1526; x_wconf 80' lang='lat' dir='ltr'><strong>peregrinOS,</strong></span> <span class='ocrx_word' id='word_1_116' title='bbox 2467 1437 2537 1504; x_wconf 91' lang='lat' dir='ltr'><strong>in</strong></span> <span class='ocrx_word' id='word_1_117' title='bbox 2592 1458 2739 1505; x_wconf 92' lang='lat' dir='ltr'><strong>mo-</strong></span> 
     </span>
     <span class='ocr_line' id='line_1_14' title="bbox 184 1523 2742 1615; baseline -0 -19"><span class='ocrx_word' id='word_1_118' title='bbox 184 1527 448 1596; x_wconf 89' lang='lat' dir='ltr'><strong>nachos</strong></span> <span class='ocrx_word' id='word_1_119' title='bbox 494 1547 771 1595; x_wconf 91' lang='lat' dir='ltr'><strong>summo</strong></span> <span class='ocrx_word' id='word_1_120' title='bbox 803 1525 1031 1596; x_wconf 90' lang='lat' dir='ltr'><strong>studio</strong></span> <span class='ocrx_word' id='word_1_121' title='bbox 1077 1523 1552 1595; x_wconf 81' lang='lat' dir='ltr'><strong>conferebant:</strong></span> <span class='ocrx_word' id='word_1_122' title='bbox 1608 1539 1973 1614; x_wconf 85' lang='lat' dir='ltr'><strong>operantes</strong></span> <span class='ocrx_word' id='word_1_123' title='bbox 2029 1525 2311 1612; x_wconf 90' lang='lat' dir='ltr'><strong>quidem</strong></span> <span class='ocrx_word' id='word_1_124' title='bbox 2349 1580 2363 1604; x_wconf 92' lang='lat'>‚</span> <span class='ocrx_word' id='word_1_125' title='bbox 2442 1537 2518 1593; x_wconf 93' lang='lat' dir='ltr'><strong>ut</strong></span> <span class='ocrx_word' id='word_1_126' title='bbox 2567 1531 2742 1615; x_wconf 80' lang='lat' dir='ltr'><strong>Apo-</strong></span> 
     </span>
     <span class='ocr_line' id='line_1_15' title="bbox 185 1613 2742 1695; baseline 0 -9"><span class='ocrx_word' id='word_1_127' title='bbox 185 1615 407 1686; x_wconf 88' lang='lat' dir='ltr'><strong>stolus</strong></span> <span class='ocrx_word' id='word_1_128' title='bbox 474 1614 693 1695; x_wconf 85' lang='lat' dir='ltr'><strong>docet,</strong></span> <span class='ocrx_word' id='word_1_129' title='bbox 762 1614 1021 1684; x_wconf 89' lang='lat' dir='ltr'><strong>bonum</strong></span> <span class='ocrx_word' id='word_1_130' title='bbox 1076 1614 1145 1682; x_wconf 88' lang='lat' dir='ltr'><strong>in</strong></span> <span class='ocrx_word' id='word_1_131' title='bbox 1193 1636 1432 1684; x_wconf 91' lang='lat' dir='ltr'><strong>omnes</strong></span> <span class='ocrx_word' id='word_1_132' title='bbox 1468 1668 1483 1693; x_wconf 97' lang='lat'><strong>,</strong></span> <span class='ocrx_word' id='word_1_133' title='bbox 1554 1614 1851 1688; x_wconf 82' lang='lat' dir='ltr'><strong>maxime</strong></span> <span class='ocrx_word' id='word_1_134' title='bbox 1900 1628 2126 1684; x_wconf 90' lang='lat' dir='ltr'><strong>tamen</strong></span> <span class='ocrx_word' id='word_1_135' title='bbox 2189 1613 2274 1682; x_wconf 89' lang='lat' dir='ltr'><strong>ad</strong></span> <span class='ocrx_word' id='word_1_136' title='bbox 2326 1614 2742 1686; x_wconf 88' lang='lat' dir='ltr'><strong>domesticos</strong></span> 
     </span>
     <span class='ocr_line' id='line_1_16' title="bbox 180 1702 2743 1794; baseline -0.001 -20"><span class='ocrx_word' id='word_1_137' title='bbox 180 1705 374 1774; x_wconf 89' lang='lat' dir='ltr'><strong>fidei.</strong></span> <span class='ocrx_word' id='word_1_138' title='bbox 409 1709 615 1773; x_wconf 84' lang='lat' dir='ltr'><strong>Erant</strong></span> <span class='ocrx_word' id='word_1_139' title='bbox 660 1703 864 1773; x_wconf 83' lang='lat' dir='ltr'><strong>ambo</strong></span> <span class='ocrx_word' id='word_1_140' title='bbox 913 1703 1075 1773; x_wconf 81' lang='lat' dir='ltr'><strong>fidei</strong></span> <span class='ocrx_word' id='word_1_141' title='bbox 1124 1702 1507 1793; x_wconf 78' lang='lat' dir='ltr'><strong>integritate</strong></span> <span class='ocrx_word' id='word_1_142' title='bbox 1542 1702 1762 1792; x_wconf 89' lang='lat' dir='ltr'><strong>pueri,</strong></span> <span class='ocrx_word' id='word_1_143' title='bbox 1802 1702 2347 1792; x_wconf 79' lang='lat' dir='ltr'><strong>longanimitatis</strong></span> <span class='ocrx_word' id='word_1_144' title='bbox 2397 1725 2743 1794; x_wconf 85' lang='lat' dir='ltr'><strong>speprae-</strong></span> 
     </span>
     <span class='ocr_line' id='line_1_17' title="bbox 183 1792 2740 1883; baseline -0.001 -21"><span class='ocrx_word' id='word_1_145' title='bbox 183 1793 402 1883; x_wconf 88' lang='lat' dir='ltr'><strong>cipui,</strong></span> <span class='ocrx_word' id='word_1_146' title='bbox 455 1792 786 1862; x_wconf 79' lang='lat' dir='ltr'><strong>charitate</strong></span> <span class='ocrx_word' id='word_1_147' title='bbox 833 1813 969 1860; x_wconf 92' lang='lat' dir='ltr'><strong>non</strong></span> <span class='ocrx_word' id='word_1_148' title='bbox 1023 1793 1188 1873; x_wconf 79' lang='lat' dir='ltr'><strong>ficti,</strong></span> <span class='ocrx_word' id='word_1_149' title='bbox 1242 1792 1528 1860; x_wconf 89' lang='lat' dir='ltr'><strong>verbum</strong></span> <span class='ocrx_word' id='word_1_150' title='bbox 1581 1792 1756 1860; x_wconf 87' lang='lat' dir='ltr'><strong>vitae</strong></span> <span class='ocrx_word' id='word_1_151' title='bbox 1804 1793 2379 1882; x_wconf 80' lang='lat' dir='ltr'><strong>aure&#39;percipere.</strong></span> <span class='ocrx_word' id='word_1_152' title='bbox 2419 1805 2483 1860; x_wconf 93' lang='lat' dir='ltr'><strong>et</strong></span> <span class='ocrx_word' id='word_1_153' title='bbox 2531 1792 2740 1872; x_wconf 83' lang='lat' dir='ltr'><strong>corde</strong></span> 
     </span>
     <span class='ocr_line' id='line_1_18' title="bbox 185 1880 2738 1972; baseline -0.001 -20"><span class='ocrx_word' id='word_1_154' title='bbox 185 1882 502 1960; x_wconf 87' lang='lat' dir='ltr'><strong>retinere,</strong></span> <span class='ocrx_word' id='word_1_155' title='bbox 551 1881 697 1949; x_wconf 87' lang='lat' dir='ltr'><strong>sine</strong></span> <span class='ocrx_word' id='word_1_156' title='bbox 756 1880 1154 1972; x_wconf 81' lang='lat' dir='ltr'><strong>fatigatione</strong></span> <span class='ocrx_word' id='word_1_157' title='bbox 1213 1882 1639 1970; x_wconf 83' lang='lat' dir='ltr'><strong>satagebant,</strong></span> <span class='ocrx_word' id='word_1_158' title='bbox 1695 1880 1903 1968; x_wconf 91' lang='lat' dir='ltr'><strong>idque</strong></span> <span class='ocrx_word' id='word_1_159' title='bbox 1948 1881 2037 1949; x_wconf 89' lang='lat' dir='ltr'><strong>ab</strong></span> <span class='ocrx_word' id='word_1_160' title='bbox 2087 1881 2195 1961; x_wconf 89' lang='lat' dir='ltr'><strong>iis,</strong></span> <span class='ocrx_word' id='word_1_161' title='bbox 2262 1902 2560 1967; x_wconf 90' lang='lat' dir='ltr'><strong>quorum</strong></span> <span class='ocrx_word' id='word_1_162' title='bbox 2614 1881 2738 1950; x_wconf 93' lang='lat' dir='ltr'><strong>do—</strong></span> 
     </span>
     <span class='ocr_line' id='line_1_19' title="bbox 183 1969 2738 2060; baseline -0.001 -20"><span class='ocrx_word' id='word_1_163' title='bbox 183 1971 480 2040; x_wconf 87' lang='lat' dir='ltr'><strong>ctrinam</strong></span> <span class='ocrx_word' id='word_1_164' title='bbox 529 1982 594 2038; x_wconf 86' lang='lat' dir='ltr'><strong>et</strong></span> <span class='ocrx_word' id='word_1_165' title='bbox 641 1969 800 2039; x_wconf 84' lang='lat' dir='ltr'><strong>fidei</strong></span> <span class='ocrx_word' id='word_1_166' title='bbox 858 1971 1170 2060; x_wconf 87' lang='lat' dir='ltr'><strong>puritas,</strong></span> <span class='ocrx_word' id='word_1_167' title='bbox 1222 1983 1287 2038; x_wconf 92' lang='lat' dir='ltr'><strong>et</strong></span> <span class='ocrx_word' id='word_1_168' title='bbox 1337 1991 1608 2039; x_wconf 86' lang='lat' dir='ltr'><strong>morum</strong></span> <span class='ocrx_word' id='word_1_169' title='bbox 1676 1970 2004 2039; x_wconf 85' lang='lat' dir='ltr'><strong>sanctitas</strong></span> <span class='ocrx_word' id='word_1_170' title='bbox 2064 1970 2604 2039; x_wconf 77' lang='lat' dir='ltr'><strong>commendaret.</strong></span> <span class='ocrx_word' id='word_1_171' title='bbox 2663 1975 2738 2040; x_wconf 88' lang='lat' dir='ltr'><strong>In</strong></span> 
     </span>
     <span class='ocr_line' id='line_1_20' title="bbox 184 2058 2731 2145; baseline 0 -17"><span class='ocrx_word' id='word_1_172' title='bbox 184 2080 427 2128; x_wconf 89' lang='lat' dir='ltr'><strong>eorum</strong></span> <span class='ocrx_word' id='word_1_173' title='bbox 476 2058 705 2138; x_wconf 78' lang='lat' dir='ltr'><strong>domo,</strong></span> <span class='ocrx_word' id='word_1_174' title='bbox 747 2081 883 2129; x_wconf 89' lang='lat' dir='ltr'><strong>non</strong></span> <span class='ocrx_word' id='word_1_175' title='bbox 925 2073 1000 2128; x_wconf 94' lang='lat' dir='ltr'><strong>ut</strong></span> <span class='ocrx_word' id='word_1_176' title='bbox 1030 2058 1281 2129; x_wconf 83' lang='lat' dir='ltr'><strong>assolet</strong></span> <span class='ocrx_word' id='word_1_177' title='bbox 1315 2058 1381 2126; x_wconf 92' lang='lat' dir='ltr'><strong>in</strong></span> <span class='ocrx_word' id='word_1_178' title='bbox 1424 2058 1864 2145; x_wconf 89' lang='lat' dir='ltr'><strong>quorundam</strong></span> <span class='ocrx_word' id='word_1_179' title='bbox 1900 2058 2317 2128; x_wconf 86' lang='lat' dir='ltr'><strong>secularium</strong></span> <span class='ocrx_word' id='word_1_180' title='bbox 2370 2059 2731 2138; x_wconf 87' lang='lat' dir='ltr'><strong>conviviis,</strong></span> 
     </span>
     <span class='ocr_line' id='line_1_21' title="bbox 190 2146 2742 2237; baseline 0 -20"><span class='ocrx_word' id='word_1_181' title='bbox 190 2147 561 2217; x_wconf 88' lang='lat' dir='ltr'><strong>mimorum</strong></span> <span class='ocrx_word' id='word_1_182' title='bbox 605 2147 707 2217; x_wconf 88' lang='lat' dir='ltr'><strong>vel</strong></span> <span class='ocrx_word' id='word_1_183' title='bbox 741 2146 1153 2217; x_wconf 88' lang='lat' dir='ltr'><strong>histrionum</strong></span> <span class='ocrx_word' id='word_1_184' title='bbox 1188 2147 1498 2217; x_wconf 90' lang='lat' dir='ltr'><strong>carmina</strong></span> <span class='ocrx_word' id='word_1_185' title='bbox 1549 2146 1769 2224; x_wconf 85' lang='lat' dir='ltr'><strong>foeda,</strong></span> <span class='ocrx_word' id='word_1_186' title='bbox 1808 2147 1925 2217; x_wconf 90' lang='lat' dir='ltr'><strong>sed</strong></span> <span class='ocrx_word' id='word_1_187' title='bbox 1961 2146 2392 2236; x_wconf 86' lang='lat' dir='ltr'><strong>Evangelica‚</strong></span> <span class='ocrx_word' id='word_1_188' title='bbox 2431 2146 2533 2216; x_wconf 86' lang='lat' dir='ltr'><strong>vel</strong></span> <span class='ocrx_word' id='word_1_189' title='bbox 2566 2153 2742 2237; x_wconf 78' lang='lat' dir='ltr'><strong>Apo-</strong></span> 
     </span>
     <span class='ocr_line' id='line_1_22' title="bbox 187 2235 2727 2326; baseline 0 -22"><span class='ocrx_word' id='word_1_190' title='bbox 187 2235 452 2316; x_wconf 87' lang='lat' dir='ltr'><strong>stolica,</strong></span> <span class='ocrx_word' id='word_1_191' title='bbox 487 2236 628 2307; x_wconf 85' lang='lat' dir='ltr'><strong>sive</strong></span> <span class='ocrx_word' id='word_1_192' title='bbox 651 2237 1051 2326; x_wconf 76' lang='lat' dir='ltr'><strong>prophetica</strong></span> <span class='ocrx_word' id='word_1_193' title='bbox 1082 2237 1542 2325; x_wconf 89' lang='lat' dir='ltr'><strong>personabant</strong></span> <span class='ocrx_word' id='word_1_194' title='bbox 1569 2235 1886 2305; x_wconf 87' lang='lat' dir='ltr'><strong>oracula:</strong></span> <span class='ocrx_word' id='word_1_195' title='bbox 1928 2235 2124 2305; x_wconf 88' lang='lat' dir='ltr'><strong>illum</strong></span> <span class='ocrx_word' id='word_1_196' title='bbox 2162 2237 2344 2305; x_wconf 91' lang='lat' dir='ltr'><strong>diem</strong></span> <span class='ocrx_word' id='word_1_197' title='bbox 2382 2250 2727 2317; x_wconf 88' lang='lat' dir='ltr'><strong>sanctum,</strong></span> 
     </span>
     <span class='ocr_line' id='line_1_23' title="bbox 190 2323 2734 2414; baseline 0 -21"><span class='ocrx_word' id='word_1_198' title='bbox 190 2323 395 2393; x_wconf 89' lang='lat' dir='ltr'><strong>illum</strong></span> <span class='ocrx_word' id='word_1_199' title='bbox 437 2324 689 2395; x_wconf 86' lang='lat' dir='ltr'><strong>duxere</strong></span> <span class='ocrx_word' id='word_1_200' title='bbox 738 2325 1444 2412; x_wconf 82' lang='lat' dir='ltr'><strong>solem&#39;nem,quando</strong></span> <span class='ocrx_word' id='word_1_201' title='bbox 1491 2324 1792 2411; x_wconf 89' lang='lat' dir='ltr'><strong>aliquem</strong></span> <span class='ocrx_word' id='word_1_202' title='bbox 1842 2324 2058 2393; x_wconf 88' lang='lat' dir='ltr'><strong>divini</strong></span> <span class='ocrx_word' id='word_1_203' title='bbox 2112 2325 2294 2394; x_wconf 88' lang='lat' dir='ltr'><strong>verbi</strong></span> <span class='ocrx_word' id='word_1_204' title='bbox 2331 2346 2734 2414; x_wconf 87' lang='lat' dir='ltr'><strong>praeconem</strong></span> 
     </span>
     <span class='ocr_line' id='line_1_24' title="bbox 192 2413 1325 2515; baseline 0.001 -33"><span class='ocrx_word' id='word_1_205' title='bbox 192 2413 488 2502; x_wconf 86' lang='lat' dir='ltr'><strong>hospitio</strong></span> <span class='ocrx_word' id='word_1_206' title='bbox 538 2415 842 2515; x_wconf 85' lang='lat' dir='ltr'><strong>recipere</strong></span> <span class='ocrx_word' id='word_1_207' title='bbox 892 2415 1325 2483; x_wconf 83' lang='lat' dir='ltr'><strong>meruissent.</strong></span> 
     </span>
    </p>

    <p class='ocr_par' dir='ltr' id='par_1_4' title="bbox 96 2500 2762 4548">
     <span class='ocr_line' id='line_1_25' title="bbox 275 2500 2762 2595; baseline -0.001 -22"><span class='ocrx_word' id='word_1_208' title='bbox 275 2506 313 2589; x_wconf 66' lang='grc' dir='ltr'><strong>ξ</strong></span> <span class='ocrx_word' id='word_1_209' title='bbox 364 2509 453 2574; x_wconf 67' lang='lat'><strong>2.</strong></span> <span class='ocrx_word' id='word_1_210' title='bbox 508 2504 803 2592; x_wconf 76' lang='lat' dir='ltr'><strong>Contigit</strong></span> <span class='ocrx_word' id='word_1_211' title='bbox 849 2516 1076 2573; x_wconf 88' lang='lat' dir='ltr'><strong>autem</strong></span> <span class='ocrx_word' id='word_1_212' title='bbox 1126 2525 1205 2573; x_wconf 89' lang='lat' dir='ltr'><strong>eo</strong></span> <span class='ocrx_word' id='word_1_213' title='bbox 1255 2510 1580 2595; x_wconf 83' lang='lat' dir='ltr'><strong>tempore,</strong></span> <span class='ocrx_word' id='word_1_214' title='bbox 1622 2502 1845 2573; x_wconf 89' lang='lat' dir='ltr'><strong>virum</strong></span> <span class='ocrx_word' id='word_1_215' title='bbox 1901 2507 2034 2571; x_wconf 90' lang='lat' dir='ltr'><strong>Deo</strong></span> <span class='ocrx_word' id='word_1_216' title='bbox 2079 2500 2409 2572; x_wconf 89' lang='lat' dir='ltr'><strong>dilectum</strong></span> <span class='ocrx_word' id='word_1_217' title='bbox 2464 2501 2762 2573; x_wconf 89' lang='lat' dir='ltr'><strong>Colum--</strong></span> 
     </span>
     <span class='ocr_line' id='line_1_26' title="bbox 186 2590 2737 2681; baseline 0 -21"><span class='ocrx_word' id='word_1_218' title='bbox 186 2591 475 2672; x_wconf 86' lang='lat' dir='ltr'><strong>banum,</strong></span> <span class='ocrx_word' id='word_1_219' title='bbox 521 2612 769 2681; x_wconf 83' lang='lat' dir='ltr'><strong>genere</strong></span> <span class='ocrx_word' id='word_1_220' title='bbox 800 2596 1103 2673; x_wconf 85' lang='lat' dir='ltr'><strong>Scotum,</strong></span> <span class='ocrx_word' id='word_1_221' title='bbox 1156 2593 1646 2663; x_wconf 89' lang='lat' dir='ltr'><strong>coenobiorum</strong></span> <span class='ocrx_word' id='word_1_222' title='bbox 1701 2592 2146 2661; x_wconf 87' lang='lat' dir='ltr'><strong>Luxoviensis</strong></span> <span class='ocrx_word' id='word_1_223' title='bbox 2196 2592 2264 2660; x_wconf 91' lang='lat' dir='ltr'><strong>in</strong></span> <span class='ocrx_word' id='word_1_224' title='bbox 2308 2590 2550 2669; x_wconf 84' lang='lat' dir='ltr'><strong>Callia,</strong></span> <span class='ocrx_word' id='word_1_225' title='bbox 2607 2596 2737 2660; x_wconf 93' lang='lat' dir='ltr'><strong>Bo-</strong></span> 
     </span>
     <span class='ocr_line' id='line_1_27' title="bbox 184 2679 2739 2769; baseline 0 -20"><span class='ocrx_word' id='word_1_226' title='bbox 184 2680 447 2749; x_wconf 85' lang='lat' dir='ltr'><strong>biensis</strong></span> <span class='ocrx_word' id='word_1_227' title='bbox 495 2682 564 2749; x_wconf 90' lang='lat' dir='ltr'><strong>in</strong></span> <span class='ocrx_word' id='word_1_228' title='bbox 605 2680 815 2750; x_wconf 53' lang='lat' dir='ltr'><strong>‘Italia</strong></span> <span class='ocrx_word' id='word_1_229' title='bbox 861 2679 1321 2763; x_wconf 84' lang='lat' dir='ltr'><strong>fundatorem,</strong></span> <span class='ocrx_word' id='word_1_230' title='bbox 1374 2704 1451 2751; x_wconf 82' lang='lat' dir='ltr'><strong>ex</strong></span> <span class='ocrx_word' id='word_1_231' title='bbox 1498 2681 1849 2769; x_wconf 82' lang='lat' dir='ltr'><strong>Hybernia</strong></span> <span class='ocrx_word' id='word_1_232' title='bbox 1890 2679 2123 2750; x_wconf 89' lang='lat' dir='ltr'><strong>insula</strong></span> <span class='ocrx_word' id='word_1_233' title='bbox 2170 2681 2239 2749; x_wconf 89' lang='lat' dir='ltr'><strong>in</strong></span> <span class='ocrx_word' id='word_1_234' title='bbox 2277 2679 2531 2749; x_wconf 88' lang='lat' dir='ltr'><strong>Gallias</strong></span> <span class='ocrx_word' id='word_1_235' title='bbox 2584 2702 2739 2769; x_wconf 90' lang='lat' dir='ltr'><strong>per-</strong></span> 
     </span>
     <span class='ocr_line' id='line_1_28' title="bbox 184 2768 2734 2860; baseline 0 -22"><span class='ocrx_word' id='word_1_236' title='bbox 184 2769 462 2838; x_wconf 80' lang='lat' dir='ltr'><strong>venire:</strong></span> <span class='ocrx_word' id='word_1_237' title='bbox 514 2770 637 2857; x_wconf 89' lang='lat' dir='ltr'><strong>qui</strong></span> <span class='ocrx_word' id='word_1_238' title='bbox 685 2769 923 2839; x_wconf 88' lang='lat' dir='ltr'><strong>relicto</strong></span> <span class='ocrx_word' id='word_1_239' title='bbox 982 2783 1265 2860; x_wconf 85' lang='lat' dir='ltr'><strong>paterno</strong></span> <span class='ocrx_word' id='word_1_240' title='bbox 1324 2769 1491 2849; x_wconf 79' lang='lat' dir='ltr'><strong>sole,</strong></span> <span class='ocrx_word' id='word_1_241' title='bbox 1552 2781 1914 2858; x_wconf 84' lang='lat' dir='ltr'><strong>parentum</strong></span> <span class='ocrx_word' id='word_1_242' title='bbox 1965 2768 2214 2847; x_wconf 88' lang='lat' dir='ltr'><strong>domo,</strong></span> <span class='ocrx_word' id='word_1_243' title='bbox 2277 2769 2684 2855; x_wconf 88' lang='lat' dir='ltr'><strong>cunctisque</strong></span> <span class='ocrx_word' id='word_1_244' title='bbox 2719 2826 2734 2849; x_wconf 92' lang='lat'>‚</span> 
     </span>
     <span class='ocr_line' id='line_1_29' title="bbox 179 2857 2742 2948; baseline 0 -22"><span class='ocrx_word' id='word_1_245' title='bbox 179 2859 446 2945; x_wconf 88' lang='lat' dir='ltr'><strong>quibus</strong></span> <span class='ocrx_word' id='word_1_246' title='bbox 494 2858 737 2927; x_wconf 88' lang='lat' dir='ltr'><strong>mundi</strong></span> <span class='ocrx_word' id='word_1_247' title='bbox 772 2873 1114 2928; x_wconf 90' lang='lat' dir='ltr'><strong>amatores</strong></span> <span class='ocrx_word' id='word_1_248' title='bbox 1163 2879 1285 2947; x_wconf 86' lang='lat' dir='ltr'><strong>pro</strong></span> <span class='ocrx_word' id='word_1_249' title='bbox 1346 2879 1599 2948; x_wconf 83' lang='lat' dir='ltr'><strong>magno</strong></span> <span class='ocrx_word' id='word_1_250' title='bbox 1648 2870 1942 2928; x_wconf 88' lang='lat' dir='ltr'><strong>utuntur</strong></span> <span class='ocrx_word' id='word_1_251' title='bbox 1973 2911 1988 2938; x_wconf 93' lang='lat'><strong>,</strong></span> <span class='ocrx_word' id='word_1_252' title='bbox 2050 2857 2508 2927; x_wconf 86' lang='lat' dir='ltr'><strong>voluntariam</strong></span> <span class='ocrx_word' id='word_1_253' title='bbox 2569 2880 2742 2947; x_wconf 87' lang='lat' dir='ltr'><strong>pau-</strong></span> 
     </span>
     <span class='ocr_line' id='line_1_30' title="bbox 182 2946 2742 3049; baseline 0.001 -35"><span class='ocrx_word' id='word_1_254' title='bbox 182 2958 517 3037; x_wconf 88' lang='lat' dir='ltr'><strong>pertatem</strong></span> <span class='ocrx_word' id='word_1_255' title='bbox 567 2959 632 3016; x_wconf 84' lang='lat' dir='ltr'><strong>et</strong></span> <span class='ocrx_word' id='word_1_256' title='bbox 661 2948 1191 3017; x_wconf 86' lang='lat' dir='ltr'><strong>saluberrimam</strong></span> <span class='ocrx_word' id='word_1_257' title='bbox 1236 2947 1883 3049; x_wconf 80' lang='lat' dir='ltr'><strong>peregrinationem,</strong></span> <span class='ocrx_word' id='word_1_258' title='bbox 1935 2968 2057 3035; x_wconf 88' lang='lat' dir='ltr'><strong>pro</strong></span> <span class='ocrx_word' id='word_1_259' title='bbox 2098 2968 2331 3016; x_wconf 88' lang='lat' dir='ltr'><strong>amore</strong></span> <span class='ocrx_word' id='word_1_260' title='bbox 2387 2946 2636 3015; x_wconf 87' lang='lat' dir='ltr'><strong>Christi</strong></span> <span class='ocrx_word' id='word_1_261' title='bbox 2676 2960 2742 3016; x_wconf 90' lang='lat' dir='ltr'><strong>et</strong></span> 
     </span>
     <span class='ocr_line' id='line_1_31' title="bbox 183 3034 2733 3126; baseline -0 -22"><span class='ocrx_word' id='word_1_262' title='bbox 183 3035 382 3124; x_wconf 84' lang='lat' dir='ltr'><strong>regni</strong></span> <span class='ocrx_word' id='word_1_263' title='bbox 416 3034 730 3105; x_wconf 88' lang='lat' dir='ltr'><strong>coelestis</strong></span> <span class='ocrx_word' id='word_1_264' title='bbox 759 3037 1077 3126; x_wconf 88' lang='lat' dir='ltr'><strong>arripuit.</strong></span> <span class='ocrx_word' id='word_1_265' title='bbox 1132 3039 1347 3123; x_wconf 66' lang='lat' dir='ltr'><strong>Cujus</strong></span> <span class='ocrx_word' id='word_1_266' title='bbox 1399 3035 1523 3104; x_wconf 89' lang='lat' dir='ltr'><strong>viri</strong></span> <span class='ocrx_word' id='word_1_267' title='bbox 1571 3035 1884 3105; x_wconf 88' lang='lat' dir='ltr'><strong>doctrina</strong></span> <span class='ocrx_word' id='word_1_268' title='bbox 1914 3034 2017 3103; x_wconf 86' lang='lat' dir='ltr'><strong>vel</strong></span> <span class='ocrx_word' id='word_1_269' title='bbox 2073 3036 2203 3104; x_wconf 86' lang='lat' dir='ltr'><strong>vita</strong></span> <span class='ocrx_word' id='word_1_270' title='bbox 2235 3034 2463 3123; x_wconf 87' lang='lat' dir='ltr'><strong>qualis</strong></span> <span class='ocrx_word' id='word_1_271' title='bbox 2505 3034 2733 3113; x_wconf 86' lang='lat' dir='ltr'><strong>fuerit,</strong></span> 
     </span>
     <span class='ocr_line' id='line_1_32' title="bbox 178 3123 2742 3214; baseline 0.002 -23"><span class='ocrx_word' id='word_1_272' title='bbox 178 3124 302 3211; x_wconf 90' lang='lat' dir='ltr'><strong>qni</strong></span> <span class='ocrx_word' id='word_1_273' title='bbox 339 3123 517 3193; x_wconf 91' lang='lat' dir='ltr'><strong>scire</strong></span> <span class='ocrx_word' id='word_1_274' title='bbox 555 3123 921 3206; x_wconf 87' lang='lat' dir='ltr'><strong>desiderat,</strong></span> <span class='ocrx_word' id='word_1_275' title='bbox 958 3148 1042 3194; x_wconf 81' lang='lat' dir='ltr'><strong>ex</strong></span> <span class='ocrx_word' id='word_1_276' title='bbox 1078 3124 1274 3204; x_wconf 89' lang='lat' dir='ltr'><strong>libro,</strong></span> <span class='ocrx_word' id='word_1_277' title='bbox 1315 3126 1436 3212; x_wconf 92' lang='lat' dir='ltr'><strong>qui</strong></span> <span class='ocrx_word' id='word_1_278' title='bbox 1475 3125 1678 3193; x_wconf 88' lang='lat' dir='ltr'><strong>vitam</strong></span> <span class='ocrx_word' id='word_1_279' title='bbox 1718 3124 2079 3211; x_wconf 83' lang='lat' dir='ltr'><strong>moresque</strong></span> <span class='ocrx_word' id='word_1_280' title='bbox 2110 3126 2261 3214; x_wconf 86' lang='lat' dir='ltr'><strong>ejus</strong></span> <span class='ocrx_word' id='word_1_281' title='bbox 2292 3136 2535 3195; x_wconf 89' lang='lat' dir='ltr'><strong>ornato</strong></span> <span class='ocrx_word' id='word_1_282' title='bbox 2561 3124 2742 3195; x_wconf 91' lang='lat' dir='ltr'><strong>edis-</strong></span> 
     </span>
     <span class='ocr_line' id='line_1_33' title="bbox 183 3212 2733 3304; baseline 0 -22"><span class='ocrx_word' id='word_1_283' title='bbox 183 3212 350 3282; x_wconf 88' lang='lat' dir='ltr'><strong>serit</strong></span> <span class='ocrx_word' id='word_1_284' title='bbox 382 3232 742 3295; x_wconf 85' lang='lat' dir='ltr'><strong>sermone,</strong></span> <span class='ocrx_word' id='word_1_285' title='bbox 795 3216 969 3284; x_wconf 87' lang='lat' dir='ltr'><strong>scire</strong></span> <span class='ocrx_word' id='word_1_286' title='bbox 1027 3216 1295 3304; x_wconf 90' lang='lat' dir='ltr'><strong>poterit.</strong></span> <span class='ocrx_word' id='word_1_287' title='bbox 1348 3213 1609 3287; x_wconf 79' lang='lat' dir='ltr'><strong>Accidit</strong></span> <span class='ocrx_word' id='word_1_288' title='bbox 1654 3226 1885 3284; x_wconf 89' lang='lat' dir='ltr'><strong>autem</strong></span> <span class='ocrx_word' id='word_1_289' title='bbox 1945 3213 2205 3283; x_wconf 87' lang='lat' dir='ltr'><strong>eisdem</strong></span> <span class='ocrx_word' id='word_1_290' title='bbox 2258 3213 2733 3302; x_wconf 74' lang='lat' dir='ltr'><strong>temporibu5‚</strong></span> 
     </span>
     <span class='ocr_line' id='line_1_34' title="bbox 182 3301 2739 3393; baseline 0.001 -23"><span class='ocrx_word' id='word_1_291' title='bbox 182 3301 462 3370; x_wconf 88' lang='lat' dir='ltr'><strong>beatum</strong></span> <span class='ocrx_word' id='word_1_292' title='bbox 507 3301 1039 3384; x_wconf 87' lang='lat' dir='ltr'><strong>Columbanum,</strong></span> <span class='ocrx_word' id='word_1_293' title='bbox 1086 3303 1431 3392; x_wconf 83' lang='lat' dir='ltr'><strong>insignem</strong></span> <span class='ocrx_word' id='word_1_294' title='bbox 1471 3302 1581 3371; x_wconf 90' lang='lat' dir='ltr'><strong>Dei</strong></span> <span class='ocrx_word' id='word_1_295' title='bbox 1613 3302 1976 3383; x_wconf 85' lang='lat' dir='ltr'><strong>cultorem,</strong></span> <span class='ocrx_word' id='word_1_296' title='bbox 2013 3302 2097 3372; x_wconf 90' lang='lat' dir='ltr'><strong>de</strong></span> <span class='ocrx_word' id='word_1_297' title='bbox 2131 3301 2337 3372; x_wconf 92' lang='lat' dir='ltr'><strong>domo</strong></span> <span class='ocrx_word' id='word_1_298' title='bbox 2369 3303 2739 3393; x_wconf 81' lang='lat' dir='ltr'><strong>Hagnerici</strong></span> 
     </span>
     <span class='ocr_line' id='line_1_35' title="bbox 184 3390 2732 3481; baseline 0 -22"><span class='ocrx_word' id='word_1_299' title='bbox 184 3390 448 3460; x_wconf 82' lang='lat' dir='ltr'><strong>summi</strong></span> <span class='ocrx_word' id='word_1_300' title='bbox 483 3390 861 3460; x_wconf 84' lang='lat' dir='ltr'><strong>consiliarii</strong></span> <span class='ocrx_word' id='word_1_301' title='bbox 899 3392 1103 3481; x_wconf 85' lang='lat' dir='ltr'><strong>Regis</strong></span> <span class='ocrx_word' id='word_1_302' title='bbox 1136 3390 1410 3461; x_wconf 87' lang='lat' dir='ltr'><strong>Clotarii</strong></span> <span class='ocrx_word' id='word_1_303' title='bbox 1458 3404 1902 3473; x_wconf 87' lang='lat' dir='ltr'><strong>remeantem,</strong></span> <span class='ocrx_word' id='word_1_304' title='bbox 1942 3390 2030 3460; x_wconf 92' lang='lat' dir='ltr'><strong>ad</strong></span> <span class='ocrx_word' id='word_1_305' title='bbox 2062 3390 2293 3461; x_wconf 82' lang='lat' dir='ltr'><strong>villam</strong></span> <span class='ocrx_word' id='word_1_306' title='bbox 2331 3391 2732 3478; x_wconf 86' lang='lat' dir='ltr'><strong>quamdam,</strong></span> 
     </span>
     <span class='ocr_line' id='line_1_36' title="bbox 182 3479 2730 3580; baseline 0 -31"><span class='ocrx_word' id='word_1_307' title='bbox 182 3480 257 3549; x_wconf 92' lang='lat' dir='ltr'><strong>in</strong></span> <span class='ocrx_word' id='word_1_308' title='bbox 313 3479 507 3549; x_wconf 86' lang='lat' dir='ltr'><strong>litore</strong></span> <span class='ocrx_word' id='word_1_309' title='bbox 537 3479 765 3549; x_wconf 86' lang='lat' dir='ltr'><strong>amnis</strong></span> <span class='ocrx_word' id='word_1_310' title='bbox 818 3484 1159 3549; x_wconf 75' lang='lat' dir='ltr'><strong>Matronae</strong></span> <span class='ocrx_word' id='word_1_311' title='bbox 1208 3482 1407 3549; x_wconf 88' lang='lat' dir='ltr'><strong>sitam</strong></span> <span class='ocrx_word' id='word_1_312' title='bbox 1442 3535 1457 3561; x_wconf 94' lang='lat'><strong>,</strong></span> <span class='ocrx_word' id='word_1_313' title='bbox 1497 3480 1900 3550; x_wconf 90' lang='lat' dir='ltr'><strong>Wilciacum</strong></span> <span class='ocrx_word' id='word_1_314' title='bbox 1956 3481 2274 3560; x_wconf 87' lang='lat' dir='ltr'><strong>nomine,</strong></span> <span class='ocrx_word' id='word_1_315' title='bbox 2333 3481 2730 3580; x_wconf 81' lang='lat' dir='ltr'><strong>pervenire,</strong></span> 
     </span>
     <span class='ocr_line' id='line_1_37' title="bbox 179 3568 2740 3670; baseline 0 -33"><span class='ocrx_word' id='word_1_316' title='bbox 179 3569 420 3655; x_wconf 89' lang='lat' dir='ltr'><strong>ibique</strong></span> <span class='ocrx_word' id='word_1_317' title='bbox 446 3568 870 3659; x_wconf 77' lang='lat' dir='ltr'><strong>praedictum</strong></span> <span class='ocrx_word' id='word_1_318' title='bbox 901 3570 1126 3638; x_wconf 86' lang='lat' dir='ltr'><strong>virum</strong></span> <span class='ocrx_word' id='word_1_319' title='bbox 1162 3568 1499 3639; x_wconf 87' lang='lat' dir='ltr'><strong>illustrem</strong></span> <span class='ocrx_word' id='word_1_320' title='bbox 1530 3570 1941 3639; x_wconf 79' lang='lat' dir='ltr'><strong>Autharium</strong></span> <span class='ocrx_word' id='word_1_321' title='bbox 1981 3591 2139 3638; x_wconf 92' lang='lat' dir='ltr'><strong>cum</strong></span> <span class='ocrx_word' id='word_1_322' title='bbox 2186 3569 2403 3638; x_wconf 82' lang='lat' dir='ltr'><strong>nobili</strong></span> <span class='ocrx_word' id='word_1_323' title='bbox 2442 3569 2740 3670; x_wconf 78' lang='lat' dir='ltr'><strong>conjuge</strong></span> 
     </span>
     <span class='ocr_line' id='line_1_38' title="bbox 96 3657 2739 3758; baseline 0 -31"><span class='ocrx_word' id='word_1_324' title='bbox 96 3682 99 3687; x_wconf 83' lang='lat'>·</span> <span class='ocrx_word' id='word_1_325' title='bbox 186 3680 317 3727; x_wconf 87' lang='lat' dir='ltr'><strong>sua</strong></span> <span class='ocrx_word' id='word_1_326' title='bbox 350 3657 515 3758; x_wconf 76' lang='lat' dir='ltr'><strong>Aiga</strong></span> <span class='ocrx_word' id='word_1_327' title='bbox 562 3658 892 3726; x_wconf 82' lang='lat' dir='ltr'><strong>invenire.</strong></span> <span class='ocrx_word' id='word_1_328' title='bbox 949 3657 1079 3740; x_wconf 86' lang='lat' dir='ltr'><strong>Qui</strong></span> <span class='ocrx_word' id='word_1_329' title='bbox 1125 3680 1285 3727; x_wconf 89' lang='lat' dir='ltr'><strong>cum</strong></span> <span class='ocrx_word' id='word_1_330' title='bbox 1330 3659 1551 3727; x_wconf 83' lang='lat' dir='ltr'><strong>virum</strong></span> <span class='ocrx_word' id='word_1_331' title='bbox 1600 3659 1714 3727; x_wconf 89' lang='lat' dir='ltr'><strong>Dei</strong></span> <span class='ocrx_word' id='word_1_332' title='bbox 1769 3680 2021 3748; x_wconf 83' lang='lat' dir='ltr'><strong>magno</strong></span> <span class='ocrx_word' id='word_1_333' title='bbox 2068 3657 2451 3727; x_wconf 82' lang='lat' dir='ltr'><strong>exultantes</strong></span> <span class='ocrx_word' id='word_1_334' title='bbox 2482 3659 2739 3747; x_wconf 78' lang='lat' dir='ltr'><strong>gaudio</strong></span> 
     </span>
     <span class='ocr_line' id='line_1_39' title="bbox 184 3746 2732 3835; baseline -0.001 -20"><span class='ocrx_word' id='word_1_335' title='bbox 184 3758 677 3835; x_wconf 74' lang='lat' dir='ltr'><strong>susceprssent,</strong></span> <span class='ocrx_word' id='word_1_336' title='bbox 729 3760 795 3815; x_wconf 91' lang='lat' dir='ltr'><strong>et</strong></span> <span class='ocrx_word' id='word_1_337' title='bbox 843 3746 1350 3817; x_wconf 85' lang='lat' dir='ltr'><strong>venerabilibus</strong></span> <span class='ocrx_word' id='word_1_338' title='bbox 1396 3747 1749 3834; x_wconf 85' lang='lat' dir='ltr'><strong>obsequiis</strong></span> <span class='ocrx_word' id='word_1_339' title='bbox 1789 3747 1850 3816; x_wconf 84' lang='lat' dir='ltr'><strong>ei</strong></span> <span class='ocrx_word' id='word_1_340' title='bbox 1909 3747 2284 3832; x_wconf 73' lang='lat' dir='ltr'><strong>gratificari</strong></span> <span class='ocrx_word' id='word_1_341' title='bbox 2333 3747 2732 3816; x_wconf 86' lang='lat' dir='ltr'><strong>studerent:</strong></span> 
     </span>
     <span class='ocr_line' id='line_1_40' title="bbox 182 3834 2734 3935; baseline 0 -31"><span class='ocrx_word' id='word_1_342' title='bbox 182 3835 365 3904; x_wconf 87' lang='lat' dir='ltr'><strong>inter</strong></span> <span class='ocrx_word' id='word_1_343' title='bbox 394 3847 663 3905; x_wconf 86' lang='lat' dir='ltr'><strong>caetera</strong></span> <span class='ocrx_word' id='word_1_344' title='bbox 689 3834 1041 3909; x_wconf 83' lang='lat' dir='ltr'><strong>salutifera</strong></span> <span class='ocrx_word' id='word_1_345' title='bbox 1068 3836 1425 3905; x_wconf 88' lang='lat' dir='ltr'><strong>beatorum</strong></span> <span class='ocrx_word' id='word_1_346' title='bbox 1466 3836 1768 3904; x_wconf 88' lang='lat' dir='ltr'><strong>virorum</strong></span> <span class='ocrx_word' id='word_1_347' title='bbox 1807 3834 2175 3922; x_wconf 86' lang='lat' dir='ltr'><strong>colloquia,</strong></span> <span class='ocrx_word' id='word_1_348' title='bbox 2215 3835 2734 3935; x_wconf 78' lang='lat' dir='ltr'><strong>religiosissima</strong></span> 
     </span>
     <span class='ocr_line' id='line_1_41' title="bbox 187 3923 2737 4014; baseline 0.001 -25"><span class='ocrx_word' id='word_1_349' title='bbox 187 3935 405 3993; x_wconf 88' lang='lat' dir='ltr'><strong>mater</strong></span> <span class='ocrx_word' id='word_1_350' title='bbox 421 3924 569 4011; x_wconf 76' lang='lat' dir='ltr'><strong>Jam</strong></span> <span class='ocrx_word' id='word_1_351' title='bbox 610 3924 950 3993; x_wconf 89' lang='lat' dir='ltr'><strong>dictorum</strong></span> <span class='ocrx_word' id='word_1_352' title='bbox 983 3924 1187 3993; x_wconf 87' lang='lat' dir='ltr'><strong>trium</strong></span> <span class='ocrx_word' id='word_1_353' title='bbox 1228 3945 1599 4014; x_wconf 85' lang='lat' dir='ltr'><strong>puerorum</strong></span> <span class='ocrx_word' id='word_1_354' title='bbox 1643 3924 1730 3992; x_wconf 90' lang='lat' dir='ltr'><strong>ad</strong></span> <span class='ocrx_word' id='word_1_355' title='bbox 1769 3924 2316 3994; x_wconf 85' lang='lat' dir='ltr'><strong>benedicendum</strong></span> <span class='ocrx_word' id='word_1_356' title='bbox 2355 3923 2737 3993; x_wconf 82' lang='lat' dir='ltr'><strong>infantulos</strong></span> 
     </span>
     <span class='ocr_line' id='line_1_42' title="bbox 187 4011 2732 4102; baseline 0.003 -28"><span class='ocrx_word' id='word_1_357' title='bbox 187 4013 491 4082; x_wconf 84' lang='lat' dir='ltr'><strong>veroDei</strong></span> <span class='ocrx_word' id='word_1_358' title='bbox 531 4012 780 4083; x_wconf 89' lang='lat' dir='ltr'><strong>cultori</strong></span> <span class='ocrx_word' id='word_1_359' title='bbox 810 4011 1081 4093; x_wconf 90' lang='lat' dir='ltr'><strong>obtulit,</strong></span> <span class='ocrx_word' id='word_1_360' title='bbox 1138 4014 1510 4083; x_wconf 86' lang='lat' dir='ltr'><strong>obsecrans</strong></span> <span class='ocrx_word' id='word_1_361' title='bbox 1556 4027 1635 4082; x_wconf 90' lang='lat' dir='ltr'><strong>ut</strong></span> <span class='ocrx_word' id='word_1_362' title='bbox 1661 4013 1761 4082; x_wconf 86' lang='lat' dir='ltr'><strong>eis</strong></span> <span class='ocrx_word' id='word_1_363' title='bbox 1802 4014 1974 4082; x_wconf 91' lang='lat' dir='ltr'><strong>bene</strong></span> <span class='ocrx_word' id='word_1_364' title='bbox 2005 4026 2423 4102; x_wconf 88' lang='lat' dir='ltr'><strong>precaretur.</strong></span> <span class='ocrx_word' id='word_1_365' title='bbox 2479 4012 2732 4083; x_wconf 89' lang='lat' dir='ltr'><strong>Videns</strong></span> 
     </span>
     <span class='ocr_line' id='line_1_43' title="bbox 188 4101 2737 4202; baseline 0.002 -35"><span class='ocrx_word' id='word_1_366' title='bbox 188 4111 417 4170; x_wconf 89' lang='lat' dir='ltr'><strong>autem</strong></span> <span class='ocrx_word' id='word_1_367' title='bbox 448 4123 564 4171; x_wconf 89' lang='lat' dir='ltr'><strong>eos</strong></span> <span class='ocrx_word' id='word_1_368' title='bbox 590 4102 695 4170; x_wconf 87' lang='lat' dir='ltr'><strong>vir</strong></span> <span class='ocrx_word' id='word_1_369' title='bbox 718 4113 1025 4181; x_wconf 78' lang='lat' dir='ltr'><strong>sanctnS,</strong></span> <span class='ocrx_word' id='word_1_370' title='bbox 1059 4102 1410 4202; x_wconf 87' lang='lat' dir='ltr'><strong>praescius</strong></span> <span class='ocrx_word' id='word_1_371' title='bbox 1441 4101 1857 4181; x_wconf 85' lang='lat' dir='ltr'><strong>futurorum,</strong></span> <span class='ocrx_word' id='word_1_372' title='bbox 1891 4102 2272 4171; x_wconf 90' lang='lat' dir='ltr'><strong>secundum</strong></span> <span class='ocrx_word' id='word_1_373' title='bbox 2312 4102 2462 4188; x_wconf 89' lang='lat' dir='ltr'><strong>piae</strong></span> <span class='ocrx_word' id='word_1_374' title='bbox 2489 4102 2737 4172; x_wconf 89' lang='lat' dir='ltr'><strong>matris</strong></span> 
     </span>
     <span class='ocr_line' id='line_1_44' title="bbox 189 4187 2737 4280; baseline 0.001 -24"><span class='ocrx_word' id='word_1_375' title='bbox 189 4187 397 4258; x_wconf 86' lang='lat' dir='ltr'><strong>fidem</strong></span> <span class='ocrx_word' id='word_1_376' title='bbox 433 4190 796 4260; x_wconf 79' lang='lat' dir='ltr'><strong>infantulis</strong></span> <span class='ocrx_word' id='word_1_377' title='bbox 830 4189 1200 4269; x_wconf 80' lang='lat' dir='ltr'><strong>benedixit,</strong></span> <span class='ocrx_word' id='word_1_378' title='bbox 1245 4201 1310 4259; x_wconf 90' lang='lat' dir='ltr'><strong>et</strong></span> <span class='ocrx_word' id='word_1_379' title='bbox 1346 4190 1749 4280; x_wconf 85' lang='lat' dir='ltr'><strong>prophetico</strong></span> <span class='ocrx_word' id='word_1_380' title='bbox 1794 4189 2044 4280; x_wconf 90' lang='lat' dir='ltr'><strong>spiritu</strong></span> <span class='ocrx_word' id='word_1_381' title='bbox 2093 4190 2432 4279; x_wconf 85' lang='lat' dir='ltr'><strong>praedixit</strong></span> <span class='ocrx_word' id='word_1_382' title='bbox 2461 4210 2576 4259; x_wconf 86' lang='lat' dir='ltr'><strong>eos</strong></span> <span class='ocrx_word' id='word_1_383' title='bbox 2628 4190 2737 4259; x_wconf 86' lang='lat' dir='ltr'><strong>fu-</strong></span> 
     </span>
     <span class='ocr_line' id='line_1_45' title="bbox 188 4277 2738 4369; baseline 0.001 -23"><span class='ocrx_word' id='word_1_384' title='bbox 188 4290 386 4347; x_wconf 88' lang='lat' dir='ltr'><strong>turos</strong></span> <span class='ocrx_word' id='word_1_385' title='bbox 432 4281 502 4346; x_wconf 90' lang='lat' dir='ltr'><strong>in</strong></span> <span class='ocrx_word' id='word_1_386' title='bbox 555 4279 980 4348; x_wconf 86' lang='lat' dir='ltr'><strong>Christianae</strong></span> <span class='ocrx_word' id='word_1_387' title='bbox 1033 4277 1389 4369; x_wconf 84' lang='lat' dir='ltr'><strong>religionis</strong></span> <span class='ocrx_word' id='word_1_388' title='bbox 1438 4278 1807 4348; x_wconf 85' lang='lat' dir='ltr'><strong>virtutibus</strong></span> <span class='ocrx_word' id='word_1_389' title='bbox 1855 4278 2142 4348; x_wconf 85' lang='lat' dir='ltr'><strong>eximios</strong></span> <span class='ocrx_word' id='word_1_390' title='bbox 2173 4333 2188 4360; x_wconf 93' lang='lat'><strong>,</strong></span> <span class='ocrx_word' id='word_1_391' title='bbox 2246 4278 2628 4349; x_wconf 88' lang='lat' dir='ltr'><strong>honoribus</strong></span> <span class='ocrx_word' id='word_1_392' title='bbox 2672 4293 2738 4348; x_wconf 90' lang='lat' dir='ltr'><strong>et</strong></span> 
     </span>
     <span class='ocr_line' id='line_1_46' title="bbox 188 4364 2734 4458; baseline 0.002 -25"><span class='ocrx_word' id='word_1_393' title='bbox 188 4364 526 4454; x_wconf 78' lang='lat' dir='ltr'><strong>dignitate</strong></span> <span class='ocrx_word' id='word_1_394' title='bbox 596 4368 892 4438; x_wconf 87' lang='lat' dir='ltr'><strong>seculari</strong></span> <span class='ocrx_word' id='word_1_395' title='bbox 945 4368 1168 4438; x_wconf 88' lang='lat' dir='ltr'><strong>claros</strong></span> <span class='ocrx_word' id='word_1_396' title='bbox 1203 4422 1219 4449; x_wconf 96' lang='lat'><strong>,</strong></span> <span class='ocrx_word' id='word_1_397' title='bbox 1286 4367 1358 4437; x_wconf 90' lang='lat' dir='ltr'><strong>in</strong></span> <span class='ocrx_word' id='word_1_398' title='bbox 1417 4366 1577 4436; x_wconf 81' lang='lat' dir='ltr'><strong>aula</strong></span> <span class='ocrx_word' id='word_1_399' title='bbox 1623 4368 1828 4436; x_wconf 90' lang='lat' dir='ltr'><strong>etiam</strong></span> <span class='ocrx_word' id='word_1_400' title='bbox 1890 4389 2128 4458; x_wconf 82' lang='lat' dir='ltr'><strong>regum</strong></span> <span class='ocrx_word' id='word_1_401' title='bbox 2181 4367 2540 4458; x_wconf 82' lang='lat' dir='ltr'><strong>gloriosos.</strong></span> <span class='ocrx_word' id='word_1_402' title='bbox 2603 4373 2734 4439; x_wconf 86' lang='lat' dir='ltr'><strong>Nec</strong></span> 
     </span>
     <span class='ocr_line' id='line_1_47' title="bbox 191 4455 2736 4548; baseline 0 -23"><span class='ocrx_word' id='word_1_403' title='bbox 191 4455 416 4546; x_wconf 87' lang='lat' dir='ltr'><strong>potuit</strong></span> <span class='ocrx_word' id='word_1_404' title='bbox 468 4457 661 4548; x_wconf 67' lang='lat' dir='ltr'><strong>otanti</strong></span> <span class='ocrx_word' id='word_1_405' title='bbox 733 4457 861 4527; x_wconf 83' lang='lat' dir='ltr'><strong>viri</strong></span> <span class='ocrx_word' id='word_1_406' title='bbox 934 4457 1365 4538; x_wconf 90' lang='lat' dir='ltr'><strong>benedictio,</strong></span> <span class='ocrx_word' id='word_1_407' title='bbox 1447 4478 1643 4525; x_wconf 88' lang='lat' dir='ltr'><strong>cassa</strong></span> <span class='ocrx_word' id='word_1_408' title='bbox 1731 4456 1829 4526; x_wconf 88' lang='lat' dir='ltr'><strong>vel</strong></span> <span class='ocrx_word' id='word_1_409' title='bbox 1904 4455 2182 4528; x_wconf 84' lang='lat' dir='ltr'><strong>fortuita</strong></span> <span class='ocrx_word' id='word_1_410' title='bbox 2248 4456 2391 4527; x_wconf 88' lang='lat' dir='ltr'><strong>ulla</strong></span> <span class='ocrx_word' id='word_1_411' title='bbox 2475 4458 2736 4528; x_wconf 89' lang='lat' dir='ltr'><strong>ratione</strong></span> 
     </span>
    </p>
   </div>
  </div>
 </body>
</html>
