3308 5004
748 325 879 391 326
1627 341 1709 388 na
1754 342 1811 389 s.
1866 341 2231 389 umasu
2880 322 3065 397 Ano.
3122 324 3208 389 ⁴4

654 426 798 497 illis
843 424 1221 505 nominata,
1259 423 1378 494 sed
1410 424 1724 495 omnium
1756 425 2230 507 novissimam,
2281 424 2469 512 quod
2509 424 2597 496 ad
2639 425 2888 497 mentis
2914 447 3211 496 sensum

656 514 992 606 pertinet,
1051 514 1349 604 seipsam
1389 513 1835 597 existimanS,
1887 525 1965 584 ut
2012 514 2189 585 illud
2238 515 2513 584 Domini
2561 525 3002 606 praeceptum
3058 536 3214 585 ser-

651 616 889 762 varet}
940 602 1073 686 Qui
1117 601 1261 673 vult
1306 602 1376 672 in
1436 602 1629 674 vobis
1675 625 1826 676 esse
1872 603 2145 694 primus
2174 656 2196 684 ‚
2266 605 2355 673 sit
2399 605 2717 675 omnium
2778 603 3213 675 novissimus

651 705 718 764 et
764 716 810 762 u
845 705 1079 761 timus.

738 783 776 869 ξ
821 784 898 852 ¹2.
951 779 1080 851 Sed
1127 792 1470 869 quaenam
1504 782 1745 862 oratio,
1796 792 1918 851 aut
1954 801 2132 869 quae
2160 780 2427 872 lingua,
2474 780 2889 852 humilitatis
2918 791 2984 851 et
3010 803 3213 851 sum·

651 869 1049 951 missionis,
1103 891 1240 958 qua
1277 868 1578 941 foemina
1627 869 1749 939 illa
1792 870 2189 950 excellebat,
2232 869 2611 941 celsitatem
2651 870 2992 961 explicare
3046 892 3211 959 pos·

652 962 807 1030 set?
853 963 1084 1047 Neque
1128 958 1316 1029 enim
1363 981 1676 1047 unquam
1708 980 1910 1049 passa
1950 971 2077 1040 est,
2115 959 2205 1030 ab
2242 958 2478 1048 aliqua
2525 980 2765 1028 earum
2797 958 3204 1038 mulierum,

650 1069 827 1135 quae
872 1069 1036 1117 cum
1094 1047 1117 1116 i
1170 1069 1248 1117 sa
1304 1059 1549 1130 erant,
1614 1048 2078 1118 ministerium
2145 1047 2280 1117 sibi
2347 1048 2661 1138 praeberi
2697 1102 2715 1129 ,
2778 1046 2879 1116 vel
2942 1068 3207 1134 aquam

651 1136 724 1206 in
789 1158 1043 1207 manus
1147 1135 1251 1204 ari
1305 1157 1428 1226 per
1487 1148 1705 1207 totum
1765 1136 1943 1206 vitae
1997 1158 2164 1207 suae
2222 1148 2549 1227 tempus:
2611 1135 3204 1224 quemadmodum

647 1246 828 1314 quae
874 1247 1033 1295 cum
1088 1245 1167 1293 ea
1216 1224 1543 1307 vixerant,
1604 1237 1760 1315 post
1806 1238 2123 1295 sanctum
2174 1225 2330 1313 ejus
2376 1225 2668 1307 obitum,
2724 1246 2965 1294 omnes
3011 1224 3208 1293 illius

649 1314 955 1406 regionis
1007 1312 1324 1382 homines
1375 1313 1461 1384 de
1508 1336 1590 1383 ea
1639 1336 1712 1384 re
1758 1314 2081 1385 certiores
2119 1312 2452 1384 fecerunt.
2506 1314 2634 1384 Illa
2678 1314 2864 1385 enim
2915 1335 2986 1383 se
3019 1312 3208 1382 indi·

649 1424 859 1494 gnam
900 1401 1231 1502 putabat,
1283 1423 1460 1490 quae
1513 1423 1657 1473 una
1709 1424 1873 1472 cum
1934 1404 1957 1471 i
2011 1402 2107 1474 sis
2161 1416 2591 1474 versaretur:
2646 1415 2912 1472 tantum
2961 1402 3200 1481 abest,

649 1504 730 1561 ut
784 1490 919 1560 sib1
979 1501 1333 1578 tamquam
1396 1491 1861 1582 praesidenti,
1927 1514 1967 1560 a
2084 1489 2225 1561 illis
2283 1492 2664 1562 ministrari
2736 1490 2958 1560 vellet.
3032 1495 3203 1560 Cum

647 1579 852 1650 etiam
906 1578 1323 1649 abstinentia
1373 1579 1669 1650 multum
1719 1579 2019 1661 valeret,
2074 1579 2366 1671 paulum
2417 1581 2619 1671 panis
2674 1592 2740 1650 et
2787 1600 3007 1666 aquae
3051 1591 3207 1669 post

651 1689 876 1739 nonae
920 1668 1130 1737 horae
1176 1682 1452 1760 tempus
1498 1669 1842 1761 gustabat,
1897 1690 2097 1739 caseo
2128 1682 2196 1738 et
2242 1669 2430 1759 pisce
2467 1668 2751 1739 omnino
2797 1668 3199 1739 abstinens:

649 1779 826 1845 quae
875 1756 947 1825 in
998 1756 1143 1826 solo
1189 1756 1301 1826 die
1349 1756 1517 1827 festo
1566 1758 1866 1828 Paschae
1894 1812 1911 1839 ,
1958 1763 2089 1827 Deo
2146 1758 2404 1849 gratias
2457 1779 2672 1849 agens
2703 1813 2720 1840 ,
2773 1769 3051 1858 gustare
3098 1777 3206 1825 so-

649 1846 771 1916 lita
816 1856 981 1915 erat.
1036 1850 1322 1915 Sanctae
1374 1868 1531 1916 vero
1578 1846 1856 1930 Quadra
1906 1847 2162 1916 esimae
2219 1847 2469 1918 diebus
2527 1858 2677 1937 post
2732 1845 3028 1916 biduum
3086 1866 3206 1914 su·

648 1956 848 2005 mens
894 1933 1156 2015 cibum,
1209 1934 1448 2005 crudis
1496 1947 1766 2005 tantum
1811 1957 1853 2005 o
1882 1936 2119 2005 eribus
2164 1947 2484 2006 contenta
2525 1948 2694 2016 erat,
2746 1934 2818 2004 in
2868 1933 3008 2002 illis
3047 1955 3206 2003 san-

648 2023 777 2094 ctis
823 2021 1069 2093 diebus
1115 2023 1402 2093 omnino
1450 2036 1693 2114 potum
1741 2046 1880 2094 non
1930 2036 2242 2115 gustans.
2301 2029 2609 2113 Cumque
2654 2023 3006 2102 dormiret,
3062 2042 3200 2103 non

649 2112 720 2181 in
773 2110 978 2192 latuS‚
1023 2111 1142 2181 sed
1192 2112 1264 2180 in
1311 2122 1535 2184 unum
1583 2112 1955 2200 quemdam
2012 2112 2340 2203 lapidem,
2392 2112 2478 2182 ad
2532 2113 2600 2182 id
2653 2113 2884 2202 ipsum
2935 2132 3203 2180 accom-

649 2199 1008 2270 modatum
1039 2254 1056 2281 ,
1109 2222 1258 2270 sese
1305 2199 1653 2270 inclinans
1684 2257 1700 2284 ,
1756 2223 1999 2292 parum
2042 2202 2268 2271 somni
2306 2201 2644 2292 capiebat.
2697 2206 2928 2286 Neque
2974 2197 3201 2269 solum

648 2288 720 2357 in
762 2302 999 2359 sancta
1036 2301 1102 2358 et
1143 2312 1393 2380 magna
1440 2290 2009 2381 Quadragesima.
2042 2290 2160 2360 sed
2207 2290 2415 2360 etiam
2466 2290 2537 2359 in
2593 2301 2989 2360 sanctorum
3023 2292 3199 2377 Apo-

649 2376 1013 2459 stolorum,
1053 2389 1118 2448 et
1151 2378 1603 2449 sacratissimi
1640 2379 1778 2448 diei
1814 2378 2065 2451 natalis
2099 2378 2348 2449 Christi
2382 2377 2756 2448 Salvatoris
2788 2375 3006 2447 nostri
3041 2390 3201 2445 tem·

650 2466 963 2559 poribuS‚
1015 2466 1331 2538 eamdem
1379 2467 1886 2540 exercitationis
1937 2477 2003 2538 et
2047 2467 2224 2538 vitae
2270 2466 2585 2559 regulam
2646 2466 2984 2537 servabat.
3038 2464 3201 2553 Ejus

650 2577 811 2627 vero
836 2567 1154 2638 stratum,
1189 2579 1272 2627 ex
1301 2557 1575 2648 magnis
1602 2557 1957 2648 lapidibus
1993 2557 2065 2625 in
2107 2556 2253 2627 solo
2279 2557 2431 2647 ipso
2471 2555 2962 2646 compositum,
2993 2575 3202 2645 parva

645 2644 949 2733 quadam
982 2657 1047 2715 et
1079 2667 1323 2736 aspera
1351 2658 1533 2715 veste
1563 2645 1865 2736 desuper
1890 2646 2281 2735 tegebatur:
2310 2667 2450 2733 quo
2483 2643 2633 2714 loco
2663 2645 2735 2714 in
2770 2645 2791 2713 i
2846 2664 2922 2712 so
2952 2642 3202 2730 quietis

647 2745 955 2824 tempore
985 2733 1276 2815 cubans,
1321 2732 1645 2823 lacrymis
1677 2757 1799 2825 per
1837 2733 2154 2824 singulas
2202 2747 2459 2815 noctes,
2512 2746 2591 2803 ut
2627 2738 2804 2822 Prop
2857 2743 2965 2801 eta
3003 2730 3197 2811 dixit,

647 2833 941 2893 stratum
1004 2844 1212 2892 suum
1262 2821 1554 2913 rigabat.
1626 2827 1795 2893 Cum
1848 2822 2036 2892 enim
2091 2820 2373 2891 divinus
2432 2843 2628 2891 amor
2688 2822 2877 2891 intus
2923 2818 3201 2890 abunde

649 2911 877 3001 ipsam
911 2910 1313 2980 accenderet
1341 2923 1547 2998 atque
1585 2911 2072 2989 inflammaret,
2116 2909 2464 3000 lacrymae
2505 2910 2698 3000 ipsae
2734 2923 2883 2980 tum
2911 2910 2984 2978 in
3016 2906 3202 2998 psal-

651 2999 788 3070 mis
845 2998 1178 3068 canendis
1208 3053 1224 3079 ‚
1269 3011 1417 3068 tum
1479 2999 1551 3068 in
1606 2997 1932 3090 precibus
1971 2997 2059 3067 ad
2107 3002 2323 3068 Deum
2372 2998 2749 3078 mittendiS,
2791 2999 2887 3067 ita
2928 2997 3201 3086 copiose

649 3085 1275 3177 profundebantur,
1308 3099 1386 3157 ut
1423 3085 1681 3156 fontem
1714 3086 1943 3177 potius
1977 3085 2267 3158 vidisses
2297 3087 2498 3172 aquis
2527 3087 2957 3168 destitutum,
2992 3106 3199 3171 quam

650 3187 926 3246 sanctos
964 3187 1029 3245 et
1084 3174 1362 3244 assidue
1413 3175 1759 3245 Christum
1817 3186 2204 3265 spectantes
2250 3175 2402 3264 ejus
2448 3175 2686 3246 oculos
2735 3175 3199 3265 lacrymarum

651 3285 733 3334 ex
784 3273 962 3335 ertes
999 3284 1171 3334 esse.

737 3286 902 3440 ΞΟ.
956 3351 1452 3422 Indumentum
1516 3350 1620 3420 illi
1671 3363 1816 3422 erat
1852 3351 2145 3422 interius
2194 3351 2478 3441 quidem
2539 3374 2864 3444 asperum
2899 3407 2915 3434 ,
2978 3351 3197 3442 ipsius

650 3461 926 3510 carnem
960 3440 1326 3530 asperitate
1355 3439 1709 3530 affligens:
1744 3441 2042 3511 exterius
2078 3462 2232 3511 vero
2259 3452 2732 3531 tegumentum
2763 3440 3016 3531 pannis
3042 3461 3200 3510 con·

652 3527 877 3598 stabat
907 3550 990 3598 ex
1028 3528 1261 3598 ovium
1297 3527 1454 3598 lana
1502 3529 1857 3601 contextis.
1910 3535 1986 3599 At
2033 3530 2317 3599 interior
2349 3529 2469 3599 illa
2504 3530 2708 3600 vestis
2742 3530 2976 3620 ignota
3006 3541 3194 3599 erat:

649 3617 942 3690 exterior
987 3630 1219 3687 autem
1272 3638 1526 3707 corpus
1573 3629 1974 3709 contegcnS,
2028 3619 2116 3688 ab
2173 3618 2578 3690 hominibus
2617 3618 3055 3688 cernebatur.
3110 3614 3197 3685 Ad

651 3706 821 3776 haec
858 3705 1189 3796 vigilabat
1219 3728 1292 3775 se
1340 3706 1698 3796 colligens,
1735 3719 1801 3777 et
1848 3706 2126 3778 Davidis
2160 3707 2465 3796 psalmos
2507 3706 2851 3778 meditans
2877 3761 2898 3787 ,
2955 3707 3199 3797 singu-

651 3795 876 3883 lisque
914 3794 1343 3865 sessionibus
1374 3796 1753 3865 orationem
1795 3797 2029 3865 animo
2061 3795 2259 3866 valde
2298 3795 2527 3866 sobrio
2575 3806 2780 3884 atque
2819 3808 3077 3865 attento
3119 3791 3198 3862 ad

648 3885 865 3954 De'um
901 3882 1225 3954 fundens.
1259 3884 1375 3952 Die
1407 3896 1636 3954 autem
1676 3883 1879 3954 modo
1913 3905 2175 3967 secum,
2212 3884 2416 3954 modo
2457 3907 2617 3954 cum
2652 3884 2810 3954 aliis
2834 3906 3013 3971 quae
3042 3902 3197 3952 cum

649 3973 773 4043 illa
810 3985 1027 4055 erant,
1067 3971 1494 4063 psalmorum
1528 3994 1767 4042 versus
1799 3972 2118 4056 recitanS,
2158 3972 2369 4044 dabat
2398 3994 2702 4062 operam,
2747 3995 2833 4043 ne
2860 3972 3007 4042 ullo
3039 3984 3200 4041 tem·

650 4083 816 4152 pore
845 4075 963 4132 aut
988 4062 1180 4143 horA,
1223 4060 1376 4150 ejus
1404 4083 1482 4131 os
1514 4073 1632 4131 aut
1666 4082 1864 4130 mens
1897 4083 1939 4130 a
1968 4063 2084 4130 Dei
2120 4061 2340 4152 gloria
2378 4061 2793 4132 celebranda
2826 4073 3099 4131 vacaret
3131 4070 3201 4128 ut

649 4171 1007 4221 sacrorum
1038 4150 1427 4220 carminum
1460 4162 1704 4220 auctor
1733 4149 1941 4220 David
1976 4150 2266 4220 cecinit:
2320 4151 2719 4220 Benedicam
2748 4152 3103 4221 Dominum
3136 4150 3198 4216 in

650 4241 837 4308 omni
863 4250 1176 4330 tempore,
1213 4261 1472 4331 semper
1505 4241 1660 4309 laus
1689 4241 1834 4330 ejus
1871 4240 1943 4308 in
1975 4262 2086 4309 ore
2124 4262 2270 4308 meo
2305 4238 2445 4328 (Ps.
2501 4237 2638 4328 33).

740 4330 777 4415 ἓ
824 4331 921 4397 ss.
974 4332 1066 4396 Ex
1098 4348 1237 4414 quo
1269 4341 1500 4398 autem
1532 4327 1643 4397 die
1680 4327 2129 4397 monasticam
2165 4327 2373 4397 vitam
2406 4326 2709 4396 foemina
2738 4326 2857 4396 illa
2889 4326 3196 4418 ingressa

650 4428 775 4496 est,
814 4414 902 4484 ad
937 4415 1112 4486 illud
1146 4437 1366 4504 usque
1399 4427 1698 4507 tempus,
1735 4438 1873 4504 quo
1903 4416 1990 4486 ad
2032 4421 2243 4486 Deum
2278 4416 2622 4506 migravit,
2658 4415 2891 4488 nullos
2920 4416 3197 4487 omnino
