3308 5004
148 326 332 394 AUG.
386 326 475 393 28
714 344 796 393 a:
841 344 898 392 s.
950 343 1310 396 Aucusmto
1356 340 1560 392 zrtsc.
1613 343 1690 392 n·
1736 342 1906 393 tucn.
1930 277 2140 394 'noct
2477 329 2605 396 087

149 428 650 502 instantissime
678 428 827 500 fieri
857 428 1147 509 voiebat,
1172 443 1247 500 ut
1273 428 1593 499 adessem
1614 428 2016 499 omnimodo
2049 430 2411 506 recusavit:
2437 446 2505 503 et
2522 431 2692 510 dum

149 518 221 589 id
270 531 745 607 pernegasset,
799 518 1038 588 dicens
1074 518 1257 606 quod
1310 518 1539 607 legum
1596 531 1780 587 metu
1831 518 2267 607 publicarum
2322 520 2696 610 periclitari
2742 517 2751 526 ’

146 606 403 679 tabulis
433 607 710 698 scriptis
737 606 981 677 nollet:
1016 607 1441 698 interpositis
1470 605 1649 696 stylo
1678 620 1743 677 ct
1773 607 2051 683 tabulis.
2079 609 2505 698 Augustinus
2534 611 2696 700 Epi·

146 717 403 786 scopus
441 717 605 767 cum
638 695 811 776 suis,
846 696 967 783 qui
998 695 1308 777 aderant,
1360 694 1972 768 consacerdotibus
2001 696 2065 766 id
2158 695 2374 770 lacere
2408 699 2696 782 videret,

144 798 227 856 ut
254 785 518 872 absque
549 783 696 854 ulla
743 785 1085 874 scriptura
1136 785 1455 876 privatim
1491 784 1950 874 disputarent,
1994 784 2098 856 col
2132 787 2431 856 ationem
2463 809 2696 859 susce-

148 875 301 965 pit,
354 872 758 964 praedicens
812 873 992 960 quod
1052 874 1487 963 postmodum
1546 872 1885 965 contigit,
1952 874 2138 961 quod
2190 888 2339 963 post
2385 875 2694 948 solutum

148 977 583 1033 con-ventum·
610 977 761 1033 esse
805 963 1134 1050 cuiquam
1189 975 1416 1052 posset
1463 961 1762 1033 liberum
1796 961 1965 1032 sorte
2005 962 2255 1044 dicere,
2296 963 2490 1036 nullo
2519 966 2695 1036 scri·

148 1065 393 1142 pturae
446 1050 864 1124 documen-to
909 1074 981 1123 se
1028 1050 1287 1122 dixisse
1321 1106 1345 1132 ,
1387 1050 1572 1138 quod
1644 1050 1814 1121 forte
1863 1067 1998 1122 non
2048 1052 2344 1136 dixerit,
2401 1053 2501 1124 vel
2553 1076 2694 1124 non

142 1140 424 1220 dixisse,
450 1209 451 1212 ,
476 1139 662 1227 quod
691 1139 962 1210 dixerit.
1000 1146 1078 1211 Et
1110 1140 1212 1210 sic
1251 1140 1531 1210 miscuit
1566 1161 1727 1210 cum
1761 1140 1999 1211 eodem
2038 1161 2449 1223 sermonem,
2487 1153 2694 1230 atque

140 1229 442 1301 asseruit
471 1228 641 1316 quid
688 1228 1040 1299 crederet:
1092 1242 1159 1298 et
1206 1229 1291 1298 ab
1342 1228 1484 1310 illo,
1530 1229 1697 1317 quid
1744 1243 2021 1311 teneret,
2079 1231 2365 1312 audivit,
2421 1243 2488 1300 et
2535 1254 2692 1303 vera

139 1319 408 1389 ratione
452 1329 656 1404 atque
703 1319 1107 1388 auctoritate
1146 1318 1656 1418 Scripturarum
1697 1319 1979 1408 probata
2011 1318 2248 1389 docuit
2291 1335 2360 1389 et
2393 1321 2694 1391 ostendit

138 1421 419 1477 nostrae
466 1405 627 1476 fidei
672 1407 1148 1477 firmamenta:
1204 1405 1401 1475 Illius
1463 1419 1692 1476 autem
1752 1421 2052 1486 asserta,
2119 1407 2308 1477 nulla
2372 1409 2688 1491 veritate,

139 1496 338 1568 nulla
388 1494 890 1585 scripturarum
946 1509 1343 1566 sanctarum
1385 1496 1789 1565 auctoritate
1829 1495 2114 1567 suffulta
2159 1496 2394 1566 docuit
2437 1511 2501 1567 et
2548 1497 2692 1567 fru-

137 1585 404 1655 stravit.
459 1589 536 1654 Et
582 1596 659 1658 ut
704 1607 745 1654 a
795 1605 867 1654 se
915 1585 1209 1654 invicem
1262 1596 1490 1674 partes
1523 1583 1874 1674 digressae
1912 1597 2097 1663 sunt,
2139 1585 2254 1654 ille
2287 1586 2508 1676 magis
2547 1608 2690 1656 ma-

137 1675 389 1764 gisque
435 1673 654 1744 iratus
697 1686 763 1744 et
814 1673 1097 1752 furens,
1156 1672 1518 1742 mendacia
1567 1672 1786 1742 mult-a
1838 1691 1966 1762 pro
2012 1673 2152 1742 fide
2195 1696 2323 1744 sua
2371 1673 2545 1744 falsa
2582 1676 2691 1765 ja-

138 1765 395 1841 ctabat,
450 1760 701 1836 victum
732 1783 883 1832 essa
915 1784 955 1831 a
985 1761 1210 1851 seipso
1249 1761 1712 1853 proclamans,
1765 1762 2139 1831 multorum
2180 1784 2296 1833 ore
2328 1762 2687 1848 laudatum

137 1850 631 1942 Augustinum.
685 1855 871 1934 Quae
917 1869 1083 1921 cum
1131 1849 1329 1920 illum
1380 1848 1840 1920 venerabilem
1894 1850 2116 1920 virum
2189 1852 2476 1921 minime
2525 1850 2689 1921 lete·

138 1955 342 2020 rent,
395 1952 670 2010 coactus
714 1953 819 2010 est
865 1940 949 2010 ad
1004 1939 1023 2008 i
1073 1961 1229 2010 sum
1280 1939 1580 2009 scribere
1627 1940 2060 2010 Pascentium
2098 1993 2115 2019 ,
2165 1953 2443 2030 propter
2497 1940 2689 2011 illius

139 2031 417 2098 metum
439 2029 716 2114 omissis
764 2029 1028 2098 nomini
1085 2050 1168 2100 us
1213 2026 1713 2098 conferentium
1760 2051 1775 2097 :
1824 2040 1893 2098 et
1938 2029 2009 2097 in
2061 2029 2162 2098 eis
2211 2028 2449 2108 literis,
2491 2030 2690 2117 quic-

136 2117 308 2203 quid
361 2117 539 2186 inter
585 2131 811 2209 partes
857 2116 1123 2187 dictum
1175 2115 1273 2185 vel
1325 2130 1592 2206 gestum
1644 2117 1865 2187 fuerat
1897 2171 1914 2197 ,
1969 2117 2264 2187 fideliter
2318 2118 2682 2200 intimavit,

137 2204 228 2274 ad
278 2225 357 2275 ea
402 2205 462 2275 si
512 2220 947 2297 negarentur,
989 2205 1343 2296 probanda
1395 2227 1720 2296 magnam
1765 2207 2042 2275 testium
2085 2206 2344 2276 babens
2381 2207 2682 2296 copiam,

134 2293 563 2366 clarissimos
594 2295 1093 2381 scilicet-atquc
1141 2293 1606 2375 honorabiles,
1644 2294 1766 2381 qui
1805 2308 1964 2363 tunc
1996 2294 2302 2373 aderent,
2337 2295 2538 2364 viros.
2576 2299 2687 2364 At-

132 2404 277 2471 que
307 2383 417 2454 ille
455 2383 541 2453 ad
572 2382 713 2466 duo
743 2383 879 2453 sibi
909 2383 1167 2453 directa
1197 2382 1477 2471 scripta,
1519 2404 1737 2452 unum
1776 2382 1881 2452 vix
1917 2382 2213 2452 reddidit
2240 2384 2682 2473 rescriptum:

128 2472 209 2542 in
234 2485 382 2562 'quo
432 2472 655 2563 magis
702 2473 1025 2563 injuriam
1061 2469 1303 2552 facere,
1348 2493 1557 2559 quam
1594 2491 1761 2541 suae
1806 2485 2029 2540 sectae
2078 2470 2410 2542 rationem
2467 2470 2682 2543 valuit

124 2562 515 2633 declarare.
541 2563 736 2646 Quod
786 2586 825 2632 a
876 2562 1259 2633 veientibus
1286 2575 1354 2630 et
1381 2583 1422 2629 a
1453 2560 1839 2630 valentibus
1889 2559 2113 2649 legere
2161 2561 2676 2651 comprobatur.

221 2654 263 2739 5
314 2657 482 2724 20.
537 2657 705 2723 Cum
771 2652 1079 2741 ipsorum
1204 2672 1428 2737 uoquc
1488 2650 1928 2719 Arrianorum
1979 2649 2315 2739 Episcopo
2377 2649 2678 2737 quodam

122 2740 553 2820 Maximino,
603 2760 762 2812 cum
831 2739 1067 2811 Gothis
1114 2761 1155 2809 a
1268 2737 1560 2808 Africam
1628 2737 1984 2817 veniente,
2053 2737 2238 2827 apud
2290 2739 2680 2839 Hipponem

119 2827 679 2917 quampluribus
710 2827 1094 2898 volentibus
1138 2841 1346 2915 atque
1400 2825 1808 2914 petentibus,
1856 2839 1922 2894 et
1955 2825 2328 2915 praeclaris
2377 2840 2681 2916 interpo-

118 2916 291 2990 sitis
339 2917 523 2998 viris,
574 2917 886 2993 contulit.
924 2930 993 2986 et
1021 2916 1203 3007 quid,
1233 2914 1551 3005 singulae
1580 2914 2002 2985 asseruerint
2052 2929 2299 3004 partes,
2339 2916 2680 3017 scriptum

113 3019 260 3077 est.
313 3008 503 3087 Quae
528 3006 601 3075 si·
636 3006 929 3075 studiosi
976 3004 1343 3094 diiigenter
1391 3002 1614 3094 legere
1665 3003 2027 3085 voluerint,
2085 3004 2543 3094 proculdubio
2577 3006 2676 3074 in·

113 3095 514 3185 dagabuut,
543 3095 800 3183 etquid
822 3094 1075 3164 callida
1100 3107 1167 3163 et
1194 3092 1688 3163 irrationabilis
1737 3092 2042 3162 haeresis
2082 3093 2165 3162 ad
2203 3093 2677 3164 seducendum

110 3198 187 3256 et
243 3182 731 3272 decipiendum
784 3183 1209 3273 profiteatur,
1258 3194 1323 3251 et
1370 3180 1537 3269 quid
1594 3181 1896 3252 Ecclesia
1943 3181 2290 3252 Catholica
2318 3182 2406 3251 de
2443 3182 2679 3253 divina

112 3284 358 3345 teneat
403 3283 469 3340 et
516 3272 864 3360 praedicet
892 3271 1239 3341 Trinitate.
1296 3269 1423 3340 Sed
1453 3270 1786 3357 quoniam
1822 3270 1937 3340 ille
1972 3270 2359 3342 haereticus
2389 3271 2474 3340 de
2506 3272 2679 3361 Hip-

114 3382 317 3454 pone
353 3359 625 3431 rediens
655 3361 741 3431 ad
777 3359 1280 3450 Carthaginem,
1316 3359 1401 3428 de
1432 3380 1557 3429 sua
1603 3358 1821 3437 multa
1856 3359 1923 3428 in
1960 3358 2327 3430 collatione
2374 3359 2674 3448 loquaci·

112 3464 267 3523 tate
317 3448 638 3519 victorem
690 3471 764 3519 se
793 3448 880 3518 de
909 3449 1062 3540 ipsa
1090 3448 1457 3519 collatione
1504 3448 1870 3518 recessisse
1898 3448 2205 3539 jactavit,
2247 3463 2316 3519 et
2349 3444 2678 3520 mentitus

104 3553 250 3620 est,
309 3559 487 3624 quae
532 3538 775 3625 utique
822 3559 955 3608 non
996 3536 1191 3608 facile
1237 3561 1276 3608 a
1323 3536 1602 3607 divinae
1648 3534 1823 3626 legis
1870 3537 2134 3627 ignaris
2178 3538 2558 3608 examinari
2608 3552 2676 3609 et

103 3626 502 3720 dijudicari
584 3640 849 3697 ossent:
894 3648 935 3697 a
973 3625 1347 3698 venerabili
1380 3626 1525 3695 viro
1554 3625 1959 3715 Augustino,
1998 3627 2311 3713 sequenti
2343 3640 2670 3718 tempore,
2787 3698 2796 3713 ,

107 3716 334 3807 stylo,
389 3729 458 3786 et
501 3716 521 3784 i
558 3715 694 3785 lius
740 3716 948 3785 totius
995 3715 1384 3786 collationis
1430 3713 1517 3784 dc
1565 3714 1671 3783 sin
1731 3713 1864 3783 ulis
1910 3714 2194 3804 obJectis
2226 3728 2292 3785 et
2327 3715 2676 3806 responsis

110 3807 307 3877 sacta
351 3818 456 3875 est
495 3804 1021 3895 recapitulatio:
1072 3818 1138 3874 et
1180 3824 1392 3892 quam
1445 3802 1618 3872 nibil
1671 3802 1788 3872 ile
1833 3803 2124 3891 objectis
2164 3803 2408 3875 referre
2454 3817 2521 3874 et
2567 3825 2676 3873 re·-

111 3893 407 3986 sponsis
452 3894 923 3965 contradicere
990 3894 1328 3984 potuerit,
1402 3890 1862 3963 nibilominus
1917 3892 2465 3964 demonstratum
2513 3904 2617 3964 est
2651 3945 2671 3974 ,

110 3984 385 4054 additis
416 3982 943 4074 supplementis,
995 3981 1273 4070 quaein
1313 3996 1620 4071 tempore
1653 3980 2046 4051 collationis
2094 3994 2389 4072 angusto
2421 3992 2674 4052 cuncta

111 4072 370 4143 inferri
415 4085 485 4143 et
536 4070 747 4143 scribi
804 4071 1090 4141 minime
1138 4082 1531 4159 potuerunt.
1583 4069 1660 4141 Id
1695 4069 1883 4140 enim
1932 4083 2166 4162 egerat
2211 4070 2514 4159 nequitia
2549 4071 2672 4141 bo·

113 4161 365 4243 minis,
401 4172 483 4231 ut
508 4183 635 4231 sua
675 4160 1049 4231 novissima
1089 4160 1566 4249 prosecutione
1599 4158 1902 4230 multum
1935 4159 2364 4251 longissima,
2420 4172 2663 4239 totum,

108 4248 311 4339 quod
352 4262 798 4331 manserat,
833 4248 971 4318 diei
1020 4248 1323 4337 spatium
1373 4260 1768 4341 occuparet.
1997 4314 2000 4317 ,

207 4340 252 4426 ξ
305 4343 450 4411 ¹1.
501 4338 838 4417 Adversus
887 4336 1379 4428 Pelagianistas
1424 4358 1744 4424 quoque,
1794 4357 2006 4408 novos
2055 4349 2441 4408 nostrorum
2495 4349 2667 4406 tem·-

110 4448 377 4523 porum
408 4426 784 4499 haereticos
814 4439 879 4498 et
908 4426 1370 4518 disputatores
1396 4425 1714 4507 callidos,
1757 4437 1902 4497 arte
1942 4427 2163 4518 magis
2191 4426 2431 4498 subtili
2461 4424 2667 4497 noxia
