3308 5004
668 316 801 382 352
1223 332 1304 379 ιι
1345 332 1653 379 assum.
1708 332 1988 379 nnnss.
2044 331 2215 379 vua.
2266 333 2511 380 mm
2805 314 2990 379 AUG.
3068 314 3163 379 ⁴5

581 417 768 488 sicut
819 417 930 488 Sol
980 414 1170 489 solus
1215 415 1451 486 orbem
1501 414 1892 496 illuminat,
1945 418 2045 485 sic
2096 417 2262 485 baec
2308 416 2455 486 sola
2503 414 2815 486 solidiori
2862 414 3164 486 lumine

543 520 648 591 ‚et
693 506 1033 597 Angelos,
1091 518 1158 574 et
1217 504 1533 574 homines
1596 504 1917 574 illustrat.
1978 504 2332 575 Terribilis
2392 518 2472 575 ut
2513 517 2894 575 castrorum
2944 505 3163 574 aciae

580 596 940 675 ordinata,
992 593 1319 664 terribilis
1363 592 1868 673 daemonibus,
1919 594 2235 663 ordinata
2282 594 2702 671 virtutibus,
2755 592 3163 683 singularis

584 685 789 755 timor
836 682 1299 773 malignorum
1347 682 1751 783 spirituum,
1791 681 2114 772 specialis
2150 704 2349 752 amor
2376 683 2635 753 civium
2678 683 3074 752 beatorum.

668 775 820 861 ἕθ.
873 772 1197 858 Sequitur
1221 771 1310 840 de
1341 793 1495 861 ejus
1517 772 2056 841 conversatione.
2089 776 2275 854 Quae
2307 783 2402 840 ese
2432 774 2589 850 ista,
2628 795 2806 861 quae
2833 772 3159 840 ascendit

575 884 702 952 per
744 863 1100 940 ὀειενίιιηι,
1134 862 1310 930 sicta
1345 863 1621 946 vir-qula
1646 863 1829 948 santi
1855 883 1948 929 w
1978 862 2394 929 aromatibus
2422 862 2746 950 myri-liae
2774 871 2836 930 et
2881 860 3151 941 thanis,

577 960 640 1020 el
673 952 976 1020 universi
994 951 1298 1039 pulveris
1320 950 1822 1039 pigmentarii?
1849 949 2079 1038 (Cam.
2122 949 2252 1038 tu).
2298 954 2439 1019 Ista
2480 960 2579 1019 est
2609 952 2903 1042 speciosa
2950 951 3152 1019 inter

574 1041 761 1129 filias
794 1041 1199 1109 Jerusalem.
1255 1042 1604 1107 Doeertum
1652 1051 1757 1107 est
1798 1039 2079 1108 vastitas
2126 1039 2344 1127 hujus
2395 1038 2664 1117 mundi,
2724 1039 2794 1106 in
2842 1058 2979 1124 quo
3012 1038 3151 1106 be·

577 1128 751 1199 stiae
785 1150 823 1197 a
878 1129 934 1197 ri
969 1126 1399 1214 frequentius
1441 1126 1714 1203 ludunt.
1761 1126 1881 1196 ubi
1916 1129 2241 1218 princeps
2290 1127 2406 1196 ille
2436 1126 2909 1214 nequissimus
2936 1128 3147 1196 omni

578 1216 815 1288 fortitu
869 1218 981 1286 ine
1011 1215 1469 1306 principatur.
1506 1220 1854 1286 Desertum
1896 1229 2125 1286 autem
2170 1216 2451 1296 dicitur,
2483 1218 2685 1303 quasi
2724 1214 3141 1284 derelictum

576 1328 619 1376 a
658 1308 988 1376 virtutum
1041 1304 1685 1385 administratione,
1737 1328 1897 1373 cum
1959 1327 2199 1375 earum
2256 1318 2677 1383 conventus,
2730 1303 3142 1375 abundante

579 1395 965 1481 iniquitate,
1003 1392 1090 1461 ad
1128 1395 1441 1483 proprios
1471 1407 1666 1462 ortus
1697 1393 2117 1464 revolaverit.
2151 1400 2339 1477 Quae
2372 1393 2705 1467 ascendit.
2761 1393 3009 1480 inquit.
3052 1398 3136 1462 In

578 1483 794 1571 hujus
837 1481 1050 1553 seculi
1106 1482 1437 1551 vanitates
1493 1504 1735 1552 omnes
1782 1481 1883 1551 vel
1933 1482 2374 1563 descendere,
2431 1483 2530 1552 vel
2580 1482 2827 1552 cadere
2874 1503 3140 1572 cogno-

578 1587 916 1652 scuntur,
982 1592 1320 1657 rarusque
1429 1570 1499 1639 ui
1562 1593 1696 1640 non
1748 1570 1850 1640 vel
1898 1570 2315 1653 descendat,
2386 1570 2486 1640 vel
2548 1571 2751 1640 cadat
2799 1572 2867 1640 in
2918 1570 3137 1656 hujus

581 1657 1219 1729 turbulentissimae
1270 1593 1757 1749 pro‘i‘unditatis
1802 1681 2165 1730 oceanum.
2221 1661 2372 1731 Sola
2424 1660 2542 1729 illa
2590 1666 2820 1741 Mater,
2873 1672 2939 1727 et
2988 1659 3139 1729 filia

581 1748 936 1829 CreatoriS‚
982 1770 1109 1817 nec
1154 1747 1530 1828 descendit,
1585 1770 1710 1818 nec
1758 1749 2029 1819 cecidit.
2088 1750 2203 1819 sed
2264 1749 2351 1820 de
2392 1750 2638 1819 virtute
2686 1750 2755 1818 in
2807 1749 3133 1817 virtutem

579 1836 985 1917 ascendenS,
1038 1837 1634 1906 consummatione
1692 1837 2022 1907 virtutum
2072 1838 2312 1907 vestita
2360 1850 2486 1908 est.
2539 1837 2846 1920 Qualiter
2898 1852 3132 1905 autem

579 1924 939 1996 ascendit?
987 1925 1175 1996 Sicut
1209 1924 1499 2015 virgula,
1538 1926 1784 2013 inquit,
1837 1925 2037 1996 fumi.
2092 1927 2217 1996 Sed
2252 1941 2319 1996 et
2365 1928 2534 1997 haec
2581 1949 2622 1996 ο
2717 1926 2889 1995 ratio
2918 1948 3131 2013 quam

579 2013 1004 2106 significanti
1051 2013 1510 2083 similitudine
1556 2015 1644 2084 sit
1682 2015 1975 2104 signata,
2023 2015 2369 2106 recollige.
2408 1949 2710 2105 Virgiliite
2737 2013 2913 2084 fumi
2950 2027 3132 2083 recta

579 2118 704 2184 est,
757 2103 1056 2183 subtilis,
1108 2102 1472 2182 odorifera,
1514 2116 1580 2171 et
1610 2116 1870 2189 quanto
1909 2105 2134 2193 magis
2169 2106 2238 2173 in
2289 2108 2451 2174 aera
2480 2104 2895 2183 extenditur,
2943 2116 3130 2172 tanto

578 2192 887 2283 amplius
916 2191 1266 2262 dilatatur.
1315 2191 1423 2261 Sic
1455 2203 1520 2260 et
1550 2191 1965 2282 Angelorum
2002 2195 2285 2284 Regina,
2323 2206 2506 2264 recta
2545 2205 2647 2263 est
2696 2194 2763 2261 in
2808 2191 3131 2262 sublimi-

580 2294 713 2352 tate
770 2281 1330 2361 conversationiS‚
1381 2281 1548 2368 quia
1595 2281 1788 2372 virga
1835 2281 2269 2363 directioniS‚
2324 2283 2512 2373 virga
2580 2283 2770 2372 regni
2824 2282 3122 2350 Domini.

580 2370 866 2441 Subtilis
914 2369 982 2438 in
1036 2369 1311 2440 Deitatis
1357 2368 1965 2461 contemplatione,
2019 2374 2183 2458 quia
2224 2372 2378 2462 ipsa
2423 2385 2560 2450 est,
2613 2391 2795 2458 quae
2848 2390 3130 2439 conser-

578 2460 781 2532 vabat
827 2458 1059 2530 omnia
1127 2460 1327 2530 verba
1378 2460 1545 2530 baec
1576 2515 1592 2540 ‚
1643 2458 2005 2532 conserens
2057 2461 2128 2531 in
2188 2459 2394 2531 corde
2441 2482 2591 2531 suo.
2645 2456 3003 2531 odorifera
3050 2459 3117 2527 in

577 2550 905 2621 virtutum
938 2549 1288 2639 opinione,
1324 2550 1487 2635 quia
1521 2549 1872 2620 currimus
1905 2551 1973 2619 in
2009 2550 2217 2620 odore
2250 2562 2766 2641 unguentorum
2805 2569 3117 2619 suorum.

577 2643 877 2730 Angusta
931 2638 998 2706 in
1052 2651 1182 2708 tem
1284 2637 1570 2717 ralibus,
1623 2639 1790 2725 quia
1831 2661 1964 2708 non
1999 2652 2144 2708 erat
2174 2640 2235 2709 ei
2280 2638 2475 2709 locus
2509 2640 2576 2708 in
2614 2635 3015 2706 diversorio.
3049 2640 3119 2704 In

577 2727 1060 2818 spiritualibus
1107 2725 1176 2795 di
1209 2738 1412 2807 atata,
1449 2727 1613 2814 quia
1654 2725 1916 2796 adstitit
1951 2728 2211 2817 Regina
2243 2750 2283 2797 a
2317 2727 2573 2797 dextris
2608 2725 2905 2795 Domini.
2945 2728 3122 2794 Haec

577 2830 680 2886 est
726 2817 917 2906 virga
964 2813 1124 2897 illa,
1176 2837 1314 2902 qua
1364 2815 1832 2885 retunduntur
1887 2816 2188 2904 impetus
2257 2815 2772 2884 adversantium
2840 2818 3123 2883 Daemo-

578 2904 850 2973 niorum
889 2958 905 2984 ,
971 2904 1161 2994 virga
1216 2910 1431 2972 Aaron
1471 2958 1487 2984 ,
1554 2926 1676 2993 per
1727 2925 1937 2991 quam
1991 2904 2168 2972 fiunt
2212 2904 2270 2972 si
2328 2926 2414 2973 na
2459 2916 2525 2973 et
2574 2902 2948 2973 mirabilia.
3000 2907 3124 2972 Ba-

577 2991 814 3061 culum
865 3003 1095 3061 autem
1146 2992 1382 3062 Crucis
1429 2992 1642 3061 intelli
1697 3015 1779 3073 e,
1833 3014 1974 3079 quo
2031 3014 2165 3061 non
2226 3013 2304 3061 so
2337 3015 2452 3062 um
2520 2993 2921 3064 verberatus
2968 3005 3114 3070 est,

581 3080 697 3149 sed
748 3091 813 3149 et
857 3080 1131 3151 occisus
1167 3080 1282 3149 ille
1328 3081 1642 3150 insanabi
1681 3083 1738 3150 is
1781 3080 2152 3162 homicida,
2206 3081 2325 3168 qui
2380 3082 2721 3152 mortibus
2761 3081 3118 3151 hominum

585 3168 893 3259 pascitur
922 3181 988 3238 et
1014 3167 1340 3238 nutritur.
1385 3174 1462 3239 In
1513 3170 1784 3260 Virgine
1832 3169 2057 3260 virga,
2102 3181 2169 3240 et
2222 3169 2472 3240 baculo
2528 3176 2780 3248 cruce,
2845 3169 3123 3239 misero-

582 3280 737 3327 rum
789 3279 949 3347 spes
987 3270 1053 3327 et
1083 3257 1461 3328 consolatio
1507 3259 1921 3338 continetur,
1976 3259 2156 3329 sicut
2204 3258 2528 3330 sublimis
2569 3260 2905 3350 Propheta
2943 3256 3122 3328 clara

580 3367 740 3504 vope
787 3346 1132 3417 declarat:
1185 3347 1411 3438 Virga,
1467 3347 1716 3435 inquit,
1771 3360 1910 3428 tua,
1962 3360 2028 3417 et
2076 3348 2370 3418 baculus
2412 3360 2574 3419 tuus
2619 3349 2774 3439 ipsa
2815 3369 2924 3416 me
2969 3367 3120 3416 con·

580 3457 656 3506 so
687 3449 799 3505 ata
849 3448 1039 3506 sunt.

666 3527 703 3612 §
749 3528 846 3595 θ.
902 3523 1263 3611 Sequitur:
1319 3528 1412 3593 Ex
1441 3523 1869 3597 aromatibus
1897 3525 2240 3615 myrrhae,
2284 3538 2350 3596 et
2386 3525 2633 3595 thuris.
2672 3525 3122 3595 Nominantur

579 3635 613 3682 s
663 3613 894 3694 ecies,
946 3613 1031 3683 de
1078 3613 1336 3702 quibus
1382 3614 1756 3683 aromatica
1807 3613 2076 3706 virgula
2125 3614 2569 3694 sublevatur,
2639 3613 2965 3703 myrrhae
2996 3668 3011 3692 ,
3061 3625 3121 3682 et

479 3757 490 3778 ,
578 3715 603 3772 t
658 3702 829 3774 uris.
873 3702 1149 3804 Myrrha
1196 3722 1487 3791 corpora
1528 3701 1865 3773 dissoluta
1912 3703 2317 3785 consolidat,
2370 3714 2438 3774 et
2476 3701 2770 3773 cadaver
2815 3702 3122 3772 exanime

425 3771 484 3860 Χ
576 3791 711 3860 sibi
763 3791 1098 3871 vendicat,
1139 3813 1222 3861 ne
1273 3804 1640 3882 putrescat.
1696 3792 1884 3862 Thus
1930 3804 2160 3862 autem
2214 3797 2343 3862 Deo
2396 3793 2464 3861 in
2526 3792 2836 3861 oratione
2885 3812 3124 3861 accen-

577 3879 788 3963 ditur,
841 3881 1023 3951 sicut
1056 3879 1563 3982 multiplicibus
1595 3879 2108 3975 Scripturarum
2151 3881 2561 3952 testimoniis
2609 3880 3006 3951 edocemur.
3049 3884 3119 3949 In

580 3969 859 4059 myrrha
905 3970 1427 4050 continentiam,
1478 3969 1549 4038 in
1600 3970 1803 4040 thure
1859 3970 2288 4041 devotionern
2336 3969 2669 4060 intellige.
2730 3970 2898 4040 Caro
2942 3968 3119 4039 enim

577 4058 878 4149 Virginis
909 4081 990 4130 ex
1029 4058 1242 4128 Adam
1289 4071 1675 4149 assumpta,
1721 4059 2036 4130 maculas
2065 4058 2246 4130 Adae
2294 4081 2430 4130 non
2480 4058 2786 4140 admisit,
2828 4056 2945 4128 sed
2988 4057 3122 4127 sin·

580 4146 842 4237 gularis
909 4147 1373 4222 continentiae
1438 4149 1705 4239 puritas
1773 4147 1845 4217 in
1908 4147 2276 4219 candorem
2342 4148 2518 4218 lucis
2587 4160 2906 4217 aeternae
2968 4167 3122 4216 con·

581 4255 774 4306 versa
841 4250 965 4309 est.
1032 4243 1239 4309 Porro
1288 4237 1446 4325 quis
1492 4238 1642 4328 ejus
1717 4236 2142 4308 devotionem
2198 4237 2436 4308 votivis
2497 4236 2826 4307 laudibus
2883 4234 3119 4327 poterit

580 4321 1002 4410 adaequare,
1054 4349 1213 4397 cum
1253 4339 1659 4398 rememoret
1705 4327 1999 4398 missum
2051 4325 2579 4416 Archangelum,
2633 4326 3117 4417 supervenien-

580 4423 715 4482 tem
769 4412 1126 4503 Spiritum,
1180 4414 1428 4485 Filium
1479 4427 1916 4509 conceptum,
1953 4420 2165 4485 Deum
2220 4427 2484 4498 natum,
2521 4413 2789 4485 stellam
2851 4434 3110 4490 novam,
