3308 5004
626 262 713 329 56
1110 277 1191 323 un
1238 274 1291 321 s,
1344 274 1768 323 aranwomo
1813 275 2239 325 wimoumsr
2285 276 2486 326 msc.
2799 257 2984 325 Auo.
3039 261 3072 324 t

538 358 866 439 interdiu,
907 370 1259 443 tamquam
1299 354 1471 424 nihil
1515 355 1865 426 molestiae
1898 357 2198 434 sentiret,
2238 355 2632 437 ambulans,
2675 378 2809 427 non
2848 371 3080 427 tamen

542 448 694 519 sine
740 446 971 520 vultus
1005 445 1286 535 pallore,
1347 466 1609 515 memor
1663 444 1853 516 illius
1907 445 2328 534 Apostolicae
2373 445 2886 526 consolationis,
2943 447 3084 515 vir-

540 550 753 610 tutem
806 536 873 605 in
926 534 1325 604 infirmitate
1375 533 1651 623 perfici:
1704 546 1770 603 et
1816 534 1997 620 quod
2062 533 2241 605 idem
2292 534 2505 604 dicit:
2560 536 2834 619 Quando
2889 538 3084 626 infir-

480 682 487 685 -
538 650 706 705 mor,
756 636 910 695 tunc
953 634 1182 715 potens
1221 645 1368 692 sum
1399 620 1456 691 *.
1487 624 1788 692 Libenter
1834 625 2063 714 itaque
2091 624 2434 715 gloriabor
2473 627 2546 694 in
2581 626 3087 715 infirmitatibus

540 718 727 794 meis,
775 723 850 783 ut
902 713 1226 783 inhabitet
1273 713 1343 780 in
1401 734 1506 780 me
1564 712 1780 781 virtus
1846 712 2114 782 Christi.
2171 713 2309 782 Etsi
2370 726 2598 782 autem
2652 713 3084 803 permolestis

543 804 928 889 afficeretur
973 801 1352 881 doloribuS,
1395 822 1777 886 numquam
1818 813 2042 869 tamen
2093 800 2422 870 carnibus
2460 801 2639 871 vesci
2677 802 2908 880 voluit,
2947 801 3083 871 nisi

542 893 751 964 semel
805 890 1211 982 gravissimo
1259 888 1668 977 compulsus
1720 889 1997 970 morbo,
2052 888 2260 976 idque
2297 890 2587 979 jubente
2637 892 2831 961 beato
2897 896 3087 959 Dun-

545 997 740 1053 stano
771 979 1321 1069 ArchiepiscopO,
1373 990 1438 1047 et
1489 1000 1732 1047 rursus
1781 978 1848 1046 in
1900 1000 1979 1048 ea
2025 978 2447 1059 infirmitate,
2497 1000 2637 1066 qua
2674 979 2990 1049 decessit.

634 1074 669 1158 ξ
715 1077 845 1145 n.
902 1068 1204 1139 Clericus
1252 1066 1535 1152 quidam
1589 1067 1808 1136 sancti
1860 1066 2217 1157 Episcopi,
2269 1068 2384 1136 cui
2438 1082 2583 1138 erat
2634 1069 2811 1138 sacri
2861 1068 3089 1138 chris-

546 1160 750 1230 matis
797 1180 965 1228 cura
1003 1155 1439 1236 demandata,
1499 1154 1730 1223 miuus
1777 1169 2130 1245 acceperat
2175 1157 2331 1238 olei,
2387 1179 2594 1243 quam
2650 1179 2757 1226 res
2809 1178 3089 1246 poscere

546 1249 929 1326 videbatur,
983 1259 1187 1332 atque
1230 1243 1400 1313 illud
1444 1244 1673 1333 ipsum
1729 1245 1796 1313 in
1851 1246 2091 1314 itinere
2143 1246 2491 1315 amiserat.
2552 1246 2888 1334 Episcopo
2931 1267 3089 1314 vero

548 1359 799 1428 pueros
829 1334 1243 1405 confirmare
1293 1334 1577 1412 volente,
1632 1354 1758 1401 nec
1821 1333 2112 1403 habente
2160 1333 2415 1404 Clerico
2461 1330 2844 1425 ampullam
2904 1335 3086 1404 sacri

545 1426 699 1505 olei,
760 1425 1076 1493 turbatus
1123 1436 1187 1490 et
1219 1422 1467 1491 anxius
1503 1423 1744 1511 repetit
1792 1422 1917 1491 iter
1971 1445 2110 1509 quo
2147 1436 2464 1492 venerat:
2515 1439 2580 1492 et
2610 1423 2746 1493 huc
2783 1423 3087 1510 illucque

546 1526 863 1583 accurate
910 1510 1147 1581 oculos
1193 1510 1576 1590 advertenS,
1651 1511 1903 1599 reperit
1975 1511 2355 1599 ampullam
2412 1513 2475 1580 in
2534 1512 2636 1581 via
2698 1513 3085 1602 jacentem,

544 1602 697 1672 oleo
751 1600 1051 1690 plenam,
1084 1621 1242 1668 cum
1282 1599 1489 1689 paulo
1536 1612 1694 1668 ante
1737 1622 1861 1667 nec
1898 1599 2120 1668 media
2168 1600 2278 1669 sui
2331 1614 2520 1689 parte
2570 1600 2769 1690 plena
2819 1601 3088 1671 suisset.

549 1697 637 1760 Ea
674 1691 883 1779 igitur
929 1703 1231 1777 accepta,
1285 1710 1442 1757 cum
1498 1688 1740 1757 timore
1787 1700 1851 1757 et
1884 1688 2138 1777 gaudio
2189 1711 2500 1759 reversus
2537 1703 2663 1759 est.

638 1782 673 1867 ἓ
722 1785 869 1852 1⁰1.
924 1777 1297 1846 Monachus
1353 1777 1634 1864 quidam
1688 1775 1852 1846 furti
1901 1799 1971 1846 se
2019 1778 2309 1847 crimine
2369 1778 2849 1848 obstrinxerat.
2903 1784 3087 1848 Man-

550 1868 736 1938 davit
784 1865 1290 1946 Ethelwoldus,
1355 1880 1435 1934 ut
1480 1865 1598 1952 qui
1651 1888 1792 1933 rem
1854 1866 2292 1946 abstulisset,
2352 1867 2871 1957 quamprimum
2933 1890 3088 1935 eam

551 1956 862 2027 redderet
900 1977 1057 2024 cum
1098 1955 1317 2044 ipsius
1347 1954 1860 2024 benedictione:
1898 1969 2016 2024 aut
2055 1955 2121 2025 in
2160 1954 2277 2024 tali
2307 1975 2456 2024 eam
2508 1955 2653 2025 loco
2707 1956 3087 2045 projiceret,

549 2046 671 2116 ubi
723 2056 947 2136 posset
995 2043 1310 2112 inveniri.
1365 2049 1439 2112 At
1490 2043 1854 2112 induratus
1904 2043 2018 2112 ille
2081 2044 2302 2115 facere
2349 2044 2478 2113 hoc
2529 2043 2845 2133 neglexit.
2893 2044 3089 2114 Venit

548 2142 712 2225 ergo
762 2133 1144 2224 Episcopus
1191 2132 1261 2200 in
1313 2132 1595 2200 domum
1664 2131 2169 2222 Capitularem,
2229 2146 2295 2202 et
2342 2134 2477 2202 ait:
2533 2156 2567 2199 «
2601 2132 2828 2202 Noluit
2875 2134 3091 2201 sacri-

552 2223 747 2312 legus
799 2222 1188 2312 pecuniam,
1243 2242 1455 2307 quam
1505 2218 1774 2289 furatus
1819 2234 1951 2300 est,
2009 2221 2290 2291 reddere
2337 2244 2500 2291 cum
2566 2220 3085 2292 benedictione:

553 2311 792 2380 reddat
837 2332 1000 2401 ergo
1032 2333 1180 2379 eam
1235 2331 1419 2378 nunc
1458 2331 1617 2378 cuin
1653 2309 2145 2399 omnipotentis
2199 2311 2308 2379 Dei
2344 2309 2846 2390 maledictione,
2899 2324 2966 2380 et
3005 2311 3097 2380 sit

553 2400 806 2490 ligatus
837 2421 969 2468 non
1010 2398 1078 2467 in
1127 2398 1361 2466 anima
1408 2397 1784 2476 dumtaxat,
1824 2397 1941 2468 sed
1982 2399 2185 2468 etiam
2226 2399 2292 2466 in
2346 2420 2652 2499 corpore,
2686 2411 2916 2468 nostra
2965 2422 3096 2468 au-

550 2489 930 2560 ctoritate.»
968 2493 1041 2557 Et
1085 2509 1242 2557 ecce
1294 2486 1677 2558 monachus
1726 2485 1839 2556 ille
1880 2486 2149 2566 sedens,
2204 2487 2643 2558 invisib1liter
2700 2487 3089 2578 ligabatur,

551 2578 856 2650 brachiis
904 2578 1080 2646 inter
1127 2599 1199 2645 se
1247 2577 1376 2646 sub
1412 2575 1688 2645 cucullo
1728 2576 2280 2659 cohaerentibuS‚
2318 2599 2477 2646 cum
2516 2577 2790 2646 interim
2827 2577 3096 2664 reliqua

552 2669 866 2738 membra
912 2688 1039 2736 suo
1074 2664 1618 2753 possent'officio
1667 2663 1887 2754 fungi.
1932 2666 2229 2735 Tandem
2281 2665 2516 2736 exiens
2576 2664 2692 2735 ille
2736 2677 2887 2755 post
2934 2671 2983 2735 E
3040 2667 3099 2733 i-

554 2778 841 2845 scopum
876 2808 891 2834 ,
937 2754 1293 2824 confessus
1337 2768 1440 2823 est
1494 2753 1766 2823 facinus
1806 2776 2007 2822 suum
2043 2778 2057 2822 :
2111 2753 2228 2823 sed
2286 2754 2469 2841 quod
2522 2755 2615 2825 ita
2675 2768 2854 2825 esset
2898 2777 2977 2825 co
3014 2754 3101 2822 li-

554 2857 778 2933 gatuS,
837 2842 902 2911 id
955 2843 1308 2912 subticuit.
1363 2843 1742 2932 Episcopus
1778 2842 2051 2914 blandis
2102 2843 2325 2913 verbis
2362 2843 2426 2912 ei
2477 2843 2866 2934 respondit:
2912 2866 2951 2909 «
2984 2843 3099 2913 Vel

556 2954 744 3001 nunc
777 2930 1017 3000 saltem
1067 2930 1239 3000 bene
1278 2929 1518 3005 fecisti.
1574 2931 1731 3000 licet
1777 2953 1951 3010 sero,
2009 2930 2400 3001 confitendo
2451 2944 2807 3021 peccatum
2869 2945 3093 3001 tuum.

556 3022 805 3089 Fruere
843 3040 1005 3109 ergo
1046 3019 1518 3088 benedictione
1553 3032 1857 3090 nostra.»
1891 3025 2037 3090 Mox
2086 3020 2276 3091 illius
2315 3020 2539 3091 soluta
2574 3035 2737 3092 sunt
2784 3020 3096 3102 brachia,

559 3109 896 3199 Episcopo
949 3108 1315 3177 nesciente.

647 3205 684 3277 ἓ
736 3201 882 3269 18.
936 3200 1099 3265 Cum
1178 3200 1242 3266 S.
1301 3202 1696 3266 Dunstanus
1755 3210 1933 3267 esset
1996 3197 2219 3267 Abbas
2279 3197 2726 3279 Glasconiae,
2782 3197 2951 3268 vidit
3029 3199 3100 3267 in

556 3286 822 3355 somnis
870 3284 1243 3372 quamdam
1288 3285 1501 3354 mirae
1551 3285 1975 3374 proceritatis
2026 3287 2383 3367 arborem,
2436 3309 2613 3375 quae
2663 3309 2891 3357 ramos
2937 3309 3103 3358 suos

556 3373 948 3443 extenderet
980 3375 1047 3442 in
1093 3373 1432 3444 Orientem
1468 3387 1533 3443 et
1564 3373 2028 3454 Occidentem,
2071 3375 2613 3475 Septentrionem
2646 3389 2712 3446 et
2745 3376 3100 3448 Meridiem

556 3462 767 3532 totius
795 3463 1208 3532 Britanniae.
1245 3462 1408 3550 Ejus
1444 3476 1673 3532 autem
1706 3463 1974 3534 arboris
2009 3486 2184 3532 rami
2219 3464 2607 3534 innumeris
2638 3477 2834 3534 erant
2863 3466 3101 3535 onusti

556 3551 853 3621 cucullis
904 3552 1174 3639 magnis
1202 3563 1270 3621 et
1325 3552 1573 3640 parvis,
1628 3556 1704 3621 In
1758 3552 1908 3641 ipso
1970 3567 2195 3621 autem
2245 3552 2514 3623 arboris
2562 3574 2837 3623 summo
2895 3575 3107 3622 cacu-

561 3640 747 3712 mine
780 3662 963 3710 unus
988 3652 1131 3710 erat
1167 3640 1991 3730 praegrandissscucullus,
2029 3642 2147 3727 qui
2182 3640 2642 3732 amplitudine
2673 3642 3103 3710 manicarum

558 3751 844 3799 suarum
873 3743 1174 3799 caeteros
1223 3728 1637 3818 protegebat,
1679 3741 1745 3798 et
1771 3729 2033 3819 ingenti
2074 3729 2495 3800 sublimitate
2533 3729 2707 3799 alios
2738 3730 3101 3812 excedens,

558 3818 792 3908 ipsum
854 3817 1292 3907 contingebat
1338 3817 1635 3888 coelum.
1689 3818 1804 3887 Vir
1862 3830 2090 3887 autem
2149 3819 2416 3888 Domini
2485 3824 2883 3888 Dunstanus
2926 3832 3106 3889 atto-

562 3907 773 3988 nituS,
828 3906 1292 3998 interrogabat
1351 3928 1507 3976 eum
1559 3907 1679 3993 qui
1731 3906 1898 3976 haec
1961 3906 2062 3975 illi
2111 3907 2547 3988 ostendebat,
2602 3908 2721 3995 qui
2770 3919 2919 3977 erat
2977 3929 3108 3977 an-

552 3995 780 4086 gelico
818 3995 1093 4086 capill0,
1149 3995 1266 4067 sed
1314 4017 1573 4067 canus:
1627 4000 1933 4078 Quaem,
1990 3996 2337 4083 inquiens,
2385 3996 2769 4066 venerande
2821 3995 3055 4068 senior
3085 4050 3103 4077 ,

560 4105 900 4171 quaenam
952 4097 1054 4156 est
1103 4084 1267 4154 hacc
1318 4085 1597 4156 robusta
1640 4097 1708 4154 et
1757 4083 2106 4174 praecelsa
2136 4084 2360 4158 arbor,
2413 4086 2619 4176 cujus
2669 4085 2840 4155 rami
2904 4085 3111 4175 longe

566 4173 832 4259 lateque
869 4173 1129 4255 diffusi,
1170 4188 1304 4244 tam
1340 4174 1743 4243 innumeros
1782 4173 2095 4244 cucullos
2127 4173 2470 4245 sustinent
2493 4180 2521 4242 ‘l
2560 4173 2937 4264 Respondit
2961 4174 3104 4244 ille:

564 4259 798 4341 Arbor,
834 4283 1044 4348 quam
1096 4261 1282 4334 vides
1329 4264 1515 4333 Abba
1548 4266 1920 4344 Dunstane,
1967 4261 2178 4353 hujus
2212 4263 2728 4346 insulaesitum
2757 4262 3105 4354 designat.

621 4383 649 4410 Φ
678 4384 745 4423 2·
759 4383 858 4423 Cor.
879 4393 959 4430 ιιι.
975 4385 1013 4430 9,
1031 4385 1095 4424 10.
