3308 5004
689 354 820 418 608
1316 395 1321 400 -
1383 368 1464 417 nn
1510 369 1567 417 s.
1621 365 1890 419 cursio
1939 368 2207 417 antur.
2260 367 2450 417 nar.
2827 348 3034 417 ΔΗΕ.
3093 349 3207 416 25

604 454 934 545 suscepit.
985 457 1245 544 Pompa
1273 453 1527 535 omniS,
1566 453 1751 525 sicut
1779 454 2094 546 ingressa
2121 452 2370 535 fuerat,
2412 473 2695 544 egressa
2722 464 2849 524 est.
2883 456 3214 523 Matres-

599 543 902 615 familias
958 564 1042 612 ex
1089 541 1433 633 profundo
1479 542 1907 614 famulorum
1971 565 2261 615 suorum
2334 541 2727 613 cervicibus
2791 540 3211 612 mobilium

599 632 1089 704 cubiculorum
1137 644 1398 702 secreta
1427 630 1773 703 viderunt.
1811 638 2135 724 comptae
2172 632 2245 703 in
2286 631 2620 702 honorem
2669 629 2788 701 Dei
2824 630 3203 722 virgines,

600 722 798 792 nulla
841 720 1271 792 fluitantium
1320 721 1690 791 monilium
1722 721 2134 792 detrimenta
2172 733 2576 792 senserunt:
2620 740 2787 791 acus
2831 719 3072 810 ipsae,
3125 732 3211 790 ut

603 811 698 881 ita
744 810 1060 892 dixerim,
1122 811 1304 881 sicut
1361 809 1605 880 affixae
1650 810 1927 881 fuerant
1975 810 2308 881 maternis
2355 808 2708 890 manibus»,
2763 808 3202 879 haeserunt.

600 905 812 971 Nemo
869 898 1211 970 damnum
1291 897 1575 988 aliquod
1626 899 1749 982 rei,
1817 920 2020 970 nemo
2076 898 2527 992 dispendium
2578 898 2824 969 salutis
2868 898 3201 989 accepit.

603 992 994 1059 Occurrunt
1066 988 1135 1079 pi
1189 1010 1360 1058 nora
1424 988 1637 1059 chara
1710 989 2171 1080 pignoribus:
2221 988 2711 1077 unusquisque
2764 987 3202 1076 proximum

566 1099 811 1150 -suum
844 1133 859 1160 ‚
919 1076 1037 1148 cui
1088 1099 1131 1168 p
1165 1078 1481 1154 urimum,
1524 1077 1898 1159 timuerat,
1941 1078 2163 1148 laetus
2221 1076 2688 1169 amplectitur.
2735 1076 2948 1168 Cujus
3015 1075 3151 1146 hic
3177 1130 3196 1158 ,

602 1167 743 1236 nisi
777 1166 1052 1323 ChriYsti,
1092 1186 1214 1257 per
1244 1166 1812 1239 intercessionem
1847 1167 2164 1258 Martyris
2210 1166 2348 1248 sui,
2386 1187 2716 1259 praesens
2745 1165 2967 1236 virtus
3013 1167 3198 1257 'ope-

603 1269 753 1326 rata
799 1267 903 1326 est

692 1347 730 1433 §
778 1349 865 1419 4.
918 1343 1246 1414 Convenit
1284 1344 1523 1431 utique
1571 1344 1953 1435 Episcopus
1993 1349 2380 1435 martyrem,
2431 1353 2499 1414 et
2558 1343 2932 1414 Dominum
2988 1365 3192 1414 mar·

606 1445 737 1522 tyr.
793 1436 1158 1504 Ostensum
1206 1444 1311 1503 est
1357 1433 1581 1504 salute
1626 1433 1921 1525 dignum
1962 1433 2192 1506 fidelis
2235 1433 2482 1525 populi
2529 1431 2863 1503 officium.
2925 1435 3012 1501 Et
3065 1432 3192 1502 de—

607 1521 1416 1613 nique-plurimi(quod
1454 1544 1725 1593 mecum
1776 1522 2065 1593 forsitan
2100 1534 2167 1594 et
2214 1523 2335 1611 qui
2384 1520 2685 1602 fecistis,
2740 1521 3192 1611 agnoscitis)

558 1685 564 1692 ,
608 1610 792 1692 ilico,
847 1632 934 1680 ne
980 1609 1085 1680 vel
1120 1611 1372 1688 leviter„
1409 1613 1689 1683 turbare
1733 1610 2160 1682 devotionem
2211 1624 2520 1682 sanctam
2571 1609 2807 1680 liceret
2850 1609 3185 1690 inimico,

604 1700 935 1782 vestibuS,
988 1713 1068 1772 ut
1112 1713 1330 1782 erant,
1391 1700 1693 1771 madidis
1733 1701 2009 1791 navigia
2058 1701 2572 1782 conscendunt,
2622 1713 2690 1770 et
2737 1699 3185 1769 matutinum

608 1790 667 1858 ri
722 1810 909 1859 orem
949 1788 1168 1868 fluvii,
1198 1810 1321 1879 spe
1368 1788 1668 1860 fervente
1703 1802 2202 1861 contemnunt:
2236 1788 2492 1871 festini,
2525 1810 2665 1891 quo
2697 1786 3187 1868 intenderant,

610 1812 719 1947 ag
746 1878 977 1946 locum
1029 1876 1290 1947 scilicet
1346 1878 1622 1960 caediS,
1680 1880 1917 1951 animo
1986 1879 2241 1949 victore
2287 1888 2741 1969 perveniunt„
2815 1875 3195 1948 alacritate

612 1966 864 2057 maj0ri
901 1979 1052 2056 post
1093 1966 1479 2056 periculum
1516 1989 1755 2038 recens
1795 1981 1947 2037 vota
1981 1966 2229 2039 fusuri.
2259 1971 2311 2038 Ο
2339 1968 2594 2059 dignae
2622 1964 2853 2036 audiri
2904 1987 3187 2056 preces,

612 2076 791 2142 quae
841 2075 978 2124 non
1049 2054 1303 2125 fractae
1351 2055 1629 2145 injuriis
1659 2111 1676 2139 ,
1727 2057 2074 2147 imputare
2137 2057 2498 2138 nesciunt,
2565 2053 2746 2143 quod
2800 2054 3190 2145 periclitati

612 2157 817 2213 sunt:
871 2155 1099 2234 grates
1146 2143 1395 2214 referre
1442 2145 1696 2225 sciunt,
1748 2145 1929 2232 quod
1982 2158 2366 2216 evaserunt.
2420 2151 2675 2215 Omnes
2728 2143 2999 2235 gaudio
3067 2144 3191 2214 tri·

612 2232 950 2333 pudiant:
986 2233 1324 2304 assistunt
1370 2232 1672 2322 denique
1720 2233 2149 2305 solemnibus
2180 2234 2363 2304 laeti:
2398 2232 2793 2303 interfuisse
2836 2233 3184 2322 periculis

605 2333 849 2412 Juvat:
886 2322 1049 2408 quia
1084 2322 1576 2413 conspicabile,
1630 2323 2027 2393 interfuisse
2077 2322 2458 2408 miraculis.
2512 2322 2708 2392 Tanti
2755 2322 3021 2409 cuique
3056 2322 3186 2391 suit

613 2409 699 2480 de
730 2409 953 2482 salute
999 2410 1375 2494 dubitasse,
1429 2425 1503 2481 ut
1554 2411 1849 2483 salutem
1900 2433 2100 2483 suam
2150 2410 2560 2482 mirabiliter
2600 2410 3019 2498 acquireret.
3072 2415 3184 2480 In-

617 2511 809 2589 tegro
841 2521 1128 2571 suorum
1181 2523 1470 2571 numero
1504 2506 1896 2573 Honoratus
1929 2512 2163 2593 pastor
2191 2500 2490 2572 exultat:
2519 2500 2642 2589 qui
2687 2498 2981 2589 quidem
3013 2500 3183 2570 haec

616 2611 834 2659 manu
876 2590 1177 2680 politiori
1208 2591 1589 2679 majorique
1678 2591 1852 2660 ratia
1882 2592 2231 2661 mansuris
2267 2603 2597 2682 perpetuo
2629 2589 2865 2660 seculo
2890 2590 3183 2681 scriptis

617 2678 951 2749 mandare
1010 2679 1366 2769 potuisset,
1428 2680 1563 2749 nisi
1626 2615 1852 2749 {ivini
1915 2682 2226 2753 muneris
2271 2679 2630 2760 consciuS,
2707 2678 2779 2748 in
2831 2678 3182 2770 legatione

618 2767 842 2838 sancti
896 2769 1224 2857 martyris
1260 2770 1604 2860 particeps
1634 2768 2064 2858 designatus,
2111 2769 2296 2857 quod
2347 2790 2421 2839 se
2474 2766 2794 2860 praesule
2837 2768 3178 2837 Dominus

617 2854 787 2927 haec
817 2856 1247 2940 contulisset,
1302 2858 1714 2930 insolentius
1746 2858 2053 2928 exultare
2086 2856 2451 2930 timuisset.
2491 2862 2570 2927 Et
2591 2855 2877 2945 quidem
2917 2856 3010 2926 ad
3049 2878 3174 2927 nos

615 2944 954 3016 beneficia
1004 2967 1128 3036 per
1167 2947 1402 3037 plures
1468 2946 1723 3017 diffusa
1781 2947 2226 3037 perveniunt:
2279 2958 2624 3017 caeterum
2687 2946 2937 3033 quanti
2981 2946 3046 3013 in
3093 2965 3171 3013 se

615 3034 881 3123 privata
920 3039 1399 3125 cognoscunt?
1457 3035 1653 3118 Quod
1717 3036 1846 3106 soli
1919 3042 2051 3107 Deo
2113 3035 2616 3116 adscribimuS,
2681 3034 2805 3135 qui
2854 3034 3160 3104 omnium

618 3122 937 3192 conditor
974 3136 1040 3192 et
1083 3124 1430 3206 conscius,
1470 3123 1724 3222 colitur
1752 3137 1817 3193 et
1864 3126 2027 3195 vivit
2070 3148 2232 3196 cum
2283 3124 2454 3195 Filio
2491 3137 2560 3195 et
2600 3124 2867 3214 Spiritu
2897 3127 3160 3203 Sancto,

622 3230 745 3299 per
791 3210 1059 3281 infinita
1096 3212 1329 3282 secula
1375 3212 1799 3294 seculorum,
1840 3219 2074 3284 Amen.

862 3406 1116 3484 ITEM
1172 3406 1310 3486 DE
1366 3407 1595 3487 EOD.
1654 3408 1727 3488 S.
1782 3407 2225 3489 GENESIO
2280 3406 2934 3489 ARELATENSI

1660 3583 1670 3592 ·
1715 3572 1758 3637 S
1785 3573 1832 3637 E
1855 3574 1909 3638 R
1937 3573 1993 3636 Μ
2018 3571 2069 3638 Ο

1005 3732 1081 3779 nx
1128 3731 1214 3779 11s
1261 3732 1370 3789 Qui
1418 3730 1685 3779 ausano
1731 3731 2003 3780 EMISRNO
2049 3730 2250 3781 arnse.
2301 3731 2780 3782 mscninunrua

709 3926 745 4011 ἓ
791 3928 867 3997 1.
930 3923 1148 3993 Hodie
1188 3923 1411 3993 natale
1450 3925 1671 3993 sancti
1705 3923 1977 3993 Genesii
2007 3923 2462 4005 celebramus,
2506 3937 2571 3994 et
2620 3923 2972 4013 meritum.
3017 3929 3174 3996 Bea-

624 4023 849 4081 torum
908 4025 1294 4101 martyrum
1402 4013 1736 4094 assioneS,
1803 4012 2063 4081 natales
2112 4034 2439 4083 vocamus
2484 4013 2664 4094 dies,
2716 4012 3002 4101 quando
3061 4037 3177 4086 eos

622 4101 931 4189 Martyrii
985 4102 1145 4181 vita,
1198 4114 1264 4171 et
1310 4034 1571 4192 gforiae
1603 4100 1797 4182 fides,
1853 4100 2020 4169 dum
2070 4101 2321 4192 ingerit
2370 4103 2608 4181 morti,
2670 4103 2912 4203 genuit
2954 4115 3177 4174 aeter-

626 4189 848 4271 nitati,
905 4203 971 4259 et
1024 4202 1353 4281 perpetua
1386 4190 1641 4282 gaudia
1677 4189 1865 4259 brevi
1898 4188 2133 4260 dolore
2166 4191 2509 4282 parturiit.
2546 4196 2780 4261 Merito
2811 4189 3032 4349 glane
3075 4192 3180 4262 di·

620 4277 821 4347 cendi
881 4279 1149 4349 natales
1197 4278 1369 4360 dies,
1438 4300 1561 4380 per
1604 4300 1781 4366 quos
1832 4278 1956 4359 illi,
2014 4280 2132 4366 qui
2186 4279 2327 4349 nati
2374 4279 2647 4351 fuerant
2693 4280 2763 4349 in
2858 4301 2998 4350 ane
3043 4280 3181 4353 fra·

621 4365 911 4455 gilitatis
959 4366 1311 4437 humanae
1360 4368 1739 4451 miseriam,
1778 4368 2007 4439 subito
2041 4381 2500 4440 renascuntur
2547 4369 2616 4438 in
2652 4368 2968 4460 gloriam,
3005 4371 3182 4441 vitae

622 4456 950 4543 perennis
1015 4455 1294 4526 initium
1344 4455 1429 4526 de
1477 4456 1720 4527 mortis
1788 4456 1927 4527 fine
1973 4468 2344 4531 sumentes.
2407 4457 2671 4530 Etenim
2718 4458 2778 4529 si
2825 4457 2996 4530 istos
3033 4458 3181 4531 dies
