3308 5004
739 339 867 404 678
1222 357 1302 405 m:
1350 357 1406 405 s.
1444 353 1807 403 mensurio
1844 353 2049 403 nise.
2101 354 2178 403 ιι·
2221 352 2395 404 loct.
2443 352 2630 405 noct.
2857 333 3054 404 me.
3097 335 3210 404 28

650 438 936 509 domum
986 457 1325 527 agrosque
1377 455 1705 508 remeare.
1763 434 1855 506 Ad
1905 457 2081 539 quos
2125 434 2432 536 veniens,
2484 448 2550 506 et
2597 435 2668 506 in
2716 434 2981 523 quibus
3024 457 3215 506 con-

652 527 933 600 stitutus
970 525 1183 595 ferme
1234 525 1551 607 triennio,
1602 536 1669 596 et
1714 547 1755 594 a
1803 546 1875 596 se
1914 547 2061 614 Jam
2113 523 2430 596 alienatis
2476 524 2666 596 curis
2710 524 3210 608 secularibus,

651 638 810 688 cum
862 615 947 686 iis
995 614 1116 702 qui
1163 614 1381 684 eidem
1424 613 1918 695 adhaerebant,
1973 618 2104 685 Deo
2153 613 2441 694 vivebat,
2487 613 2799 715 jejuniis,
2853 614 3216 685 orationi-

651 705 806 786 bus,
842 703 1006 774 boni
1093 724 1180 773 ue
1218 702 1548 794 operibus
1584 725 1859 785 vacans,
1914 702 1984 772 in
2035 702 2184 795 lege
2236 703 2507 773 Domini
2564 702 2905 775 meditans
2952 703 3083 774 die
3129 725 3217 774 ac

652 806 871 864 nocte.
925 725 1133 862 Etsfle
1179 792 1267 861 iis
1311 814 1489 881 quae
1539 791 1672 864 sibi
1721 796 1898 864 Deus
1933 791 2265 882 cogitanti
2321 805 2526 880 atque
2572 792 2796 863 oranti
2843 792 3216 864 intellecta

650 881 1013 963 revelabat,
1054 893 1121 951 et
1152 895 1544 972 praesentes
1573 896 1639 951 et
1671 882 2003 953 absentes
2049 881 2488 952 sermonibus
2519 903 2600 951 ac
2634 879 2831 953 libris
2874 880 3209 953 docebat.

650 971 837 1042 Conti
894 971 945 1040 it
991 969 1159 1040 forte
1190 970 1427 1040 eodem
1459 983 1785 1061 tempore,
1816 981 1893 1041 ut
1915 969 2199 1057 quidam
2219 992 2299 1040 ex
2333 970 2419 1040 iis
2446 991 2620 1058 quos
2643 969 3213 1072 dicuntAgentae

646 1061 718 1129 in
772 994 1000 1140 rebus,
1038 1060 1221 1150 apud
1260 1060 1643 1149 Hipponem
1701 1059 1965 1152 regium
2014 1060 2453 1143 constitutus,
2510 1059 2680 1130 bene
2725 1058 3206 1159 Christianus,

648 1153 1001 1237 Deumque
1031 1149 1304 1230 timens,
1356 1161 1706 1238 comperta
1761 1148 1910 1236 ejus
1967 1147 2150 1218 bona
2194 1147 2379 1217 fama
2423 1161 2632 1235 atque
2678 1148 3035 1228 doctrina,
3095 1148 3212 1219 de·

648 1237 978 1308 sideraret
1023 1249 1226 1324 atque
1270 1248 1535 1327 optaret
1577 1259 1739 1307 eum
1789 1235 2040 1319 videre,
2097 1236 2502 1327 promittens
2553 1258 2629 1306 se
2689 1259 2893 1328 posse
2943 1238 3206 1309 mundi

647 1326 857 1414 hujus
887 1348 1129 1397 omnes
1156 1339 1592 1397 contemnere
1616 1347 1705 1397 cu
1759 1325 2029 1396 iditates
2066 1340 2271 1414 atque
2305 1324 2682 1409 illecebras,
2708 1326 2766 1396 si
2810 1325 3205 1414 aliquando

646 1437 729 1484 ex
759 1416 909 1501 eius
946 1436 1062 1485 ore
1112 1416 1224 1485 Dei
1258 1414 1539 1485 verbum
1588 1437 1679 1486 au
1735 1415 1831 1484 ire
1865 1415 2249 1487 meruisset.
2302 1415 2494 1498 Quod
2544 1437 2702 1486 cum
2745 1414 2830 1485 ad
2878 1437 2962 1486 se
3013 1415 3202 1487 fideli

647 1503 890 1574 fuisset
938 1503 1263 1574 relatione
1321 1504 1671 1585 delatum,
1752 1503 2043 1576 liberare
2106 1504 2413 1575 animam
2468 1505 2761 1594 cupiens
2809 1504 2906 1574 ab
2989 1505 3201 1597 hujus

648 1592 824 1664 vitae
860 1593 1209 1684 periculis,
1255 1606 1607 1702 morteque
1651 1605 1951 1675 aeterna,
1983 1592 2067 1663 ad
2101 1603 2544 1663 memoratam
2576 1592 2758 1663 ultro
2787 1605 3013 1681 atque
3037 1617 3197 1666 eon-

646 1681 870 1752 festim
914 1682 1097 1750 venit
1153 1681 1521 1763 civitatem,
1564 1693 1631 1751 et
1689 1682 2036 1752 hominem
2089 1682 2309 1753 visum
2379 1680 2718 1752 allocutus
2757 1681 3196 1771 frequentius

644 1785 852 1858 atque
879 1771 1275 1841 exhortatus
1309 1785 1435 1849 est,
1471 1783 1810 1858 quantum
1863 1775 2040 1842 Deus
2086 1770 2410 1852 donabat,
2445 1782 2521 1841 ut
2571 1771 2754 1859 quod
2810 1776 2955 1842 Deo
3003 1794 3194 1842 vove-

646 1873 773 1941 rat,
827 1859 1159 1929 redderet.
1214 1864 1392 1929 Haec
1430 1880 1504 1928 se
1555 1858 1669 1928 ille
1707 1859 2046 1930 facturum
2077 1859 2165 1931 de
2206 1859 2323 1931 die
2355 1859 2425 1930 in
2466 1860 2646 1929 diem
2697 1859 3184 1950 pollicebatur,

647 1970 773 2018 nec
820 1961 1046 2017 tamen
1075 1949 1142 2017 in
1191 1948 1346 2037 ejus
1378 1961 1543 2018 tunc
1569 1948 1696 2018 hoc
1729 1948 2037 2039 implevit
2072 1948 2478 2038 praesentia.
2517 1948 2644 2019 Sed
2682 1944 2934 2020 vaca‘re
2968 1951 3186 2038 utique

649 2050 716 2106 et
762 2037 969 2106 inane
993 2058 1142 2109 esse
1189 2057 1323 2106 non
1361 2036 1600 2128 potuit,
1634 2036 1817 2125 quod
1858 2059 1977 2127 per
2024 2038 2155 2108 tale
2187 2060 2302 2108 vas
2337 2034 2706 2119 mundum,
2743 2039 2815 2108 in
2859 2039 3183 2109 bonorem

649 2124 816 2196 utile
850 2125 1159 2204 Domino,
1212 2125 1297 2195 ad
1344 2147 1550 2196 omne
1586 2147 1764 2216 opus
1812 2126 2070 2198 bonum
2125 2138 2463 2219 paratum,
2517 2126 2588 2197 in
2637 2129 2838 2198 omni
2891 2128 3044 2199 loeo
3089 2127 3181 2197 di·

646 2213 802 2284 vina
840 2214 1596 2305 gerebamrovideutia.

733 2305 768 2461 ἢ
816 2307 901 2377 4.
954 2304 1203 2373 Eodem
1257 2303 1484 2390 itaque
1534 2314 1837 2393 tempore
1887 2303 1954 2373 in
2005 2304 2292 2374 ecclesia
2334 2304 2764 2396 Hipponensi
2820 2304 3171 2385 catholica,

642 2396 734 2461 Va
764 2392 951 2463 erius
998 2389 1278 2463 sanctus
1337 2393 1820 2482 Episcopatum
1926 2394 2178 2463 erebat.
2232 2392 2363 2476 Qui
2420 2414 2618 2474 cum,
2673 2393 3025 2487 flagitante
3068 2414 3172 2462 ec·

642 2481 1023 2552 clesiastica
1073 2482 1497 2563 necessitate,
1532 2480 1618 2551 de
1669 2415 2087 2573 provid‘endo
2117 2495 2184 2553 et
2215 2481 2524 2553 ornando
2576 2482 2958 2573 presbytero
3000 2480 3161 2549 ciri-

644 2570 844 2652 tatis‚
902 2570 1015 2639 Dei
1095 2570 1357 2661 plebem
1421 2570 1928 2658 alloqueretur,
1979 2583 2045 2641 et
2107 2572 2616 2642 exhortaretur:
2697 2574 2834 2659 J‘am
2874 2570 3147 2640 seientes

640 2658 964 2728 catholici
1012 2660 1229 2729 sancti
1268 2658 1632 2761 Augustini
1665 2660 2088 2749 propositum
2118 2672 2182 2731 et
2213 2658 2622 2740 doctrinam,
2661 2658 3150 2749 manuinjeeta,

636 2747 969 2835 quoniam
1030 2762 1094 2817 et
1141 2748 1318 2818 idem
1370 2771 1439 2816 m
1504 2748 1761 2839 populo
1818 2770 2104 2818 securus
2151 2761 2215 2819 et
2261 2749 2592 2839 ignarus,
2645 2749 2814 2836 quid
2864 2747 3160 2818 futurum

638 2848 839 2917 esset,
892 2835 1228 2907 adstabat.
1298 2836 1567 2908 Solebat
1612 2850 1840 2908 autem
1894 2837 2112 2909 laicus
2143 2893 2159 2916 ‚
2214 2849 2289 2908 ut
2350 2838 2547 2908 nobis
2597 2837 2897 2919 dicebat,
2951 2837 3033 2907 ab
3069 2834 3163 2906 eis

640 2937 907 2995 tantum
957 2925 1289 3006 ecclesiiS,
1334 2948 1512 3015 quae
1568 2948 1702 2997 uon
1754 2926 2084 2998 haberent
2129 2927 2526 3018 Episcopoe,
2586 2949 2789 2997 suam
2836 2928 3160 2998 abstinere

543 3074 552 3081 .
640 3014 1122 3104 praesentiam.
1200 3020 1369 3084 Eum
1417 3038 1492 3084 er
1540 3038 1579 3086 o
1650 3028 2040 3098 tenuerunt,
2087 3029 2159 3089 et
2204 3026 2280 3085 ut
2326 3016 2396 3084 in
2449 3014 2706 3087 talibus
2770 3028 3155 3089 consum

632 3115 765 3184 est,
808 3103 1142 3203 Episcopo
1188 3102 1479 3174 ordinan
1538 3125 1653 3175 um
1695 3103 2103 3187 intulerunt,
2150 3104 2478 3175 omnibus
2523 3102 2594 3174 id
2641 3127 2792 3175 uno
2835 3122 3162 3175 oonseam

635 3202 704 3259 et
732 3190 1072 3262 desiderio
1114 3193 1266 3263 fieri
1320 3193 1691 3282 perficique
1737 3194 2146 3283 petentibus
2202 3214 2588 3285 magnoque
2631 3193 2880 3264 studio
2929 3207 2999 3264 et
3039 3190 3169 3263 ch·

640 3300 827 3349 more
858 3280 1355 3370 flagitantibus,
1390 3281 1683 3352 ubertim
1719 3303 1799 3351 eo
1826 3282 2068 3352 flente:
2122 3281 2479 3353 nonnullis
2508 3281 2792 3370 quidem
2839 3282 3178 3374 lacrymas

638 3367 791 3457 ejus
839 3381 911 3437 ut
953 3369 1149 3439 nobis
1184 3371 1332 3461 ipse
1382 3370 1634 3451 retulit,
1692 3384 1854 3440 tunc
1892 3371 2189 3462 superbe
2231 3371 2874 3461 interpretantibuS‚
2921 3385 2996 3459 et
3047 3384 3181 3442 tau-

636 3477 844 3542 quam
881 3478 1037 3527 eum
1088 3459 1607 3532 consolantibus
1662 3481 1742 3529 ac
1801 3459 2230 3539 dicentibus,
2278 3459 2442 3547 quia
2481 3459 2684 3531 loeus
2735 3459 3181 3553 presbyterii,

640 3544 798 3616 licet
828 3546 972 3635 ipse
1008 3550 1265 3636 majore
1294 3547 1552 3639 dignus
1594 3559 1794 3629 esset,
1838 3549 2424 3640 appropinquaret
2447 3560 2677 3619 tamen
2709 3548 3186 3642 Episcopatui.

642 3637 804 3703 Cum
843 3634 957 3705 ille
1006 3635 1210 3707 homo
1260 3637 1421 3716 Dei,
1473 3650 1549 3707 ut
1596 3637 1798 3708 nobis
1846 3637 2125 3721 retulit,
2184 3638 2425 3727 majori
2471 3637 3042 3711 consideratione
3085 3638 3190 3707 in-

639 3723 970 3814 telligeret
1016 3738 1082 3795 et
1127 3736 1449 3816 gemeret,
1492 3747 1700 3813 quam
1756 3726 1971 3796 multa
2003 3781 2019 3808 ,
2067 3741 2136 3797 et
2181 3749 2390 3814 quam
2465 3749 2716 3819 magna
2795 3750 2974 3801 sune
3015 3726 3196 3797 vitae

686 3812 944 3884 ericula
993 3813 1076 3882 de
1112 3814 1445 3905 regimine
1481 3828 1547 3884 et
1594 3816 2094 3906 gubernatione
2128 3814 2467 3885 Ecclesiae
2501 3816 2917 3905 impendere
2941 3839 3031 3889 ¹ac
3052 3816 3196 3911 jam

691 3902 800 3971 inc
834 3903 1187 3991 provenire
1236 3916 1592 3993 spectaret,
1637 3917 1842 3991 atque
1890 3904 2044 3974 ideo
2080 3903 2301 3989 fleret,
2338 3909 2674 3975 Eteorum
2727 3918 2936 3988 tunc,
2979 3920 3063 3979 ut
3091 3924 3201 3976 vo-

638 3989 941 4072 luerunt,
979 3991 1397 4082 completum
1439 4007 1541 4064 est
1572 3992 2022 4063 desiderium.

726 4081 761 4165 §
808 4088 896 4151 ὅ.
949 4084 1194 4151 Factus
1236 4103 1401 4173 ergo
1453 4082 1825 4182 presbyter,
1872 4081 2368 4152 monasterium
2398 4081 2575 4152 intra
2620 4081 3005 4154 ecclesiam
3049 4104 3205 4155 mox

636 4166 957 4249 instituit,
1008 4182 1262 4240 etcum
1338 4171 1449 4239 Dei
1497 4192 1714 4241 servis
1763 4171 1983 4239 vivere
2044 4170 2267 4261 coepit
2321 4170 2706 4241 secundum
2771 4171 3086 4243 modum
3144 4184 3206 4242 et

637 4255 974 4356 regulam,
1024 4258 1158 4328 sub
1207 4259 1464 4329 sanctis
1534 4264 1580 4328 A
1634 4259 1872 4329 ostolis
1919 4260 2401 4330 constitutamt
2458 4260 2787 4342 Maxime,
2843 4273 2930 4331 ut
2999 4282 3204 4332 necno

635 4364 1004 4430 quicquam
1038 4348 1391 4437 proprium
1433 4348 1501 4417 in
1538 4347 1582 4418 il
1617 4371 1651 4417 a
1688 4348 2005 4418 societate
2049 4347 2518 4428 haberet,.sed
2552 4349 2653 4419 eis
2687 4362 2934 4419 essent
2963 4350 3204 4423 onmia

637 4434 1059 4517 communia,
1111 4448 1176 4505 et
1221 4436 1750 4509 distribueretur
1796 4436 2198 4526 unicuique,
2240 4449 2441 4529 prout
2484 4437 2736 4526 cuique
2777 4458 2982 4527 opus
3027 4446 3198 4509 erat:
