3308 5004
175 307 363 375 AUG.
415 308 504 374 20
882 324 961 373 nn
1006 325 1065 374 s.
1121 324 1451 374 alamanno
1497 324 1641 374 111111.
1692 323 2076 375 emanant.
2508 306 2639 374 503

147 396 422 470 'ilerum
466 406 667 483 magis
703 407 1006 470 suavitate
1047 414 1309 483 gustata,
1353 422 1537 487 quam
1567 406 1815 469 illorum
1845 408 2132 472 ariditate
2160 411 2419 490 culpata,
2448 422 2573 469 non
2605 411 2731 468 tam

171 491 461 566 nequiter
507 487 617 549 ista
662 485 957 560 mordeat,
1000 502 1182 565 quam
1227 486 1363 549 illos
1403 485 1850 550 delectabiliter
1890 488 2051 552 edat.
2097 490 2252 554 Nam
2280 497 2345 555 et
2372 488 2643 551 securius
2668 496 2734 550 et

168 568 474 629 sincerius
517 569 642 632 visa
683 566 901 639 solent,
942 583 1127 646 quam
1167 567 1397 639 audita,
1444 570 1723 630 narrari:
1767 572 1829 628 et
1869 567 1935 629 iu
1983 572 2234 633 tertium
2268 588 2374 634 vas
2402 567 2731 640 transfusa,

169 645 413 709 facilius
452 652 827 708 coacescunt.
872 647 988 710 Sed
1031 654 1094 709 et
1125 645 1372 732 ‘dulcius
1414 663 1481 709 ea
1529 646 1761 708 bibitur
1799 661 1977 726 aqua,
2020 665 2177 728 quae
2216 648 2623 742 exiguo-licet
2649 645 2736 708 al·

171 742 292 788 veo
334 724 513 788 sontis
558 723 887 799 hauritur,
929 743 1112 807 quem
1158 725 1480 790 confestim
1529 724 1859 805 repleverit
1910 744 2064 790 vena
2114 736 2457 793 scaturiens
2485 773 2501 802 ‚
2550 742 2736 807 quam

171 821 335 885 quae
376 821 449 867 ex
494 806 628 867 rivo
674 805 930 882 tollitur,
976 805 1227 884 longius
1262 804 1385 884 jam
1420 821 1756 884 progresso,
1785 803 1883 868 vel
1914 822 1987 869 ex
2017 808 2278 873 flumine
2302 809 2425 888 Jam
2461 809 2731 885 copioso.

257 882 401 947 Inde
442 890 555 958 est,
601 887 758 964 quod
804 886 1047 949 intactis
1089 901 1305 948 eorum
1353 884 1551 960 libris,
1594 885 1697 965 qui
1741 885 1819 948 de
1860 886 2131 963 eJusdem
2180 887 2510 952 beatissimi
2548 887 2734 967 patris

173 966 363 1026 nostri
408 964 603 1025 initiis
644 982 747 1027 seu
791 967 981 1030 etiam
1010 966 1230 1028 mediis
1260 967 1775 1045 conscripserunt,
1809 981 1884 1025 ne
1916 971 2205 1046 tanquam
2239 984 2423 1048 super
2459 967 2731 1030 alienum

172 1043 519 1107 aedificasse
561 1045 773 1107 videar
813 1047 1328 1108 fundamentum:
1374 1047 1528 1108 circa
1573 1061 1643 1107 ea
1688 1047 2066 1122 potissimum
2114 1056 2324 1110 noster
2363 1063 2569 1110 sermo
2596 1060 2735 1107 ver-

170 1131 358 1194 satur,
402 1124 627 1203 quibus
670 1141 822 1203 pene
862 1125 1152 1188 omnibus
1194 1141 1479 1204 praesens
1518 1124 1718 1188 adrui:
1767 1127 2080 1189 interdum
2122 1129 2337 1202 etiam,-
2372 1129 2515 1190 licet
2543 1140 2729 1205 pauca

171 1206 572 1279 interserens,
614 1221 768 1282 quae
810 1205 1157 1268 fidelissima
1203 1204 1494 1280 fratrum,
1517 1206 1624 1283 qui
1656 1206 1935 1278 aderant,
1967 1206 2262 1271 relatione
2291 1209 2580 1285 cognovi.
2612 1204 2729 1268 Ve-

171 1291 523 1346 rumtamen
567 1299 719 1362 opus
763 1285 922 1348 istud
965 1285 1185 1348 libellis
1231 1286 1467 1359 tribus,
1550 1286 1809 1349 artitum
1853 1285 2043 1349 lector
2084 1290 2405 1351 inveniet:
2460 1298 2732 1366 quorum

166 1363 421 1441 quidem
470 1367 701 1441 primus
738 1380 809 1430 ea
853 1366 1116 1427 maxime
1143 1412 1160 1438 ,
1205 1381 1360 1444 quae
1398 1365 1472 1428 ad
1559 1365 1800 1428 abitum
1828 1415 1843 1439 ,
1895 1381 2095 1430 mores
2141 1376 2325 1447 atque
2380 1368 2729 1429 doctrinam

172 1443 354 1522 hujus
397 1443 554 1505 beati
603 1448 788 1524 patris
831 1448 952 1507 visa
997 1451 1140 1507 sunt
1184 1446 1524 1526 pertinere:
1570 1445 1874 1508 secundus
1916 1454 2123 1510 autem
2172 1449 2433 1509 virtutes
2480 1444 2727 1519 multas,

170 1537 280 1602 per
322 1538 467 1586 eum
512 1521 710 1597 racina,
753 1523 1092 1604 eloquitur:
1144 1527 1360 1587 tertius
1404 1526 1466 1588 in
1513 1524 1783 1603 eJ‘usdem
1814 1525 1989 1588 beato
2019 1526 2141 1588 tine
2170 1525 2526 1606 completur.
2573 1522 2725 1588 Illud

168 1604 354 1664 etiam
398 1602 876 1678 admonendum,
921 1605 983 1667 in
1029 1620 1243 1667 rerum
1288 1607 1640 1667 narratione
1736 1612 2029 1683 astarum,
2059 1605 2515 1669 cohaerentiam
2544 1604 2723 1666 simi·

167 1680 453 1744 litudinis
495 1685 709 1760 magis,
752 1700 931 1763 quam
976 1686 1265 1763 temporis
1306 1684 1640 1747 observari.
1731 1685 2002 1763 iquidem
2050 1701 2159 1748 nec
2202 1687 2375 1764 signa
2425 1686 2572 1766 ipsa,
2610 1699 2724 1754 nec

166 1776 348 1839 opera
393 1761 694 1841 quaedam
737 1779 811 1825 8ο
854 1765 1074 1825 ordine
1115 1765 1368 1843 scripta,
1412 1780 1535 1844 quo
1576 1765 1731 1827 iacta
1776 1776 1956 1826 sunt:
2001 1765 2102 1826 sed
2149 1765 2457 1829 interdum
2499 1764 2721 1843 aliqua,

168 1849 348 1919 prout
390 1857 712 1908 occurrere
754 1843 898 1905 locis
939 1845 1485 1923 opportunioribus
1528 1844 1920 1916 videbantur,
1966 1844 2215 1907 inserta.
2263 1846 2529 1907 Firmior
2554 1846 2720 1907 enim

169 1921 387 1996 videri,
428 1929 492 1983 et
538 1922 742 1984 baberi
788 1925 1091 2002 acceptior
1130 1925 1280 1986 solet
1319 1926 1535 1998 oratio,
1577 1941 1735 2002 quae
1776 1925 1901 1986 suis
1942 1926 2237 1987 innititur
2278 1932 2341 1987 et
2382 1924 2725 1987 illustratur

168 2002 488 2077 exemplis,
534 2004 707 2064 velut
747 2002 970 2066 fabrica
1014 2005 1338 2083 quaedam,
1381 2004 1615 2066 idoneis
1654 2003 1806 2067 tulta
1848 2004 2169 2067 columnis.
2212 2004 2520 2067 Nonnulla
2566 2018 2725 2083 quo·

168 2097 292 2220 flue
336 2088 729 2159 transportata
770 2089 937 2154 sunt,
985 2092 1052 2145 ut
1090 2083 1399 2145 similibus
1437 2082 1574 2146 aliis
1610 2084 2048 2160 jungerentur,
2078 2093 2140 2147 et
2170 2101 2328 2165 quae
2357 2091 2537 2147 erant
2566 2085 2726 2162 ejus·

214 2175 316 2221 em
358 2163 625 2238 generis,
669 2162 782 2225 sibi
823 2164 1022 2241 aptius
1062 2162 1486 2226 cohaererent.
1534 2163 1765 2227 Verum
1812 2163 1960 2226 haec
2002 2166 2064 2225 in
2109 2164 2342 2228 duobus
2374 2165 2628 2243 quidem
2655 2162 2728 2225 li-

171 2236 349 2328 bellis
390 2240 731 2319 prioribus;
779 2258 920 2305 nam
965 2243 1029 2305 in
1073 2242 1274 2318 tertio,
1329 2259 1485 2323 pene
1533 2259 1641 2323 per
1690 2243 1897 2306 omnia
1946 2242 2152 2306 ordini
2199 2245 2312 2325 ipsi
2362 2244 2549 2324 ipsius
2577 2250 2727 2333 tem·

169 2333 357 2396 porm,
401 2319 588 2383 series
633 2322 1002 2385 narrationis
1044 2322 1405 2403 obsequitur
1445 2321 1500 2386 *.

261 2446 452 2516 Lunna
500 2450 621 2517 111.
673 2448 712 2534 §
757 2451 835 2520 1.
888 2446 1286 2519 Innumeris
1332 2446 1614 2536 quidem
1668 2445 1890 2537 signis
1936 2456 2142 2534 atque
2192 2445 2594 2529 miraculis,
2646 2458 2729 2517 ut

168 2532 360 2605 orbis
388 2536 727 2626 comperit
756 2536 1147 2617 universuS,
1195 2535 1468 2607 fidelem
1501 2535 1846 2606 famulum
1882 2558 2090 2606 suum
2114 2536 2543 2607 Bernardum
2569 2535 2717 2606 Cla·

169 2622 622 2694 ravellensem
676 2630 856 2694 Deus
901 2625 1311 2717 glorificavit
1343 2626 1696 2706 Abbatem,
1735 2625 1916 2694 sicut
1953 2623 2298 2716 gloriosus
2336 2646 2615 2717 semper
2651 2624 2722 2693 in

170 2712 429 2781 sanctis
476 2714 665 2794 suis,
719 2725 787 2783 et
831 2715 902 2783 in
954 2736 1084 2783 sua
1132 2714 1471 2785 mirabilis
1516 2728 1621 2784 est
1671 2713 2045 2804 majestate.
2099 2719 2489 2794 Caeterum,
2543 2713 2728 2784 sicut

169 2799 575 2872 Malachiam
625 2817 943 2873 sanctum
993 2802 1331 2906 idemipse
1380 2802 1867 2883 commendat,
1936 2803 2240 2893 primum
2302 2804 2722 2874 maximum-

167 2909 303 2976 que
354 2890 795 2973 miraculum,
846 2891 1028 2979 quod
1078 2892 1414 2973 exhibuit,
1466 2891 1616 2983 ipse
1663 2890 1831 2962 fuit:
1886 2913 2173 2963 serenus
2222 2892 2441 2974 vultu,
2493 2890 2725 2961 mode-

167 2991 319 3048 stus
366 2978 630 3061 habitu,
683 2981 990 3051 circums
1041 2994 1236 3051 ectus
1284 2983 1353 3051 in
1407 2981 1653 3063 verbiS,
1708 2981 1778 3050 in
1828 3003 2034 3071 opere
2064 2983 2455 3063 timoratus,
2501 2981 2573 3051 in
2608 3003 2722 3050 sa·

164 3086 286 3135 cra
334 3068 776 3139 meditatione
822 3071 957 3141 assi
1015 3092 1175 3152 uuS,
1229 3071 1299 3140 in
1349 3071 1658 3141 oratione
1695 3070 2014 3140 devotus:
2052 3084 2118 3141 et
2154 3071 2336 3142 sicut
2367 3071 2542 3142 alios
2571 3070 2722 3161 ipse

167 3157 515 3239 monebat,
551 3158 791 3229 crebra
817 3159 1160 3246 siquidem
1187 3159 1605 3250 experientia
1634 3181 2033 3250 persuasus,
2069 3159 2154 3230 de
2179 3161 2374 3231 omni
2402 3182 2473 3230 re
2501 3159 2725 3250 magis

168 3242 396 3344 fidens
443 3247 760 3326 orationi,
798 3269 1008 3336 quam
1047 3247 1431 3319 industriae
1441 3250 1779 3407 ¹propriae
1812 3249 1909 3318 vel
1948 3248 2190 3320 labori.
2236 3248 2725 3340 magnanimus

164 3354 240 3403 111
289 3334 447 3417 fide,
505 3336 945 3428 longanimus
992 3338 1064 3407 in
1114 3359 1258 3428 spe,
1319 3359 1439 3428 per
1467 3352 1661 3411 ectus
1707 3339 1777 3407 111
1829 3338 2202 3421 charitate,
2272 3358 2595 3409 summus
2643 3336 2715 3405 in

161 3422 579 3508 humilitate,
635 3427 1050 3519 praecipuus
1097 3427 1168 3497 111
1224 3427 1488 3518 pietate.
1527 3431 1604 3496 In
1644 3427 1959 3498 consiliis
2002 3428 2351 3516 providus,
2393 3428 2461 3496 in
2508 3446 2715 3518 nego·

164 3511 281 3581 tiis
324 3513 586 3597 efficax,
630 3537 976 3603 nusquam
1013 3528 1240 3585 tamen
1286 3517 1541 3597 minue,
1578 3538 1790 3606 quam
1833 3516 1901 3585 in
1944 3518 2081 3586 otio
2119 3517 2406 3588 otiosus».
2449 3516 2717 3586 Jucun-

160 3599 297 3673 dus
345 3603 521 3673 inter
566 3605 961 3694 opprobria,
1017 3605 1197 3674 inter
1221 3606 1555 3692 obsequia
1594 3604 2050 3686 verecundus,
2097 3607 2327 3676 suavis
2370 3605 2709 3683 moribus,

160 3692 430 3764 meritis
475 3706 780 3774 sanctus,
839 3693 1196 3763 miraculis
1244 3695 1629 3785 gloriosus,
1688 3695 1936 3784 plenus
1993 3694 2294 3781 denique
2348 3695 2597 3764 virtute
2648 3706 2718 3761 et

161 3782 501 3869 sapientia
548 3795 613 3852 et
659 3781 880 3884 gratia
926 3804 968 3852 a
1023 3783 1111 3852 ud
1151 3788 1360 3854 Deum
1395 3796 1460 3854 et
1494 3785 1836 3854 homines.
1875 3781 2089 3869 Cujus
2122 3795 2401 3852 sanctae
2434 3783 2712 3852 animae

161 3867 585 3958 adjutorium
636 3871 863 3941 simile
909 3806 1043 3941 sigi
1093 3871 1343 3943 fecerat
1393 3878 1591 3953 Deus,
1644 3883 1712 3942 et
1762 3869 2046 3964 speciali
2101 3882 2548 3972 praeventum
2604 3869 2723 3938 be·

165 3957 556 4030 nedictione
585 3981 841 4050 corpus
871 3973 1245 4049 aptaverat.
1284 3962 1669 4052 Apparebat
1707 3961 1780 4030 in
1820 3979 2028 4030 carne
2058 3980 2210 4049 ejus
2246 3960 2475 4117 {gratia
2506 3978 2720 4046 quae-

167 4042 330 4114 dam
378 4049 723 4139 specialia,
775 4048 1161 4139 spiritualis
1209 4063 1434 4120 tamen
1489 4051 1741 4142 potiuS,
1776 4069 1983 4138 quam
2025 4064 2237 4117 carna
2273 4070 2375 4117 ts:
2417 4047 2487 4117 in
2523 4045 2723 4148 vultu

167 4132 448 4207 claritas
487 4138 982 4230 praefulgebat,
1023 4158 1158 4208 non
1195 4152 1461 4209 terrena
1491 4140 1757 4228 utique,
1795 4137 1911 4208 sed
1963 4136 2323 4208 coelestis:
2382 4135 2451 4205 in
2499 4133 2726 4206 oculis

167 4224 482 4314 angelica
528 4227 869 4316 quaedam
925 4228 1237 4320 puritas,
1305 4241 1369 4297 et
1421 4227 1822 4298 columbina
1889 4226 2231 4315 quaedam
2310 4224 2725 4315 simplicitas

219 4386 245 4409 ⁰
273 4383 455 4427 Biblien
479 4389 705 4429 concinne
734 4387 853 4431 11111111
872 4391 1129 4432 intertexto
1147 4388 1323 4441 phi-ut.
1343 4388 1561 4439 styloque
1580 4384 1901 4438 praestantior
1918 4387 2035 4429 hoec
2054 4385 2454 4438 praecedentibus
2475 4386 2533 4427 de
2552 4385 2597 4427 Β.
2618 4383 2732 4428 Bn-

164 4438 307 4482 ιιι-αὶ
328 4441 474 4490 genu·
492 4440 704 4484 narratio
726 4448 814 4485 est.
