3308 5004
696 339 822 405 734
1189 353 1256 402 m
1301 353 1495 402 πετο
1540 352 1878 403 naconem.
1922 356 1987 412 s.
2039 351 2270 402 soma.
2325 352 2507 403 narr.
2827 332 3033 401 mo.
3084 334 3163 411 29
3248 350 3257 429 ξ

603 444 674 513 in
724 462 845 511 ara
891 437 1451 518 simulacrorum,
1485 460 1664 525 quae
1713 438 1841 508 sita
1886 450 1988 508 est
2018 437 2105 508 ad
2164 437 2527 528 Daphnen:
2570 449 2638 508 et
2684 435 2901 507 simul
2958 437 3163 508 etiam

606 540 1192 623 perscrutaturu3‚
1229 540 1297 597 et
1327 525 1386 595 si
1443 540 1842 597 sanctorum
1891 526 2155 615 aliquid
2207 527 2277 596 in
2328 548 2407 596 ea
2457 514 2833 596 invenisset
2898 526 3164 617 reposi-

608 632 782 697 tum,
838 617 906 687 id
950 617 1096 707 igni
1146 615 1625 686 mandaturus.
1683 620 1852 686 Cum
1923 617 2049 687 hoc
2099 637 2265 706 ergo
2325 636 2603 687 saevum
2672 617 3169 685 renunciatum

606 721 784 780 esset
829 707 985 794 ejus
1030 705 1409 785 decretum,
1461 706 1581 864 <lui
1628 718 1827 775 erant
1875 705 2420 775 Christianarum
2481 702 2809 793 partium,
2894 725 3163 774 sacram

607 818 892 867 manum
937 795 1410 864 Praecursoris
1440 816 1476 863 c
1508 816 1616 862 am
1657 795 1724 862 in
1761 793 2059 881 quadam
2099 806 2288 863 turre
2317 793 2634 871 civitatis,
2671 813 2856 879 quae
2893 806 3174 863 vocatur

606 886 844 966 Gonia,
900 883 967 953 id
1017 895 1142 964 est,
1196 882 1524 972 angulu3‚
1579 882 1997 953 studuerunt
2046 882 2425 963 includere,
2472 903 2556 950 ne
2596 880 2754 970 capi
2802 896 3054 971 posset
3096 881 3170 949 ab

609 974 926 1044 idolatra.
981 971 1112 1055 Qui
1160 985 1389 1041 autem
1426 970 1894 1041 Pontificalem
1932 971 2162 1040 sedem
2204 969 2985 1059 tenebatJerosolymiS,
3016 992 3160 1039 cum

606 1061 962 1133 auditione
1007 1061 1385 1151 accepisset
1428 1059 1891 1131 execrandum
1944 1058 2339 1137 decretum,
2397 1080 2519 1129 nec
2583 1073 2983 1148 tyrannum
3033 1080 3165 1128 om-

606 1151 774 1221 nino
825 1162 1281 1232 moraturum,
1333 1149 1502 1237 quin
1553 1148 1636 1218 ad
1678 1171 1874 1219 sacra
1922 1148 2069 1218 loca
2125 1148 2549 1229 ascenderet,
2603 1159 2669 1217 et
2713 1169 2909 1234 quae
2965 1148 3037 1217 in
3081 1148 3162 1216 eis

604 1251 800 1311 erant
843 1238 1337 1328 pretiosissima
1374 1259 1687 1327 corpora,
1732 1238 1749 1305 i
1808 1237 1876 1306 ni
1926 1236 2401 1308 consumenda
2453 1236 2839 1317 mandaret,
2892 1236 3033 1306 hoc
3074 1235 3162 1303 di·

607 1329 900 1419 ligenter
928 1340 1146 1408 curat,
1183 1339 1250 1396 et
1284 1347 1612 1416 magnum
1663 1326 1746 1396 ad
1809 1326 1946 1397 ibet
1979 1326 2317 1409 studium,
2358 1337 2435 1396 ut
2466 1348 2503 1395 e
2537 1325 2768 1396 loculo
2807 1325 3157 1395 sublatum

606 1416 1078 1487 Praecursoris
1127 1414 1647 1486 tabernaculum
1678 1469 1694 1496 ,
1750 1416 2241 1485 transmitteret
2289 1414 2704 1485 servandum
2758 1414 2828 1482 in
2890 1415 3151 1483 civitate

604 1505 1089 1629 Alesandrina,
1153 1504 1289 1575 alio
1326 1504 1628 1592 quodam
1679 1504 2033 1574 communi
2088 1525 2373 1594 corpore
2423 1525 2545 1594 pro
2613 1524 2693 1572 eo
2746 1502 3022 1593 repleta
3065 1502 3153 1572 de·

657 1607 949 1664 osmone
1022 1649 1036 1662 .

606 1618 651 1686 p
694 1685 731 1771 ξ
779 1687 937 1756 10.
1016 1686 1379 1768 Postquam
1447 1694 1677 1751 autem
1755 1679 2152 1750 Antiochiae
2199 1680 2431 1750 omnia
2498 1692 2994 1769 perscrutatus
3056 1678 3153 1748 ille

608 1771 892 1861 impius,
946 1792 1027 1840 ea
1063 1782 1166 1840 est
1212 1792 1605 1861 aggressus,
1637 1790 1816 1856 quae
1851 1769 1998 1839 fieri
2048 1790 2184 1838 non
2225 1780 2561 1859 poterant,
2616 1789 2779 1838 cum
2833 1769 3148 1838 absconsa

613 1882 867 1930 manus
905 1880 1249 1945 nusquam
1283 1869 1732 1949 compareret,
1771 1879 1852 1928 eo
1897 1857 2015 1928 ille
2062 1857 2435 1927 sceleratus
2481 1855 2843 1927 desiderio
2888 1858 3149 1927 frustra·

608 1961 746 2029 tu5‚
798 1960 863 2018 et
909 1949 979 2016 in
1014 1946 1361 2033 reliquum
1415 1946 1896 2036 propheticum
1943 1946 2475 2037 corpus-surore
2524 1945 2877 2036 perenna,
2934 1948 3048 2033 qui
3088 1944 3139 2012 id

605 2049 1102 2116 scrutarentur,
1140 2036 1367 2104 statim
1424 2035 1609 2104 misit
1654 2057 1879 2122 usque
1928 2035 2012 2105 ad
2066 2035 2517 2125 lerosolyma‚
2558 2047 2634 2105 ut
2685 2033 3141 2104 Praecursoris

607 2125 755 2216 igni
808 2120 1214 2194 mandarent
1262 2122 1818 2194 tabernaculum.
1880 2124 2074 2206 Quod
2128 2146 2290 2193 cum
2325 2124 2413 2193 ad
2467 2125 2673 2194 finem
2724 2138 2917 2194 esset
2954 2122 3139 2192 dedu-

605 2227 824 2295 ctum,
876 2228 942 2283 et
979 2234 1388 2294 commune,
1448 2211 1629 2299 quod
1677 2234 1799 2302 pro
1859 2212 1981 2282 lllo
2029 2213 2379 2303 sepultum
2431 2212 2677 2292 fuerat,
2731 2234 3007 2301 corpus,
3061 2210 3133 2279 ab

608 2303 697 2371 iis
728 2302 851 2389 qui
901 2302 1096 2372 missi
1143 2300 1439 2379 fuerant,
1490 2301 1562 2369 in
1597 2301 1901 2371 cinerem
1951 2315 2127 2371 esset
2177 2300 2556 2382 redactum,
2611 2301 2818 2371 illinc
2867 2302 3121 2373 solvens,

606 2391 805 2460 duxit
851 2391 1223 2461 exercitum
1273 2389 1357 2460 ad
1406 2388 1862 2459 obsidendam
1912 2390 2263 2470 Edessam,
2300 2403 2534 2480 utpote
2581 2390 2777 2476 quod
2819 2392 2931 2477 qui
2975 2390 3118 2455 inea

605 2480 1033 2558 habitabant,
1089 2478 1375 2571 planum
1452 2491 1630 2549 esset
1675 2500 1792 2549 eos
1854 2491 2034 2549 stare
2092 2502 2132 2549 a
2181 2480 2495 2570 partibus
2580 2478 3099 2550 Christianorum.

603 2571 810 2661 Ajunt
855 2582 1080 2640 autem
1115 2567 1486 2656 quemdam
1536 2590 1617 2637 ex
1666 2568 1813 2637 suis
1846 2567 2150 2650 famuliS,
2188 2568 2542 2655 quilibere
2590 2592 2759 2639 cum
2808 2566 3094 2662 coloque·

605 2661 832 2741 batur,
883 2671 949 2729 et
995 2671 1139 2727 erat
1185 2657 1247 2726 ei
1296 2655 1492 2726 valde
1539 2657 1981 2745 conjunctuS,
2034 2679 2115 2727 ex
2162 2657 2395 2727 animo
2450 2679 2608 2726 vero
2675 2680 2784 2729 res
2822 2655 3098 2724 Christia-

605 2769 853 2818 norum
889 2747 1155 2818 colebat
1184 2759 1251 2815 et
1281 2745 1683 2825 honorabat,
1723 2767 1882 2816 eum
1918 2763 1969 2815 a*
2005 2759 2244 2837 coepto
2296 2746 2765 2836 prohibuisse,
2797 2759 2856 2814 et
2883 2740 2959 2810 ad
2979 2737 3109 2809 bel·

606 2836 750 2918 lum
803 2836 1132 2907 adversus
1179 2840 1420 2904 Persas
1468 2833 1850 2925 gerendum
1901 2834 2266 2915 incitasse,
2316 2835 2654 2904 civitatem
2710 2855 2876 2903 cum
2922 2828 3116 2910 vellet,

605 2926 673 2995 in
725 2937 1120 3015 potestatem
1170 2924 1321 3014 ejus
1371 2936 1727 2994 venturam
1782 2922 2135 3012 pollicens.
2192 2929 2271 2993 Et
2317 2923 2415 2992 sic
2464 2922 2764 2992 consilio
2814 2925 3127 3008 obtempe-

603 3036 788 3096 ranS,
845 3011 1189 3105 profectus
1219 3025 1322 3082 est
1370 3012 1455 3082 ad
1513 3011 1775 3083 bellum
1824 3025 2061 3083 contra
2111 3017 2350 3082 Persas
2398 3011 2820 3100 gerendum.
2875 3018 2952 3082 In
2996 3029 3119 3098 quo,

604 3103 810 3194 plaga
842 3102 1175 3172 divinitus
1224 3101 1538 3173 immissa
1572 3123 1968 3191 percussus,
2008 3101 2212 3170 vitam
2265 3100 2445 3169 finiit
2482 3100 3008 3172 miserabiliter.

692 3194 729 3277 ς
776 3198 910 3266 11.
963 3196 1331 3277 Postquam
1382 3204 1610 3260 autem
1663 3188 1748 3260 ad
1782 3188 2021 3260 fideles
2070 3194 2526 3279 Imperatores
2593 3189 2971 3261 redierunt
3018 3206 3134 3259 me-

607 3291 756 3369 ptra
797 3283 1292 3358 Romanorum,
1333 3291 1396 3348 et
1435 3277 1703 3348 reddita
1750 3276 1879 3348 fuit
1915 3278 2194 3349 libertas
2227 3277 2657 3360 Christianis,
2719 3280 3139 3350 nesciebatur

601 3365 907 3454 quidem,
949 3368 1238 3438 ubinam
1279 3378 1456 3437 esset
1505 3367 1804 3456 pretiosa
1862 3388 2136 3449 manus,
2209 3368 2298 3438 ab
2348 3367 2435 3436 iis
2479 3367 2597 3454 qui
2658 3369 3141 3440 Antiochenam

602 3454 1010 3525 habitabant
1053 3455 1422 3526 civitatem.
1489 3455 1617 3544 Sed
1670 3454 1854 3525 haud
1907 3455 2000 3526 ita
2047 3455 2172 3526 diu
2221 3469 2374 3547 post
2426 3477 2544 3545 per
2590 3454 3024 3528 diviniorem
3066 3474 3154 3524 re·

604 3543 902 3614 velatum
938 3542 1065 3613 fuit
1100 3543 1455 3626 visionem,
1490 3545 1779 3616 ubinam
1807 3556 1986 3616 esset
2016 3545 2381 3615 absconsa.
2416 3550 2632 3628 Quam
2668 3567 2846 3616 cum
2888 3544 3158 3616 fideliter

604 3655 685 3704 ex
733 3655 811 3703 eo
861 3632 1009 3703 loco
1048 3632 1518 3714 sustulissent,
1556 3632 1626 3702 in
1678 3655 1758 3703 ea
1789 3632 2194 3704 honoranda
2234 3647 2432 3704 erant
2478 3633 2959 3707 insatiabiles.
3011 3639 3161 3704 Cum

604 3735 833 3792 autem
885 3745 1019 3793 non
1081 3744 1327 3813 parum
1376 3721 1750 3792 effluxisset
1799 3723 2169 3826 temporiS,
2232 3727 2616 3812 Imperator
2656 3722 3162 3798 Justinianus.

604 3811 783 3882 inter
828 3811 965 3882 alia
1011 3833 1188 3898 quae
1237 3809 1348 3901 pie
1395 3811 1628 3901 gessit,
1666 3809 1824 3880 fecit
1869 3823 2075 3881 etiam
2127 3811 2262 3881 tale
2307 3810 2503 3898 quid.
2543 3814 2735 3880 Hanc
2791 3814 3003 3883 enirn
3054 3809 3166 3882 mi-

603 3900 1001 3971 raculorum
1049 3899 1458 3970 effectricem
1524 3901 1999 3970 Praecursoris
2060 3899 2404 3970 dexteram
2439 3955 2456 3981 ,
2523 3920 2605 3969 ex
2668 3901 3081 3984 Antiochia,
3112 3909 3171 3968 et

604 3989 877 4058 Domini
924 4000 991 4059 et
1039 3988 1153 4058 Dei
1204 3988 1420 4059 nostri
1462 3989 1795 4069 tunicam,
1832 4010 2012 4076 quae
2049 4000 2194 4058 erat
2226 3989 2295 4058 in
2338 3988 2611 4058 civitate
2648 3993 3169 4066 Maratsemeoe,

599 4089 666 4147 et
701 4077 999 4148 maxime
1045 4077 1808 4168 venerandumcaput,
1883 4099 1965 4148 ex
2021 4083 2264 4147 Emesa
2313 4076 2667 4149 transtulit
2732 4078 2831 4148 ad
2913 4078 3170 4172 regiam

601 4166 940 4237 civitatem
970 4188 986 4234 ε
1019 4187 1196 4252 quae
1242 4165 1523 4253 quidem
1579 4165 2121 4237 ostendebantur
2166 4167 2530 4258 obsignata
2573 4166 2967 4256 signaculo
3022 4189 3177 4239 san·

602 4255 694 4324 cti
756 4254 1199 4345 Imperatoris
1267 4255 1742 4338 Constantini,
1814 4256 1900 4325 ad
1965 4256 2135 4339 hoc,
2186 4267 2264 4326 ut
2349 4277 2483 4325 non
2558 4254 2891 4346 amplius
2942 4277 3037 4328 ex
3084 4256 3176 4328 eis

655 4415 681 4438 ⁰
707 4413 899 4458 Minime
926 4417 1041 4459 hoec
1070 4416 1229 4459 allatio
1311 4419 1334 4460 1
1355 4418 1591 4469 superiori
1609 4420 1659 4460 tn
1678 4418 1790 4460 hiat·
1809 4419 1868 4460 de
1887 4417 2136 4462 cineribus
2156 4420 2200 4462 8.
2217 4417 2415 4462 somnis
2434 4418 2705 4461 cohaerent.
2724 4418 2785 4460 At
2807 4429 2931 4464 etun
2948 4420 3088 4464 bom
3100 4419 3182 4462 Ιο-

606 4467 869 4517 tophi-ntis
885 4470 1037 4519 venis,
1055 4473 1249 4522 mojori·
1284 4472 1399 4513 llum
1417 4473 1723 4515 traditionem
1740 4473 1959 4515 tacimus.
