3308 5004
192 321 379 388 ΑΗΕ.
431 322 472 386 6
998 342 1078 390 nn
1124 341 1624 390 rnAnsnemutr.
1677 339 1925 390 camsn
2524 326 2648 393 ⁴87

283 427 319 512 ἓ
367 431 454 496 2.
508 425 650 494 Viri
678 424 891 506 enim,
928 447 1106 513 quos
1135 427 1307 498 dixit
1354 448 1490 496 non
1541 447 1693 496 esse
1724 439 2121 515 gustaturos
2169 440 2480 510 mortem,
2525 429 2741 501 donec

191 512 523 584 vidissent
571 512 801 583 locum
849 513 1001 614 ejus
1043 514 1500 603 perfectionis,
1555 527 1719 585 sunt
1767 514 1838 583 hi
1895 528 2026 584 tres
2079 518 2404 606 Apostoli.
2457 523 2537 588 Et
2579 541 2739 589 oum

184 602 708 693 assumpsisset,
747 600 943 672 duxit
989 625 1105 673 eos
1145 605 1212 673 in
1268 618 1567 674 montem
1595 658 1610 686 ‚
1662 618 1727 673 et
1773 604 2070 693 ostendit
2122 606 2221 676 eis
2258 607 2607 694 quomodo
2655 606 2744 678 sit

181 703 521 778 venturus
558 690 626 760 in
678 691 791 760 die
832 692 1207 763 novissimo
1241 693 1309 762 in
1361 692 1581 783 gloria
1639 714 1786 762 sua.
1828 694 2030 763 Duxit
2062 706 2288 776 autem
2327 713 2574 768 rursus
2620 718 2737 767 eos

185 779 256 849 in
299 794 639 861 montem,
695 791 771 850 ut
818 781 1206 852 ostenderet
1251 782 1392 862 εἰς,
1445 780 1675 869 qualis
1727 781 1818 851 sit
1863 781 2053 854 filius
2104 782 2249 864 iste,
2306 798 2370 854 et
2428 786 2632 874 cujus
2679 785 2738 851 *.

183 868 479 951 Quando
526 870 711 938 enim
748 869 1218 961 interrogavit,
1274 875 1643 953 Quemnam
1696 893 1801 940 me
1847 871 2077 941 dicunt
2117 872 2416 944 homines
2473 897 2611 944 esse
2659 875 2743 964 fi-

192 960 360 1027 lium
410 958 699 1027 hominis
726 958 994 1048 (Matala.
1047 959 1213 1048 xv1)?
1245 959 1488 1030 dicunt
1520 960 1627 1027 ei:
1675 957 1801 1028 Alii
1832 959 2112 1046 quidem
2137 959 2380 1044 Eliam,
2423 962 2549 1031 -alii
2588 984 2741 1032 vero

193 1051 471 1127 Mosem,
512 1060 891 1117 autunum
941 1070 1020 1117 ex
1076 1048 1454 1139 Prophetis.
1510 1053 1870 1138 Propterea
1920 1071 2035 1119 eos
2082 1071 2361 1120 sursum
2430 1050 2622 1120 ducit
2668 1051 2738 1120 in

197 1147 528 1216 montem,
580 1148 646 1205 et
679 1136 977 1206 ostendit
1017 1137 1116 1206 eis
1143 1159 1214 1207 se
1263 1160 1399 1207 non
1433 1159 1582 1207 esse
1613 1136 1858 1217 Eliam,
1897 1158 2023 1206 nec
2060 1142 2337 1220 Mosem,
2370 1139 2490 1209 sed
2526 1144 2737 1209 Deum

186 1223 397 1304 Eliae,
465 1239 531 1294 et
576 1224 700 1311 qui
763 1225 1220 1296 sanctificavit
1258 1232 1508 1295 Mosem
1562 1225 1630 1294 in
1682 1239 1876 1295 utero
1927 1226 2189 1296 matris:
2246 1249 2468 1315 neque
2515 1250 2737 1298 unum

182 1333 268 1381 ex
312 1312 697 1403 Prophetis,
752 1313 867 1384 sed
930 1315 1298 1384 Dominum
1366 1314 1862 1403 Prophetarum
1896 1368 1912 1395 ,
1965 1328 2030 1384 et
2075 1315 2197 1402 qui
2246 1337 2364 1386 eos
2434 1316 2736 1386 miserat.

183 1405 266 1469 Et
312 1423 563 1473 rursus
594 1401 893 1473 ostendit
925 1403 1025 1473 eis
1061 1425 1131 1473 se
1162 1425 1312 1473 esse
1359 1404 1746 1473 effectorem
1796 1400 1969 1473 coeli
2001 1416 2065 1473 et
2096 1416 2338 1485 terrae,
2376 1418 2441 1474 et
2486 1426 2559 1475 se
2592 1427 2742 1475 esse

188 1488 565 1560 Dominum
620 1490 925 1560 vivorum
978 1504 1044 1561 et
1092 1504 1552 1563 mortuorum.
1604 1497 1683 1561 Et
1732 1514 1980 1568 rursus
2021 1514 2137 1562 eos
2185 1491 2380 1563 duxit
2425 1493 2495 1561 in
2549 1515 2744 1564 mon-

187 1590 321 1647 tem
351 1633 369 1660 ,
435 1591 514 1648 ut
559 1579 658 1649 eis
707 1579 1094 1650 ostenderet
1141 1604 1213 1651 se
1259 1603 1409 1651 esse
1456 1580 1680 1650 filium
1741 1581 1879 1650 Dei.
1934 1580 2004 1651 Si
2051 1581 2235 1650 enim
2278 1581 2562 1651 dixisset
2608 1582 2732 1663 eiS,

185 1669 328 1758 Ego
378 1690 535 1738 sum
588 1667 776 1739 filius
828 1669 966 1750 Dei,
1019 1691 1154 1740 non
1213 1670 1312 1754 eis
1368 1669 1822 1760 persuasisset
1880 1691 2001 1758 pro
2056 1681 2155 1740 ter
2200 1693 2480 1750 carnem
2530 1692 2739 1758 quam

185 1757 527 1846 gestabat,
567 1770 633 1827 et
680 1757 863 1845 quod
906 1780 1064 1828 cum
1099 1759 1200 1829 eis
1247 1758 1808 1829 conversabatur.
1845 1757 2011 1828 Vide
2061 1772 2180 1829 ant
2207 1759 2390 1829 enim
2427 1760 2735 1850 Mariam,

180 1867 365 1931 quae
404 1868 562 1916 eum
597 1860 972 1938 pepererat,
1010 1859 1075 1916 et
1122 1847 1307 1934 quod
1366 1847 1647 1937 Joseph,
1685 1846 1809 1933 qui
1855 1846 2152 1925 aluerat.
2206 1849 2485 1919 nomine
2543 1870 2743 1920 voca—

182 1932 396 2004 batur
445 1948 634 2024 pater
677 1935 875 2024 ejus,
940 1949 1006 2005 et
1052 1936 1237 2022 quod
1297 1935 1581 2024 quidam
1650 1935 2072 2006 vocabantur
2125 1935 2368 2007 fratres
2426 1937 2600 2026 ejus.
2665 1942 2744 2008 Et

168 2044 434 2112 ‚rursus
481 2022 801 2094 similiter
847 2024 1091 2094 esuriit
1122 2038 1187 2094 et
1219 2025 1541 2104 comedit,
1579 2024 1749 2093 sitiit
1795 2038 1861 2094 et
1902 2025 2096 2105 bibit,
2151 2025 2486 2096 laboravit
2531 2039 2596 2096 et
2633 2047 2736 2095 re-

182 2112 498 2198 quievit,
551 2126 616 2181 et
684 2112 1130 2195 dormitavit,
1183 2126 1249 2182 et
1309 2113 1628 2195 dormiit,
1681 2126 1747 2183 et
1795 2113 2025 2183 timuit
2087 2126 2151 2182 et
2211 2114 2507 2185 suda'vit.
2559 2116 2741 2185 Haec

176 2214 417 2270 autem
470 2200 743 2271 divinae
779 2215 1067 2272 naturae
1115 2203 1403 2272 minime
1434 2201 1955 2272 conveniebant.
1989 2207 2350 2293 Propterea
2396 2225 2513 2273 eos
2547 2203 2739 2272 ducit

181 2288 253 2357 in
312 2302 641 2372 montem,
687 2303 765 2360 ut
812 2294 1005 2361 Pater
1067 2291 1435 2378 loquatur,
1504 2304 1569 2360 et
1616 2290 1928 2362 ostendat
1980 2292 2082 2360 eis
2127 2313 2285 2361 eum
2336 2314 2486 2363 esse
2533 2313 2739 2362 suum

176 2376 412 2448 filium
465 2379 535 2448 in
571 2380 895 2449 veritate:
932 2393 998 2449 et
1044 2394 1121 2450 ut
1159 2380 1473 2450 ostendat
1494 2381 1594 2450 eis
1645 2402 1936 2480 regnum
1975 2401 2185 2451 suum
2237 2393 2395 2449 ante
2447 2393 2734 2450 mortem

178 2489 438 2549 suam,
506 2481 571 2539 et
630 2467 921 2559 gloriam
996 2491 1194 2541 suam
1269 2482 1428 2539 ante
1494 2468 1990 2560 ignominiam:
2044 2481 2120 2538 ut
2167 2468 2447 2557 quando
2495 2481 2741 2558 captus

176 2555 394 2625 fuerit
439 2568 505 2627 et
542 2558 917 2629 crucifixus
964 2582 1006 2628 a
1050 2558 1356 2639 Judaeis,
1393 2557 1615 2629 sciant
1662 2580 1820 2629 eum
1867 2578 2003 2627 non
2051 2556 2265 2627 fuisse
2312 2558 2399 2627 ab
2447 2557 2547 2626 eis
2576 2579 2740 2627 cru-

172 2643 468 2714 cifixum
525 2659 801 2736 propter
863 2647 1014 2747 ejus
1091 2648 1183 2716 i'm
1241 2647 1615 2717 otentiam:
1683 2646 1802 2717 sed
1867 2644 2051 2734 quod
2100 2645 2163 2716 ei
2225 2646 2317 2716 ita
2368 2645 2742 2737 placuisset

177 2747 473 2824 propter
526 2758 725 2805 suam
776 2753 1092 2826 gratiam,
1131 2758 1169 2804 a
1282 2735 1525 2807 mundi
1576 2735 1896 2805 salutem.
1956 2739 2033 2804 Et
2081 2756 2328 2805 rursus
2391 2757 2590 2806 suam
2641 2735 2742 2806 eis
2847 2742 2855 2749 “

174 2822 491 2892 ostendit
534 2822 825 2913 gloriam
876 2838 1034 2894 ante
1084 2847 1282 2895 suam
1333 2824 1931 2904 resurrectionem,
1987 2836 2062 2893 ut
2107 2824 2385 2911 quando
2437 2846 2742 2894 resurre-

173 2912 358 2981 xerit
390 2933 432 2981 a
472 2912 763 2983 mortuis
812 2913 880 2981 in
933 2912 1151 3004 gloria
1200 2927 1488 2983 naturae
1546 2935 1715 2985 suae
1759 2911 2054 2993 divinae,
2110 2913 2331 2982 sciant
2370 2935 2527 2985 eum
2597 2934 2734 2982 non

175 3000 538 3090 accepisse
589 3014 939 3089 tamquam
979 3001 1363 3072 mercedem
1413 3003 1523 3072 sui
1564 2999 1820 3072 laboris
1856 3000 2174 3091 gloriam,
2228 3015 2306 3072 ut
2343 3002 2462 3089 qui
2511 3023 2592 3071 ea
2629 3002 2738 3072 in-

175 3088 497 3179 digeret:
551 3089 666 3160 sed
719 3112 877 3160 eum
931 3089 1119 3160 illam
1160 3090 1309 3181 jam
1359 3091 1523 3162 olim
1576 3090 1907 3160 habuisse
1953 3090 2040 3162 ab
2079 3103 2354 3160 aeterno
2402 3113 2562 3173 cum
2610 3095 2736 3159 Pa—

180 3190 308 3257 tre,
349 3189 418 3246 et
465 3200 624 3247 cum
676 3178 935 3268 Spiritu
963 3180 1139 3269 ejus:
1180 3179 1358 3250 sicut
1406 3179 1622 3249 dixit:
1663 3184 1891 3260 Pater,
1952 3179 2268 3270 glorifica
2316 3200 2427 3249 me
2465 3178 2733 3270 gloria,

158 3287 396 3353 ,quam
450 3262 687 3347 habui,
728 3280 1094 3355 antequam
1136 3268 1445 3338 mundus
1491 3281 1692 3351 esset,
1747 3267 1932 3358 apud
1985 3281 2069 3337 te.

262 3357 301 3443 ξ
354 3358 452 3425 8.
492 3359 681 3424 Hanc
714 3355 1004 3446 gloriam
1041 3379 1207 3426 suae
1238 3356 1643 3436 divinitatiS,
1690 3378 1868 3445 quae
1896 3369 2041 3426 erat
2072 3358 2370 3428 obscura
2409 3368 2474 3426 et
2506 3355 2741 3445 ignota

179 3445 309 3513 sub
370 3442 825 3526 humanitate,
877 3445 1176 3515 ostendit
1206 3445 1544 3535 Apostolis
1574 3445 1722 3516 suis
1773 3446 1839 3515 in
1877 3467 2174 3517 ascensu
2225 3446 2505 3517 montis,
2539 3450 2741 3514 Facta

180 3547 276 3603 est
325 3531 522 3601 enim
565 3532 775 3604 facies
822 3534 998 3624 ejuS,
1034 3535 1214 3604 sicut
1263 3532 1398 3615 Sol,
1442 3546 1508 3604 et
1541 3533 1944 3605 vestimenta
1975 3534 2125 3621 ejus
2160 3535 2340 3617 alba,
2380 3534 2561 3605 sicut
2598 3534 2735 3603 nix.

184 3624 366 3692 Duos
418 3620 608 3692 Soles
645 3622 710 3690 in
765 3635 995 3692 monte
1042 3622 1365 3693 videbant
1398 3622 1583 3692 oculi
1618 3622 2153 3713 discipulorum.
2197 3647 2417 3705 unum
2470 3646 2551 3693 ex
2581 3644 2772 3711 con-,

183 3709 604 3790 suetudine,
656 3724 720 3780 et
767 3710 1060 3781 alterum
1141 3724 1407 3801 praeter
1470 3712 2075 3782 consuetudinem.
2141 3717 2416 3797 Unum,
2470 3712 2591 3800 qui
2640 3712 2741 3781 eis

184 3794 484 3880 lucebat,
528 3813 594 3868 et
634 3798 974 3870 mundum
1027 3813 1239 3870 totum
1294 3801 1738 3870 illuminabat
1770 3802 1841 3869 in
1892 3800 2370 3871 firmamento:
2408 3814 2473 3871 et
2514 3822 2738 3870 unum

188 3888 297 3969 qui
335 3888 444 3959 eis
499 3886 937 3958 illuminabat
984 3888 1226 3959 faciem
1258 3943 1278 3970 ,
1332 3895 1571 3959 desum
1606 3942 1621 3969 ‚
1676 3889 1989 3976 inquam.
2053 3891 2195 3959 Hoc
2243 3903 2472 3959 autem
2519 3888 2732 3968 dixit,

195 3976 376 4065 Facta
414 3988 582 4048 sunt
631 3977 1031 4047 vestimenta
1085 3977 1238 4063 ejus
1276 3977 1457 4047 alba.
1514 3976 1776 4046 Etenim
1837 3976 2158 4059 ostendit,
2211 3977 2395 4065 quod
2456 3998 2536 4046 ex
2595 3987 2734 4047 toto

197 4063 331 4133 e'us
373 4086 670 4155 corpore
715 4067 867 4156 ejus
915 4060 1138 4156 gloria
1175 4066 1512 4146 scaturiit,
1568 4080 1632 4135 et
1671 4088 1748 4136 ex
1798 4078 1930 4136 tota
1988 4066 2141 4152 ejus
2180 4088 2387 4135 carne
2435 4065 2740 4155 resplen-

244 4153 332 4222 uit
369 4155 530 4242 ejus
570 4152 800 4235 facies,
855 4167 920 4224 et
966 4176 1047 4224 ex
1099 4155 1253 4224 totis
1306 4155 1462 4255 ejus
1512 4154 1843 4226 membris
1899 4152 2476 4245 resplenduerunt
2532 4153 2734 4238 radii.

194 4241 324 4310 Non
354 4243 549 4314 enim
591 4243 772 4313 sicut
806 4243 998 4326 Mosi,
1049 4243 1200 4333 ejus
1233 4241 1442 4313 facies
1493 4242 1923 4335 resplenduit
1969 4243 2438 4314 extrinsecus:
2482 4242 2606 4313 sed
2659 4265 2741 4313 ex

244 4405 271 4462 ⁰.
294 4406 536 4448 Praeclare
555 4405 822 4446 ostenditur
840 4406 1248 4456 Transfigurstum
1267 4416 1370 4448 esse
1390 4405 1554 4448 lesum
1583 4415 1745 4449 coram
1772 4404 2032 4457 discipulis,
2060 4407 2115 4447 ut
2144 4408 2250 4457 ejus
2288 4407 2554 4459 patesceret
2582 4405 2742 4449 Deitas

185 4458 353 4507 qubus
376 4460 636 4507 manifesta
663 4464 766 4501 orat
783 4457 936 4510 ipsius
952 4461 1238 4503 humanitas.
