3308 5004
277 334 461 402 Ans,
518 335 603 401 ⁴0
738 286 745 293 ι
1056 352 1135 401 nt
1181 351 1238 402 s.
1290 351 1641 402 uuum-10
1689 352 1912 403 urm
1956 353 2025 403 tt.
2593 338 2724 408 248

278 437 618 510 Ecclesiae
660 435 1069 513 facultates?
1111 442 1189 514 At
1234 436 1351 510 ille
1397 458 1685 512 manum
1719 438 2092 516 extendens
2130 439 2201 516 in
2246 461 2623 533 pauperes:
2671 444 2814 512 Hae

277 539 460 608 sunt,
490 524 741 615 inquit,
781 526 1121 599 Ecclesiae
1147 525 1528 600 facultates
1564 530 1814 599 Verum
1855 526 2050 609 dixit,
2096 527 2216 604 sed
2249 550 2593 603 amarum.
2628 529 2809 615 Quid

272 628 503 687 autem
554 615 839 697 mirum,
890 614 951 687 si
998 616 1248 686 veritas
1293 615 1485 686 auxit
1516 614 1811 686 odium?
1846 616 2137 688 Irrisum
2178 639 2252 689 se
2288 617 2532 690 dolens
2565 619 2817 689 crude·

270 704 361 775 lis
408 716 770 794 tyrannus,
822 717 889 775 et
934 726 1183 775 avarus
1229 704 1582 785 inimicus,
1681 704 1759 777 ui
1791 703 1963 775 forte
1995 704 2334 776 mitiorem
2370 728 2659 797 poenam
2696 729 2815 778 co-

272 792 626 886 gitaverat,
676 791 855 863 ferro
902 791 1285 864 interficere
1333 792 1654 864 venerabi
1687 814 1795 862 em
1826 793 2180 885 juvenem,
2228 795 2461 886 parari
2493 796 2814 866 flammas

271 882 644 1040 praecargit.
696 881 859 960 Plus
903 880 1217 984 ardebat,
1262 902 1472 971 quam
1520 882 1800 960 urebat:
1854 881 2098 983 urebat
2142 882 2214 964 in
2257 882 2815 986 carucatarum

274 993 345 1041 ln
392 992 474 1042 co
561 991 623 1042 e.
678 969 1112 1062 Supplicium
1160 992 1309 1058 ejus
1357 983 1544 1042 tanto
1602 981 1748 1041 erat
1807 992 2113 1062 graviuS,
2183 983 2442 1059 quanto
2490 984 2808 1043 interius,

274 1064 464 1130 Tunc
498 1058 728 1131 oblata
772 1071 876 1130 est
921 1058 1270 1142 torrenda,
1318 1072 1409 1141 et.
1449 1071 1532 1135 ut
1571 1059 2098 1141 verius'dicam,
2144 1060 2443 1132 assanda
2482 1061 2816 1151 martyrio

275 1149 532 1219 nobilis
577 1147 699 1218 illa
745 1148 1094 1220 Laurentii
1140 1149 1514 1220 craticula:
1558 1148 1931 1219 adstrictus
1968 1160 2072 1219 est
2106 1147 2309 1229 ferro,
2354 1147 2474 1220 sed
2517 1148 2631 1219 ille
2662 1172 2816 1220 cra-

275 1236 557 1307 ticulam
609 1236 961 1328 supplicii,
1016 1236 1269 1308 lectum
1317 1237 1571 1326 quietis
1618 1236 1945 1328 putabat:
1998 1236 2422 1328 supplicium
2471 1236 2652 1319 dixi,
2706 1259 2814 1308 se-

277 1325 591 1396 cundum
619 1326 930 1396 animum
963 1325 1337 1417 punientis,
1372 1347 1507 1396 non
1538 1324 1922 1397 secundum
1945 1326 2435 1397 conscientiam
2457 1327 2811 1422 patientis.

271 1413 555 1485 Nullum
597 1428 699 1484 est
726 1414 914 1485 enim
949 1415 1373 1507 supplicium
1416 1414 1751 1496 damnati,
1786 1415 1910 1484 ubi
1949 1435 2084 1484 non
2125 1424 2227 1485 est
2260 1435 2478 1506 poena
2512 1415 2803 1504 peccati.

297 1552 303 1560 -
363 1504 400 1591 ξ
448 1507 533 1577 4.
577 1507 817 1591 Itaque
852 1503 1299 1575 beatissimus
1331 1516 1597 1593 martyr
1626 1500 2019 1585 ostendens,
2052 1523 2262 1592 quam
2296 1503 2527 1591 quicto
2551 1503 2813 1594 jaceret

275 1590 352 1661 in
402 1590 524 1662 illo
569 1592 788 1684 ignito
833 1591 1038 1675 ferro,
1088 1593 1188 1663 ait
1222 1591 1874 1664 circumstantibus:
1929 1614 1967 1661 ι
2004 1597 2160 1664 Jam
2189 1613 2300 1664 me
2331 1604 2616 1675 versata,
2658 1595 2815 1665 etsi

276 1702 422 1751 una
470 1701 632 1771 pars
678 1694 871 1752 cocta
916 1694 1042 1765 est,
1096 1692 1346 1752 vorate.
1387 1704 1425 1748 »
1474 1681 1807 1751 Miramur
1861 1680 2311 1771 patientiam:
2373 1679 2635 1760 donum
2695 1684 2814 1753 Dei

278 1769 638 1840 miremur.
692 1769 795 1840 Ibi
843 1769 1017 1840 fides
1064 1791 1200 1840 non
1249 1769 1476 1842 solum
1517 1790 1659 1839 non
1697 1768 1886 1852 arsit,
1934 1768 2057 1848 sed
2084 1782 2148 1842 et
2187 1768 2673 1841 consolabatur
2703 1793 2815 1841 ar-

276 1857 577 1927 dentem.
631 1861 854 1941 Quare
899 1857 1073 1929 fides
1119 1857 1609 1929 consolabatur
1654 1856 2004 1928 ardentem
2032 1859 2065 1926 ‘i
2110 1858 2283 1942 Quia
2315 1858 2589 1943 fidelem
2629 1875 2815 1930 tene-

274 1945 393 2017 bat
491 1947 975 2019 romittentem.
1013 1952 1097 2018 Ut
1126 1947 1300 2017 fides
1334 1968 1468 2017 non
1504 1945 1846 2028 deficeret,
1888 1958 1968 2016 ut
1999 1968 2158 2038 spes
2190 1968 2326 2017 non
2369 1960 2808 2030 averteretur,

271 2046 368 2194 1132
377 2056 470 2192 ‘cd
490 2033 699 2105 aritas
745 2036 926 2107 inter
971 2057 1228 2128 poenas
1292 2036 1535 2128 igneas
1598 2033 1990 2127 corporales
2056 2035 2214 2127 plus
2268 2034 2806 2119 accenderetur,

374 2145 393 2192 ι
476 2144 606 2194 ona
646 2137 864 2195 erant.

362 2213 401 2300 9
445 2218 532 2285 ὅ.
586 2216 854 2284 Fratres
900 2214 1062 2294 mei,
1113 2234 1318 2284 nemo
1363 2223 1637 2303 arroget
1682 2211 2024 2303 potentias
2070 2233 2259 2292 suae,
2295 2211 2482 2306 quod
2517 2233 2656 2282 non
2697 2211 2815 2283 dat

275 2300 411 2370 nisi
441 2305 639 2372 Deus.
677 2302 914 2373 Merito
942 2302 1302 2394 Apostolus
1334 2301 1697 2390 alloquens
1727 2312 2085 2390 martyreS,
2122 2313 2202 2370 ut
2232 2301 2302 2370 in
2336 2300 2629 2391 epistola
2658 2301 2814 2392 ejus

276 2388 501 2476 hodie,
553 2411 713 2460 cum
766 2391 1125 2484 legeretur,
1178 2391 1508 2462 audistis:
1560 2389 1786 2471 Vobis,
1840 2389 2089 2477 inquit,
2145 2387 2474 2460 donatum
2529 2401 2632 2460 est
2689 2411 2814 2481 pro

277 2476 562 2561 Christ0,
615 2498 751 2551 non
803 2479 1029 2552 solum
1078 2492 1156 2552 ut
1198 2479 1497 2552 credatis
1551 2477 1620 2551 in
1680 2499 1865 2558 eum,
1922 2476 2038 2549 sed
2098 2478 2300 2551 etiam
2334 2491 2412 2549 ut
2449 2478 2815 2569 patiamini

273 2587 400 2658 pro
427 2588 533 2638 eo.
567 2572 743 2661 Ergo
769 2581 1152 2660 martyrum
1183 2570 1423 2640 merita
1451 2565 1635 2639 velut
1667 2567 1783 2638 Dei
1816 2566 1997 2637 dona
2031 2566 2423 2649 laudemus,
2458 2588 2803 2649 amemus,

272 2655 793 2730 subinferamus
837 2657 1255 2731 voluntatem
1308 2668 1642 2737 nostram,
1696 2654 2015 2757 voluntas
2059 2657 2243 2726 enim
2287 2656 2626 2744 sequitur,
2672 2677 2812 2726 non

272 2746 648 2845 praevenit.
702 2743 829 2816 Sed
879 2759 1109 2817 tamen
1160 2767 1295 2817 non
1344 2745 1535 2817 deest
1579 2744 1907 2825 charitas,
1956 2766 2015 2819 St
2047 2766 2182 2816 non
2227 2743 2419 2816 deest
2447 2743 2808 2821 voluntas:

262 2853 424 2924 ipsa
469 2832 655 2907 enim
706 2833 958 2905 ardens
1004 2834 1324 2906 voluntas
1370 2845 1652 2905 vocatur
1683 2833 2007 2903 charitas.
2056 2834 2226 2917 Quis
2256 2844 2381 2911 est,
2419 2833 2545 2921 qui
2579 2833 2815 2904 timeat

268 2921 564 2993 volens?
606 2923 766 3010 quis
808 2935 934 3006 ast,
974 2924 1098 3012 qui
1137 2937 1319 2994 amet
1350 2922 1639 2994 nolens?
1670 2921 1923 2992 ferveat
1952 2922 2194 3003 oratio,
2236 2934 2305 2992 et
2340 2921 2589 2992 festum
2632 2943 2816 2993 mar·-

262 3011 436 3100 tyris
463 3010 883 3082 celebretur:
919 3011 1039 3083 sed
1072 3025 1151 3083 ut
1187 3033 1325 3083 non
1361 3013 1451 3083 sit
1480 3010 1715 3083 inanis
1745 3011 1867 3103 qui
1905 3010 2228 3092 celebrat,
2270 3010 2649 3085 imitemur.
