3308 5004
692 338 820 404 424
2821 335 3008 403 Aue.
3073 338 3105 401 4
3121 338 3172 402 9

1117 529 1252 609 DE
1302 526 1667 608 EODEM
1721 526 2064 607 ΒΕΑΤΟ
2117 525 2644 610 LUDOVICO

1262 763 1563 820 Quum!
1609 764 1689 811 EX
1737 761 2009 811 Bonnam
2057 763 2162 811 HS.
2214 759 2438 812 comcs

982 873 1099 920 PER
1144 872 1548 920 nummo!
1596 871 1835 919 suam!
1880 868 2134 919 nuum
2183 868 2377 919 s‘t'YLo
2424 868 2763 919 nssscmrn

692 1065 1226 1155 §1.Ludovicus
1243 1065 1487 1135 Christi
1518 1064 1888 1146 confessor,
1918 1064 2302 1135 clarissimo
2335 1077 2691 1134 stemmate
2732 1077 3152 1155 prognatuS,

601 1170 864 1246 patrem
917 1154 1159 1226 habuit
1207 1152 1519 1224 Carolum
1571 1153 1842 1224 Siciliae
1882 1159 2156 1245 Regem,
2191 1166 2258 1222 et
2292 1167 2575 1223 matrem
2614 1155 2895 1224 Mariam
2933 1159 2991 1223 R
3094 1155 3157 1225 's

601 1249 1086 1335 Hungarorum
1138 1242 1376 1313 filiam.
1416 1248 1581 1312 Cum
1632 1243 1864 1312 adhuc
1897 1243 2234 1343 parvulus
2276 1255 2474 1323 esset,
2532 1254 2713 1311 tanta
2767 1243 2879 1310 Dei
2915 1242 2981 1310 in
3021 1244 3047 1311 i
3083 1243 3156 1313 lo

604 1333 887 1402 emicuit
939 1332 1199 1424 gratia,
1263 1344 1340 1402 ut
1396 1331 1807 1421 posthabitis
1853 1354 2002 1419 ejus
2049 1331 2288 1402 aetatis
2338 1331 2658 1418 ineptiis,
2712 1331 2945 1401 divino
2995 1353 3159 1402 sese

604 1421 823 1491 cultui
881 1421 1324 1511 manciparet.
1378 1420 1504 1491 Ubi
1551 1420 2226 1508 decimumquartum
2279 1420 2517 1489 aetatis
2576 1441 2836 1488 annum
2886 1419 3148 1510 attigit,

604 1523 684 1579 ut
733 1521 1079 1598 tamquam
1138 1509 1312 1600 lapis
1365 1509 1621 1580 electus
1660 1509 2137 1598 quadraretur,
2210 1510 2423 1610 patris
2480 1508 2862 1578 redimendi
2929 1511 3156 1580 causa

602 1599 853 1668 ductus
898 1611 1000 1668 est
1045 1599 1243 1669 obses
1298 1598 1368 1667 in
1412 1598 1828 1668 Cataloniam
1888 1621 2046 1669 cum
2107 1597 2264 1668 aliis
2311 1597 2775 1685 quibusdam:
2837 1619 3155 1685 cumque

602 1708 841 1757 omnes
877 1686 1156 1756 militari
1183 1686 1497 1758 custodia
1530 1699 1944 1767 tenerentur,
1977 1688 2124 1778 ipse
2152 1708 2389 1757 eorum
2419 1687 2690 1756 animos
2717 1685 3154 1756 salutaribus

598 1776 1198 1846 adhortationibus
1245 1777 1549 1866 erigebat
1579 1789 1646 1846 et
1676 1775 2184 1846 consolabatur.
2237 1775 2478 1846 Oblata
2526 1796 2682 1845 vero
2712 1774 2780 1843 in
2815 1796 2896 1844 eo
2933 1775 3151 1845 exilio

602 1887 852 1955 magna
900 1866 1452 1955 opportunitate,
1507 1877 1641 1935 toto
1715 1865 2071 1955 septennio
2118 1887 2191 1933 se
2241 1864 2307 1932 in
2385 1869 2697 1933 Fratrum
2769 1864 3150 1945 minorum,

597 1975 775 2039 quos
821 1974 1094 2044 semper
1136 1953 1319 2043 apud
1371 1976 1444 2024 se
1497 1954 1781 2024 comites
1829 1954 2144 2035 habebat,
2200 1952 2479 2023 tradidit
2524 1951 3013 2040 disciplinam,
3071 1965 3153 2022 ut

601 2042 687 2110 ab
738 2040 838 2111 eis
888 2041 1103 2112 literis
1168 2043 1676 2112 institueretur:
1743 2044 1810 2110 in
1871 2042 2128 2131 quibus
2175 2064 2341 2112 sane
2387 2042 2568 2112 intra
2642 2039 2816 2109 illud
2867 2054 3151 2130 tempus

605 2141 831 2199 tantas
877 2129 1036 2200 fecit
1088 2132 1622 2222 progressiones,
1678 2144 1751 2200 ut
1786 2145 1851 2201 et
1901 2145 2259 2223 promptus
2290 2142 2466 2200 esset
2511 2129 2596 2198 ad
2642 2129 3143 2217 eloquendum,

604 2230 669 2287 et
717 2219 889 2289 bene
928 2219 1218 2290 idoneus
1272 2220 1357 2289 ad
1407 2220 1985 2302 concionandum,
2022 2233 2087 2289 et
2133 2218 2566 2290 admirabilis
2613 2218 2681 2286 in
2734 2217 3150 2309 disputatio-

606 2307 814 2378 nibus
859 2313 945 2376 de
1011 2310 1218 2379 rebus
1284 2308 1708 2400 Theologicis
1766 2310 1948 2380 susci
2008 2309 2252 2377 iendis.
2320 2313 2444 2377 Pro
2491 2306 2639 2376 sola
2697 2329 2854 2376 vero
2920 2307 3147 2377 animi

604 2396 851 2487 pietate
888 2410 954 2466 et
998 2397 1378 2479 devotione,
1432 2420 1567 2468 non
1625 2419 1704 2468 ex
1752 2398 1894 2468 ullo
1990 2397 2169 2467 ebito
2204 2396 2302 2466 vel
2353 2396 2794 2486 obligatione,
2835 2396 3152 2482 quotidie

604 2485 1157 2558 Ecclesiasticum
1231 2487 1656 2578 persolvebat
1718 2487 2037 2559 Officium
2084 2509 2164 2556 eo
2219 2486 2358 2557 ritu
2418 2508 2553 2574 quo
2607 2483 2828 2555 solent
2875 2488 3152 2557 Fratres

607 2575 922 2645 Minores.
980 2578 1267 2667 Legebat
1314 2578 1516 2646 etiam
1549 2578 1847 2648 extensis
1881 2576 2185 2647 brachiis
2223 2576 2527 2646 officium
2559 2574 2956 2644 Dominicae
2982 2580 3152 2645 Pas-

606 2664 844 2745 sioniS,
898 2676 975 2733 ut
1005 2666 1335 2736 crucifixo
1383 2665 1712 2735 Salvatori
1763 2679 1986 2757 posset
2025 2665 2262 2735 saltem
2324 2664 2558 2750 aliqua
2611 2684 2692 2732 ex
2742 2674 2932 2754 parte
2978 2686 3150 2734 con-

603 2752 909 2822 formari.
966 2757 1039 2822 In
1094 2754 1369 2843 vigiliis,
1413 2755 1744 2844 jeJuniis,
1797 2754 2223 2845 pauperibus
2274 2751 2680 2823 exhibendis
2739 2751 3151 2822 ministeriis

602 2842 920 2911 sedulum
957 2863 1030 2910 se
1079 2843 1486 2932 praebebat:
1531 2843 1771 2913 crebro
1811 2842 2230 2933 percipiebat
2262 2854 2768 2913 sacrosanctam
2811 2841 3150 2912 Euchari-

603 2931 828 3007 stiam,
884 2931 1162 3019 saepius
1210 2930 1396 3023 apud
1446 2955 1517 3001 se
1566 2932 1905 3002 statuebat
1953 2930 2186 3002 seculo
2227 2930 2623 3001 valefacere.

690 3020 725 3104 ἓ
777 3024 862 3088 2.
917 3019 1214 3087 Tandem
1270 3042 1435 3110 pace
1464 3020 1641 3090 inter
1689 3034 1948 3109 patrem
1985 3020 2138 3107 ejus
2170 3032 2234 3088 et
2273 3019 2648 3110 Aragoniae
2695 3022 2948 3108 Regem
2977 3042 3147 3090 con-

600 3103 795 3186 fecta,
849 3128 927 3175 eo
966 3121 1286 3197 tempore,
1340 3132 1476 3197 quo
1508 3108 2035 3179 celebrabantur
2072 3108 2353 3199 nuptiae
2418 3109 2673 3179 sororis
2719 3109 2915 3199 ejus,
2967 3128 3148 3195 quae.

603 3194 797 3284 pacis
843 3200 1055 3264 causa
1103 3218 1138 3265 a
1231 3198 1504 3279 bantur,
1551 3198 2027 3289 praesentibus
2065 3198 2337 3268 duobus
2373 3198 2699 3287 RegibuS‚
2751 3210 2817 3265 et
2861 3198 3146 3268 totidem

604 3281 1026 3372 Apostolicae
1074 3306 1145 3353 se
1201 3286 1256 3356 is
1296 3287 1583 3375 LegatiS,
1638 3287 1865 3378 palam
1915 3301 2193 3378 accepta
2243 3291 2525 3357 tonsura
2574 3285 3021 3368 clericorum,
3074 3288 3144 3355 in

604 3392 855 3461 magna
885 3372 1342 3461 praelatorum
1371 3375 1752 3461 frequentia
1785 3376 2057 3465 publice
2095 3376 2435 3466 insignem
2466 3374 2708 3445 habuit
2736 3376 3146 3446 concionem

603 3458 714 3527 die
763 3459 1053 3529 solemni
1100 3463 1410 3531 omnium
1451 3468 1878 3535 Sanctorum.
1936 3466 2102 3534 Inde
2132 3469 2415 3535 Romam
2458 3486 2616 3533 cum
2671 3475 2859 3554 patre
2906 3477 2974 3535 et
3013 3466 3147 3535 fra-

605 3548 826 3617 tribus
862 3548 1226 3637 profectus,
1263 3564 1329 3620 et
1367 3574 1405 3620 a
1440 3553 1763 3622 Pontifice
1797 3554 2141 3623 Bonifacio
2175 3553 2552 3623 honorifice
2580 3565 2926 3641 exceptu5‚
2982 3555 3146 3626 sub·-

599 3638 935 3737 diaconus
983 3638 1342 3709 ordinatus
1388 3652 1512 3709 est.
1563 3646 1639 3710 At
1698 3665 1851 3712 vero
1897 3643 2130 3712 curiae
2178 3643 2538 3732 strepitum
2605 3640 2922 3729 fugiem,
2979 3649 3146 3713 Nea-

602 3725 811 3815 polim
864 3750 935 3795 se
981 3727 1295 3811 contulit,
1350 3742 1552 3817 atque
1599 3729 1743 3800 illic
1793 3732 2134 3801 Diaconus
2181 3745 2246 3801 et
2292 3730 2653 3819 Presbyter
2698 3729 2983 3800 effectus
3020 3743 3139 3801 est.

592 3819 801 3885 Porro
846 3817 1147 3902 quodam
1201 3818 1268 3887 in
1322 3817 1469 3889 loco
1504 3822 1814 3890 Fratrum
1858 3821 2197 3890 Minorum
2243 3842 2313 3889 se
2352 3818 2757 3890 habitationi
2794 3819 3136 3907 adjunxit,

593 3920 668 4006 ut
717 3904 1025 3976 studiose
1076 3920 1302 4009 posset
1334 3931 1566 3977 sacrae
1608 3908 1885 3980 lectioni
1945 3910 2110 3979 dare
2156 3930 2463 4000 operam,
2514 3920 2581 3977 et
2638 3906 3026 3981 studiosius
3073 3908 3137 3977 in

598 4014 749 4083 pias
789 4016 1024 4083 preces
1074 3998 1496 4067 lncumbere.

682 4085 726 4169 ξ
765 4087 857 4154 8.
914 4089 1179 4155 Interea
1227 4085 1384 4156 sede
1431 4086 1765 4157 Tolosana
1796 4101 2100 4169 vacante,
2156 4087 2462 4176 prudens
2514 4087 2817 4178 pontifex
2871 4086 3141 4158 Bonisa-

598 4193 751 4271 cius
798 4172 1108 4243 animum
1140 4174 1387 4265 adjecit
1416 4176 1499 4244 ad
1539 4176 2078 4266 praeficiendum
2123 4176 2224 4247 illi
2262 4176 2708 4259 Ludovicum,
2746 4178 2972 4246 virum
3005 4175 3139 4245 exi-

601 4281 848 4339 mium,
920 4264 1183 4332 tametsi
1238 4263 1352 4333 ille
1399 4264 1648 4334 absens
1702 4287 1983 4354 prorsus
2045 4264 2115 4334 id
2167 4267 2551 4354 ignoraret.
2599 4288 2722 4336 nec
2816 4265 3137 4351 uicquam

600 4348 942 4435 ejusmodi
999 4364 1369 4440 appeteret.
1431 4354 1558 4423 Ubi
1623 4368 1851 4423 autem
1902 4354 2281 4443 comperit,
2350 4353 2520 4440 quid
2588 4354 2781 4424 Ponti
2811 4376 2891 4423 ex
2931 4375 3012 4423 ea
3055 4350 3135 4420 de

606 4456 677 4504 re
726 4437 1143 4521 mandasset,
1200 4462 1483 4529 prorsus
1551 4442 1874 4515 assentiri
1925 4442 2168 4523 noluit,
2221 4441 2356 4512 nisi
2406 4441 2602 4531 prius
2652 4464 2732 4512 ea
2788 4442 3138 4514 occasione
