3308 5004
191 311 381 378 AUG.
439 312 524 378 30
1076 332 1155 378 nn
1202 331 1258 379 s.
1313 328 1475 381 nosA
1524 332 1694 380 vmo.
1749 333 1878 380 Lm.
2286 296 2295 304 ⁴
2537 318 2652 385 751

193 414 583 485 amicorum
633 436 922 485 suorum
961 416 1306 507 praesidio
1334 417 1681 487 custodire
1716 438 1852 487 non
1896 417 2172 500 desinit,
2197 420 2319 507 qui
2351 422 2752 493 meritorum

196 516 264 574 et
312 503 803 661 suffragiorum
841 526 1126 574 suorum
1188 507 1589 595 patrociniis
1644 528 1768 576 nos
1841 508 2161 577 muniant
2220 521 2286 578 et
2356 509 2749 580 defendant.

196 596 418 680 thue
482 598 525 663 C
585 593 730 663 risti
776 594 1049 663 Domini
1097 593 1336 665 fideles
1395 595 1610 665 intelli
1668 608 1786 665 ant
1832 617 2038 683 quam
2092 596 2179 665 sit
2227 598 2557 669 eximium
2627 599 2755 670 hoc

194 681 472 772 pietatis
519 681 940 772 exemplum,
980 682 1161 770 quod
1214 683 1281 751 in
1322 706 1496 754 novo
1543 618 1707 755 orge
1746 685 1815 753 in
1862 686 2340 774 praesentibus
2396 686 2754 759 calamita-

194 770 385 840 tibus
415 783 482 839 et
514 769 842 861 periculis
869 771 990 840 toti
1041 771 1266 842 illuxit
1292 772 1658 854 Ecclesiae,
1702 773 2079 843 illustriora
2112 774 2265 862 ejus
2304 774 2748 858 charismata,

189 859 479 929 virtutes
527 872 593 929 et
639 869 830 950 gesta
876 881 956 929 ex
1007 860 1247 930 multis
1289 862 1755 953 magnalibus,
1809 884 1985 950 quae
2031 862 2324 934 contulit
2369 864 2470 934 illi
2521 866 2753 935 Domi-

190 969 350 1029 nuS,
405 947 515 1019 his
549 947 803 1018 nostris
851 946 1096 1019 litteris
1165 950 1614 1041 proponenda
1662 951 2014 1032 duximuS,
2071 956 2145 1023 ut
2191 954 2343 1044 ejus
2391 954 2746 1034 sanctitaS‚

189 1035 606 1127 apostolicae
645 1036 868 1124 xhujus
917 1038 1285 1110 cathedrae
1333 1041 1725 1111 testimonio
1771 1041 2240 1132 comprobata,
2304 1042 2377 1111 in
2428 1043 2751 1113 universo

187 1125 456 1197 mundo
508 1139 838 1216 perpetuo
892 1128 1116 1218 magis
1166 1127 1545 1199 illucescat.
1900 1162 1901 1169 ¹

280 1219 469 1284 Vin.
525 1217 561 1302 §
611 1220 684 1285 1.
740 1215 995 1298 Limae,
1049 1238 1225 1304 quae
1258 1231 1359 1288 est
1391 1217 1869 1288 meridionalis
1901 1216 2250 1289 Americae
2286 1219 2351 1288 in
2390 1240 2602 1309 regno
2637 1225 2753 1290 Pe·

190 1303 496 1374 ruviano
530 1303 955 1394 metropolis,
1009 1327 1194 1376 anno
1231 1329 1269 1375 a
1303 1309 1617 1397 reparata
1657 1305 1879 1376 salute
1912 1330 2248 1383 untxxxvl.
2289 1331 2381 1379 111
2411 1307 2749 1380 kalendas

186 1392 394 1482 maji,
452 1392 858 1484 parentibus
907 1392 1213 1465 honestis
1255 1398 1555 1485 Gaspare
1588 1396 1673 1464 de
1706 1395 2020 1466 Floribus
2050 1410 2115 1466 et
2156 1398 2360 1466 Maria
2394 1398 2481 1467 ab
2529 1396 2742 1479 Oliva,

190 1494 346 1551 orta
379 1495 480 1552 est
513 1482 680 1551 haec
726 1483 1019 1571 mystica
1077 1488 1253 1553 Rosa
1309 1484 1376 1553 in
1426 1484 1574 1555 vico
1614 1489 1680 1554 S.
1734 1483 2068 1554 Dominici
2093 1486 2286 1576 juxta
2330 1491 2397 1556 S.
2450 1486 2748 1574 Spiritus

189 1570 464 1653 aedem,
503 1582 568 1640 et
606 1572 674 1638 in
708 1569 862 1661 ipsa
913 1569 1207 1641 solemni
1255 1578 1682 1643 Pentecostes
1719 1572 1853 1652 die,
1894 1595 2101 1661 quam
2140 1596 2450 1644 rosarum
2488 1576 2743 1645 Pascha

188 1657 541 1740 dicimus,
600 1680 797 1729 sacro
846 1659 1281 1750 baptismatis
1329 1661 1512 1732 fonte
1572 1662 1937 1752 purificata
1970 1717 1986 1744 ,
2042 1675 2115 1732 ut
2167 1684 2338 1751 pene
2384 1663 2746 1734 videantur

165 1749 427 1819 ‘omnia
459 1748 674 1820 fuisse
723 1746 1011 1818 infantis
1058 1750 1270 1841 hujus
1309 1748 1544 1821 futura
1573 1751 1956 1821 sanctitatis
1993 1751 2275 1821 indicia.
2310 1751 2739 1821 Primaevum

183 1836 292 1906 illi
321 1858 569 1907 nomen
607 1837 693 1907 ab
720 1837 874 1906 avia
904 1836 1249 1910 Elisabeth
1283 1838 1650 1931 fuit‚fquod
1692 1844 1922 1930 postea
1949 1839 2307 1921 divinituS,
2350 1862 2482 1911 non
2517 1839 2738 1911 solum

187 1948 229 1996 a
282 1939 499 1995 matre
541 1948 664 2018 pro
722 1939 821 1996 ter
866 1926 1154 1997 coeleste
1203 1927 1599 2053 prodigium
1644 1950 1838 1998 rosae
1870 1928 1939 1997 in
1993 1928 2167 1999 facie
2199 1930 2351 2019 ejus
2390 1929 2576 1999 illico
2617 1951 2739 2019 ap-

181 2016 520 2107 parentiS,
580 2037 651 2085 se
744 2015 949 2085 etiam
994 2038 1033 2086 a
1074 2017 1356 2087 Turibio
1479 2016 1996 2107 archipraesule
2044 2017 2275 2088 Limae
2331 2017 2744 2108 dignissimo

184 2103 362 2193 (non
412 2104 676 2192 absque
722 2103 1051 2187 coelesti,
1115 2119 1192 2175 ut
1240 2106 1580 2187 creditur,
1641 2105 1931 2195 afflatu)
1978 2106 2045 2174 in
2106 2107 2285 2176 sacri
2346 2107 2742 2176 chrismatis

183 2192 514 2262 unctione
579 2194 648 2262 in
717 2198 933 2262 Rosae
997 2215 1247 2264 nornen
1299 2208 1850 2275 commutatum,
1913 2206 1978 2264 et
2025 2216 2062 2263 a
2129 2196 2417 2286 Deipara
2465 2195 2741 2285 Virgine

182 2302 220 2350 a
280 2282 557 2350 nomine
605 2305 646 2351 a
695 2284 943 2351 Sancta
993 2283 1205 2352 Maria
1254 2299 1534 2353 auctum
1597 2283 1750 2364 fuit,
1803 2297 1881 2351 ut
1920 2281 2050 2351 hoc
2091 2282 2296 2352 etiam
2350 2283 2740 2358 testimonio

182 2302 660 2472 agundantius
706 2370 1276 2462 comprobaretur
1321 2372 1571 2442 eximia
1614 2377 2024 2441 Sanctorum
2074 2372 2314 2441 merita
2357 2393 2397 2440 a
2437 2376 2570 2441 Deo
2618 2393 2740 2441 no-

176 2479 374 2529 mina
422 2472 676 2531 sortiri.

273 2550 311 2636 ξ
364 2553 452 2620 2.
508 2549 747 2620 Infans
796 2570 1001 2639 saepe
1051 2550 1195 2620 visa
1241 2561 1343 2620 est
1402 2548 1601 2619 humi
1631 2549 1877 2639 jacens
1931 2547 2087 2617 fixis
2140 2546 2379 2618 ocellis
2424 2548 2739 2639 jucunde

182 2636 454 2707 coelum
505 2638 787 2721 intueri,
824 2638 1025 2726 quasi
1049 2638 1194 2740 jam
1233 2638 1600 2730 peregrina
1648 2638 1715 2706 in
1759 2636 1978 2718 terris,
2035 2637 2104 2704 in
2156 2636 2373 2707 civem
2425 2636 2737 2708 coelestis

177 2725 568 2797 Jerusalem
616 2725 965 2813 eloquenti
1013 2727 1287 2797 silentio
1333 2728 1502 2817 (quo
1540 2747 1619 2795 ex
1656 2740 1819 2797 tunc
1913 2724 2171 2795 raedita
2210 2725 2387 2815 erat)
2432 2725 2732 2797 adscribi

175 2813 594 2903 postularet;
638 2816 925 2906 jamque
967 2815 1233 2907 pupula
1290 2815 1685 2905 intelligens
1742 2836 1849 2884 me
1882 2816 2096 2884 iorem
2163 2836 2314 2886 esse
2365 2815 2730 2905 patientem

173 2902 321 2973 viro
355 2902 537 2986 forti,
575 2904 830 2986 suaviS,
885 2903 1115 2996 lepida
1152 2916 1218 2974 et
1251 2925 1487 2973 serena
1532 2926 1807 2994 semper
1853 2902 2202 2994 apparuit,
2245 2926 2368 2974 nec
2416 2925 2726 2992 unquam

177 2991 552 3082 vagitibuS,
587 3005 710 3063 aut
756 3015 916 3064 voce
954 2992 1246 3081 querula
1278 2993 1553 3062 aedium
1592 2992 1832 3062 audita
1869 3006 1971 3061 est
2021 2991 2300 3062 turbare
2347 2991 2728 3076 silentium,

177 3093 491 3152 aversata
526 3081 752 3153 solum
794 3083 864 3152 in
901 3077 1262 3172 publichm
1312 3081 1562 3152 efferri.
1617 3084 1711 3151 Ea
1759 3081 1888 3150 fuit
1918 3081 1989 3150 in
2033 3080 2286 3151 teneris
2333 3082 2537 3151 annis
2568 3105 2734 3153 con·

171 3169 452 3252 stantia,
496 3183 575 3241 ut
605 3171 792 3242 diros
840 3170 1150 3260 chirurgi
1185 3172 1538 3241 cruciatus
1586 3171 1656 3239 in
1712 3169 1981 3261 pollice,
2020 3191 2189 3240 aure
2221 3182 2286 3240 et
2316 3170 2629 3255 naribus,
2669 3186 2734 3243 et

171 3258 422 3349 capitis
463 3260 820 3350 poenalem
889 3259 1354 3330 corrosionem
1382 3315 1398 3342 ‚
1442 3282 1518 3330 ex
1560 3258 1903 3360 impositis
1942 3257 2028 3328 ad
2082 3258 2511 3328 medicamen
2567 3260 2726 3351 pul-

169 3348 455 3418 veribus
487 3362 733 3430 ortam‚
778 3347 929 3418 sine
962 3347 1240 3436 querela
1277 3349 1529 3419 invicto
1562 3369 1800 3419 animo
1840 3347 2233 3430 sustineret,
2286 3358 2364 3418 ut
2408 3349 2565 3437 ejus
2613 3350 2725 3419 in-

172 3435 368 3508 doles
398 3436 545 3525 jam
581 3459 662 3507 ex
704 3449 867 3507 tunc
900 3436 1267 3528 patientiae
1301 3451 1459 3508 nata
1492 3460 1641 3509 esse
1681 3436 2099 3507 crederetur.

257 3527 300 3615 ξ
347 3530 439 3598 8.
494 3525 613 3596 Vix
659 3527 1134 3614 quinquennis
1181 3538 1365 3609 erat,
1433 3549 1633 3608 cum,
1687 3549 1727 3595 a
1778 3526 2075 3616 Spiritus
2124 3525 2358 3595 Sancti
2403 3527 2731 3599 unctione

171 3614 468 3686 interius
514 3614 777 3698 edocta,
833 3615 1245 3706 virginitatis
1293 3629 1522 3686 votum
1574 3615 1828 3695 emisit,
1863 3627 2042 3684 etex
2090 3612 2320 3684 fratris
2366 3614 2731 3686 admonitu

175 3702 500 3775 vanitatis
547 3703 761 3774 seculi
809 3706 1088 3775 conscia
1117 3705 1318 3785 facta,
1362 3706 1659 3796 ipsamet
1693 3703 1826 3773 sibi
1858 3724 2093 3773 comas
2126 3702 2211 3771 ad
2247 3703 2470 3772 vivam
2503 3725 2728 3790 usque

171 3805 402 3864 cutem
438 3793 658 3863 inscia
693 3805 911 3864 matre
948 3794 1340 3883 praescidit,
1381 3815 1465 3863 ne
1544 3793 1666 3863 uid
1709 3791 1985 3862 funium
2021 3804 2429 3881 superesset,
2466 3793 2729 3880 quibus

171 3881 504 3952 adversus
527 3881 837 3953 devotam
870 3883 1237 3973 puritatem
1268 3881 1387 3952 adt
1413 3895 1514 3952 tra
1568 3895 1709 3951 eret
1736 3894 1855 3951 aut
1894 3880 2278 3950 traheretur
2300 3880 2386 3951 ad
2414 3882 2723 3971 nuptias;

173 3970 520 4062 insignem
556 3970 744 4041 illam
781 3970 1136 4041 heroinam
1179 3972 1613 4041 catharinam
1663 3974 2031 4040 Senensem
2083 3968 2454 4051 aemulata,
2511 3991 2723 4057 quam

173 4058 306 4129 sibi
342 4060 410 4128 in
454 4060 477 4129 i
532 4082 606 4130 so
657 4059 944 4129 rationis
979 4059 1292 4130 diluculo
1345 4061 1415 4130 in
1467 4060 1853 4130 sanctitatis
1892 4057 2244 4146 exemplar
2288 4070 2355 4128 et
2396 4060 2749 4149 magiste-.

172 4146 356 4217 rium
391 4082 758 4238 deiegerat.
795 4170 1005 4236 quam
1058 4148 1355 4218 subinde
1390 4149 1792 4240 magistram
1836 4146 2205 4238 appellare
2244 4168 2381 4216 non
2432 4147 2716 4219 destitit.

169 4235 448 4307 Addidit
481 4238 548 4307 in
585 4237 1007 4328 praesidium
1048 4238 1273 4328 primo
1320 4236 1613 4307 alterum
1653 4249 2024 4328 perpetuae
2056 4258 2096 4305 a
2126 4236 2458 4307 carnibus
2504 4237 2720 4307 absti-

171 4325 444 4396 nentiae
472 4338 729 4409 votum,
754 4348 895 4415 quo
918 4327 1194 4399 cautius
1220 4326 1616 4397 obstrictam
1656 4330 1789 4396 Deo
1822 4325 2284 4417 virginitatem
2317 4324 2716 4406 custodiret;

221 4452 249 4480 ‘
279 4447 405 4493 eutii
422 4450 525 4494 Vol.
551 4461 615 4501 tv.
628 4462 677 4504 p.
694 4454 788 4497 632.
