3308 5004
700 357 826 421 490
1408 374 1487 420 nn
1533 369 2035 420 TnAnsrieunAr.
2089 371 2340 420 cnmsrt
2877 355 3057 422 AUG.
3108 356 3145 420 6

610 479 838 527 vocem
890 458 963 525 in
1013 457 1131 527 vili
1181 475 1487 548 corpore,
1543 471 1606 527 et
1657 457 1722 526 in
1775 457 1993 548 gloria
2044 456 2356 525 terribili.
2410 461 2487 527 Et
2521 456 2729 526 Maria
2776 455 3005 547 ipsum
3042 479 3153 527 vo-

607 547 808 617 cabat
855 545 1105 627 filium,
1163 568 1294 615 non
1347 559 1740 636 separatum
1791 567 2076 646 corpore
2133 546 2440 615 humano
2488 569 2524 615 a
2575 546 2795 636 gloria
2844 548 2995 635 ejus
3042 547 3146 616 di-

605 636 935 705 vinitatis.
992 640 1183 705 Unus
1209 647 1329 704 >est
1360 635 1542 704 enim
1583 639 1780 715 Deus,
1818 657 1938 723 qui
1975 635 2042 703 in
2077 655 2362 725 corpore
2395 636 2719 725 apparuit
2753 636 2820 704 in
2856 636 3138 706 mundo,

607 724 836 794 Gloria
879 725 1030 827 ejus
1080 723 1494 813 significavit
1539 724 1845 792 divinam
1902 721 2219 814 gloriam,
2277 745 2454 811 quae
2493 737 2596 793 est
2647 746 2726 793 ex
2786 729 3020 794 Patre:
3073 730 3147 794 Et

607 812 829 904 gloria
877 833 1032 901 eJus
1076 811 1492 901 significavit
1537 812 1917 881 humanam
1971 823 2285 881 naturam
2320 867 2336 893 ,
2396 834 2573 901 quae
2610 825 2711 883 est
2757 835 2838 883 ex
2886 813 3139 883 Maria:

605 902 845 970 ambas
895 915 1198 981 naturaS‚
1252 923 1429 988 quae
1477 911 1968 981 convenerunt,
2021 912 2086 970 et
2132 901 2366 971 unitae
2413 914 2575 971 sunt
2624 902 2691 970 in
2741 925 2885 972 una
2937 903 3024 993 by
3119 943 3148 954 -

604 991 791 1060 stasi.
848 990 1255 1080 Unigenitus
1301 1011 1381 1058 ex
1411 994 1627 1071 Patre,
1667 1003 1731 1059 et
1761 1012 1841 1059 ex
1873 989 2081 1059 Maria
2130 990 2557 1079 unigenitus,
2606 995 2680 1060 Et
2715 991 2839 1079 qui
2874 991 3012 1060 divi
3069 992 3142 1070 it,

603 1079 947 1149 dividetur
993 1101 1033 1148 a
1080 1099 1290 1169 regno
1337 1077 1513 1166 ejus,
1567 1083 1644 1149 Et
1691 1078 1810 1166 qui
1859 1077 2221 1147 confundit
2265 1078 2419 1166 ejus
2470 1092 2776 1160 naturaS‚
2825 1080 3075 1170 peribit
3108 1103 3146 1150 a

603 1169 737 1237 vita
766 1169 945 1256 eJus.
1000 1168 1130 1249 Qui
1184 1181 1383 1256 negat
1414 1167 1697 1236 Mariam
1736 1173 1940 1236 Deum
1983 1167 2350 1257 peperisse,
2392 1189 2526 1236 non
2561 1168 2819 1237 videbit
2851 1168 3141 1259 gloriam

604 1258 754 1343 eius
794 1256 1218 1325 divinitatis:
1271 1270 1338 1325 et
1388 1257 1508 1343 qui
1571 1267 1773 1345 negat
1819 1277 1977 1325 eum
2020 1268 2322 1347 gestasse
2361 1278 2640 1326 carnem
2680 1271 2955 1346 peccato
3006 1280 3142 1328 non

602 1347 1012 1425 obnoxiam,
1065 1344 1377 1435 ejicietur
1429 1367 1469 1414 a
1524 1344 1745 1413 salute
1776 1398 1791 1426 ,
1848 1357 1912 1413 et
1967 1367 2003 1413 a
2056 1345 2189 1414 vita
2237 1367 2414 1432 quae
2473 1345 2632 1414 data
2678 1357 2780 1415 est
2828 1367 2949 1437 per
2994 1348 3144 1438 ejus

602 1457 878 1525 corpus.
935 1438 1131 1523 Ipsae
1180 1455 1287 1503 res
1336 1445 1712 1512 testantur,
1766 1444 1829 1502 et
1878 1432 2151 1502 divinae
2204 1434 2355 1520 ejus
2402 1433 2686 1503 virtutes
2740 1434 2984 1504 docent
3032 1457 3145 1504 eos

601 1523 722 1610 qui
774 1535 1062 1612 possunt
1109 1521 1522 1602 discernere,
1576 1544 1733 1591 eum
1772 1543 1920 1591 esse
1968 1544 2203 1591 verum
2257 1528 2515 1592 Deum:
2568 1539 2634 1592 et
2666 1523 2819 1611 ejus
2863 1545 3144 1615 perpes—

603 1612 832 1681 siones
890 1610 1336 1701 significant,
1398 1633 1556 1680 eum
1607 1633 1757 1680 esse
1807 1632 2042 1680 verum
2108 1611 2488 1680 hominem.
2552 1616 2629 1680 Et
2692 1612 2749 1681 si
2816 1611 2945 1682 hoc
3010 1634 3145 1682 non

605 1721 1011 1789 persuasum
1064 1699 1317 1770 habent
1351 1755 1366 1781 ‚
1419 1700 1539 1787 qui
1587 1714 1751 1769 sunt
1799 1713 2026 1768 mente
2074 1699 2418 1770 imbecilla
2453 1755 2469 1781 ,
2524 1699 2715 1770 luent
2770 1722 3032 1792 poenas
3081 1703 3145 1771 in

603 1788 891 1859 terribili
940 1788 1094 1874 ejus
1127 1789 1260 1858 die.

694 1886 732 1959 ἓ
781 1884 914 1950 1¹.
971 1877 1038 1947 Si
1089 1898 1222 1947 non
1273 1887 1416 1946 erat
1463 1898 1646 1956 οπο,
1703 1899 1832 1945 cur
1869 1877 2078 1946 Maria
2129 1877 2195 1945 in
2257 1877 2562 1947 medium
2614 1889 2716 1947 est
2762 1876 3146 1967 producta?

604 1966 669 2035 si
711 1988 846 2036 non
882 1979 1025 2036 erat
1060 1971 1260 2046 Deu5‚
1306 1966 1576 2034 Gabriel
1615 1966 1981 2035 Dominum
2018 1983 2389 2053 quemnam
2443 1968 2774 2036 vocabat?
2807 1967 2842 2002 ⁴²
2891 1968 2957 2037 Si
3009 1989 3146 2038 non

602 2068 745 2124 erat
793 2076 986 2136 οπο,
1039 2055 1361 2141 quisnam
1414 2053 1858 2125 recumbebat
1907 2057 1973 2122 in
2032 2055 2401 2144 praesepi?
2449 2055 2518 2123 Si
2559 2076 2695 2124 non
2745 2067 2888 2125 erat
2937 2061 3140 2138 DcuS‚

601 2141 838 2232 Angeli
887 2142 1378 2212 descendentes
1424 2164 1798 2230 quemnam
1849 2143 2382 2232 glorificabant?
2431 2143 2499 2212 Si
2565 2165 2699 2213 non
2748 2154 2890 2213 erat
2937 2166 3144 2220 caro,

601 2232 757 2318 quis
807 2230 1280 2302 involvebatur
1327 2232 1613 2301 fasciis?
1661 2231 1730 2300 Si
1781 2253 1913 2300 non
1966 2245 2124 2301 erat·
2158 2237 2356 2313 Deus,
2401 2243 2707 2323 pastores
2740 2253 2943 2318 quem
2981 2234 3149 2304 ado-

602 2321 898 2390 rabant?
946 2321 1179 2390 Sinon
1219 2333 1364 2390 erat
1403 2335 1584 2401 οπο,
1625 2320 1882 2409 Joseph
1932 2342 2136 2407 quem
2190 2320 2681 2390 circumcidit?
2728 2323 2795 2390 Si
2830 2341 2967 2389 non
3002 2335 3151 2392 erat

600 2413 779 2479 Deus
815 2464 830 2491 ‚
892 2408 1085 2479 stella
1134 2411 1204 2478 in
1254 2409 1444 2480 coelo
1492 2411 1560 2479 in
1612 2409 1822 2497 cujus
1880 2410 2208 2479 honorem
2260 2408 2626 2479 cucurrit?
2686 2409 2749 2478 Si
2810 2430 2946 2478 non
2998 2423 3146 2480 erat

599 2522 781 2581 caro,
822 2499 1031 2568 Maria
1077 2520 1448 2587 quemnam
1504 2498 1831 2568 lactavit?
1880 2499 1948 2568 Si
1999 2521 2134 2567 non
2184 2510 2329 2568 erat
2380 2504 2579 2579 DeuS‚
2635 2498 2813 2590 Magi
2846 2497 2960 2568 cui
2995 2523 3150 2571 mu·-

599 2608 764 2657 nera
811 2589 1242 2657 offerebant?
1290 2589 1356 2657 Si
1407 2609 1545 2657 non
1595 2599 1740 2657 erat
1785 2610 1995 2664 caro,
2052 2589 2322 2657 Simeon
2388 2588 2455 2656 in
2514 2588 2706 2657 ulnis
2766 2609 3145 2676 quemnam

598 2678 939 2767 gestavit?
985 2678 1053 2746 Si
1104 2699 1238 2746 non
1287 2687 1434 2746 erat
1483 2681 1702 2756 DeuS,
1759 2676 1869 2745 cui
1923 2676 2132 2757 dixit,
2187 2678 2462 2746 Dimitte
2514 2699 2774 2746 servum
2833 2687 3028 2745 tuum
3079 2679 3150 2746 ὑπ’

586 2768 824 2857 pace?
873 2766 939 2835 Si
989 2787 1124 2834 non
1174 2777 1319 2835 erat
1365 2787 1570 2845 caro,
1625 2766 1878 2853 Josepb
1942 2787 2312 2850 quemnam
2364 2766 2672 2856 accepit,
2725 2776 2789 2835 et
2845 2764 3024 2857 fugit
3077 2768 3148 2835 in

596 2859 973 2944 Aegyptum
992 2857 1024 2921 ⁶?
1051 2855 1119 2923 Si
1148 2875 1284 2924 non
1312 2865 1456 2923 erat
1480 2858 1678 2934 DeuS‚
1715 2852 1913 2931 illud,
1946 2859 2057 2923 Eoe
2085 2857 2385 2944 Aeqypto
2412 2857 2654 2923 vocavi
2673 2855 2897 2944 filium
2919 2877 3150 2924 meum

594 2943 783 3031 (Osee
814 2941 916 3030 11),
954 2942 1022 3009 in
1065 2964 1204 3027 quo
1241 2953 1342 3011 est
1381 2941 1831 3030 adimpletum
1857 2945 1888 3009 ?
1918 2943 1986 3010 Si
2019 2963 2153 3010 non
2189 2955 2334 3011 erat
2371 2964 2556 3025 caro,
2601 2943 2899 3013 loannes
2928 2964 3143 3029 quem

596 3030 1011 3118 baptizavit?
1059 3030 1126 3099 Si
1191 3052 1323 3100 non
1373 3043 1518 3099 erat
1566 3035 1785 3109 Deus,
1855 3035 2049 3098 Pater
2096 3052 2132 3098 e
2179 3030 2369 3100 coelo
2413 3032 2531 3101 cui
2589 3031 2803 3100 dixit:
2875 3034 3003 3101 Hic
3056 3042 3150 3101 est

592 3121 779 3209 filius
824 3142 1011 3188 meus
1058 3120 1360 3198 dilectu&
1421 3121 1493 3188 in
1547 3142 1676 3210 quo
1724 3118 1902 3187 mihi
1945 3121 2326 3209 complacui
2369 3120 2638 3209 (Mateta.
2685 3119 2837 3208 1v)?
2886 3121 2951 3190 Si
3005 3142 3149 3190 non

594 3219 739 3277 erat
777 3229 959 3288 caro,
1012 3208 1171 3294 quis
1209 3208 1549 3296 jejunavit
1580 3219 1646 3276 et
1693 3206 1934 3275 esuriit
1973 3208 2041 3275 in
2075 3208 2400 3277 deserto?
2447 3208 2515 3278 Si
2568 3230 2702 3278 non
2749 3219 2896 3278 erat
2935 3212 3142 3290 Deus,

597 3295 1089 3366 descendentes
1136 3296 1371 3386 Angeli
1419 3295 1531 3365 cui
1602 3295 2143 3365 ministrabant?
2201 3296 2269 3366 Si
2341 3319 2474 3365 non
2532 3310 2678 3369 erat
2724 3320 2929 3378 caro,
2982 3301 3149 3384 quis

595 3384 724 3454 fuit
770 3384 1098 3453 invitatus
1145 3384 1232 3452 ad
1280 3385 1560 3486 nuptias
1601 3384 1668 3454 in
1730 3388 1904 3453 Cana
1950 3383 2337 3454 Galilaeae?
2385 3387 2451 3455 Si
2517 3408 2650 3455 non
2700 3397 2844 3455 erat
2902 3392 3086 3455 Deus
3119 3441 3137 3467 ,

593 3473 752 3561 quis
774 3473 1060 3542 mutavit
1085 3494 1338 3560 aquam
1373 3495 1445 3541 in
1476 3473 1751 3543 vinum?
1778 3473 1845 3542 Si
1876 3495 2009 3542 non
2039 3487 2184 3543 erat
2208 3496 2393 3556 οπο,
2431 3497 2643 3565 panes
2673 3475 2743 3544 in
2771 3476 3147 3562 cujusnam

594 3562 922 3632 manibus
960 3565 1209 3632 erant?
1257 3562 1325 3630 Si
1390 3584 1522 3631 non
1584 3573 1729 3631 erat
1780 3566 2005 3641 Deus,
2058 3563 2369 3650 quinque
2421 3563 2716 3633 millium
2774 3564 3146 3633 hominum

595 3651 915 3732 turbam,
971 3665 1238 3742 praeter
1301 3651 1625 3720 mulieres
1683 3662 1748 3720 et
1807 3672 2111 3752 puerOS‚
2178 3652 2244 3719 in
2307 3650 2680 3721 solitudine
2737 3652 2897 3740 quis
2958 3653 3150 3743 pavit

591 3741 902 3828 quinque
963 3740 1265 3830 panibus
1312 3753 1376 3808 et
1431 3739 1704 3810 duobus
1756 3740 2128 3830 plscibus?
2194 3740 2260 3809 Si
2311 3761 2446 3808 non
2510 3753 2655 3810 erat
2700 3763 2859 3811 caro
2894 3795 2910 3821 ,
2979 3743 3146 3829 quis

595 3829 875 3898 dormiit
906 3830 976 3898 in
1011 3830 1220 3897 nave?
1247 3827 1313 3897 si
1351 3851 1484 3899 non
1519 3841 1661 3898 erat
1699 3834 1898 3908 DeuS,
1934 3829 2093 3916 quis
2123 3840 2358 3899 ventos
2389 3840 2454 3897 et
2490 3850 2678 3899 mare
2710 3831 3146 3920 increpavit?

598 3920 666 3989 Si
702 3940 839 3988 non
870 3929 1014 3988 erat
1047 3939 1229 3998 οπο,
1269 3918 1503 3988 Simon
1536 3917 1946 3987 Pharisaeus
1977 3938 2136 3986 cum
2180 3939 2318 4005 quo
2364 3917 2703 3987 comedit?
2732 3919 2963 3988 Sinon
2993 3929 3148 3988 erat

592 4011 792 4088 Deua
847 4007 1213 4098 peccatrici
1246 4005 1495 4077 delicta
1532 4007 1692 4093 quis
1720 4006 2189 4075 condonavit?
2237 4008 2474 4076 Sinon
2525 4019 2670 4076 erat
2704 4027 2885 4087 οπο,
2926 4029 3149 4098 supra

593 4109 877 4185 puteum
910 4119 989 4166 ex
1015 4095 1258 4165 itinere
1288 4095 1598 4166 defessus
1629 4095 1789 4182 quis
1828 4095 2158 4165 sedebat?
2198 4095 2265 4164 Si
2300 4116 2435 4165 non
2469 4108 2614 4165 erat
2646 4101 2844 4175 DeuS‚
2883 4117 3144 4182 aquam

593 4184 813 4254 vivam
869 4185 1027 4272 quis
1077 4184 1268 4254 dedit
1313 4185 1782 4254 Samaritanae
1813 4237 1828 4268 ,
1873 4195 1939 4253 et
1984 4206 2135 4253 eam
2194 4184 2467 4273 arguit,
2535 4184 2720 4271 quod
2775 4183 3145 4273 habuisset

592 4273 900 4361 quinque
950 4275 1283 4344 maritos?
1331 4275 1400 4342 Si
1449 4294 1583 4341 non
1635 4286 1781 4342 erat
1827 4294 2026 4355 οπο,
2082 4273 2150 4342 in
2203 4272 2430 4342 Lazari
2486 4282 2930 4343 monumento
2979 4273 3148 4360 quis

652 4436 678 4462 ¹·
706 4435 924 4476 Facundo
942 4446 997 4477 ex
1020 4434 1299 4487 Evangelica
1320 4433 1520 4477 historia
1538 4436 1768 4476 asseritur
1789 4436 1838 4475 in
1861 4432 2047 4476 Christo
2072 4436 2189 4474 Deua
2217 4434 2265 4474 et
2291 4435 2428 4475 Homo
2439 4450 2458 4487 ,·
2478 4437 2562 4479 ned
2582 4437 2736 4480 taedio
2760 4434 3050 4478 menotense
3079 4436 3152 4477 in·

596 4486 927 4539 tex-rogationis
949 4499 1093 4540 supra
1108 4491 1299 4531 modum
1325 4490 1587 4539 frequentis
1616 4490 1864 4531 Lectorem
1884 4490 2126 4538 aliquanto
2149 4485 2427 4530 levavimus.
