3308 5004
635 257 764 340 600
1208 281 1293 335 nt
1339 285 1394 335 s.
1448 284 1746 335 Aunomo
1792 283 1991 335 ausc.
2046 281 2410 334 notanus.
2761 266 2958 332 mo.
2999 267 3090 332 21-

544 376 862 457 Galliam,
913 371 1372 462 Aquitaniam,
1410 370 1845 461 Hispaniam,
1898 370 2195 452 Italiam,
2251 381 2444 460 gesta
2501 389 2744 472 regum
2796 374 3101 439 Franco·

543 487 727 546 rum,
771 463 979 534 vitam
1018 475 1082 533 et
1128 472 1325 531 actus
1371 458 1754 530 beatissimi
1807 458 2009 550 Eligii
2049 457 2394 551 Episcopi,
2448 460 2539 529 ab
2586 480 2740 549 ipso
2782 459 3100 528 conscri-

543 566 720 647 ptos„
757 552 932 624 vitas
955 570 1232 640 quoque
1256 548 1754 619 venerabilium
1784 547 2121 618 Abbatum
2152 560 2219 618 et
2249 546 2721 618 confessorum
2764 548 3101 638 temporis

543 644 680 724 sui,
734 654 938 729 atque
986 639 1176 711 illius
1208 638 1504 710 civitatis
1556 636 1837 717 scrinia,
1893 636 2193 724 itemque
2242 637 2857 718 monasteriorum,
2908 658 3105 724 quae

544 737 764 824 Reges
790 743 857 801 et
902 728 1207 820 Reginae
1244 725 1710 818 permultique
1754 725 1873 796 alii
1922 725 2055 795 viri
2093 725 2213 795 reli
2270 725 2421 808 iosi,
2469 726 2591 796 illo
2638 725 3098 807 adhortante,

543 818 1006 892 construenda
1051 830 1410 896 curarunt,
1447 815 1774 907 perlegat.
1813 815 2082 898 Quibus
2115 815 2182 884 in
2260 815 2404 886 ocis
2445 815 2881 905 omnipotens
2910 819 3106 885 Deus

546 909 632 980 ad
683 909 1011 979 honorem
1063 905 1368 976 nominis
1397 905 1532 986 sui,
1580 927 1701 995 per
1749 904 1993 974 merita
2031 904 2253 974 sancti
2300 903 2673 994 pontificis,
2721 902 2940 973 multa
2963 904 3106 973 ad-

546 996 867 1068 miranda
913 1017 1137 1083 usque
1181 994 1253 1063 in
1296 1015 1619 1085 praesens
1658 1005 2004 1084 operatur.

635 1094 674 1169 5
720 1091 886 1159 80.
940 1090 1175 1155 Postea
1223 1095 1449 1153 autem
1486 1082 1709 1152 visum
1758 1094 1861 1154 est
1905 1081 2195 1152 antistiti
2231 1082 2615 1153 successori
2660 1081 2839 1169 ejuS,
2891 1092 2972 1150 ut
3016 1081 3100 1150 in

548 1176 775 1246 locum
802 1174 1157 1244 editiorem
1193 1170 1366 1242 illud
1420 1170 1924 1252 transferretur,
1964 1191 2214 1261 nempe
2244 1171 2330 1240 ad
2372 1169 2649 1261 plagam
2689 1168 3105 1239 orientalem

547 1264 786 1334 altaris
834 1267 901 1333 S.
955 1262 1129 1332 Petri
1180 1260 1502 1351 Apostoli.
1569 1260 1965 1331 Convocatis
2011 1259 2226 1351 igitur
2274 1260 2636 1350 permultis
2687 1259 3050 1329 monachis
3079 1313 3100 1342 ‚

548 1353 878 1440 omnique
921 1351 1106 1421 clero
1150 1361 1217 1420 et
1265 1350 1520 1441 populo
1580 1349 1775 1419 urbis
1814 1350 1973 1438 ,ejus
2035 1360 2101 1418 et
2157 1348 2363 1418 totius
2413 1348 2827 1439 provinciae,
2881 1360 3106 1417 totam

552 1453 815 1512 noctem
869 1441 936 1509 in
982 1439 1309 1510 laudibus
1352 1451 1418 1509 et
1464 1439 1748 1527 hymnis
1781 1437 2180 1529 pervigilem
2211 1437 2430 1507 duxit.
2468 1437 2707 1508 Finitis
2739 1456 2897 1506 vero
2944 1458 3107 1505 ma-

549 1529 791 1601 tutinis
839 1529 1189 1610 laudibuS,
1241 1550 1399 1597 cum
1449 1528 1683 1598 choris
1717 1526 2253 1607 modulantium,
2283 1546 2579 1613 quorum
2612 1526 2897 1596 vocibus
2923 1547 3108 1596 can-

551 1633 759 1706 tuque
823 1619 1017 1687 suavi
1085 1617 1321 1687 omnia
1386 1615 2043 1695 circumsonabant,
2119 1637 2375 1704 corpus
2443 1615 2992 1688 sacratissimum
3055 1636 3108 1684 a

548 1708 719 1788 loco,
775 1708 895 1778 ubi
942 1707 1307 1776 humatum
1343 1704 1586 1785 suerat,
1613 1725 1776 1775 cum
1802 1704 2504 1782 multa,veneratione
2534 1703 2684 1805 ipso
2707 1703 2819 1772 die
2848 1710 3109 1774 Ascen-

547 1798 766 1867 sionis
802 1795 1094 1876 Domini,
1150 1793 1501 1865 transtulit
1539 1792 1886 1863 iri-locum
1941 1792 2408 1883 praedictum,
2463 1792 2585 1863 ubt
2634 1815 2823 1863 nunc
2871 1812 3110 1880 usque

547 1885 927 1955 honorifice
976 1883 1148 1953 illud
1190 1882 1507 1953 homines
1540 1895 1970 1952 venerantur.
2013 1883 2163 1952 Fuit
2191 1882 2376 1951 enim
2412 1895 2551 1952 tam
2592 1882 2680 1952 ab
2724 1882 3108 1951 omnicor-

547 1974 872 2063 ruptione
916 1972 1222 2042 alienum
1274 1983 1660 2061 repertum,
1712 1992 1920 2059 quam
1970 1971 2135 2041 olim
2185 1970 2407 2040 fuerat
2453 1970 2761 2071 virginea
2807 1970 3104 2060 integri-

550 2074 683 2132 tate
714 2062 1192 2152 conspicuum.
1241 2060 1420 2131 Fecit
1452 2082 1608 2129 vero
1647 2059 1825 2129 idem
1864 2061 2244 2161 Episcopus
2270 2081 2479 2149 super
2515 2081 2667 2149 ejus
2691 2058 3106 2150 sepulcrum

552 2149 882 2221 fabricam
950 2149 1324 2238 quamdam
1403 2149 1678 2219 mirifici
1747 2170 2017 2250 operis,
2070 2148 2141 2217 in
2215 2165 2423 2236 quam
2489 2147 2781 2218 contulit
2827 2148 3102 2239 argenti

550 2239 880 2310 talentum
934 2238 1310 2308 maximum
1345 2294 1360 2318 ,
1416 2239 1568 2308 auri
1631 2238 2014 2328 plurimum
2050 2291 2065 2318 ,
2120 2236 2553 2328 gemmisque
2606 2237 2891 2326 optimis
2935 2258 3104 2310 eam

508 2327 922 2420 ,exornavitae
975 2331 1188 2415 Atque
1234 2328 1417 2397 intra
1464 2326 1656 2397 illam
1696 2326 2005 2397 condidit
2054 2326 2331 2407 lectum,
2382 2347 2587 2413 quem
2637 2339 2919 2396 sanctus
2960 2330 3104 2395 Au-

549 2417 816 2489 doenus
847 2416 1386 2575 flagrantissimo
1417 2416 1661 2485 ardore
1698 2417 2004 2506 jusserat
2050 2416 2546 2505 parari,.atque
2595 2415 2782 2485 intus
2827 2427 2896 2485 et
2929 2413 3101 2483 foris

543 2529 718 2599 auro
768 2507 943 2577 mira
995 2506 1175 2576 iliter
1208 2505 1496 2576 includi.
1552 2504 1680 2575 Sed
1733 2527 1816 2573 ne
1864 2502 1933 2573 id
1982 2504 2197 2585 fleret,
2244 2516 2522 2576 sanctae
2565 2505 2720 2593 ejus
2759 2504 3100 2574 voluntati

551 2596 770 2667 multa
820 2609 964 2666 tum
1013 2595 1202 2666 fuere
1248 2594 1740 2683 impedimenta
1788 2593 2077 2679 objecta.

640 2692 677 2767 ἓ
726 2689 874 2757 81.
918 2683 1108 2768 Quod
1160 2696 1389 2755 autem
1455 2683 1605 2773 ipso
1658 2681 2130 2753 translationis
2173 2683 2325 2772 eJus
2374 2681 2488 2751 die
2522 2680 2946 2752 declaratum
2993 2695 3102 2752 est

522 2770 992 2854 'miraculum‚
1046 2772 1112 2842 id
1165 2772 1408 2864 paucis
1438 2769 2125 2842 commemorandum
2175 2784 2320 2841 est:
2378 2771 2722 2841 Inciderat
2771 2771 2853 2851 is,
2885 2790 3095 2857 quem

548 2861 875 2943 diximus,
909 2866 957 2929 Ε
1009 2862 1288 2951 iscopus
1319 2861 1387 2929 in
1432 2859 1990 2930 molestissimam
2024 2860 2333 2951 corporis
2361 2858 2850 2940 valetudinem,
2881 2880 3090 2947 quam

547 2953 907 3021 tertianam
984 2950 1214 3019 ebrem
1266 2960 1531 3019 vocant.
1585 2952 1891 3034 Cumque
1941 2970 2077 3018 non
2129 2948 2561 3019 mediocriter
2614 2949 2672 3017 is
2718 2970 2877 3019 eum
2914 2967 3094 3016 mor-

420 3045 443 3070 ·
547 3039 684 3110 bus
731 3038 1101 3119 infestaret,
1147 3038 1233 3108 ita
1268 3051 1346 3108 ut
1395 3048 1682 3107 mortem
1731 3038 1865 3108 sibi
1902 3060 2062 3129 prae
2107 3036 2375 3108 foribus
2421 3037 2663 3108 adesse
2706 3037 3095 3128 suspicare-

550 3143 687 3209 tur,
727 3128 957 3198 subito
1006 3128 1184 3197 intra
1231 3127 1595 3197 Missurum
1644 3125 2004 3208 solemnia,
2055 3148 2288 3196 coram
2337 3127 2852 3205 sacerdotibus,
2904 3123 3098 3195 Clero

547 3230 614 3288 et
664 3216 919 3307 populo
948 3216 1133 3287 febre
1162 3216 1351 3285 omni
1390 3216 1775 3306 profligata,
1812 3216 2173 3306 pristinam
2207 3216 2569 3286 sanitatem
2606 3216 2883 3305 recepit.
2921 3219 3103 3282 Tum

548 3326 708 3375 vero
753 3304 1115 3376 sudarium
1164 3303 1249 3374 de
1285 3305 1507 3393 capite
1538 3304 1718 3374 beati
1765 3303 2114 3385 Αιιάοὸηἰ,
2168 3325 2291 3394 pro
2340 3304 2654 3394 reliquiis
2705 3325 2916 3373 manu
2963 3323 3105 3372 sua

550 3415 709 3464 cum
769 3392 905 3463 fide
953 3392 1252 3463 sustulit.
1292 3392 1479 3463 unde
1537 3404 1603 3463 et
1647 3393 1780 3483 ipsi
1830 3405 1894 3463 et
1947 3393 2489 3485 quamplurimis
2549 3392 2730 3475 aliis,
2804 3390 3106 3461 Domino

551 3481 904 3572 largiente,
956 3482 1145 3551 salus
1180 3480 1426 3551 collata
1470 3494 1595 3552 est.
1649 3482 1966 3570 Fecitque
1996 3482 2085 3553 ob
2117 3502 2421 3552 amorem
2473 3481 2898 3552 sanctissimi
2931 3481 3098 3563 viri,

504 3571 874 3641 ’omnibus
920 3574 1284 3662 opiparum
1351 3571 1783 3653 convivium,
1852 3585 1919 3640 et
1982 3584 2335 3659 tamquam
2384 3572 2650 3641 Christo
2716 3570 3100 3650 assistens,

549 3658 971 3730 ambulando
1004 3660 1321 3731 sumebat
1365 3660 1637 3738 cibum,
1692 3672 1758 3730 et
1817 3660 1956 3730 illis
2013 3660 2581 3730 recumbentibus
2627 3658 2931 3728 officiose
2988 3658 3108 3727 in-

550 3749 908 3819 serviebat.
952 3753 1158 3820 Porro
1209 3749 1739 3839 pauperioribus
1770 3770 1905 3819 non
1958 3749 2184 3819 solum
2233 3748 2664 3829 alimoniam,
2721 3747 2840 3817 sed
2885 3747 3107 3816 etiam

548 3838 985 3908 innumeram
1028 3836 1405 3908 solidorum
1437 3838 1709 3928 copiam
1741 3837 2220 3909 distribuebat.
2266 3837 2496 3907 Sancti
2524 3837 2742 3928 igitur
2784 3835 3107 3907 Audoeni

549 3948 675 3996 nos
719 3927 1148 3998 orationibus
1195 3926 1435 4012 adjuti,
1488 3947 1825 3996 conemur
1854 3928 2013 3997 totis
2059 3925 2325 3996 viribus
2352 3926 2542 3995 illius
2592 3927 2827 4001 vitam,
2881 3924 3106 3994 fidem

551 4029 617 4084 et
666 4038 888 4087 mores
936 4015 1215 4097 imitari,
1273 4027 1351 4086 ut
1399 4037 1791 4085 mereamur
1842 4015 1929 4085 ad
1976 4037 2302 4087 coronam
2350 4015 2635 4106 gloriae,
2687 4037 2898 4102 quam
2949 4013 3109 4105 ipse

554 4103 843 4195 adeptus
872 4118 995 4186 est,
1032 4106 1239 4175 etiam
1276 4126 1400 4174 nos
1429 4104 1842 4192 quandoque
1893 4105 2316 4196 pertingere:
2370 4109 2496 4175 Per
2545 4104 2911 4174 Dominum
2967 4122 3109 4171 no—

555 4204 771 4263 strum
817 4199 1056 4264 Jesum
1102 4194 1473 4274 Christum,
1525 4204 1654 4262 etc.

1298 4382 1353 4435 jn
