3308 5004
160 341 372 408 AUG.
428 341 512 407 ⁴9
779 357 859 406 nn
906 359 998 407 ss.
1051 359 1304 408 Annam
1350 358 1623 408 mamm
1669 360 1747 408 nr
1792 359 1992 410 sociis
2039 361 2152 410 im.
2515 348 2645 412 41⁴.

160 462 243 510 se
293 439 776 521 decessurum,
820 440 1034 530 jussit
1082 452 1105 508 t
1152 460 1413 512 rannus
1460 440 1799 511 Andream
1840 463 1877 511 e
1911 441 2061 512 loco
2092 441 2212 512 illo
2258 441 2612 527 eductum,
2657 444 2728 516 in

158 550 455 599 carcere
488 528 855 621 diligenter
900 539 1094 598 custo
1151 528 1258 612 iri,
1314 528 1519 599 verbo
1555 528 1862 617 quidem,
1902 529 2085 618 quod
2123 533 2407 622 martyri
2459 546 2731 625 tempus

159 617 344 688 dare
383 616 601 701 vellet,
646 629 723 688 ut
770 640 911 688 rem
958 638 1159 687 suam
1210 617 1460 688 melius
1490 618 1978 695 consideraret,
2030 631 2096 689 et
2129 621 2535 692 sententiam
2581 646 2732 694 mu-

158 719 316 777 tare
360 720 632 797 posset:
687 729 758 777 re
789 718 1017 776 autem
1053 728 1208 776 vera
1252 705 1383 777 hoc
1422 706 1737 790 faciebat,
1781 720 1859 778 ut
1898 709 2046 798 ipse
2075 707 2336 778 interea
2372 712 2547 782 scire
2576 734 2728 802 pos·

160 809 293 878 set,
330 818 677 883 quaenam
705 807 886 866 esset
914 817 1126 886 super
1159 795 1447 878 Andren,
1485 797 1908 884 caeterisque
1932 797 2271 868 militibus
2292 798 2722 884 ChristianiS,

161 885 624 976 Imperatoris
674 885 1031 956 sententia.

252 976 293 1062 ξ
346 978 430 1045 ’3.
487 973 726 1044 Statim
769 972 983 1064 igitur
1013 972 1099 1043 ad
1137 972 1628 1044 Maximianum
1681 974 1913 1045 literas
1954 973 2166 1056 misit,
2227 985 2294 1045 et
2341 996 2481 1045 rem
2535 977 2726 1049 illam

161 1062 620 1154 significavit.
675 1062 1133 1133 Maximianus
1168 1084 1329 1132 cum
1370 1061 1456 1132 de
1489 1061 1754 1133 Andrea
1800 1078 1865 1134 et
1897 1063 1981 1133 iis
2011 1063 2130 1150 qui
2164 1085 2323 1133 cum
2358 1064 2478 1135 illo
2503 1080 2720 1149 erant,

159 1153 427 1222 certior
454 1151 676 1222 sactus
700 1163 823 1232 est,
855 1151 1259 1223 existimans
1287 1172 1419 1222 non
1452 1173 1699 1242 parum
1736 1152 2267 1242 perturbationis
2293 1164 2358 1222 et
2383 1155 2726 1228 tumultus

158 1240 248 1310 ad
291 1262 467 1311 eum
511 1252 1027 1331 perventurum,
1073 1240 1131 1309 si
1174 1250 1309 1309 tam
1369 1240 1713 1332 insignem
1766 1252 1832 1311 et
1868 1240 2134 1311 clarum
2188 1247 2439 1312 Ducem
2474 1246 2727 1314 exerci-

161 1343 299 1413 tus,
343 1342 585 1416 totque
616 1340 681 1400 et
736 1340 960 1399 tantos
999 1329 1205 1409 viros,
1264 1329 1384 1416 qui
1423 1349 1581 1399 cum
1625 1330 1776 1421 ipso
1823 1341 2064 1411 erant,
2121 1329 2375 1403 milites
2422 1333 2719 1423 optimos

156 1419 405 1510 gladio
442 1418 702 1509 percuti
731 1419 1026 1505 juberet,
1061 1418 1415 1508 rescripsit
1455 1418 1539 1487 ad
1574 1418 2009 1502 Antiochum,
2055 1430 2132 1489 ut
2168 1419 2461 1490 artificio
2491 1422 2581 1491 ali
2635 1444 2726 1493 uo

154 1520 280 1578 aut
335 1508 645 1577 versutia
696 1508 875 1577 viros
924 1507 1211 1577 latenter
1257 1506 1342 1576 ad
1382 1505 1475 1589 id,
1512 1507 1698 1595 quod
1753 1506 1975 1590 vellet,
2021 1508 2521 1611 perficiendum
2573 1534 2610 1581 a
2647 1511 2724 1581 li-

156 1610 371 1677 ceret,
436 1617 658 1684 neque
709 1617 938 1666 rerum
993 1595 1493 1677 novandarum,
1546 1608 1668 1666 aut
1715 1596 2076 1668 seditionis
2122 1598 2550 1668 occasionem
2604 1601 2724 1671 toti

157 1685 504 1756 exercitui
557 1686 931 1776 praeberet.
988 1691 1167 1754 Haec
1221 1683 1498 1775 scripsit
1543 1690 1970 1776 Imperator,
2024 1686 2198 1757 illud
2239 1687 2714 1771 consideranS,

154 1775 346 1862 quod
401 1775 512 1856 si,
564 1797 722 1844 cum
775 1775 1128 1862 aliquibus
1175 1773 1493 1843 obscuris
1560 1775 2010 1854 hominibus,
2071 1797 2369 1864 quorum
2424 1778 2723 1848 crimina

156 1865 299 1933 sint
347 1864 642 1944 incerta,
702 1885 986 1954 poenam
1030 1862 1245 1953 judex
1293 1860 1547 1932 inferre
1592 1862 1762 1946 vult,
1817 1863 1903 1933 ad
1954 1864 2231 1934 illorum
2283 1885 2564 1935 causam
2602 1865 2724 1937 de-

155 1951 588 2022 fendendam
632 1953 941 2043 plerique
976 1952 1297 2042 propensi
1347 1964 1533 2033 sunt,
1590 1973 1672 2022 eo
1721 1952 1944 2045 magis
1991 1953 2062 2022 in
2114 1954 2243 2023 hoc
2294 1953 2436 2023 viro
2477 1955 2544 2023 id
2599 1955 2721 2026 fie-

154 2055 279 2122 ret,
334 2042 469 2129 qui
515 2055 581 2110 et
627 2041 983 2133 dignitatis
1031 2040 1325 2132 gradum
1377 2042 1695 2123 tenebat,
1749 2054 1814 2111 et
1864 2062 1998 2111 non
2051 2041 2370 2132 vulgares
2420 2042 2714 2126 laboreS,

157 2131 547 2201 multorum
602 2131 900 2201 virorum
938 2129 1345 2200 testimoniis
1386 2132 1892 2220 comprobatOS‚
1943 2130 2333 2221 pertulerat,
2382 2153 2461 2202 ac
2491 2133 2721 2204 ordini

158 2220 470 2290 militum
528 2240 660 2288 non
711 2218 1215 2289 contemnendo
1313 2232 1596 2289 raeerat.
1653 2219 2112 2303 Quamobrem
2165 2220 2234 2288 in
2286 2221 2432 2290 suis
2465 2221 2547 2291 ad
2583 2227 2714 2291 An-

161 2308 478 2379 tiochum
533 2307 746 2379 literis
794 2308 1109 2397 adjunxit
1144 2331 1158 2375 :
1212 2312 1260 2377 P
1292 2320 1439 2377 acet
1486 2308 1685 2389 mihi,
1721 2307 2125 2410 hujusmodi
2164 2309 2342 2378 viros
2377 2330 2415 2377 a
2445 2331 2718 2381 carcere

162 2395 470 2477 liberari,
511 2397 710 2485 quasi
744 2407 1213 2467 anteactarum
1265 2418 1495 2466 rerum
1548 2397 1747 2467 venia
1794 2398 1881 2466 iis
1929 2417 2304 2468 concessa:
2347 2399 2552 2488 paulo
2593 2422 2719 2469 au·

160 2496 291 2555 tem
326 2500 597 2589 postea,
644 2486 777 2557 nisi
832 2485 1291 2577 resipuerint,
1346 2497 1700 2575 tamquam
1752 2486 1838 2557 ob
1870 2484 2059 2556 aliud
2104 2486 2365 2557 crimen
2404 2487 2710 2571 delatoS,

161 2574 520 2668 illosipsos
554 2576 851 2665 graviter
885 2575 1144 2678 puniri.

187 2719 203 2740 .
241 2667 279 2753 ξ
327 2670 410 2738 S.
472 2665 846 2735 Antiochus
893 2665 1106 2756 igitur
1134 2686 1297 2734 cum
1335 2664 1463 2734 has
1495 2665 1725 2735 literas
1774 2685 1814 2733 a
1847 2664 2261 2735 Maximiano
2309 2687 2469 2734 acce
2525 2666 2710 2749 isset,

162 2750 314 2825 fecit
362 2754 555 2843 quod
606 2760 985 2844 Imperator
1021 2754 1349 2843 jusserat,
1394 2765 1459 2823 et
1493 2754 1838 2843 insignem
1878 2754 1993 2823 Dei
2042 2775 2315 2823 servum
2345 2759 2439 2823 An
2501 2777 2710 2838 ream,

160 2854 220 2910 et
251 2865 500 2912 omnes
548 2842 668 2929 qui
702 2865 858 2911 cum
896 2844 1047 2933 ipso
1094 2854 1312 2924 erant,
1350 2864 1431 2912 ex
1481 2841 1779 2911 vinculis
1810 2841 2068 2923 eduxit,
2105 2855 2170 2912 et
2227 2842 2442 2913 libero
2485 2866 2566 2914 ac
2608 2866 2716 2914 se-

161 2951 323 3001 curo
374 2931 615 3001 animo
663 2932 871 3001 vitam
922 2932 1167 3033 degere
1214 2932 1551 3022 permisit.
1604 2936 1683 3001 At
1729 2944 2011 3001 sanctus
2061 2932 2177 3001 Dei
2227 2932 2545 3003 minister
2584 2938 2717 3002 An-

160 3017 378 3103 dreaS,
435 3020 780 3110 ejusmodi
816 3020 1126 3090 fallaciae
1167 3020 1521 3091 inventum
1564 3020 1900 3091 divinitus
1950 3020 2083 3090 sibi
2132 3019 2546 3111 patefactum
2602 3044 2714 3092 co-

162 3110 391 3196 gnovit
420 3133 433 3174 ε
467 3121 532 3179 et
567 3132 706 3193 (303,
738 3110 858 3197 qui
891 3131 1052 3179 cum
1085 3109 1236 3200 ipso
1268 3109 1770 3191 laboraverant,
1806 3111 2098 3200 ejusque
2121 3108 2716 3183 admonitionibus

162 3195 242 3265 ad
290 3198 603 3268 divinam
680 3198 1139 3289 cognitionem
1224 3198 1535 3289 perducti
1613 3197 1931 3280 fuerant,
2001 3219 2232 3269 secum
2287 3199 2586 3282 habenS,
2640 3202 2713 3270 in

162 3284 467 3357 Ciliciam
528 3286 612 3356 ad
676 3294 965 3357 Tarsum
1012 3287 1446 3377 metropolim
1511 3310 1582 3357 se
1640 3287 1982 3357 contulit:
2053 3285 2474 3378 Jamdudum
2524 3289 2710 3358 enim

163 3377 592 3465 propositum
643 3376 1001 3457 habuerat,
1059 3397 1177 3465 per
1224 3382 1522 3458 Petrum,
1575 3376 1697 3464 qui
1755 3388 2061 3466 tempore
2120 3376 2239 3445 illo
2285 3376 2602 3467 religiose
2649 3392 2714 3447 et

164 3478 392 3535 sancte
496 3465 881 3535 raesidebat
919 3465 1291 3553 jamdictae
1342 3465 1726 3555 metropoli,
1779 3477 1845 3535 et
1909 3464 2146 3536 multis
2194 3466 2466 3557 egregie
2513 3466 2712 3537 factis

164 3567 426 3635 praesta
486 3567 577 3636 at,
632 3560 902 3641 Deoque
970 3554 1102 3644 ipsi
1151 3566 1389 3645 gratus
1451 3567 1637 3636 erat,
1711 3553 1797 3623 ad
1856 3553 2224 3624 salutarem
2286 3554 2710 3645 baptismum

165 3641 471 3737 perduci.
528 3648 692 3713 Nam
743 3643 869 3712 etsi
902 3641 1121 3713 fuerat
1168 3644 1256 3713 ab
1309 3642 1528 3724 initio,
1577 3654 1654 3712 ut
1703 3665 1917 3733 supra
1964 3641 2226 3712 dictum
2268 3656 2393 3725 est,
2450 3643 2712 3713 fidelis-

165 3746 379 3803 simus
432 3732 550 3801 Dei
600 3732 936 3812 minister,
968 3744 1033 3801 et
1078 3731 1227 3819 ejus
1267 3732 1470 3804 donis
1511 3731 1825 3811 refertus,
1865 3731 2175 3801 nondum
2230 3742 2455 3801 tamen
2491 3731 2712 3802 divini

165 3812 597 3905 baptismatis
646 3820 990 3911 particeps
1049 3818 1270 3890 factus
1315 3832 1485 3891 erat.
1556 3820 1974 3900 AntiochuS,
2027 3842 2185 3889 cum
2236 3821 2586 3901 Andreae,
2645 3835 2712 3891 et

164 3921 394 3977 eorum
431 3910 555 3997 qui
602 3931 759 3979 cum
798 3909 949 4011 ipso
982 3922 1199 3989 erant,
1256 3909 1750 3980 discessionem
1800 3908 2267 3998 cognovisset,
2320 3908 2551 3979 furore
2598 3932 2711 3979 ac-

166 4010 430 4080 census,
486 3999 920 4069 consiliarios
970 4020 1154 4080 suos,
1208 4010 1273 4066 et
1311 3999 1569 4086 quibus
1619 3998 1719 4068 uti
1767 4009 2258 4079 consueverat,
2318 3998 2702 4077 accersivit,

164 4097 470 4171 quaeque
511 4087 813 4157 Andreas
844 4086 1116 4168 fecerat,
1147 4107 1307 4155 cum
1356 4086 1500 4156 illis
1546 4086 2106 4168 communicavit,
2142 4096 2208 4155 ct
2255 4085 2487 4155 literas
2522 4087 2709 4157 misit

168 4166 247 4234 ad
300 4173 683 4257 Seleucum,
724 4176 843 4265 qui
892 4176 961 4246 in
1005 4173 1279 4244 Ciliciae
1326 4174 1963 4257 administratione,
2017 4173 2197 4262 quod
2264 4175 2346 4271 ad
2412 4174 2707 4246 militare

166 4272 336 4341 Opus
367 4266 770 4352 pertinebat,
807 4265 963 4354 ejus
999 4265 1297 4334 vicarius
1345 4275 1511 4334 erat.
1566 4265 1824 4334 Literae
1873 4276 2102 4333 autem
2145 4262 2303 4332 illae
2353 4264 2444 4333 ita
2487 4286 2558 4333 se
2593 4265 2702 4334 ha·

171 4338 455 4440 bebant:
510 4359 676 4424 Puto
725 4368 788 4424 te
832 4354 1181 4425 audivisse
1230 4352 1313 4422 de
1360 4351 1649 4433 Andrea‚
1685 4352 1802 4440 qui
1844 4352 2009 4422 olim
2044 4352 2184 4421 dux
2216 4351 2346 4422 fuit
2395 4353 2463 4421 in
2514 4375 2705 4423 exer-

172 4441 308 4502 citu
357 4442 805 4514 maximorum
850 4450 1386 4535 Imperatorum,
1439 4441 1621 4529 quod
1678 4463 1861 4512 nunc
1924 4462 2058 4511 non
2113 4441 2338 4513 solum
2391 4442 2696 4535 seipsum
