3308 5004
185 338 378 405 AUG.
432 338 517 403 20
861 356 941 402 nn
988 356 1044 403 S.
1099 353 1471 402 minanam
1516 281 2078 401 numentum.
2527 333 2660 399 433

185 439 449 542 pollere
498 439 771 530 spiritu,
824 451 890 510 et
936 439 1190 510 eximia
1239 439 1599 509 sanctitate
1644 438 2105 529 conspicuum
2157 457 2307 508 esse
2337 492 2352 516 ,
2408 446 2626 506 totum
2678 459 2753 508 se

185 530 382 600 lllius
431 529 744 599 consiliis
795 528 1329 608 commendavit,
1380 539 1447 597 et
1496 527 1628 598 sub
1676 527 1831 615 ejus
1880 525 2236 615 religionis
2269 524 2746 616 disciplinam,

186 618 615 720 pontificiam
653 618 880 709 coepit
915 617 1289 708 potentiam
1325 615 1686 686 inclinare.
1744 620 2053 701 Cumque
2081 636 2239 684 eum
2277 613 2478 683 vellet
2514 636 2750 685 secum

185 730 260 778 1n
294 708 469 777 urbe
503 707 820 789 retinere,
878 706 993 777 ille
1032 728 1191 776 vero
1241 727 1514 796 semper
1558 703 1773 774 eremi
1823 703 2207 775 vastitatem
2257 725 2300 773 a
2400 714 2632 786 eteret,
2687 704 2756 773 in

184 796 407 868 maris
455 795 684 866 insula
731 797 937 867 Herio
986 794 1397 866 coenobium
1449 805 2025 873 construxerunt,
2078 726 2470 863 Ansoaljdbs
2518 813 2647 882 ope
2692 806 2758 861 et

152 885 625 974 &liberalitate
680 885 1096 954 Philibertus
1139 883 1494 974 religione,
1531 904 1759 973 opere,
1796 880 2111 951 doctrina
2144 892 2209 949 et
2253 881 2751 951 monachorum

193 974 603 1061 frequentia.
658 978 734 1043 In
784 995 988 1061 quem
1044 972 1271 1042 locum
1306 971 1390 1042 de
1423 971 1842 1042 Gernmetico
1884 968 2036 1039 favo
2079 968 2283 1039 mella
2332 970 2592 1040 commi
2647 991 2757 1038 ra-

190 1076 359 1133 runt
406 1084 566 1132 cum
609 1064 1004 1133 animarum
1054 1061 1413 1131 examine:
1470 1072 1674 1147 atque
1722 1059 2041 1129 eumdem
2096 1056 2326 1127 locum
2373 1062 2592 1128 Ansoa
2624 1058 2756 1127 dus

189 1152 299 1222 vir
332 1150 781 1243 Apostolicus,
820 1151 1093 1241 magnis
1127 1151 1536 1219 muneribus
1575 1148 1817 1219 ditavit
1846 1169 1925 1217 ex
1968 1147 2175 1216 rebus
2211 1147 2535 1237 propriis,
2576 1145 2750 1216 facta

188 1241 398 1311 etiam
452 1240 774 1312 villarum
816 1239 1356 1310 commutatione
1404 1260 1560 1307 cum
1603 1237 1892 1310 ecclesia
1933 1236 2341 1305 Pictavensi.

286 1333 322 1417 ἓ
373 1333 519 1400 21.
573 1334 841 1398 Interea
870 1351 1030 1399 cum
1067 1332 1130 1396 S.
1170 1326 1588 1397 Philibertus
1630 1348 1753 1396 nec
1787 1348 1946 1395 cum
1985 1325 2284 1395 Ebroino
2322 1323 2757 1394 communio-

193 1440 357 1488 nem
382 1419 702 1508 jungere,
735 1440 859 1487 nec
894 1417 963 1486 in
1000 1417 1383 1486 Neustriam
1421 1415 1643 1485 redire
1678 1413 1899 1493 vellet,
1932 1423 2355 1501 sanctusque
2387 1412 2756 1482 Audoenus

199 1507 353 1578 loco
402 1505 592 1578 illius
639 1507 854 1576 alium
907 1505 1105 1576 vellet
1152 1505 1568 1574 constituere
1616 1503 1970 1585 Abbatem,
2012 1501 2130 1572 sed
2177 1500 2503 1572 monachi
2539 1500 2763 1571 fortis·

198 1596 387 1677 simi,
433 1596 695 1684 absque
746 1595 1089 1685 permissu
1141 1592 1425 1664 rectoris
1474 1594 1608 1674 sui,
1666 1615 1791 1662 nec
1842 1590 2052 1661 minis
2085 1603 2151 1660 et
2185 1590 2592 1670 terroribuS,
2634 1612 2760 1659 nec

196 1685 562 1755 blanditiis
596 1697 873 1775 possent
906 1683 988 1753 ad
1027 1681 1598 1752 consentiendum
1642 1681 2025 1772 permoveri
2074 1693 2151 1750 ut
2183 1679 2401 1749 alium
2433 1678 2758 1748 Abbatem

197 1773 665 1855 admitterent,
704 1786 768 1843 et
802 1772 1008 1842 fidem
1062 1771 1433 1841 Philiberto
1484 1770 1713 1840 datam
1768 1769 2263 1860 infringerent:
2304 1767 2763 1838 crodobertus

197 1863 415 1932 miser
441 1862 934 1943 homunculuS‚
980 1861 1185 1950 cujus
1222 1859 1443 1930 filium
1473 1860 1637 1929 olim
1678 1860 1745 1927 in
1789 1858 2024 1928 seculo
2050 1856 2472 1926 Philibertus
2502 1878 2539 1925 e
2568 1877 2762 1926 sacro

200 1950 388 2021 fonte
428 1963 845 2042 susceperat,
900 1950 1159 2038 quique
1213 1959 1444 2049 postea
1477 1949 1699 2019 sactus
1736 1947 2142 2028 monachuS,
2179 1946 2241 2015 ei
2291 1945 2760 2015 obedientiam

202 2041 659 2130 promiserat:
712 2051 950 2109 contra
1010 2039 1321 2126 justitiae
1376 2037 1932 2127 praescriptum,
2003 2036 2154 2123 ejus
2204 2035 2606 2124 monasterii
2661 2055 2762 2102 re-

203 2129 415 2286 gendi
452 2151 689 2198 curam
726 2128 1051 2217 suscepit.
1108 2127 1233 2195 Sed
1286 2126 1523 2196 eodem
1575 2125 1689 2194 die
1736 2125 2070 2193 divinitus
2116 2145 2516 2214 percussus,
2575 2136 2757 2193 tanta

256 2217 464 2288 oloris
512 2217 877 2288 acerbitate
928 2216 1223 2286 afflictus
1272 2227 1418 2294 est,
1477 2226 1554 2284 ut
1603 2237 1685 2283 ex
1741 2214 1892 2304 ejus
1943 2212 2230 2282 viventis
2278 2232 2566 2301 corpore
2604 2232 2760 2281 ossa

203 2306 639 2387 exciderent,
693 2319 758 2374 et
806 2304 1271 2375 miserabilem
1321 2303 1528 2374 vitam
1584 2303 1972 2372 miserrima
2025 2313 2240 2371 morte
2283 2301 2534 2370 finiret.
2593 2304 2760 2371 Suc-

206 2394 458 2464 cedens
507 2407 732 2464 autem
783 2393 845 2463 ei
893 2416 973 2463 ex
1022 2393 1199 2463 beati
1262 2392 1568 2462 Audoeni
1629 2390 1977 2461 voluntate
2046 2395 2578 2480 Ragentrannus
2642 2392 2758 2457 Ar-

207 2483 691 2565 chidiaconu3‚
746 2483 1225 2554 Abrincatinae
1272 2481 1602 2552 ecclesiae
1640 2493 1742 2551 est
1791 2479 2220 2570 praefectus:
2275 2491 2480 2566 atque
2519 2475 2760 2547 eodem

208 2586 517 2664 tempore
565 2573 908 2643 Ebroinus
956 2582 1266 2663 apostata
1296 2569 1693 2640 interfectus
1723 2583 1847 2640 est.
1892 2575 2061 2639 Tum
2098 2589 2255 2639 vero
2294 2576 2577 2636 sanctus
2611 2566 2761 2653 Spi-

208 2663 387 2734 ritus
420 2663 597 2732 beati
634 2661 938 2732 Audoe'ni
991 2672 1226 2752 pectus
1275 2682 1400 2731 sua
1449 2660 1781 2729 charitate
1830 2659 2273 2727 inflammans
2304 2711 2319 2738 ,
2369 2654 2436 2725 id
2486 2654 2712 2724 effecit
2742 2710 2757 2736 ,

207 2764 289 2821 ut
336 2752 396 2822 is
432 2751 688 2843 legatos
736 2773 897 2821 suos
948 2750 1242 2820 mitteret
1288 2748 1375 2816 ad
1426 2747 1905 2827 Philibertum,
1962 2745 2082 2833 qui
2132 2767 2291 2816 eum
2324 2744 2766 2814 hortarentur

208 2839 482 2922 redire,
537 2852 612 2910 ut
662 2852 902 2909 mutua
952 2839 1130 2908 inter
1187 2838 1372 2929 ipsos
1420 2848 1649 2926 posset
1707 2834 2075 2906 concordia
2126 2833 2391 2904 sarciri.
2455 2838 2554 2902 Ita
2602 2854 2765 2933 ergo

210 2928 645 3021 recuperavit
705 2927 1122 2997 Philibertus
1187 2926 1599 2997 coenobium
1665 2947 1924 2994 suum:
1996 2922 2387 3015 gratulante
2451 2927 2766 2993 Neustria

208 3019 537 3089 universa
636 3017 975 3088 raesentia
1018 3016 1186 3086 tanti
1239 3014 1412 3097 viri,
1465 3025 1530 3085 et
1596 3013 2094 3083 monachorum
2166 3012 2444 3103 agmine
2492 3009 2761 3080 obviam

212 3107 319 3176 illi
373 3128 574 3198 proce
626 3119 779 3175 ente
836 3128 994 3176 cum
1065 3104 1393 3175 laudibus
1441 3116 1506 3173 et
1556 3103 1772 3174 sacris
1822 3102 2134 3189 reliquiis
2166 3156 2181 3179 ,
2235 3121 2537 3187 eumque
2586 3099 2766 3168 intra

213 3219 426 3266 suum
466 3195 959 3265 monasterium
1012 3194 1403 3264 reducente.
1461 3197 1626 3262 Cum
1679 3205 1906 3261 autem
1945 3191 2081 3260 duo
2117 3189 2221 3258 illi
2258 3188 2494 3261 eximii
2535 3210 2761 3258 sacer-

213 3285 434 3365 doteS,
482 3284 850 3355 Audoenus
896 3296 960 3352 et
1001 3282 1441 3361 Philibertus,
1496 3283 1564 3350 in
1618 3293 1899 3350 mutuos
1947 3280 2293 3349 venissent
2326 3290 2758 3368 conspectuS,

215 3374 488 3444 veniam
521 3374 606 3443 ab
646 3395 720 3442 se
751 3372 1044 3442 invicem
1091 3371 1571 3462 precabantur,
1616 3369 1794 3439 colla
1822 3390 2207 3454 manusque
2238 3366 2539 3437 vicissim
2569 3387 2768 3435 oseu-

215 3462 565 3543 labantur,
620 3474 685 3531 et
734 3474 918 3531 tanto
968 3460 1143 3530 inter
1191 3482 1263 3530 se
1309 3460 1566 3530 amoris
1612 3458 1858 3527 ardore
1889 3457 2190 3548 copulati
2226 3468 2412 3537 sunt,
2460 3467 2535 3525 ut
2569 3453 2767 3525 nulla

217 3574 533 3639 unquam
586 3561 818 3641 postea
867 3550 1045 3619 inter
1094 3550 1280 3639 ipsos
1329 3548 1671 3619 dissensio
1738 3546 2222 3617 intercesserit.
2277 3549 2570 3616 Octavus
2619 3557 2764 3612 tum

215 3653 365 3711 erat
411 3662 663 3721 annus,
714 3638 901 3726 quod
950 3661 988 3707 a
1037 3661 1164 3709 suo
1215 3637 1628 3708 monasterio
1680 3636 2014 3716 abfuerat,
2067 3635 2348 3721 jamque
2389 3632 2552 3702 noni
2603 3630 2768 3701 anni

220 3729 417 3799 initia
471 3729 897 3819 agebantur:
952 3727 1139 3814 quod
1195 3728 1472 3814 quidem
1526 3727 1620 3795 ita
1667 3725 1810 3796 fore
1859 3725 2005 3814 ipse
2053 3734 2249 3793 antea
2312 3721 2763 3813 praedixerat.

220 3824 389 3890 Nam
440 3841 599 3887 curn
652 3816 883 3886 infelix
919 3816 1203 3903 quidam
1242 3816 1582 3886 Diaconus
1617 3812 2010 3884 monasterii
2065 3816 2345 3881 Crucem
2397 3809 2578 3880 furto
2611 3808 2769 3876 abs-

224 3906 517 3986 tulisset,
571 3906 779 3993 idque
826 3905 1106 3974 demum
1163 3905 1325 3973 noni
1375 3903 1513 3973 diei
1564 3902 1759 3973 initio
1808 3901 2049 3971 fuisset
2097 3900 2633 3990 deprehensum,
2671 3895 2774 3963 vir

226 3995 341 4066 Dei
392 3995 813 4082 quibusdam
860 4006 1117 4066 secreto
1156 3992 1287 4075 ait,
1346 4006 1436 4063 tot
1485 3993 1688 4063 annis
1738 3990 2230 4061 monasterium
2273 3987 2446 4057 illud
2500 3997 2771 4076 pastore

225 4085 639 4168 cariturum,
692 4096 858 4171 quot
887 4083 1134 4153 diebus
1174 4086 1457 4152 Crucem
1493 4080 1861 4150 amisisset.

316 4176 353 4260 ξ
406 4179 565 4245 2².
622 4178 704 4242 Ut
749 4185 976 4242 autem
1031 4172 1232 4241 firma
1281 4170 1457 4240 inter
1489 4170 1891 4240 Audoenum
1929 4181 1995 4238 et
2024 4166 2252 4257 ipsum
2288 4164 2591 4235 charitas
2672 4184 2774 4262 er·

230 4275 563 4343 maneret,
616 4262 935 4332 convenit
982 4261 1159 4331 inter
1207 4281 1365 4333 eos,
1423 4270 1499 4326 ut
1545 4258 1969 4343 ubicumque
2024 4256 2246 4325 visum
2297 4265 2513 4333 esset,
2569 4257 2615 4321 P
2671 4250 2776 4320 ih-

231 4351 470 4421 bertus
503 4351 799 4441 degeret,
853 4364 1058 4439 atque
1106 4348 1264 4418 aliis
1312 4347 1458 4417 suis
1503 4346 1935 4417 monasteriis
1984 4357 2278 4414 rectores
2326 4341 2767 4433 praeficeret,

232 4438 794 4528 quandoquidem
850 4439 1054 4531 longo
1103 4435 1461 4507 intervallo
1510 4435 1643 4504 alia
1691 4436 1780 4505 ab
1827 4434 1983 4504 aliis
2031 4433 2401 4504 distabant.
2465 4437 2776 4501 Manente

405 4560 647 4617 surius
678 4591 695 4603 ·
732 4558 895 4619 Vitae
919 4559 1032 4621 SS.
1057 4590 1082 4603 -
1108 4555 1241 4617 Vol.
1272 4554 1432 4616 VIII.
2571 4553 2649 4610 28
