3308 5004
293 246 478 360 A'UG.
534 293 618 359 30
987 266 992 269 ¹
1080 312 1160 359 nx
1208 313 1263 360 s.
1316 313 1554 362 ummo
1601 311 1799 361 amsc.
1853 311 2038 360 conr.
2621 296 2751 361 779

294 398 592 477 oswino,
658 394 877 465 filiam
927 395 1245 467 videlicet
1291 396 1537 466 Edvini
1598 396 1805 487 Regis
1870 395 2295 477 Eanfledam,
2366 419 2545 485 quae
2614 398 2841 468 occiso

294 499 483 575 patre
531 484 697 555 illuc
769 484 992 554 fuerat
1067 485 1405 556 adducta:
1480 486 1603 573 qui
1652 486 1981 566 terrestri,
2052 484 2335 573 quidem
2410 486 2654 556 itinere
2719 486 2842 557 illo

286 575 539 654 venire,
591 574 735 644 sed·
777 573 1052 665 navigio
1098 596 1261 645 cum
1311 574 1577 665 virgine
1626 575 1850 644 redire
1897 574 2350 665 disponebat:
2414 576 2706 647 accessit
2753 575 2841 646 ad

281 664 697 755 Episcopum
746 662 1116 746 Aid'anum,
1181 664 1555 735 obsecrans
1601 685 1790 744 eum,
1847 684 1971 753 pro
2011 685 2083 734 sc
2130 664 2440 750 suisque,
2500 665 2625 751 qui
2672 677 2841 734 tunc

281 754 408 821 iter
452 765 650 822 erant
695 752 1463 843 aggressuri,·Domino
1511 752 1933 844 supplicare.
2001 752 2139 836 Qui
2183 751 2601 822 benedicens
2651 753 2837 836 illos,

281 864 359 911 ac
397 841 684 911 Domino
717 841 1239 921 commendans,
1281 841 1472 912 dedit
1500 842 1709 912 etiam
1734 841 1965 911 oleum
1998 840 2548 912 sanctificatum:
2602 844 2837 924 «Scio,

280 931 626 1017 inquienS,
664 930 830 1018 quia
875 930 999 999 ubi
1051 952 1293 1000 navem
1330 930 1803 1009 ascenderitis,
1845 942 2221 1021 tempestas
2255 930 2451 999 vobis
2490 942 2561 1000 et
2596 944 2844 1000 ventus

279 1019 671 1089 contrarius
721 1020 1181 1109 superveniet.
1230 1019 1360 1090 Sed
1421 1031 1524 1109 tu,
1567 1031 1937 1099 memento,
2005 1032 2080 1090 ut
2128 1019 2261 1089 hoc
2323 1019 2579 1101 oleum,
2649 1020 2841 1107 quod

282 1108 404 1178 tibi
452 1108 565 1191 do,
607 1108 837 1178 mittas
884 1108 956 1177 in
1011 1130 1220 1190 mare,
1272 1120 1342 1179 et
1384 1109 1615 1179 statim
1666 1108 2185 1198 quiescentibus
2226 1110 2447 1179 ventis
2499 1109 2841 1181 serenitas
2922 1117 2939 1133 “

283 1198 495 1269 maris
544 1220 660 1269 vos
710 1197 886 1267 laeta
934 1209 1407 1288 prosequetur,
1461 1211 1528 1268 et
1572 1199 1815 1288 cupito
1844 1197 2086 1268 itinere
2134 1197 2422 1268 domum
2460 1199 2841 1268 remittet.»

281 1291 468 1369 Quae
516 1299 792 1367 cuncta,
840 1297 917 1357 ut
968 1287 1399 1377 praedixerat
1463 1288 1781 1369 AntisteS,
1832 1307 1914 1356 ex
1962 1286 2205 1356 ordine
2252 1286 2596 1378 completa
2644 1299 2836 1357 sunt.

285 1375 617 1462 Equidem
685 1375 1013 1465 inprimis
1081 1376 1475 1447 furentibus
1538 1376 1752 1447 undis
1805 1374 2077 1466 pelagi,
2156 1376 2511 1446 tentabant
2560 1390 2835 1457 nautae,

282 1464 555 1534 ancoris
605 1465 673 1532 in
720 1486 907 1534 mare
957 1465 1189 1536 missis
1238 1487 1483 1536 navem
1518 1465 1837 1547 retinere,
1891 1486 2116 1551 neque
2160 1464 2292 1533 hoc
2353 1476 2636 1555 agentes
2705 1463 2836 1533 ali-

281 1552 451 1653 quid
479 1552 960 1653 proficiebant.
1013 1557 1323 1641 Cumque
1374 1554 1849 1645 mergentibus
1889 1553 2203 1641 undique
2232 1566 2299 1622 et
2325 1553 2619 1654 implere
2667 1554 2843 1655 inci·

285 1642 633 1743 pientibus
683 1663 925 1711 navem
975 1642 1328 1725 fluctibus,
1386 1656 1678 1713 mortem
1730 1642 1866 1712 sibi
1935 1664 2177 1713 omnes
2248 1643 2643 1721 imminere,
2694 1664 2844 1729 Jam

271 1750 560 1820 Jamque
607 1729 846 1801 adesse
894 1731 1238 1801 viderent:
1313 1733 1592 1803 tandem
1670 1732 2028 1824 presbyter
2107 1731 2564 1801 reminiscens
2634 1731 2844 1800 verba

282 1819 640 1899 Antistitis,
694 1832 1054 1910 assumpta
1100 1819 1438 1912 ampullA,
1480 1821 1670 1891 misit
1700 1821 1784 1890 de
1823 1820 1972 1890 oleo
2006 1820 2075 1889 in
2120 1833 2432 1921 pontum,
2472 1832 2539 1889 et
2573 1820 2838 1901 statim,

283 1918 357 1977 ut
406 1908 834 1999 praedictum
882 1920 1051 1991 erat,
1109 1932 1237 1982 suo
1305 1910 1566 1998 quievit
1609 1933 1652 1980 a
1709 1909 1997 1979 fervore.
2068 1914 2322 1996 sicque
2387 1908 2650 1979 sactum
2706 1920 2833 1989 est,

284 2010 363 2067 ut
400 1997 504 2067 vir
550 1998 665 2068 Dei
713 2019 835 2088 per
884 1998 1283 2089 prophetiae
1323 2021 1357 2068 s
1409 1999 1646 2070 iritum
1684 2003 2153 2090 tempestatem
2195 1998 2613 2088 praedixerit
2650 1997 2844 2067 futu-

288 2108 458 2167 ram,
512 2099 578 2156 et
650 2109 768 2176 per
809 2087 1127 2158 virtutem
1177 2089 1328 2179 ejus
1380 2110 1490 2158 em
1538 2088 1828 2177 spiritus
1875 2087 2056 2157 hanc
2114 2100 2443 2167 exortam,
2488 2087 2844 2174 ‘quamvis

284 2174 730 2265 corporaliter
776 2175 1056 2257 absenS,
1111 2177 1455 2268 sopiverit.
1511 2178 1725 2267 Cujus
1763 2176 2079 2246 ordinem
2124 2175 2445 2246 miraculi
2497 2197 2637 2244 non
2688 2176 2847 2263 qui-

286 2265 452 2333 libet
498 2264 759 2335 dubius
799 2265 1072 2347 relator,
1125 2266 1245 2335 sed
1294 2264 1750 2336 fidelissimus
1793 2264 1963 2333 mihi
2000 2277 2273 2334 nostrae
2320 2263 2655 2334 ecclesiae
2694 2286 2847 2351 pre-

286 2352 520 2443 sbyter
580 2353 973 2442 cynimund
1049 2354 1385 2424 vocabulo
1455 2354 1783 2433 narravit,
1834 2352 1953 2440 qui
2026 2375 2099 2422 se
2167 2353 2297 2423 hoc
2358 2354 2449 2423 ab
2497 2353 2648 2441 ipso
2694 2358 2845 2422 Utta

287 2443 709 2602 ssrffbyoem'
766 2442 836 2511 in
885 2464 1023 2531 quo
1069 2455 1135 2515 et
1175 2464 1300 2535 per
1354 2436 1562 2532 quein
1611 2441 2039 2533 completum
2086 2454 2210 2524 est,
2279 2441 2563 2512 audisse
2612 2442 2844 2533 perhi-

338 2555 374 2602 e
426 2545 521 2602 at.

375 2624 411 2709 ὅ
443 2625 527 2693 8.
573 2619 768 2690 Aliud
805 2620 1118 2711 ejusdem
1154 2621 1370 2710 patris
1402 2619 1853 2691 memorabile
1894 2618 2318 2690 miraculum
2352 2618 2584 2689 serunt
2616 2618 2840 2700 multi,

283 2710 406 2796 qui
443 2731 642 2781 nosse
675 2721 1069 2799 potuerunt.
1125 2715 1296 2781 Nam
1335 2731 1497 2779 cum
1548 2720 1857 2800 tempore
1885 2709 2350 2800 Episcopatus
2384 2709 2536 2799 ejus
2570 2708 2845 2778 hostilis

283 2798 693 2868 Merciorum
748 2800 1108 2881 exercituS,
1173 2798 1405 2868 Penda
1452 2797 1659 2878 duce,
1736 2797 1917 2869 Nord
1977 2800 2448 2869 Humbrorum
2523 2797 2846 2887 regiones

285 2887 506 2978 impia
550 2886 746 2957 clade
793 2887 1000 2980 longe
1044 2888 1317 2975 lateque
1356 2886 1749 2967 devastans,
1822 2887 2132 2977 pervenit
2195 2887 2283 2956 ad
2330 2887 2578 2957 urbem
2619 2906 2845 2973 usque

286 2977 573 3067 regiam,
637 2998 815 3068 quae
869 2999 952 3047 ex
1000 2977 1268 3047 Bebbae
1320 2975 1677 3064 quondam
1733 2977 2034 3067 Reginae
2097 2975 2430 3046 vocabulo
2487 2975 2846 3066 cognomi-

281 3079 528 3146 natur,
600 3086 929 3153 eamque,
1008 3087 1169 3135 cum
1247 3087 1470 3153 neque
1534 3065 1789 3146 armis,
1873 3085 2095 3153 neque
2155 3065 2521 3135 obsidione
2592 3085 2844 3154 capere

281 3154 928 3244 poteranssammis
976 3154 1342 3224 absumere
1368 3165 1660 3224 conatus
1692 3165 1816 3222 est.
1878 3155 2359 3241 Discessitque,
2398 3168 2464 3223 et
2497 3151 2842 3223 vehiculis

279 3264 461 3330 quae
497 3243 570 3311 in
640 3243 891 3312 vicinia
937 3243 1135 3312 urbis
1182 3243 1467 3325 invenit,
1522 3242 1800 3313 advexit
1844 3242 1963 3311 illo
2014 3242 2389 3328 plurimam
2441 3242 2844 3332 congeri-em

281 3330 614 3412 trabium,
654 3332 1036 3422 tignorum,
1099 3333 1443 3424 parietum
1498 3333 1916 3433 virgeorum,
1969 3331 2414 3419 aliarumque
2457 3351 2715 3401 rerum.
2771 3333 2849 3400 Et

283 3421 398 3492 his
443 3421 687 3491 urbem
738 3421 811 3489 in
861 3442 1115 3513 magna
1160 3421 1528 3496 altitudine
1574 3418 2041 3491 circumdedit
2087 3443 2127 3490 a
2176 3433 2364 3511 parte
2395 3441 2574 3509 quae
2625 3432 2847 3490 terrae

277 3520 390 3580 est
446 3509 796 3600 contigua.
867 3515 944 3580 Et
989 3510 1159 3580 dum
1211 3522 1491 3581 ventum
1532 3523 2008 3602 opportunum
2058 3521 2391 3592 cerneret,
2446 3509 2639 3579 illato
2687 3508 2845 3598 igne

273 3599 693 3668 comburere
737 3598 985 3670 urbem
1036 3600 1235 3670 nisus
1281 3611 1408 3670 est.
1490 3605 1638 3683 Quo
1688 3611 1996 3690 tempore
2042 3598 2665 3669 reverendissimus
2714 3604 2846 3667 An-

274 3689 477 3758 tistes
524 3686 828 3758 Aidanus
876 3689 947 3758 in
998 3688 1233 3759 insula
1280 3694 1522 3769 Fame,
1561 3710 1741 3776 quae
1779 3688 2056 3759 dnobus
2102 3688 2318 3757 ferme
2367 3685 2659 3756 milibus
2690 3708 2845 3775 pas-

272 3798 492 3847 suum
566 3777 654 3845 ab
729 3779 902 3848 urbe
967 3777 1210 3868 procul
1282 3778 1521 3857 abest,
1600 3776 2025 3847 morabatur.
2108 3776 2239 3846 Illo
2307 3777 2501 3845 enim
2565 3775 2847 3876 saepius

277 3879 583 3937 secretae
614 3865 946 3936 orationis
992 3880 1059 3936 et
1103 3866 1362 3936 silentii
1395 3868 1607 3936 causa
1654 3866 1972 3936 secedere
2012 3878 2488 3935 consueverat.
2540 3868 2849 3952 Denique

283 3973 506 4041 usque
554 3953 757 4023 hodie
805 3954 1035 4026 locum
1085 3955 1270 4027 sedis
1317 3954 1512 4027 illius
1559 3953 1908 4025 solitariae
1940 3955 2012 4023 in
2062 3953 2305 4024 eadem
2343 3952 2579 4024 insula
2619 3953 2846 4023 solent

283 4042 663 4114 ostendere.
716 4043 848 4126 Qui
915 4065 1076 4113 cum
1124 4045 1343 4113 ventis
1389 4043 1781 4114 furentibus
1828 4044 2116 4135 globum
2185 4043 2368 4134 ignis
2434 4064 2515 4111 ac
2566 4040 2846 4111 fumum

285 4152 499 4221 supra
535 4153 772 4203 muros
810 4132 1008 4202 urbis
1041 4132 1361 4202 exhalare
1398 4133 1848 4224 conspiceret,
1879 4131 2098 4203 fertur
2126 4132 2406 4202 elevatis
2441 4131 2529 4202 ad
2574 4130 2847 4200 coelum

287 4217 509 4290 oculis
559 4220 1019 4308 manibusque
1065 4242 1227 4291 cum
1266 4221 1590 4310 lacrymis
1638 4221 1928 4293 dixisse:
1998 4220 2167 4291 Vide
2217 4223 2526 4301 Domine,
2584 4230 2850 4308 quanta

293 4307 476 4377 mala
520 4308 684 4381 facit
731 4310 984 4381 Penda.
1058 4315 1207 4394 Quo
1252 4308 1462 4391 dicto,
1544 4311 1773 4380 statim
1828 4310 2075 4380 mutati
2120 4310 2208 4380 ab
2257 4310 2431 4381 urbe
2505 4309 2717 4392 venti,
2771 4309 2844 4378 in

287 4416 405 4468 eos
450 4399 573 4485 qui
620 4399 1101 4482 accenderant,
1179 4399 1629 4470 flammarum
1681 4399 2009 4470 incendia
2078 4411 2544 4471 retorserunt:
2626 4400 2717 4468 ita
2768 4407 2844 4466 ut
