3308 5004
242 348 438 424 AUG.
491 348 579 422 20
915 374 995 421 na
1043 372 1100 422 s.
1152 361 1486 422 numano
1531 365 1676 421 Aba.
1728 360 2118 447 manau..
2594 356 2728 424 485

247 459 563 549 qnidam,
617 457 741 545 qui
787 455 877 527 de
919 457 1307 531 Mediolano
1353 469 1634 529 secutus
1678 469 1838 529 eum
1886 459 2134 539 fuerat,
2188 471 2474 531 uxerem
2530 459 2818 531 daemo-

247 547 523 619 niacam
577 569 811 617 secum
863 547 1243 631 adducens,
1277 560 1487 635 quam
1529 559 1688 621 ante
1724 547 1934 639 pedes
1964 549 2140 631 e‘us,
2178 547 2618 639 lacrymabili
2654 563 2817 621 voce

251 639 663 707 intrinsecas
713 649 1101 725 protestans
1148 637 1548 719 anxietates,
1602 637 1944 741 deposuit.
1998 656 2002 675 ·
2056 656 2132 707 ec
2170 653 2408 707 mora:
2460 639 2534 707 in
2570 647 2818 711 contu-

251 727 529 795 meliam
579 727 857 797 Abbatis
907 741 1029 815 per
1073 742 1151 797 os
1199 727 1493 797 miserae
1540 725 1858 797 mulieris
1926 725 2250 797 diabolus
2316 725 2590 799 locutus
2656 737 2808 811 est,

251 831 317 885 et
363 815 661 885 irridens
709 833 985 885 servum
1037 815 1201 885 Dei:
1255 819 1397 887 Non
1453 829 1562 885 me
1596 869 1612 897 ,
1664 815 1940 905 inquit,
2006 815 2420 885 de'anicula
2468 835 2622 887 mea
2670 817 2808 899 hic,

253 903 571 997 porrulos
619 903 831 975 edens
893 915 959 975 et
1023 903 1367 975 brassicas
1413 903 1756 973 devorans
1788 959 1804 985 ,
1870 903 2186 995 expellet.
2240 903 2450 975 Multa
2500 907 2572 975 in
2622 905 2814 975 hunc

257 993 543 1063 modum
595 993 667 1061 in
717 993 945 1063 virum
997 993 1113 1061 Dei
1151 993 1461 1083 jactabat
1506 993 1818 1063 convicia
1848 1047 1864 1075 ,
1918 1005 1994 1063 ut
2042 993 2502 1083 blasphemiis
2564 1015 2808 1083 provo-

251 1095 475 1163 catuS,
521 1081 611 1149 im
625 1082 961 1171 patienter
981 1081 1187 1173 ¹ferret
1215 1101 1303 1173 op
1359 1083 1616 1163 robria,
1648 1095 1715 1152 et
1744 1081 2286 1153 confunderetur
2320 1083 2388 1151 in
2428 1085 2814 1171 praesentia

349 1171 543 1271 puli,
599 1193 759 1239 cum
825 1169 1133 1241 lacessiri
1183 1193 1257 1239 se
1333 1171 1618 1273 ndignis
1668 1171 1940 1241 audiret
1988 1171 2454 1243 sermonibus.
2518 1173 2646 1245 Sed
2714 1175 2816 1241 vir

251 1191 371 1329 Βὲι
419 1259 711 1329 astutias
755 1259 909 1349 ejus
957 1259 1353 1351 intelligens
1383 1315 1399 1341 ,
1455 1261 1808 1329 irrisorem
1860 1259 2114 1341 irrisit,
2166 1271 2232 1329 et
2280 1257 2613 1331 ultionem
2668 1263 2816 1351 ipse

257 1369 395 1419 non
447 1359 796 1439 expetens,
849 1349 967 1417 sed
1019 1349 1105 1419 ad
1157 1354 1369 1419 Deum
1421 1349 1802 1429 remittens,
1852 1349 1936 1417 ad
1986 1351 2348 1419 ecclesiam
2401 1351 2621 1417 sancti
2660 1351 2813 1435 Syri

255 1437 779 1507 daemoniacam
831 1437 995 1507 duci
1043 1437 1417 1529 praecepit.
1467 1437 1710 1507 Voluit
1744 1439 2002 1529 quippe
2034 1439 2412 1507 curationis
2444 1439 2632 1507 illius
2674 1437 2816 1539 glo—

251 1527 433 1597 riam
465 1527 629 1595 dare
664 1527 977 1616 martyri,
1015 1539 1081 1597 et
1131 1525 1475 1617 primitias
1523 1529 2000 1617 operationum
2034 1529 2268 1597 virtuti
2300 1528 2810 1617 ejus-adscrlbi.

251 1619 328 1687 At
363 1637 521 1685 vero
555 1629 839 1685 sanctus
887 1619 1103 1703 Syrus
1151 1615 1239 1685 ad
1289 1615 1630 1705 hospitem
1684 1639 1888 1685 suum
1942 1615 2208 1685 remisit
2256 1616 2634 1707 negotium,
2692 1633 2818 1687 nec

255 1705 325 1773 in
379 1705 667 1773 ecclesia
719 1727 845 1772 sua
895 1707 1259 1795 quippiam
1329 1703 1465 1775 sibi
1531 1703 1846 1779 deferens
1878 1759 1892 1787 ,
1962 1705 2300 1775 intactum
2350 1725 2390 1775 o
2442 1727 2528 1775 us
2580 1705 2818 1775 reduci

253 1794 339 1863 ad
375 1794 701 1863 Abbatem
737 1793 977 1863 voluit.
1023 1795 1399 1863 Reducitur
1435 1793 1648 1883 igitur
1690 1793 1943 1865 mulier
1972 1793 2054 1863 ad
2094 1793 2372 1863 Abbatis
2454 1794 2812 1887 ospitium,

253 1883 597 1973 garriente
629 1903 752 1971 per
779 1903 855 1951 os
887 1883 1041 1971 ejus
1089 1883 1389 1961 diabolo,
1429 1897 1493 1951 et
1523 1881 1792 1953 dicente
1824 1905 1838 1947 ι
1892 1885 2034 1953 Non
2076 1895 2184 1951 me
2218 1883 2512 1973 Syr-ulus
2544 1883 2810 1973 eJiciet:

126 2007 143 2033 .
253 1991 393 2043 non
458 1989 569 2039 me
629 1971 918 2059 expellet
979 1971 1473 2041 Bernardulus.
1527 1971 1620 2039 Ad
1692 1971 1864 2041 haec
1934 1991 2176 2043 servus
2232 1971 2348 2041 Dei
2411 1971 2812 2061 respondit:

255 2079 293 2125 α
327 2065 471 2129 Non
507 2071 569 2129 te
611 2065 844 2148 Syrna,
886 2083 1009 2130 nec
1040 2073 1103 2131 te
1135 2059 1527 2129 Bernardus
1560 2059 1784 2149 ejiciet
1814 2083 1828 2129 :
1870 2061 1988 2131 sed
2028 2059 2360 2131 Dominus
2388 2065 2594 2131 Jesus
2628 2061 2820 2129 Chri-

257 2158 429 2217 stus
471 2169 507 2215 a
559 2153 637 2217 Et
687 2169 1059 2219 conversus
1113 2149 1199 2219 ad
1241 2151 1622 2219 orationem
1654 2203 1670 2231 ,
1718 2169 1842 2239 pro
1890 2149 2114 2219 salute
2154 2149 2470 2219 mulieris
2526 2149 2818 2219 Domino

259 2235 719 2327 supplicabat.
773 2241 1021 2307 Orante
1069 2237 1283 2329 igitur
1327 2237 1473 2307 viro
1523 2237 1690 2319 Dei,
1751 2239 2226 2325 nequissimus
2274 2237 2392 2307 ille
2426 2239 2648 2309 victus
2696 2237 2820 2307 ab-

257 2325 521 2407 scessit,
575 2337 641 2395 et
691 2325 941 2397 mulier
965 2325 1099 2396 sibi
1129 2325 1395 2397 reddita
1427 2327 1741 2408 sanitate,
1775 2342 2070 2414 quantas
2102 2327 2322 2415 potuit
2356 2327 2614 2417 gratias
2644 2327 2812 2417 egit.

345 2417 381 2502 ἓ
429 2419 565 2487 18.
623 2415 1005 2485 Revertitur
1051 2437 1127 2485 er
1175 2439 1215 2485 o
1265 2415 1367 2483 vir
1413 2435 1574 2483 cum
1618 2416 1930 2498 muliere,
1972 2433 2094 2508 per
2142 2427 2352 2485 totam
2390 2415 2572 2483 viam
2624 2415 2820 2483 inco-

255 2502 557 2574 lumitati
625 2504 777 2594 ejus
845 2524 1113 2594 congau
1169 2526 1339 2574 ens:
1403 2506 1924 2606 expectantibus
1988 2506 2282 2586 amicis,
2340 2504 2584 2574 domui
2644 2526 2814 2574 suae
2940 2564 2941 2567 ,

255 2592 593 2662 redditur.
639 2592 1097 2664 Laetabantur
1141 2614 1407 2674 omneS,
1459 2615 1582 2680 qui
1630 2592 1946 2662 ordinem
1996 2594 2092 2662 rei
2128 2606 2358 2684 gestae
2404 2594 2812 2664 audierant:

255 2682 375 2752 sed
427 2694 703 2772 repente
737 2681 1072 2771 gaudium
1107 2682 1389 2752 vertitur
1423 2682 1493 2750 in
1534 2702 1912 2752 moerorem
1942 2704 1956 2750 ε
2006 2684 2176 2770 quia
2208 2682 2330 2752 ubi
2364 2682 2616 2754 domus
2652 2702 2820 2752 suae

257 2768 507 2838 limina
555 2770 803 2872 attigit,
863 2792 1105 2840 rursus
1155 2772 1365 2841 intrat
1411 2770 1736 2842 diabolus
1784 2772 1856 2840 in
1906 2784 2084 2852 eam,
2134 2780 2202 2840 et
2240 2770 2554 2840 infestior
2588 2770 2812 2852 solito,

259 2858 587 2930 miseram
645 2858 977 2950 discerpit
1023 2860 1349 2942 atrocius.
1397 2858 1578 2942 Quid
1618 2860 1870 2930 faceret
1916 2860 2130 2928 miser
2176 2860 2506 2940 maritus,
2560 2882 2698 2948 quo
2748 2880 2820 2930 se

255 2960 567 3028 verteret,
623 2948 995 3018 nesciebat.
1051 2948 1455 3018 cohabitare
1485 2970 1648 3018 cum
1682 2948 2154 3028 daemoniaca,
2194 2948 2764 3020 molestissimum
2798 2970 2813 3016 :

257 3036 675 3124 relinquere,
729 3036 1027 3128 impium
1081 3038 1463 3108 videbatur.
1519 3038 1754 3128 Surgit
1800 3038 2036 3142 igitur,
2080 3050 2146 3108 et
2184 3048 2542 3128 assumpta
2578 3048 2818 3108 seeum

261 3124 577 3208 muliere,
631 3144 915 3196 rursum
963 3126 1245 3216 Papiam
1297 3127 1682 3198 revertitur.
1738 3126 1866 3198 Ub1
1912 3146 2074 3196 cum
2128 3128 2350 3204 virum
2396 3126 2512 3196 Dei
2544 3144 2680 3196 non
2716 3126 2822 3196 in-
2878 3179 2884 3194 .

255 3214 577 3296 venisset,
629 3235 851 3302 usque
901 3218 1303 3284 Cremonam
1357 3216 1798 3316 prosequitur
1844 3216 2238 3286 abeuntem.
2302 3216 2594 3294 Iudicat,
2648 3216 2818 3302 quid

257 3300 517 3372 facturn
567 3304 701 3384 sit,
755 3318 819 3372 et
867 3316 945 3372 ut
1007 3304 1295 3404 gratiam
1361 3306 1706 3386 inveniat,
1784 3304 2322 3394 lacrymabiliter
2382 3304 2814 3394 deprecatur.

259 3394 391 3473 Nec
440 3392 659 3462 defuit
707 3394 859 3492 piae
891 3394 1201 3482 petitioni
1249 3392 1525 3462 Abbatis
1576 3394 1986 3462 clementia:
2028 3394 2140 3462 sed
2198 3394 2554 3484 praecipit,
2588 3406 2667 3462 ut
2698 3397 2822 3462 Ec·-

263 3468 547 3552 clesiam
597 3482 893 3550 civitatis
941 3480 1131 3550 illius
1179 3482 1658 3572 ingrediatur,
1712 3494 1774 3552 et
1810 3494 1966 3552 ante
2006 3482 2476 3550 confessorum
2528 3502 2822 3570 corpora

257 3588 467 3640 orans
535 3583 840 3660 expectet
895 3568 1111 3640 donec
1174 3570 1319 3661 ipse
1388 3584 1742 3658 sequatur.
1816 3576 2052 3658 Itaque
2118 3594 2382 3640 memor
2438 3570 2813 3660 promissi,
2903 3607 2913 3617 ·

257 3658 441 3728 circa
489 3660 713 3728 noctis
757 3658 1279 3748 crepusculum,
1331 3661 1622 3730 caeteris
1652 3660 2046 3730 dormitum
2096 3660 2450 3742 euntibus,
2490 3658 2640 3746 ipse
2676 3680 2820 3728 uno

259 3760 527 3818 tantum
583 3760 1057 3838 prosequente,
1099 3749 1471 3818 Ecclesiam
1525 3750 1936 3838 ingreditur,
1994 3756 2058 3818 et
2106 3760 2242 3818 tota
2280 3760 2478 3818 nocte
2510 3748 2630 3816 illa
2664 3766 2816 3816 ora-

263 3834 435 3906 tioni
487 3855 762 3918 vaenue,
799 3834 1099 3906 obtinuit
1131 3860 1169 3904 a
1211 3840 1523 3918 Domine,
1578 3838 1758 3924 qnod
1798 3838 2110 3926 petebat:
2164 3850 2230 3908 et
2262 3836 2626 3926 impetrata
2656 3858 2814 3904 mu·-

262 3922 413 3994 lieri
461 3928 775 4008 sanitate,
821 3926 1019 4012 jubet
1067 3948 1215 3994 eam
1269 3948 1511 3996 secure
1564 3926 1804 3994 reverti
1854 3926 1936 3994 ad
1994 3926 2294 4016 propria.
2352 3924 2478 3994 Sed
2514 3946 2674 3994 cum
2712 3942 2816 3994 re-

265 4010 485 4084 ditum
529 4014 615 4084 ad
665 4036 739 4084 se
787 4014 1071 4094 diaboli,
1125 4014 1305 4084 sicut
1343 4016 1491 4104 jam
1540 4036 1618 4084 ex
1670 4026 1817 4086 erta
1862 4014 2106 4096 fuerat,
2158 4014 2584 4094 formidaret,
2638 4012 2816 4084 collo

265 4102 415 4188 ejus
459 4104 731 4194 alligari
783 4102 1219 4186 chartulam,
1273 4102 1445 4174 ‘haec
1497 4118 1612 4172 ver
1660 4126 1702 4174 a
1748 4104 2236 4184 continentem,
2296 4102 2682 4192 praecepit:
2738 4106 2818 4172 In

271 4192 551 4262 nomine
603 4192 873 4262 Domini
937 4192 1149 4262 nostri
1209 4196 1381 4262 Jesu
1445 4192 1696 4266 Christi
1744 4192 2094 4282 praecipio
2146 4192 2270 4260 tibi
2318 4192 2660 4272 daemon,
2734 4207 2820 4260 ne

266 4274 447 4350 hanc
493 4282 741 4350 ¹amodo
793 4284 1199 4370 praesumas
1249 4280 1614 4354 mulierem
1680 4278 2104 4372 contingere.
2158 4278 2354 4364 Quod
2404 4280 2814 4354 mandatum

265 4387 427 4436 cum
471 4380 655 4440 tanto
703 4370 945 4440 timore
993 4370 1301 4460 suscepit
1347 4366 1694 4450 diabolus,
1738 4379 1816 4440 ut
1850 4368 2126 4440 mulleri
2146 4380 2510 4460 'regressae
2542 4370 2624 4440 ad
2668 4378 2824 4460 pro·-

267 4456 846 4546 priafnunquam
889 4458 1219 4550 deinceps
1251 4456 1816 4550 appropinquare
1858 4458 2424 4550 praesumpserit.
