3308 5004
669 322 803 391 666
1282 341 1364 389 nn
1409 341 1469 389 ε.
1522 341 1856 391 manno
1902 338 2049 389 m.
2099 338 2486 390 cunrat..
2816 319 3005 387 Auo.
3055 322 3145 387 2⁰

578 426 942 518 imponere
963 424 1038 502 di
1090 437 1393 497 naretur.
1439 429 1926 497 Intumuerant
1955 424 2436 520 enim-mirum
2469 422 2539 492 in
2576 421 2866 494 modum
2912 444 3149 515 genua

578 514 752 606 ejus.
789 519 1055 586 Excusa
1148 526 1172 584 t
1204 528 1434 586 autem
1486 536 1559 587 se
1592 514 1697 585 vir
1729 515 1870 597 Dei,
1922 515 2164 586 dicens
2196 535 2270 585 se
2311 534 2448 584 non
2485 533 2636 583 esse
2665 511 2857 583 illius
2887 512 3145 595 meriti,

578 626 623 676 a
667 625 805 693 quo
835 602 999 674 talia
1044 603 1379 674 beneficia
1412 603 1743 675 deberent
1776 603 2136 695 postulari.
2166 601 2446 673 Claudis
2477 601 2765 672 reddere
2785 622 3142 692 gressum,

577 691 1004 784 Apostolicae
1048 714 1222 774 esse,
1277 714 1415 763 non
1465 714 1660 774 suae,
1700 692 1996 764 virtutis.
2034 692 2269 763 Victus
2300 690 2579 762 tandem
2613 690 2830 782 patris
2877 690 3155 760 instan-

576 784 697 866 tia,
728 781 1028 874 signavit
1051 803 1347 873 puerum
1396 803 1479 852 ac
1511 781 1803 854 dimisit.
1839 783 1971 866 Qui
1994 803 2073 852 ex
2118 802 2201 852 ea
2231 780 2418 851 hora·
2434 779 2808 861 convaluit,
2846 793 2913 851 et
2956 778 3147 849 infra

578 893 840 964 paucos
863 869 1037 952 dies,
1080 870 1273 941 omni
1302 883 1570 941 tumore
1593 869 1930 962 deposit0‚
1964 871 2053 941 ab
2099 869 2340 941 eodem
2391 869 2642 940 iterum
2684 880 2879 959 patre
2921 867 3156 940 multa

580 959 961 1054 gratiarum
1002 959 1273 1034 actione
1319 957 1673 1041 reductus,
1727 959 2102 1032 incolumis
2147 958 2423 1029 oblatus
2470 970 2574 1029 est
2618 957 2764 1027 viro
2806 957 2949 1027 Dei.

664 1051 704 1138 ξ
748 1053 902 1123 55.
957 1047 1237 1119 Divertit
1268 1047 1646 1136 aliquando
1683 1048 2022 1120 nobilium
2055 1047 2305 1119 cohors
2334 1047 2636 1118 militum
2661 1045 3141 1128 Claravallem‚

578 1150 658 1209 ut
703 1149 1022 1209 sanctum
1075 1136 1382 1208 viderent
1425 1137 1781 1208 Abbatem.
1834 1143 2053 1228 Prope
2121 1149 2353 1208 autem
2401 1147 2548 1207 erat
2615 1158 2895 1207 sacrum
2961 1141 3152 1219 Qua-

579 1227 1013 1318 dragesimae
1074 1238 1388 1328 tempus:
1439 1237 1505 1297 et
1551 1225 1656 1296 illi
1702 1247 1945 1297 omnes
1998 1226 2139 1297 fere
2198 1226 2491 1384 {avenes
2520 1279 2537 1307 ,
2589 1224 2805 1296 dediti
2853 1223 3151 1296 militiae

581 1315 907 1397 seculari,
943 1315 1412 1388 circumibant
1454 1328 1862 1404 quaerentes
1883 1314 2197 1387 execrabi
2229 1336 2305 1386 es
2342 1313 2499 1385 illas
2548 1313 2924 1394 nundinas,
2968 1334 3152 1401 quas

580 1404 791 1494 vulgo
823 1417 1096 1475 torneas
1126 1415 1393 1475 vocant.
1447 1405 1680 1496 Coepit
1729 1404 1959 1494 itaque
1987 1405 2075 1475 ab
2104 1404 2205 1476 eis
2245 1416 2472 1495 petere
2508 1424 2765 1494 paucos
2799 1400 2982 1484 illos,
3020 1402 3153 1490 qui

582 1506 743 1564 ante
789 1492 1404 1586 Quadragesimam
1454 1507 1865 1585 supererant
1909 1493 2082 1575 dies,
2139 1515 2225 1563 ne
2272 1493 2489 1564 armis
2536 1492 2813 1563 interim
2863 1503 3152 1562 uteren-

582 1594 719 1654 tur.
772 1583 1041 1666 Quibus
1086 1582 1431 1654 obstinato
1502 1583 1737 1653 animo
1783 1583 1937 1673 ejus
1983 1582 2425 1671 acquiescere
2490 1581 2770 1652 monitis
2842 1601 3153 1650 renuen-

580 1671 814 1743 tibus:
873 1697 902 1737 ι
935 1670 1242 1753 Confido,
1295 1670 1415 1753 ait,
1468 1670 1539 1740 in
1590 1670 1926 1753 Domino,
1983 1672 2316 1760 quoniam
2367 1671 2515 1772 ipse
2573 1670 2747 1740 mihi
2793 1668 2989 1740 dabit
3035 1669 3155 1739 in-

580 1760 855 1842 ducias,
905 1781 1083 1862 quas
1141 1760 1430 1861 negatis.
1463 1783 1500 1829 »
1550 1764 1628 1831 Et
1675 1761 2005 1832 accersito
2074 1761 2314 1840 fratre,
2386 1759 2587 1850 Jubct
2630 1759 2733 1830 eis
2778 1758 3154 1831 cervisiam

582 1850 971 1941 propinari,
1023 1848 1442 1919 benedicens
1487 1871 1668 1930 eam,
1718 1861 1785 1919 et
1830 1850 2094 1932 dicenS,
2146 1862 2223 1920 ut
2255 1849 2599 1940 potionem
2651 1847 2965 1919 biberent
2997 1847 3157 1918 ani-

584 1959 888 2008 marum.
934 1937 1264 2008 Biberunt
1307 1959 1471 2029 ergo
1513 1938 1793 2028 pariter,
1843 1937 2128 2028 quidam
2173 1951 2400 2008 tamen
2442 1937 2641 2007 inviti
2698 1958 2860 2027 prae
2905 1957 3151 2007 amore

587 2026 829 2107 seculi,
863 2039 1241 2096 metuentes
1286 2049 1473 2108 eum,
1511 2049 1719 2115 quem
1755 2041 1987 2118 postea
2018 2027 2279 2119 experti
2328 2038 2513 2107 sunt,
2543 2025 2820 2095 divinae
2866 2025 3151 2096 virtutis

584 2115 933 2186 effectum.
988 2119 1071 2185 Ut
1120 2115 1305 2185 enim
1376 2116 1636 2207 egressi
1706 2131 1872 2187 sunt
1925 2116 2104 2189 fores
2177 2115 2626 2197 monasterii,
2682 2114 2946 2185 mutuis
2995 2135 3150 2185 sese

585 2215 961 2294 coeperunt
1004 2202 1443 2275 inflammare
1488 2205 1954 2287 sermonibus,
2006 2205 2174 2294 quia
2217 2227 2339 2275 cor
2387 2226 2627 2276 eorum
2683 2214 2829 2274 erat
2883 2202 3144 2274 ardens

584 2291 658 2362 in
706 2293 830 2362 eis.
884 2293 1274 2383 Inspirante
1319 2315 1484 2384 ergo
1533 2298 1691 2376 Deo,
1743 2306 1809 2365 et
1839 2307 2157 2366 currente
2206 2294 2523 2364 velociter
2569 2293 2775 2364 verbo
2812 2291 2993 2381 ejus,
3038 2313 3147 2362 ea-

581 2382 740 2452 dem
790 2381 961 2452 hora
1014 2382 1307 2463 reversi,
1359 2393 1425 2452 et
1470 2383 1784 2454 conversi
1830 2405 1873 2454 a
1922 2384 2105 2454 vitiis
2170 2384 2366 2462 suis,
2440 2380 2790 2473 spirituali
2847 2380 3144 2451 militiae

585 2469 861 2542 dextras
906 2469 1269 2543 dederunt.
1307 2476 1614 2556 Quorum
1674 2471 1958 2560 quidam
2008 2471 2240 2545 adhuc
2293 2471 2596 2543 militant
2633 2476 2802 2542 Deo:
2855 2468 3149 2559 quidam

580 2581 741 2631 vero
791 2574 1081 2652 regnant
1124 2583 1284 2631 cum
1332 2583 1436 2644 eo,
1490 2562 1792 2633 vinculis
1837 2562 2070 2633 carnis
2100 2561 2428 2633 absoluti.

669 2651 709 2738 ἓ
754 2654 918 2723 ⁵8.
970 2649 1147 2734 Quid
1198 2663 1430 2721 autem
1481 2651 1765 2731 mirum,
1818 2649 2005 2740 quod
2054 2649 2316 2721 devotis
2347 2651 2539 2721 hunc
2587 2648 2943 2719 hominem
2981 2646 3153 2719 colit

583 2738 937 2827 obsequiis
985 2739 1211 2828 major
1255 2752 1467 2819 aetas,
1535 2739 1606 2809 in
1668 2740 1875 2830 cujus
1939 2739 2299 2829 devotione
2361 2738 2600 2810 divina
2643 2738 2863 2808 virtus
2920 2737 3152 2828 ipsam

582 2849 859 2916 quoque
907 2826 1269 2900 infantiam
1317 2827 1587 2910 excitat,
1640 2842 1988 2919 expertem
2025 2827 2259 2899 adhuc
2297 2828 2606 2910 rationis,
2642 2839 2709 2897 et
2755 2825 3150 2897 devotionis

583 2917 954 3008 ignaram?
999 2922 1262 2987 Norunt
1312 2915 1515 2988 multi
1570 2915 1913 2988 illustrem
1946 2917 2273 3005 juvenem
2321 2916 2743 2988 Waltherum
2794 2914 2880 2985 de
2916 2919 3153 2984 Monte

584 3004 917 3087 mirabili,
961 3005 1165 3097 cujus
1200 3017 1489 3096 patruus
1532 3004 1745 3076 frater
1788 3004 2199 3086 WaltberuS,
2254 3005 2433 3076 inter
2477 3026 2595 3076 eos
2690 3026 2818 3075 uos
2866 3001 3152 3094 praedi-

584 3093 816 3163 ximus
852 3093 1126 3176 militeS,
1179 3116 1448 3165 sacram
1484 3094 1556 3164 in
1607 3093 1980 3165 claravalle
2014 3093 2331 3165 militiam
2381 3106 2485 3165 est
2532 3116 2657 3185 pro
2686 3115 2906 3164 essus.
2941 3097 3153 3163 Hunc

581 3202 746 3272 ergo
776 3182 1199 3254 waltherum
1235 3184 1603 3264 minorem,
1637 3205 1799 3253 cum
1825 3183 2057 3254 adhuc
2088 3182 2477 3254 infantulus
2508 3195 2709 3264 esset,
2743 3193 2809 3253 et
2842 3181 3151 3253 necdum

586 3269 676 3340 ab
708 3282 867 3340 ortu
898 3293 1026 3341 suo
1048 3294 1356 3342 mensem
1392 3271 1669 3342 tertium
1702 3272 2133 3364 explevisset,
2165 3285 2383 3343 mater
2413 3295 2541 3344 sua
2588 3260 3152 3343 benedicendum

588 3358 839 3439 obtulit
901 3359 1047 3430 viro
1095 3361 1236 3442 Dei,
1288 3358 1806 3450 gratulabunda
1853 3372 1919 3433 et
1963 3361 2280 3434 exultans
2312 3416 2331 3443 ,
2382 3360 2569 3449 quod
2622 3362 2694 3433 in
2760 3360 2967 3431 domo
3017 3381 3154 3431 sua

584 3459 965 3520 mereretur
1009 3447 1263 3519 habere
1311 3462 1450 3519 tam
1512 3461 1832 3521 sanctum
1891 3450 2142 3521 virum.
2195 3455 2364 3521 Cum
2419 3473 2503 3520 ue
2557 3450 2661 3520 vir
2728 3450 2888 3530 Dei,
2963 3450 3154 3520 sicut

587 3557 863 3627 semper
907 3538 978 3607 in
1012 3538 1207 3607 omni
1245 3537 1396 3608 loco
1428 3535 1651 3637 facere
1674 3552 2146 3621 consueverat,
2181 3538 2269 3611 de
2305 3561 2379 3610 sa
2413 3553 2526 3610 ute
2554 3552 2621 3610 et
2664 3537 3155 3610 aedificatione

587 3626 985 3697 animarum
1032 3626 1119 3696 ad
1158 3626 1691 3716 circumpositos
1720 3627 2156 3716 loqueretur:
2199 3627 2529 3713 praedicti
2572 3641 2792 3698 mater
2824 3627 3145 3709 infantis,

590 3726 831 3786 tenens
876 3736 1039 3786 eum
1088 3715 1156 3785 in
1208 3713 1496 3807 gremio,
1549 3715 1830 3787 sedebat
1875 3739 2077 3789 secus
2102 3716 2313 3808 pedes
2359 3717 2536 3809 ejus,
2578 3716 2843 3787 Accidit
2878 3731 3145 3797 autem,

582 3816 663 3875 ut
698 3804 877 3874 inter
922 3804 1348 3892 loquendum
1400 3826 1687 3876 manum
1721 3805 2099 3894 aliquando
2149 3806 2603 3898 protenderet,
2637 3818 2705 3876 et
2749 3805 3151 3897 apprehen-

584 3892 746 3964 dere
793 3914 947 3964 eam
978 3909 1346 3966 conaretur
1378 3892 1790 3965 infantulus,
1824 3894 2213 3966 advertitur
2256 3909 2488 3966 autem
2520 3907 2810 3967 conatus
2888 3893 3143 3975 arvuli,

585 4003 750 4053 cum
770 3983 1051 4075 saepius
1083 3983 1151 4054 id
1179 3982 1475 4065 fecisset,
1525 3994 1592 4053 et
1622 3984 2041 4055 mirantibus
2069 3984 2438 4066 universis,
2471 3983 2677 4055 datur
2723 3985 2785 4053 ei
2845 3983 3144 4062 acuitas,

583 4083 665 4141 ut
712 4094 1001 4142 manum
1050 4072 1265 4163 possit
1310 4072 1830 4164 apprehendere
1875 4095 2088 4162 quam
2136 4074 2418 4164 optavit.
2471 4079 2643 4144 Tum
2693 4095 2846 4144 vero
2886 4073 3152 4143 mirum

592 4159 666 4229 in
717 4159 1000 4231 modum
1041 4183 1203 4232 cum
1240 4161 1619 4232 reverentia
1665 4162 1953 4235 alteram
2002 4184 2288 4233 manum
2339 4184 2539 4233 suam
2574 4183 3007 4254 supponens,
3046 4159 3153 4230 al-

589 4260 735 4318 tera
783 4261 1021 4320 tenens
1057 4273 1210 4321 eam
1246 4249 1493 4322 detulit
1521 4249 1608 4321 ad
1659 4274 1737 4329 os
1782 4274 2018 4334 suum,
2070 4254 2141 4323 et
2167 4251 2522 4323 osculatus
2553 4266 2658 4323 est
2693 4274 2870 4323 eam.
2917 4256 3151 4339 Neque

590 4336 662 4405 id
711 4338 922 4409 semel
958 4352 1251 4440 tantum,
1314 4338 1433 4410 sed
1475 4340 1673 4412 toties
1720 4340 2035 4425 faciebat,
2087 4341 2357 4429 quoties
2404 4341 2671 4412 beatam
2725 4362 3013 4411 manum
3057 4353 3151 4411 te-

595 4445 755 4495 nere
806 4448 1188 4517 permissus
1224 4444 1349 4498 est.
