3308 5004
677 357 806 422 378
1251 374 1330 421 m:
1379 373 1435 421 s.
1488 370 1824 422 ,tantumno
1872 370 2200 422 sunsslou.
2254 369 2455 419 susc.
2817 352 3001 418 AUG.
3073 354 3167 417 45

588 459 855 530 timoris
903 456 1254 539 studium,
1311 478 1468 527 nam
1518 457 1761 527 faciem
1814 470 2114 529 nostram
2168 457 2239 526 in
2274 479 2392 525 cor
2441 477 2557 527 ore
2595 454 2921 545 deinceps
2955 477 3168 524 nun-

587 569 798 636 quam
848 548 1081 617 visura
1126 558 1251 618 est.
1293 569 1330 612 »
1373 545 1498 615 Illa
1548 547 1825 616 interim
1877 545 2333 638 pudicissima
2410 545 2683 615 oemina
2738 543 2907 614 mire
2954 543 3171 614 festi-

588 658 766 706 nans
796 690 811 717 ‚
863 634 1143 723 quando
1189 633 1708 727 Aldenburgum
1758 648 1862 705 est
1913 638 2223 726 ingressa
2253 689 2269 715 ,
2331 634 2479 723 jam
2545 645 2696 704 octo
2743 632 2988 703 diebus
3046 633 3167 702 vir

589 737 869 795 sanctus
919 724 1236 825 sepulcro
1284 725 1693 794 tenebatur:
1748 725 1985 812 sicque
2034 736 2221 793 tanto
2266 734 2519 794 conatu
2567 721 2915 803 frustrata,
2955 722 3165 791 virili

588 815 822 883 animo
870 813 954 883 ad
992 813 1186 882 illam
1218 834 1291 881 se
1320 813 1653 882 visionem
1696 814 2020 893 extendit,
2075 834 2250 900 quae
2290 812 2486 883 nullo
2534 810 2804 881 dierum
2847 832 3162 881 numero

586 902 850 973 finitur.
905 908 1035 972 Nos
1064 898 1346 990 <hiidem
1379 915 1636 971 tantam
1674 901 2064 972 futurorum
2100 901 2621 993 praescientiam
2656 901 2729 968 in
2763 899 2959 970 beato
2992 899 3159 970 viro

585 990 1042 1061 admiramur.

672 1082 896 1168 ξ-ίθ.
936 1080 1204 1150 Solebat
1230 1078 1335 1147 vir
1360 1091 1664 1160 sanctus
1703 1079 2084 1149 Catholicae
2110 1079 2269 1149 fidei
2301 1100 2423 1168 pro
2475 1088 2794 1168 ugnator,
2837 1078 3149 1168 aegrotis

584 1168 668 1238 ad
714 1169 942 1257 ipsum
990 1167 1275 1237 remedii
1322 1170 1531 1236 causa
1581 1168 2109 1250 accedentibuS,
2156 1190 2313 1238 mox
2367 1189 2404 1236 e
2456 1167 2548 1236 ito
2598 1167 2798 1257 signo
2844 1166 3089 1235 Crucis
3117 1220 3140 1245 ,

583 1278 869 1327 manum
922 1257 1299 1346 imponere,
1353 1268 1418 1325 et
1463 1258 1668 1327 verba
1722 1258 2069 1326 Dominica
2121 1257 2445 1347 proferre,
2483 1256 2679 1325 tertio
2721 1255 2818 1325 sic
2849 1252 3142 1325 dicens:

583 1348 802 1437 Super
830 1368 1066 1437 aeyros
1095 1367 1337 1414 manus
1381 1347 1740 1435 imponent,
1777 1357 1840 1415 et
1886 1348 2044 1415 bene
2078 1346 2431 1415 habebunt.
2487 1344 2752 1427 Quibus
2799 1342 3091 1433 prolatis
3122 1399 3139 1423 ,

585 1434 943 1525 fugiebant
992 1434 1237 1514 morbi,
1293 1434 1553 1503 sanitas
1603 1434 1887 1503 redibat.
1942 1434 2018 1503 Id
2051 1456 2209 1503 vero
2243 1456 2380 1503 non
2415 1434 2745 1524 ignorans
2790 1431 3143 1518 quaedam

586 1522 839 1592 mulier
885 1522 1490 1612 Aldenburgensis,
1535 1544 1695 1591 cum
1750 1523 1984 1594 nimiis
2034 1535 2460 1614 premeretur
2509 1520 2887 1600 doloribuS,
2951 1521 3143 1589 venit

587 1609 671 1680 ad
721 1633 927 1691 eum,
981 1624 1240 1681 etcum
1295 1610 1622 1701 lacrymis
1691 1623 1931 1699 questa
1984 1624 2132 1693 est,
2204 1611 2369 1700 quid
2434 1621 2800 1701 pateretur.
2853 1609 3140 1698 Episco-

588 1721 721 1790 pus
771 1722 933 1790 ergo
985 1721 1266 1768 manum
1301 1700 1364 1768 ei
1398 1701 1809 1789 imponens,
1871 1701 2015 1770 ait:
2073 1700 2465 1771 Secundum
2524 1699 2729 1768 fidem
2789 1710 2979 1767 tuam
3017 1698 3143 1767 fiat

587 1788 736 1857 tibi.
792 1789 1150 1876 Simulque
1197 1789 1259 1857 ei
1293 1788 1661 1870 benedixit,
1717 1812 1872 1860 mox
1921 1789 2118 1859 dolor
2163 1790 2392 1859 omnis
2439 1785 2793 1858 abscessit.

674 1879 711 1964 ἓ
760 1882 898 1950 42.
953 1884 1122 1946 Eum
1175 1876 1428 1960 locum,
1482 1900 1687 1964 quem
1733 1877 1938 1967 paulo
1986 1901 2198 1968 supra
2246 1878 2550 1947 diximus
2607 1875 2939 1945 canonica
3003 1886 3138 1943 tra-

587 1963 847 2033 ditione
887 1965 988 2035 illi
1037 1965 1394 2048 donatum,
1446 1965 1778 2038 fratribus
1825 1967 2275 2054 quibusdam,
2327 1966 2523 2036 exiis
2556 1967 2677 2051 qui
2723 1963 2786 2032 ei
2819 1962 3128 2044 aderant,

588 2055 1095 2124 commendavit
1146 2055 1660 2145 repurgandum
1709 2068 1775 2125 et
1823 2056 2380 2135 instaurandum,
2417 2067 2620 2141 atque
2647 2063 2723 2121 ut
2754 2051 3133 2121 monastica

589 2142 686 2212 ibi
738 2155 965 2232 posset
1011 2144 1142 2211 vita
1192 2144 1484 2223 institui,
1524 2145 1924 2214 commodis
1974 2144 2310 2213 aedificiis
2359 2140 2869 2212 instruendum.
2924 2145 3129 2210 Porro

588 2231 735 2320 ipse
784 2232 869 2299 ad
926 2231 1155 2299 sedem
1209 2232 1767 2301 suessionensem
1820 2255 1891 2301 se
1938 2234 2233 2323 recepit,
2289 2232 2409 2302 ubi
2458 2252 2623 2300 sane
2671 2231 2760 2299 ab
2807 2229 3133 2299 omnibus

587 2319 838 2409 cupide
876 2332 1219 2410 acceptus,
1273 2332 1338 2389 et
1386 2320 1603 2389 multo
1650 2319 1876 2390 favore
1923 2334 1989 2390 et
2035 2321 2263 2391 studio
2300 2331 2626 2390 tractatus
2664 2330 2790 2387 est.
2826 2319 3135 2388 Pervenit

588 2420 815 2477 autem
878 2408 962 2477 ad
1012 2410 1164 2498 ejus
1214 2409 1522 2478 notitiam
1581 2409 1784 2499 Regis
1832 2409 2132 2500 Philippi
2181 2411 2250 2479 in
2307 2407 2726 2496 quibusdam
2781 2406 3134 2496 culpanda

583 2498 718 2567 vita
750 2553 766 2579 ,
820 2510 885 2567 et
932 2512 1261 2600 perpetua
1322 2498 1787 2568 dissimulatio
1834 2521 2072 2569 eorum
2123 2520 2299 2586 quae
2345 2521 2504 2568 eum
2568 2499 2884 2566 coercere
2930 2518 3134 2586 opor-

587 2600 773 2668 teret,
814 2587 1184 2658 indiscreta
1207 2609 1480 2675 quoque
1506 2590 2001 2677 Episcoporum
2028 2597 2093 2656 et
2131 2587 2467 2657 Abbatum
2495 2586 2854 2675 promotio.
2891 2589 3132 2672 Itaque

585 2697 697 2744 ma
754 2697 839 2745 no
887 2676 1316 2745 afficiebatur
1366 2676 1585 2745 taedio
1634 2687 1911 2765 propter
1949 2698 2026 2744 ea
2058 2675 2262 2757 mala,
2317 2699 2496 2764 quae
2592 2675 2803 2744 assim
2848 2673 3128 2753 fiebant,

585 2765 705 2833 nul
742 2787 780 2834 o
830 2764 1330 2854 rempublicam
1397 2764 1789 2834 moderante
1837 2765 2338 2854 gubernatore,
2393 2777 2458 2834 et
2519 2698 2639 2833 ilia
2687 2784 2962 2851 quoque
3008 2783 3133 2831 no-

584 2852 710 2921 bili
757 2853 1178 2922 Rhemorum
1252 2851 1717 2922 moderatione
1783 2865 2215 2953 tepescente,
2284 2866 2562 2943 propter
2623 2851 3133 2942 metropolitani

577 2940 763 3029 juris
810 2942 1273 3030 ereptionem:
1314 2941 1406 3009 ita
1454 2954 1531 3011 ut
1574 2940 1961 3011 consultius
2009 2952 2331 3032 putarent
2379 2942 2698 3012 homines
2747 2941 2843 3029 pii
2884 2939 3135 3010 abdere

587 3049 660 3096 se
699 3029 767 3096 in
806 3028 1273 3109 solitudinem,
1311 3051 1519 3116 quam
1557 3029 1932 3098 multorum
1969 3030 2438 3101 contentiones
2468 3044 2533 3099 et
2572 3029 2917 3099 tumultus
2957 3029 3135 3098 exci-

588 3125 752 3185 tare.
807 3116 1001 3186 Illam
1034 3139 1196 3207 ergo
1226 3119 1779 3207 compunctionis
1805 3119 2167 3201 nutricem,
2205 3118 2393 3187 illam
2428 3120 2491 3186 vi
2547 3119 2824 3188 iliarum
2856 3130 2922 3187 et
2952 3117 3133 3219 psal-

586 3204 856 3273 modiae
907 3205 1240 3296 regulam,
1298 3205 1487 3274 illam
1570 3207 1769 3277 uietis
1799 3206 2161 3278 etdivinae
2197 3143 2797 3298 contempqationis
2827 3228 3123 3276 amicam

586 3292 1045 3363 inclusionem
1094 3293 1359 3383 repetiit
1388 3296 1491 3362 vir
1584 3308 1799 3375 entus,
1853 3295 2116 3386 eligens
2146 3297 2453 3388 abJectus
2491 3318 2639 3367 esse
2673 3297 2740 3363 in
2778 3293 2985 3364 domo
3023 3294 3131 3364 Dei

586 3382 720 3463 sui,
778 3382 999 3473 magis
1044 3404 1254 3469 quam
1304 3383 1536 3462 abire,
1612 3395 1826 3464 stare,
1881 3385 2116 3454 sedere
2164 3386 2235 3455 in
2283 3385 2589 3473 qualibet
2636 3384 2909 3453 divinae
2960 3383 3128 3475 legis

587 3470 1151 3561 transgressione.
1186 3475 1469 3539 Noverat
1499 3471 1681 3540 enim
1762 3484 2019 3542 otentes
2050 3486 2356 3563 potenter
2402 3484 2738 3542 tormenta
2822 3495 3125 3542 assuros.

585 3564 747 3628 Eam
788 3560 874 3628 ob
924 3582 1064 3628 rem
1101 3559 1468 3628 declinavit
1515 3583 1549 3626 a
1596 3582 1705 3628 ma
1740 3561 1820 3642 is,
1870 3574 1945 3630 ut
1978 3563 2133 3632 totis
2172 3563 2435 3632 viribus
2467 3562 2717 3631 faceret
2817 3583 2975 3643 ona,
3028 3583 3131 3630 es-

586 3662 823 3736 setque
854 3660 1136 3739 paratus
1165 3661 1231 3717 et
1267 3648 1565 3738 'pervigil
1616 3649 1701 3717 ad
1749 3648 2102 3719 confestim
2156 3651 2608 3740 aperiendum
2660 3651 2949 3719 Domino
2985 3650 3131 3742 pul-

585 3739 790 3807 santi.
847 3742 922 3807 In
973 3760 1048 3805 ea
1099 3750 1325 3806 autem
1381 3738 1766 3808 inclusione
1813 3737 2018 3807 vitam
2072 3739 2236 3809 vixit
2282 3738 2479 3808 valde
2526 3738 2845 3820 arduam,
2899 3752 2966 3808 et
2999 3739 3131 3808 vir-

587 3838 808 3897 tutum
863 3826 1113 3898 studiis
1161 3826 1524 3908 addictuS,
1572 3825 1752 3896 fame
1798 3839 1863 3896 et
1912 3827 2047 3909 siti,
2101 3829 2390 3918 jejuniis
2450 3826 2712 3908 multiS,
2770 3827 3025 3929 frigore
3071 3839 3132 3895 et

586 3917 896 3985 nuditate
930 3938 1003 3985 se
1035 3914 1296 3995 afflixit,
1350 3936 1623 4006 semper
1669 3937 2021 4006 occupans
2069 3930 2367 3986 mentem
2396 3913 2615 3986 'suam
2660 3915 2949 3985 scientia
2990 3916 3125 3995 Dei,

584 4005 917 4074 charitate
967 4026 1101 4074 non
1134 4005 1315 4084 ficta,
1372 4007 1578 4074 verbo
1627 4005 1951 4087 veritatis,
2005 4005 2075 4074 in
2115 4006 2359 4075 virtute
2400 4006 2539 4086 Dei,
2593 4004 2662 4073 in
2712 4004 3130 4095 longanimi-

586 4102 741 4174 tate,
787 4094 857 4162 in
893 4093 1248 4175 suavitate,
1289 4093 1359 4161 in
1397 4094 1656 4183 Spiritu
1692 4098 1961 4165 Sancto.
2015 4099 2164 4181 (Em
2210 4100 2273 4166 2.
2332 4099 2475 4166 Cor.
2529 4117 2616 4175 vr,
2662 4100 2726 4174 5,
2770 4099 2863 4180 6).

676 4184 710 4268 ἓ
759 4183 904 4253 48.
962 4188 1226 4252 Rursus
1273 4193 1502 4251 autem
1569 4184 2081 4273 emergentibus
2138 4182 2556 4271 quibusdam
2615 4183 2823 4252 rebus
2870 4182 3130 4273 impor-

591 4269 800 4348 tuniS,
859 4270 1231 4340 nobiliores
1276 4271 1533 4359 quique
1588 4271 2180 4363 Aldenburgenses
2227 4294 2386 4342 cum
2436 4270 2813 4363 Everolpho
2845 4271 3129 4361 presby·

588 4366 731 4425 tero
773 4369 1158 4428 statuerunt
1205 4359 1303 4429 ire
1351 4360 1435 4429 ad
1497 4358 1720 4428 virum
1766 4361 1929 4442 Dei,
1997 4375 2063 4431 et
2122 4382 2395 4430 omnem
2449 4382 2718 4430 movere
2783 4360 3122 4450 lapidem,

586 4456 664 4514 ut
727 4466 885 4513 eum
956 4445 1358 4517 reducerent
1425 4448 1493 4516 in
1564 4447 2000 4530 Flandriam,
2066 4450 2271 4521 rebus
2327 4448 2469 4518 illis
2519 4461 2584 4518 et
2639 4449 2871 4519 causis
2922 4449 3125 4519 finem
