3308 5004
204 325 393 394 AUG.
446 327 532 393 20
882 346 960 393 ns
1006 345 1062 394 s.
1116 343 1446 393 naamano
1494 343 1636 391 aaa.
1692 341 2074 393 cunnus..
2537 326 2668 393 443

202 425 312 495 vir
360 446 680 516 magum,
714 436 780 494 et
815 446 1229 516 magnopere
1267 425 1339 493 in
1382 422 1616 495 seculo
1658 423 2031 496 radicatus.
2075 427 2202 497 Hic
2241 426 2549 520 primum
2586 447 2758 516 pau-

205 514 432 585 lulum
466 514 839 596 haesitanS,
879 514 997 584 sed
1028 514 1358 585 continuo
1390 534 1532 582 rem
1575 513 2013 603 perpendens
2044 530 2110 586 et
2139 516 2551 607 recogitanS,
2598 534 2759 583 con-

204 603 505 674 versioni
554 603 925 683 consensit,
979 603 1034 673 si
1088 615 1314 672 tamen
1365 602 1621 691 conjux
1667 615 2027 673 annueret.
2071 610 2318 675 Verum
2361 603 2432 674 id
2473 601 2757 691 quidem

206 692 296 762 de
341 690 710 781 juvencula
751 692 991 775 nobili,
1030 702 1097 762 et
1129 689 1453 782 parvulas
1494 689 1674 760 filias
1717 692 2073 775 nutrienti,
2117 715 2290 785 pene
2330 691 2761 784 impossibile

206 781 596 851 videbatur.
640 785 717 851 At
755 780 1146 850 Bernardus
1185 779 1269 849 de
1304 778 1777 851 misericordia
1820 782 2091 851 Domini
2129 804 2321 873 spem
2361 781 2760 870 concipiens

207 870 591 951 certiorem,
629 870 1112 939 incunctanter
1139 868 1200 939 ei
1241 868 1636 959 spopondit,
1672 881 1793 939 aut
1823 891 2318 942 consensuram
2353 869 2753 951 foeminam,

207 972 327 1030 aut
372 958 683 1030 celeriter
731 958 1163 1029 morituram.
1218 962 1504 1027 Demum
1553 979 1716 1028 cum
1765 959 2185 1030 omnimodis
2230 958 2351 1030 illa
2415 970 2753 1040 renueret,

211 1061 277 1118 et
322 1049 428 1118 vir
473 1048 622 1139 ejus
675 1070 780 1117 ma
838 1048 1187 1124 nummus,
1243 1046 1457 1116 immo
1503 1069 1584 1116 ea
1620 1047 1768 1137 jam
1824 1062 2233 1137 praeventus
2280 1048 2529 1118 virtute
2566 1046 2754 1127 fidei,

209 1136 280 1207 in
329 1160 469 1226 qua
518 1071 957 1228 postmodum
1005 1134 1414 1206 excellenter
1444 1136 1752 1218 emicuit,
1797 1136 1993 1207 virile
2029 1136 2426 1218 eonsilium,
2476 1136 2759 1206 Domino

204 1226 616 1318 inspirante,
672 1226 1027 1317 concepit:
1082 1238 1158 1295 ut
1204 1224 1540 1317 abjiciens
1586 1224 1921 1312 quicquid
1973 1226 2227 1297 habere
2274 1225 2638 1296 videbatur
2686 1224 2756 1292 in

205 1315 465 1396 seculo,
522 1315 725 1385 vitam
781 1315 1169 1386 institueret
1216 1314 1678 1390 rusticanam,
1732 1313 2044 1385 laborare
2110 1315 2370 1386 scilieet
2434 1314 2758 1384 manibus

205 1405 534 1495 propriiS,
585 1404 773 1473 unde
822 1426 1019 1475 suam
1071 1414 1486 1474 sustentaret
1532 1414 1598 1472 et
1644 1404 1877 1473 uxoris
1924 1405 2160 1484 vitam,
2216 1426 2421 1493 quam
2468 1402 2755 1472 invitam

206 1492 552 1564 dimittere
599 1514 734 1562 non
785 1492 1057 1564 licebat.
1095 1492 1378 1562 Interim
1421 1492 1819 1583 supervenit
1847 1494 2262 1575 BernarduS,
2350 1493 2419 1562 ui
2451 1491 2759 1578 undiquc

207 1581 383 1653 alios
414 1594 619 1670 atque
650 1581 823 1652 alios
857 1580 1223 1672 colligebat
1255 1581 1681 1651 discurrens.
1717 1585 1848 1652 Nec
1882 1604 2095 1653 mora:
2137 1583 2310 1673 ssage
2342 1581 2527 1652 latur
2558 1601 2753 1671 prae-

203 1669 387 1741 dicta
436 1692 609 1742 uxor
656 1670 991 1741 Gnidonis
1038 1670 1356 1772 graviter.
1410 1675 1489 1739 Et
1534 1691 1945 1760 agnoscens,
1980 1672 2148 1759 quia
2178 1693 2382 1762 grave
2420 1670 2554 1740 sibi
2584 1680 2762 1739 esset

205 1774 443 1830 contra
494 1758 856 1829 stimulum
907 1759 1287 1841 calcitrare,
1331 1759 1662 1829 accersito
1702 1760 2071 1839 Bet-nardo,
2120 1761 2387 1831 veniam
2427 1759 2758 1848 depreca-

204 1858 343 1930 tur,
396 1861 462 1918 et
493 1848 681 1939 prior
712 1848 864 1938 ipsa
902 1848 1373 1919 conversionis
1414 1848 1580 1940 petit
1617 1869 2007 1918 assensum.
2056 1850 2360 1937 Denique
2383 1848 2582 1938 juxta
2616 1869 2760 1916 mo-

204 1959 350 2007 rem
401 1937 946 2007 ecclesiasticum
999 1950 1310 2027 separata
1359 1959 1399 2007 a
1448 1937 1615 2019 viro,
1670 1936 2165 2009 interveniente
2215 1937 2419 2030 parili
2458 1950 2609 2006 voto
2642 1958 2759 2005 ca-

207 2026 481 2107 stitatis,
528 2026 597 2096 in
640 2040 909 2097 coetum
949 2025 1581 2097 sanctimonialium
1624 2026 1873 2098 transit
1910 2025 2396 2109 foeminarum,
2443 2025 2760 2116 religiose

207 2135 430 2202 usque
478 2114 685 2186 hodie
730 2116 1038 2187 serviens
1086 2120 1241 2184 Deo.
2807 2125 2810 2128 ’

297 2206 334 2291 ξ
381 2207 542 2275 Ιθ.
595 2204 954 2274 Secundus
1004 2217 1169 2274 natu
1218 2214 1369 2294 post
1417 2202 1828 2285 Gnidonem,
1886 2204 2232 2275 Gerardus
2278 2216 2425 2273 erat
2469 2203 2504 2239 ³*
2556 2201 2760 2273 miles

212 2291 283 2361 in
315 2293 529 2362 armis
563 2306 913 2368 strenuus,
956 2305 1022 2363 et
1057 2313 1347 2383 magnae
1382 2291 1812 2382 prudentiae,
1856 2306 1922 2363 et
1952 2293 2399 2394 benignitatis
2434 2292 2753 2371 eximiae,

210 2393 277 2450 et
320 2380 442 2468 qui
473 2380 560 2451 ab
590 2382 918 2452 omnibus
948 2381 1389 2472 diligebatur.
1436 2381 1565 2464 Qui
1598 2382 1910 2462 caeteris,
1948 2395 2025 2453 ut
2063 2382 2326 2452 dictum
2363 2394 2488 2462 est,
2531 2381 2756 2471 primo

210 2469 455 2541 auditu
501 2483 566 2541 et
613 2471 839 2562 prima
885 2471 996 2542 die
1044 2469 1647 2560 acquiescentibus
1678 2527 1693 2553 ,
1748 2484 1823 2541 ut
1869 2485 1971 2542 est
2021 2492 2169 2542 mos
2216 2470 2598 2562 sapientiae
2648 2490 2758 2539 se-

207 2559 504 2640 culariS,
559 2559 896 2630 levitatem
949 2573 1275 2651 reputans
1304 2615 1321 2640 ,
1375 2560 1720 2631 obstinato
1767 2561 2001 2632 animo
2049 2559 2327 2631 salubre
2373 2558 2750 2629 consilium

207 2661 277 2717 et
321 2647 551 2718 fratris
600 2650 860 2720 monita
911 2648 1302 2740 repellebat.
1356 2653 1528 2718 Tum
1580 2649 1971 2719 Bernardus
2002 2704 2017 2730 ,
2072 2650 2206 2719 fide
2245 2650 2392 2739 jam
2460 2649 2751 2739 igneuS,

208 2750 275 2808 et
322 2737 662 2809 fraternae
707 2738 1062 2810 eharitatis
1106 2738 1251 2808 zelo
1300 2738 1555 2807 mirum
1607 2752 2050 2829 exasperatus
2088 2738 2160 2807 in
2195 2737 2522 2808 modum:
2578 2736 2753 2815 Scio,

210 2827 461 2914 inquit,
497 2827 682 2897 scio:
720 2828 884 2915 quia
918 2826 1062 2898 sola
1100 2826 1359 2897 vexatio
1387 2826 1581 2896 dabit
1612 2826 2065 2898 intellectum.
2097 2827 2538 2929 Digitumque
2565 2825 2761 2895 lateri

206 2916 362 3007 ejus
406 2918 785 3006 apponen'S,
840 2939 877 2984 «
927 2917 1183 2998 Veniet,
1240 2916 1488 3003 inquit,
1541 2914 1713 2998 dies,
1765 2929 1831 2986 et
1876 2916 2011 2987 cito
2061 2927 2320 2998 veniet,
2387 2936 2546 2985 cum
2607 2914 2759 2984 lan-

208 3027 330 3074 cea
379 3003 574 3074 lateri
623 3006 784 3076 huic
833 3006 1067 3087 infixa,
1124 3005 1436 3096 pervium
1487 3003 1689 3075 faciet
1738 3005 1864 3076 iter
1911 3004 1997 3076 ad
2046 3026 2165 3075 cor
2211 3017 2408 3075 tuum
2459 3003 2755 3074 consilio

209 3092 458 3164 salutis
506 3105 662 3164 tuae
691 3149 708 3177 ,
760 3093 944 3182 quod
993 3094 1426 3186 aspernaris:
1479 3108 1546 3165 et
1589 3094 1868 3165 timebis
1912 3093 2192 3182 quidem
2228 3149 2243 3175 ,
2297 3092 2414 3163 sed
2469 3092 2760 3162 minime

207 3182 551 3253 morieriS.
608 3206 644 3250 »
696 3183 804 3253 Sic
851 3183 1139 3268 dictum,
1194 3184 1428 3272 sicque
1474 3182 1732 3254 factum
1773 3195 1899 3253 est.
1943 3183 2351 3253 Paucissimi
2392 3181 2758 3283 interposi-

212 3271 300 3342 tis
329 3270 602 3352 diebu3‚
641 3272 1204 3343 circumvallatus
1233 3273 1319 3343 ab
1361 3272 1691 3353 inimicis,
1732 3285 1977 3363 captus
2009 3284 2075 3341 et
2104 3271 2531 3352 vulneratuS,
2601 3283 2762 3340 uxta

207 3360 494 3430 verbum
547 3359 823 3441 fratris,
880 3359 1190 3430 lanceam
1240 3372 1519 3453 gestans
1564 3361 1701 3452 ipsi
1751 3361 1993 3443 lateri,
2045 3359 2409 3448 eidemque
2467 3360 2536 3428 in
2600 3381 2755 3429 xam

212 3447 389 3530 loco,
447 3448 869 3530 trahebatur,
913 3463 978 3520 et
1017 3462 1301 3521 mortem
1343 3449 1546 3538 quasi
1573 3451 1722 3540 jam
1764 3462 2190 3541 praesentem
2237 3461 2574 3531 metuenS,
2620 3447 2760 3518 ela-

215 3538 490 3607 mabat:
531 3538 908 3608 Monachus
939 3560 1121 3619 sum,
1159 3538 1545 3609 monachus
1574 3561 1732 3609 sum
1767 3536 2251 3610 cisterciensis.
2290 3536 2759 3608 Nihilominus

211 3639 440 3697 tamen
490 3640 738 3718 captus
783 3638 848 3696 et
895 3626 1206 3698 reclusus
1253 3628 1323 3696 in
1374 3628 1691 3698 custodia
1739 3641 1864 3698 est.
1902 3632 2192 3697 Vocatus
2230 3638 2335 3696 est
2368 3625 2761 3697 Bernardus

211 3737 333 3874 ger
363 3714 656 3786 celerem
687 3716 1050 3798 nuncium,
1088 3728 1154 3786 et
1181 3716 1524 3805 acquievit
1563 3716 2027 3804 aliquatenus,
2061 3729 2140 3785 ut
2173 3714 2455 3786 veniret:
2503 3737 2539 3782 «
2580 3714 2760 3784 Scie-

261 3826 397 3887 am,
452 3804 701 3892 inquit,
754 3816 819 3875 et
867 3804 1363 3895 praedixeram,
1416 3805 1602 3893 quod
1637 3804 1810 3876 foret
1846 3805 1908 3875 ei
1942 3804 2200 3875 durum
2238 3817 2475 3874 contra
2510 3804 2760 3873 stimu—

211 3892 359 3963 lum
409 3894 803 3964 calcitrare:
857 3915 981 3963 nec
1030 3906 1255 3963 tamen
1305 3894 1392 3965 ad
1444 3907 1732 3966 mortem
1782 3894 1844 3964 ei
1884 3892 2141 3963 vulnus
2178 3892 2332 3973 hoe,
2377 3891 2494 3962 sed
2537 3890 2620 3961 ad
2659 3890 2760 3959 vi-

212 3994 380 4053 tam.
436 4006 472 4050 »
521 3988 599 4052 Et
645 3983 899 4052 factum
949 3994 1049 4052 est
1096 3983 1213 4052 ita.
1268 3982 1619 4071 Siquidem
1657 3983 1742 4054 de
1775 3980 2057 4053 vulnere
2091 3992 2359 4072 praeter
2395 4001 2587 4071 spem
2624 3980 2760 4050 cito

213 4071 605 4141 convaluit:
660 4071 1088 4161 propositum
1138 4093 1297 4141 vero
1344 4093 1468 4143 seu
1515 4085 1775 4154 votum,
1828 4070 2014 4159 quod
2063 4083 2358 4152 voverat,
2417 4089 2552 4138 non
2605 4091 2761 4138 mu-

216 4159 407 4229 tavit.
459 4165 767 4248 Cumque
806 4160 954 4248 jam
1003 4159 1178 4230 liber
1223 4160 1311 4229 ab
1358 4182 1591 4230 amore
1640 4160 1882 4240 seculi,
1937 4157 2304 4231 hostilibus
2343 4157 2573 4228 adhuc
2610 4158 2759 4226 vin-

214 4247 395 4318 culis
445 4261 808 4330 teneretur,
860 4262 924 4319 et
972 4248 1101 4318 hoc
1148 4248 1373 4319 solum
1423 4262 1625 4329 esset,
1682 4248 1863 4337 quod
1917 4247 2385 4319 conversionis
2416 4247 2568 4338 ejus
2603 4268 2758 4338 pro-

214 4336 518 4428 positum
570 4338 964 4421 retardaret,
1019 4338 1088 4407 in
1139 4337 1269 4408 hoc
1315 4337 1522 4408 etiam
1554 4338 1689 4408 cito
1719 4338 1916 4408 affuit
1956 4335 2056 4405 illi
2101 4336 2575 4407 misericordia
2615 4336 2753 4408 Dei.

268 4464 295 4489 ⁶
323 4461 439 4505 Vide
455 4465 745 4515 praecluum
764 4464 820 4506 de
839 4474 896 4506 eo
916 4465 1142 4515 scriptum
1160 4475 1189 4505 ο
1207 4464 1252 4506 Β.
1269 4464 1417 4506 nnn-0
1433 4463 1681 4505 funebrem
1698 4464 1964 4505 orationem
1984 4463 2033 4504 tn
2054 4459 2180 4504 surii
2200 4463 2300 4504 Vol.
2323 4472 2384 4511 vt.
2401 4472 2446 4514 p.
2466 4464 2557 4505 28³.
