<?xml version="1.0" encoding="UTF-8"?>
<!DOCTYPE html PUBLIC "-//W3C//DTD XHTML 1.0 Transitional//EN"
    "http://www.w3.org/TR/xhtml1/DTD/xhtml1-transitional.dtd">
<html xmlns="http://www.w3.org/1999/xhtml" xml:lang="en" lang="en">
 <head>
  <title>
</title>
<meta http-equiv="Content-Type" content="text/html;charset=utf-8" />
  <meta name='ocr-system' content='tesseract 3.04.00' />
  <meta name='ocr-capabilities' content='ocr_page ocr_carea ocr_par ocr_line ocrx_word'/>
</head>
<body>
  <div class='ocr_page' id='page_1' title='image "./historiaeseuvit01lippgoog_0829.png"; bbox 0 0 3308 5004; ppageno 0'>
   <div class='ocr_carea' id='block_1_1' title="bbox 162 312 2603 387">
    <p class='ocr_par' dir='ltr' id='par_1_1' title="bbox 162 312 2603 387">
     <span class='ocr_line' id='line_1_1' title="bbox 162 312 2603 387; baseline 0.003 -8"><span class='ocrx_word' id='word_1_1' title='bbox 162 312 328 381; x_wconf 79' lang='lat' dir='ltr'>AUG.</span> <span class='ocrx_word' id='word_1_2' title='bbox 383 313 468 379; x_wconf 89' lang='grc'>30</span> <span class='ocrx_word' id='word_1_3' title='bbox 952 335 1033 381; x_wconf 72' lang='lat' dir='ltr'>m:</span> <span class='ocrx_word' id='word_1_4' title='bbox 1081 335 1138 383; x_wconf 89' lang='lat' dir='ltr'>s.</span> <span class='ocrx_word' id='word_1_5' title='bbox 1191 335 1443 384; x_wconf 67' lang='lat' dir='ltr'>rmcmo</span> <span class='ocrx_word' id='word_1_6' title='bbox 1490 335 1889 385; x_wconf 72' lang='lat' dir='ltr'>conrzssoan</span> <span class='ocrx_word' id='word_1_7' title='bbox 2474 313 2603 387; x_wconf 69' lang='lat'>745</span> 
     </span>
    </p>
   </div>
   <div class='ocr_carea' id='block_1_2' title="bbox 151 416 2696 1131">
    <p class='ocr_par' dir='ltr' id='par_1_2' title="bbox 151 416 2696 1131">
     <span class='ocr_line' id='line_1_2' title="bbox 159 416 2691 511; baseline 0.002 -23"><span class='ocrx_word' id='word_1_8' title='bbox 159 416 453 488; x_wconf 89' lang='lat' dir='ltr'>roborari</span> <span class='ocrx_word' id='word_1_9' title='bbox 499 438 581 488; x_wconf 87' lang='lat' dir='ltr'>ac</span> <span class='ocrx_word' id='word_1_10' title='bbox 628 417 1029 489; x_wconf 85' lang='lat' dir='ltr'>confirmari</span> <span class='ocrx_word' id='word_1_11' title='bbox 1075 431 1386 510; x_wconf 84' lang='lat' dir='ltr'>oportere</span> <span class='ocrx_word' id='word_1_12' title='bbox 1420 476 1437 503; x_wconf 95' lang='lat'>,</span> <span class='ocrx_word' id='word_1_13' title='bbox 1489 432 1568 492; x_wconf 91' lang='lat' dir='ltr'>ut</span> <span class='ocrx_word' id='word_1_14' title='bbox 1612 420 1894 511; x_wconf 91' lang='lat' dir='ltr'>quando</span> <span class='ocrx_word' id='word_1_15' title='bbox 1941 421 2073 491; x_wconf 92' lang='lat' dir='ltr'>hoc</span> <span class='ocrx_word' id='word_1_16' title='bbox 2121 420 2241 492; x_wconf 89' lang='lat' dir='ltr'>ille</span> <span class='ocrx_word' id='word_1_17' title='bbox 2287 433 2516 493; x_wconf 92' lang='lat' dir='ltr'>ratum</span> <span class='ocrx_word' id='word_1_18' title='bbox 2569 422 2691 492; x_wconf 90' lang='lat' dir='ltr'>ha-</span> 
     </span>
     <span class='ocr_line' id='line_1_3' title="bbox 159 505 2695 603; baseline 0.002 -26"><span class='ocrx_word' id='word_1_19' title='bbox 159 506 353 587; x_wconf 87' lang='lat' dir='ltr'>beret,</span> <span class='ocrx_word' id='word_1_20' title='bbox 404 517 472 576; x_wconf 91' lang='lat' dir='ltr'>et</span> <span class='ocrx_word' id='word_1_21' title='bbox 519 505 782 597; x_wconf 90' lang='lat' dir='ltr'>religio,</span> <span class='ocrx_word' id='word_1_22' title='bbox 819 518 886 578; x_wconf 87' lang='lat' dir='ltr'>et</span> <span class='ocrx_word' id='word_1_23' title='bbox 916 508 1298 579; x_wconf 78' lang='lat' dir='ltr'><strong>beatissimi</strong></span> <span class='ocrx_word' id='word_1_24' title='bbox 1332 510 1620 580; x_wconf 88' lang='lat' dir='ltr'>Bononii</span> <span class='ocrx_word' id='word_1_25' title='bbox 1670 510 2236 581; x_wconf 83' lang='lat' dir='ltr'>commemoratio</span> <span class='ocrx_word' id='word_1_26' title='bbox 2279 511 2527 603; x_wconf 88' lang='lat' dir='ltr'>majori</span> <span class='ocrx_word' id='word_1_27' title='bbox 2560 513 2695 601; x_wconf 89' lang='lat' dir='ltr'>pie·</span> 
     </span>
     <span class='ocr_line' id='line_1_4' title="bbox 159 594 2694 691; baseline 0.002 -26"><span class='ocrx_word' id='word_1_28' title='bbox 159 606 278 665; x_wconf 91' lang='lat' dir='ltr'>tate</span> <span class='ocrx_word' id='word_1_29' title='bbox 314 594 856 667; x_wconf 82' lang='lat' dir='ltr'><strong>celebrarentur.</strong></span> <span class='ocrx_word' id='word_1_30' title='bbox 894 602 1182 667; x_wconf 81' lang='lat' dir='ltr'>Romam</span> <span class='ocrx_word' id='word_1_31' title='bbox 1220 619 1384 689; x_wconf 90' lang='lat' dir='ltr'>ergo</span> <span class='ocrx_word' id='word_1_32' title='bbox 1417 598 1499 668; x_wconf 90' lang='lat' dir='ltr'>ad</span> <span class='ocrx_word' id='word_1_33' title='bbox 1550 604 1889 669; x_wconf 72' lang='lat' dir='ltr'>Ioannem</span> <span class='ocrx_word' id='word_1_34' title='bbox 1940 599 2338 671; x_wconf 85' lang='lat' dir='ltr'>Pontificem</span> <span class='ocrx_word' id='word_1_35' title='bbox 2385 601 2544 691; x_wconf 92' lang='lat' dir='ltr'>pius</span> <span class='ocrx_word' id='word_1_36' title='bbox 2584 601 2694 671; x_wconf 91' lang='lat' dir='ltr'>hic</span> 
     </span>
     <span class='ocr_line' id='line_1_5' title="bbox 157 683 2696 778; baseline 0.002 -25"><span class='ocrx_word' id='word_1_37' title='bbox 157 683 443 776; x_wconf 82' lang='lat' dir='ltr'>pontifex</span> <span class='ocrx_word' id='word_1_38' title='bbox 485 684 879 775; x_wconf 77' lang='lat' dir='ltr'>proiectus,</span> <span class='ocrx_word' id='word_1_39' title='bbox 949 699 1342 777; x_wconf 82' lang='lat' dir='ltr'>postquam,</span> <span class='ocrx_word' id='word_1_40' title='bbox 1398 688 1980 770; x_wconf 89' lang='lat' dir='ltr'>commemoratis,</span> <span class='ocrx_word' id='word_1_41' title='bbox 2032 710 2212 776; x_wconf 92' lang='lat' dir='ltr'>quae</span> <span class='ocrx_word' id='word_1_42' title='bbox 2258 687 2347 758; x_wconf 89' lang='lat' dir='ltr'>ad</span> <span class='ocrx_word' id='word_1_43' title='bbox 2395 690 2544 778; x_wconf 91' lang='lat' dir='ltr'>ejus</span> <span class='ocrx_word' id='word_1_44' title='bbox 2593 712 2696 759; x_wconf 90' lang='lat' dir='ltr'>se-</span> 
     </span>
     <span class='ocr_line' id='line_1_6' title="bbox 156 772 2694 867; baseline 0.002 -24"><span class='ocrx_word' id='word_1_45' title='bbox 156 773 462 865; x_wconf 86' lang='lat' dir='ltr'>pulcrum</span> <span class='ocrx_word' id='word_1_46' title='bbox 512 772 917 855; x_wconf 87' lang='lat' dir='ltr'><strong>edebantur,</strong></span> <span class='ocrx_word' id='word_1_47' title='bbox 959 775 1344 856; x_wconf 77' lang='lat' dir='ltr'>miraculiS,</span> <span class='ocrx_word' id='word_1_48' title='bbox 1387 775 1473 845; x_wconf 91' lang='lat' dir='ltr'>de</span> <span class='ocrx_word' id='word_1_49' title='bbox 1519 776 1674 867; x_wconf 90' lang='lat' dir='ltr'>ejus</span> <span class='ocrx_word' id='word_1_50' title='bbox 1722 777 2079 848; x_wconf 85' lang='lat' dir='ltr'>sanctitate</span> <span class='ocrx_word' id='word_1_51' title='bbox 2128 777 2337 847; x_wconf 84' lang='lat' dir='ltr'>fidem</span> <span class='ocrx_word' id='word_1_52' title='bbox 2390 778 2558 850; x_wconf 89' lang='lat' dir='ltr'>satis</span> <span class='ocrx_word' id='word_1_53' title='bbox 2598 778 2694 849; x_wconf 90' lang='lat' dir='ltr'>fe—</span> 
     </span>
     <span class='ocr_line' id='line_1_7' title="bbox 155 863 2689 956; baseline 0.001 -23"><span class='ocrx_word' id='word_1_54' title='bbox 155 863 343 933; x_wconf 89' lang='lat' dir='ltr'>cisset</span> <span class='ocrx_word' id='word_1_55' title='bbox 373 915 395 942; x_wconf 92' lang='lat'>‚</span> <span class='ocrx_word' id='word_1_56' title='bbox 448 883 813 933; x_wconf 87' lang='lat' dir='ltr'>assensum</span> <span class='ocrx_word' id='word_1_57' title='bbox 885 864 1118 933; x_wconf 90' lang='lat' dir='ltr'>statim</span> <span class='ocrx_word' id='word_1_58' title='bbox 1167 877 1232 935; x_wconf 89' lang='lat' dir='ltr'>et</span> <span class='ocrx_word' id='word_1_59' title='bbox 1278 864 1850 956; x_wconf 85' lang='lat' dir='ltr'>approbationem</span> <span class='ocrx_word' id='word_1_60' title='bbox 1917 867 2361 956; x_wconf 80' lang='lat' dir='ltr'>impetravit,</span> <span class='ocrx_word' id='word_1_61' title='bbox 2413 889 2497 936; x_wconf 90' lang='lat' dir='ltr'>ac</span> <span class='ocrx_word' id='word_1_62' title='bbox 2547 881 2689 938; x_wconf 90' lang='lat' dir='ltr'>tum</span> 
     </span>
     <span class='ocr_line' id='line_1_8' title="bbox 151 950 2695 1045; baseline 0.001 -23"><span class='ocrx_word' id='word_1_63' title='bbox 151 950 424 1022; x_wconf 88' lang='lat' dir='ltr'>domum</span> <span class='ocrx_word' id='word_1_64' title='bbox 456 973 771 1022; x_wconf 87' lang='lat' dir='ltr'>reversus</span> <span class='ocrx_word' id='word_1_65' title='bbox 802 951 1017 1022; x_wconf 91' lang='lat' dir='ltr'>altare</span> <span class='ocrx_word' id='word_1_66' title='bbox 1048 974 1209 1023; x_wconf 91' lang='lat' dir='ltr'>cum</span> <span class='ocrx_word' id='word_1_67' title='bbox 1243 975 1496 1045; x_wconf 87' lang='lat' dir='ltr'>magna</span> <span class='ocrx_word' id='word_1_68' title='bbox 1515 955 1890 1030; x_wconf 68' lang='lat' dir='ltr'>universae</span> <span class='ocrx_word' id='word_1_69' title='bbox 1932 954 2154 1045; x_wconf 91' lang='lat' dir='ltr'>plebis</span> <span class='ocrx_word' id='word_1_70' title='bbox 2194 956 2454 1027; x_wconf 90' lang='lat' dir='ltr'>laetitia</span> <span class='ocrx_word' id='word_1_71' title='bbox 2482 956 2695 1026; x_wconf 78' lang='lat' dir='ltr'>erexit</span> 
     </span>
     <span class='ocr_line' id='line_1_9' title="bbox 154 1040 2256 1131; baseline 0 -19"><span class='ocrx_word' id='word_1_72' title='bbox 154 1060 225 1112; x_wconf 87' lang='lat' dir='ltr'>ac</span> <span class='ocrx_word' id='word_1_73' title='bbox 261 1040 704 1123; x_wconf 85' lang='lat' dir='ltr'>consecravit,</span> <span class='ocrx_word' id='word_1_74' title='bbox 749 1040 1121 1131; x_wconf 82' lang='lat' dir='ltr'>adjuvante</span> <span class='ocrx_word' id='word_1_75' title='bbox 1172 1044 1461 1114; x_wconf 92' lang='lat' dir='ltr'>Domino</span> <span class='ocrx_word' id='word_1_76' title='bbox 1513 1055 1747 1116; x_wconf 89' lang='lat' dir='ltr'>nostro</span> <span class='ocrx_word' id='word_1_77' title='bbox 1773 1043 1936 1115; x_wconf 87' lang='lat' dir='ltr'>Jesu</span> <span class='ocrx_word' id='word_1_78' title='bbox 1968 1043 2256 1115; x_wconf 87' lang='lat' dir='ltr'>Christo.</span> 
     </span>
    </p>
   </div>
   <div class='ocr_carea' id='block_1_3' title="bbox 418 1356 2412 1493">
    <p class='ocr_par' dir='ltr' id='par_1_3' title="bbox 418 1356 2412 1493">
     <span class='ocr_line' id='line_1_10' title="bbox 418 1356 2412 1493; baseline 0.003 -37"><span class='ocrx_word' id='word_1_79' title='bbox 418 1356 650 1458; x_wconf 86' lang='lat' dir='ltr'>VlTA</span> <span class='ocrx_word' id='word_1_80' title='bbox 720 1358 807 1461; x_wconf 90' lang='lat' dir='ltr'>S.</span> <span class='ocrx_word' id='word_1_81' title='bbox 877 1356 1268 1462; x_wconf 84' lang='lat' dir='ltr'>FlACRll</span> <span class='ocrx_word' id='word_1_82' title='bbox 1315 1358 1627 1493; x_wconf 45' lang='lat' dir='ltr'>,CONR</span> <span class='ocrx_word' id='word_1_83' title='bbox 1699 1361 1820 1461; x_wconf 88' lang='lat' dir='ltr'>ET</span> <span class='ocrx_word' id='word_1_84' title='bbox 1886 1360 2412 1464; x_wconf 82' lang='lat' dir='ltr'>EREMlTAE</span> 
     </span>
    </p>
   </div>
   <div class='ocr_carea' id='block_1_4' title="bbox 314 1613 2517 1775">
    <p class='ocr_par' dir='ltr' id='par_1_4' title="bbox 314 1613 2517 1775">
     <span class='ocr_line' id='line_1_11' title="bbox 314 1613 2517 1670; baseline 0.001 -5"><span class='ocrx_word' id='word_1_85' title='bbox 314 1616 395 1665; x_wconf 86' lang='lat' dir='ltr'>UT</span> <span class='ocrx_word' id='word_1_86' title='bbox 443 1613 735 1665; x_wconf 71' lang='lat' dir='ltr'>HABETUR</span> <span class='ocrx_word' id='word_1_87' title='bbox 795 1617 863 1666; x_wconf 77' lang='lat' dir='ltr'>m</span> <span class='ocrx_word' id='word_1_88' title='bbox 909 1617 1178 1666; x_wconf 84' lang='lat' dir='ltr'>EGREGIO</span> <span class='ocrx_word' id='word_1_89' title='bbox 1226 1615 1450 1666; x_wconf 73' lang='lat' dir='ltr'>conlcss</span> <span class='ocrx_word' id='word_1_90' title='bbox 1497 1619 1602 1667; x_wconf 72' lang='lat' dir='ltr'>HS.</span> <span class='ocrx_word' id='word_1_91' title='bbox 1665 1616 2005 1668; x_wconf 72' lang='lat' dir='ltr'>ECCLESIAE</span> <span class='ocrx_word' id='word_1_92' title='bbox 2063 1618 2517 1670; x_wconf 72' lang='lat' dir='ltr'>TRAJECTENsts</span> 
     </span>
     <span class='ocr_line' id='line_1_12' title="bbox 885 1723 1932 1775; baseline 0.003 -4"><span class='ocrx_word' id='word_1_93' title='bbox 885 1725 999 1772; x_wconf 78' lang='lat' dir='ltr'>SED</span> <span class='ocrx_word' id='word_1_94' title='bbox 1046 1725 1289 1772; x_wconf 75' lang='lat' dir='ltr'>DEERAT</span> <span class='ocrx_word' id='word_1_95' title='bbox 1335 1723 1644 1773; x_wconf 82' lang='lat' dir='ltr'>AUCTORIS</span> <span class='ocrx_word' id='word_1_96' title='bbox 1691 1724 1932 1775; x_wconf 72' lang='lat' dir='ltr'>Notum.</span> 
     </span>
    </p>
   </div>
   <div class='ocr_carea' id='block_1_5' title="bbox 704 1901 2109 1962">
    <p class='ocr_par' dir='ltr' id='par_1_5' title="bbox 704 1901 2109 1962">
     <span class='ocr_line' id='line_1_13' title="bbox 704 1901 2109 1962; baseline 0.001 -3"><span class='ocrx_word' id='word_1_97' title='bbox 704 1901 893 1960; x_wconf 80' lang='lat' dir='ltr'>Obiit</span> <span class='ocrx_word' id='word_1_98' title='bbox 933 1916 1112 1959; x_wconf 77' lang='lat' dir='ltr'>anno</span> <span class='ocrx_word' id='word_1_99' title='bbox 1155 1903 1283 1959; x_wconf 84' lang='lat'>670</span> <span class='ocrx_word' id='word_1_100' title='bbox 1324 1932 1401 1943; x_wconf 93' lang='lat'><strong>—</strong></span> <span class='ocrx_word' id='word_1_101' title='bbox 1443 1903 1739 1960; x_wconf 67' lang='lat' dir='ltr'>Ratione</span> <span class='ocrx_word' id='word_1_102' title='bbox 1779 1904 2109 1962; x_wconf 75' lang='lat' dir='ltr'>Francus.</span> 
     </span>
    </p>
   </div>
   <div class='ocr_carea' id='block_1_6' title="bbox 108 2100 2754 4502">
    <p class='ocr_par' dir='ltr' id='par_1_6' title="bbox 111 2100 2744 3772">
     <span class='ocr_line' id='line_1_14' title="bbox 225 2100 2690 2193; baseline 0.002 -24"><span class='ocrx_word' id='word_1_103' title='bbox 225 2102 262 2188; x_wconf 69' lang='grc' dir='ltr'><strong>ξ</strong></span> <span class='ocrx_word' id='word_1_104' title='bbox 300 2107 377 2175; x_wconf 77' lang='lat'>1.</span> <span class='ocrx_word' id='word_1_105' title='bbox 431 2105 676 2171; x_wconf 87' lang='lat' dir='ltr'>Beatus</span> <span class='ocrx_word' id='word_1_106' title='bbox 726 2100 1031 2171; x_wconf 85' lang='lat' dir='ltr'>Fiacrius</span> <span class='ocrx_word' id='word_1_107' title='bbox 1078 2122 1158 2170; x_wconf 86' lang='lat' dir='ltr'>ex</span> <span class='ocrx_word' id='word_1_108' title='bbox 1206 2101 1557 2190; x_wconf 84' lang='lat' dir='ltr'>Hybernia</span> <span class='ocrx_word' id='word_1_109' title='bbox 1590 2102 1942 2173; x_wconf 92' lang='lat' dir='ltr'>nobilibus</span> <span class='ocrx_word' id='word_1_110' title='bbox 1991 2114 2183 2175; x_wconf 90' lang='lat' dir='ltr'>ortus</span> <span class='ocrx_word' id='word_1_111' title='bbox 2236 2103 2690 2193; x_wconf 85' lang='lat' dir='ltr'>parentibus,</span> 
     </span>
     <span class='ocr_line' id='line_1_15' title="bbox 140 2188 2690 2291; baseline -0 -30"><span class='ocrx_word' id='word_1_112' title='bbox 140 2188 523 2261; x_wconf 90' lang='lat' dir='ltr'>solitariam</span> <span class='ocrx_word' id='word_1_113' title='bbox 553 2191 757 2259; x_wconf 84' lang='lat' dir='ltr'>vitam</span> <span class='ocrx_word' id='word_1_114' title='bbox 809 2202 1164 2281; x_wconf 78' lang='lat' dir='ltr'>appetenS,</span> <span class='ocrx_word' id='word_1_115' title='bbox 1221 2189 1494 2259; x_wconf 88' lang='lat' dir='ltr'>Meldim</span> <span class='ocrx_word' id='word_1_116' title='bbox 1521 2191 1836 2291; x_wconf 74' lang='lat' dir='ltr'>(Mecum)</span> <span class='ocrx_word' id='word_1_117' title='bbox 1864 2192 1949 2261; x_wconf 88' lang='lat' dir='ltr'>ad</span> <span class='ocrx_word' id='word_1_118' title='bbox 2001 2198 2066 2261; x_wconf 88' lang='lat' dir='ltr'>S.</span> <span class='ocrx_word' id='word_1_119' title='bbox 2102 2196 2429 2262; x_wconf 88' lang='lat' dir='ltr'>Faronem</span> <span class='ocrx_word' id='word_1_120' title='bbox 2465 2192 2690 2281; x_wconf 88' lang='lat' dir='ltr'>Episc.</span> 
     </span>
     <span class='ocr_line' id='line_1_16' title="bbox 141 2277 2692 2369; baseline -0 -19"><span class='ocrx_word' id='word_1_121' title='bbox 141 2301 304 2350; x_wconf 87' lang='lat' dir='ltr'>cum</span> <span class='ocrx_word' id='word_1_122' title='bbox 357 2278 778 2366; x_wconf 88' lang='lat' dir='ltr'>quibusdam</span> <span class='ocrx_word' id='word_1_123' title='bbox 832 2279 1037 2349; x_wconf 83' lang='lat' dir='ltr'>sociis</span> <span class='ocrx_word' id='word_1_124' title='bbox 1086 2277 1385 2348; x_wconf 85' lang='lat' dir='ltr'>advenit.</span> <span class='ocrx_word' id='word_1_125' title='bbox 1437 2284 1646 2369; x_wconf 76' lang='lat' dir='ltr'>Cujus</span> <span class='ocrx_word' id='word_1_126' title='bbox 1695 2280 2116 2350; x_wconf 88' lang='lat' dir='ltr'>desiderium</span> <span class='ocrx_word' id='word_1_127' title='bbox 2181 2302 2339 2350; x_wconf 88' lang='lat' dir='ltr'>cum</span> <span class='ocrx_word' id='word_1_128' title='bbox 2397 2279 2692 2369; x_wconf 84' lang='lat' dir='ltr'>pontifex</span> 
     </span>
     <span class='ocr_line' id='line_1_17' title="bbox 139 2367 2693 2460; baseline -0.001 -21"><span class='ocrx_word' id='word_1_129' title='bbox 139 2368 618 2460; x_wconf 82' lang='lat' dir='ltr'>cognovisset,</span> <span class='ocrx_word' id='word_1_130' title='bbox 673 2367 904 2438; x_wconf 89' lang='lat' dir='ltr'>locum</span> <span class='ocrx_word' id='word_1_131' title='bbox 953 2367 1016 2436; x_wconf 88' lang='lat' dir='ltr'>ei</span> <span class='ocrx_word' id='word_1_132' title='bbox 1076 2367 1142 2436; x_wconf 92' lang='lat' dir='ltr'>in</span> <span class='ocrx_word' id='word_1_133' title='bbox 1197 2368 1474 2436; x_wconf 77' lang='lat' dir='ltr'>nemore</span> <span class='ocrx_word' id='word_1_134' title='bbox 1522 2368 1604 2437; x_wconf 91' lang='lat' dir='ltr'>ad</span> <span class='ocrx_word' id='word_1_135' title='bbox 1659 2391 1731 2438; x_wconf 92' lang='lat' dir='ltr'>se</span> <span class='ocrx_word' id='word_1_136' title='bbox 1776 2391 1855 2437; x_wconf 83' lang='lat' dir='ltr'>ex</span> <span class='ocrx_word' id='word_1_137' title='bbox 1928 2368 2204 2459; x_wconf 87' lang='lat' dir='ltr'>proprio</span> <span class='ocrx_word' id='word_1_138' title='bbox 2279 2368 2693 2459; x_wconf 88' lang='lat' dir='ltr'>patrimonio</span> 
     </span>
     <span class='ocr_line' id='line_1_18' title="bbox 141 2455 2695 2550; baseline -0.001 -21"><span class='ocrx_word' id='word_1_139' title='bbox 141 2457 626 2550; x_wconf 86' lang='lat' dir='ltr'>pertinentem,</span> <span class='ocrx_word' id='word_1_140' title='bbox 666 2457 949 2527; x_wconf 88' lang='lat' dir='ltr'>nomine</span> <span class='ocrx_word' id='word_1_141' title='bbox 982 2455 1374 2525; x_wconf 89' lang='lat' dir='ltr'>Brodolium</span> <span class='ocrx_word' id='word_1_142' title='bbox 1397 2458 1808 2547; x_wconf 80' lang='lat' dir='ltr'>assignavit,</span> <span class='ocrx_word' id='word_1_143' title='bbox 1842 2457 2305 2545; x_wconf 89' lang='lat' dir='ltr'>eumdemque</span> <span class='ocrx_word' id='word_1_144' title='bbox 2344 2456 2515 2535; x_wconf 84' lang='lat' dir='ltr'>illuc</span> <span class='ocrx_word' id='word_1_145' title='bbox 2545 2478 2695 2547; x_wconf 90' lang='lat' dir='ltr'>per—</span> 
     </span>
     <span class='ocr_line' id='line_1_19' title="bbox 136 2544 2689 2628; baseline -0.001 -11"><span class='ocrx_word' id='word_1_146' title='bbox 136 2548 359 2617; x_wconf 87' lang='lat' dir='ltr'>duxit.</span> <span class='ocrx_word' id='word_1_147' title='bbox 401 2547 713 2617; x_wconf 83' lang='lat' dir='ltr'>Fiacrius</span> <span class='ocrx_word' id='word_1_148' title='bbox 761 2559 1017 2628; x_wconf 87' lang='lat' dir='ltr'>autem,</span> <span class='ocrx_word' id='word_1_149' title='bbox 1068 2544 1307 2616; x_wconf 89' lang='lat' dir='ltr'>evulso</span> <span class='ocrx_word' id='word_1_150' title='bbox 1357 2567 1657 2626; x_wconf 88' lang='lat' dir='ltr'>nemore,</span> <span class='ocrx_word' id='word_1_151' title='bbox 1707 2547 2201 2617; x_wconf 89' lang='lat' dir='ltr'>monasterium</span> <span class='ocrx_word' id='word_1_152' title='bbox 2239 2547 2307 2614; x_wconf 93' lang='lat' dir='ltr'>in</span> <span class='ocrx_word' id='word_1_153' title='bbox 2361 2547 2689 2616; x_wconf 76' lang='lat' dir='ltr'>honorem</span> 
     </span>
     <span class='ocr_line' id='line_1_20' title="bbox 128 2634 2692 2793; baseline -0 -88"><span class='ocrx_word' id='word_1_154' title='bbox 128 2641 206 2705; x_wconf 90' lang='lat' dir='ltr'>B.</span> <span class='ocrx_word' id='word_1_155' title='bbox 263 2636 514 2707; x_wconf 87' lang='lat' dir='ltr'>Mariae</span> <span class='ocrx_word' id='word_1_156' title='bbox 568 2637 753 2793; x_wconf 52' lang='lat' dir='ltr'>virg.</span> <span class='ocrx_word' id='word_1_157' title='bbox 807 2634 1211 2718; x_wconf 83' lang='lat' dir='ltr'>construxit,</span> <span class='ocrx_word' id='word_1_158' title='bbox 1272 2646 1337 2703; x_wconf 94' lang='lat' dir='ltr'>et</span> <span class='ocrx_word' id='word_1_159' title='bbox 1383 2635 1702 2726; x_wconf 86' lang='lat' dir='ltr'>exiguam</span> <span class='ocrx_word' id='word_1_160' title='bbox 1753 2635 2037 2705; x_wconf 88' lang='lat' dir='ltr'>domum</span> <span class='ocrx_word' id='word_1_161' title='bbox 2105 2634 2389 2707; x_wconf 89' lang='lat' dir='ltr'>seorsim</span> <span class='ocrx_word' id='word_1_162' title='bbox 2443 2634 2692 2704; x_wconf 85' lang='lat' dir='ltr'>aedifi-</span> 
     </span>
     <span class='ocr_line' id='line_1_21' title="bbox 127 2722 2685 2813; baseline -0 -19"><span class='ocrx_word' id='word_1_163' title='bbox 127 2726 334 2806; x_wconf 81' lang='lat' dir='ltr'>cavit,</span> <span class='ocrx_word' id='word_1_164' title='bbox 391 2725 456 2793; x_wconf 89' lang='lat' dir='ltr'>in</span> <span class='ocrx_word' id='word_1_165' title='bbox 499 2747 638 2813; x_wconf 90' lang='lat' dir='ltr'>qua</span> <span class='ocrx_word' id='word_1_166' title='bbox 738 2746 813 2794; x_wconf 92' lang='lat' dir='ltr'>os</span> <span class='ocrx_word' id='word_1_167' title='bbox 869 2726 991 2794; x_wconf 93' lang='lat' dir='ltr'>ites</span> <span class='ocrx_word' id='word_1_168' title='bbox 1042 2722 1488 2811; x_wconf 90' lang='lat' dir='ltr'>suscipiebat;</span> <span class='ocrx_word' id='word_1_169' title='bbox 1540 2735 1606 2793; x_wconf 89' lang='lat' dir='ltr'>et</span> <span class='ocrx_word' id='word_1_170' title='bbox 1640 2723 1726 2793; x_wconf 92' lang='lat' dir='ltr'>de</span> <span class='ocrx_word' id='word_1_171' title='bbox 1769 2723 1881 2793; x_wconf 92' lang='lat' dir='ltr'>die</span> <span class='ocrx_word' id='word_1_172' title='bbox 1912 2724 1981 2793; x_wconf 91' lang='lat' dir='ltr'>in</span> <span class='ocrx_word' id='word_1_173' title='bbox 2023 2723 2213 2793; x_wconf 90' lang='lat' dir='ltr'>-diem</span> <span class='ocrx_word' id='word_1_174' title='bbox 2267 2724 2501 2793; x_wconf 87' lang='lat' dir='ltr'>virtuti</span> <span class='ocrx_word' id='word_1_175' title='bbox 2543 2737 2685 2794; x_wconf 90' lang='lat' dir='ltr'>stu·</span> 
     </span>
     <span class='ocr_line' id='line_1_22' title="bbox 111 2810 2691 2903; baseline 0 -22"><span class='ocrx_word' id='word_1_176' title='bbox 111 2813 330 2895; x_wconf 77' lang='lat' dir='ltr'>‘denS,</span> <span class='ocrx_word' id='word_1_177' title='bbox 375 2814 445 2882; x_wconf 93' lang='lat' dir='ltr'>in</span> <span class='ocrx_word' id='word_1_178' title='bbox 499 2819 629 2883; x_wconf 89' lang='lat' dir='ltr'>Deo</span> <span class='ocrx_word' id='word_1_179' title='bbox 679 2835 801 2903; x_wconf 91' lang='lat' dir='ltr'>pro</span> <span class='ocrx_word' id='word_1_180' title='bbox 857 2813 1101 2891; x_wconf 89' lang='lat' dir='ltr'>ciebat,</span> <span class='ocrx_word' id='word_1_181' title='bbox 1158 2811 1293 2881; x_wconf 89' lang='lat' dir='ltr'>sibi</span> <span class='ocrx_word' id='word_1_182' title='bbox 1354 2810 1549 2883; x_wconf 85' lang='lat' dir='ltr'>valde</span> <span class='ocrx_word' id='word_1_183' title='bbox 1597 2825 1939 2894; x_wconf 88' lang='lat' dir='ltr'>austerus,</span> <span class='ocrx_word' id='word_1_184' title='bbox 1983 2825 2046 2883; x_wconf 88' lang='lat' dir='ltr'>et</span> <span class='ocrx_word' id='word_1_185' title='bbox 2094 2812 2277 2900; x_wconf 90' lang='lat' dir='ltr'>quod</span> <span class='ocrx_word' id='word_1_186' title='bbox 2331 2812 2691 2883; x_wconf 85' lang='lat' dir='ltr'>sibi-sub—</span> 
     </span>
     <span class='ocr_line' id='line_1_23' title="bbox 125 2900 2692 2994; baseline -0 -22"><span class='ocrx_word' id='word_1_187' title='bbox 125 2901 468 2983; x_wconf 87' lang='lat' dir='ltr'>trahebat,</span> <span class='ocrx_word' id='word_1_188' title='bbox 527 2903 908 2994; x_wconf 84' lang='lat' dir='ltr'>peregrinis</span> <span class='ocrx_word' id='word_1_189' title='bbox 976 2913 1040 2971; x_wconf 93' lang='lat' dir='ltr'>et</span> <span class='ocrx_word' id='word_1_190' title='bbox 1090 2900 1514 2991; x_wconf 89' lang='lat' dir='ltr'>pauperibus</span> <span class='ocrx_word' id='word_1_191' title='bbox 1577 2903 1924 2993; x_wconf 85' lang='lat' dir='ltr'>erogabat.</span> <span class='ocrx_word' id='word_1_192' title='bbox 1999 2903 2206 2970; x_wconf 75' lang='lat' dir='ltr'>Fama</span> <span class='ocrx_word' id='word_1_193' title='bbox 2270 2901 2484 2991; x_wconf 89' lang='lat' dir='ltr'>igitur</span> <span class='ocrx_word' id='word_1_194' title='bbox 2535 2901 2692 2990; x_wconf 88' lang='lat' dir='ltr'>ejus</span> 
     </span>
     <span class='ocr_line' id='line_1_24' title="bbox 125 2990 2687 3083; baseline -0 -21"><span class='ocrx_word' id='word_1_195' title='bbox 125 2991 518 3062; x_wconf 85' lang='lat' dir='ltr'>sanctitatis</span> <span class='ocrx_word' id='word_1_196' title='bbox 567 2990 767 3083; x_wconf 88' lang='lat' dir='ltr'>longe</span> <span class='ocrx_word' id='word_1_197' title='bbox 798 2993 1066 3078; x_wconf 89' lang='lat' dir='ltr'>lateque</span> <span class='ocrx_word' id='word_1_198' title='bbox 1096 3001 1468 3079; x_wconf 88' lang='lat' dir='ltr'>comperta,</span> <span class='ocrx_word' id='word_1_199' title='bbox 1492 3012 1733 3061; x_wconf 89' lang='lat' dir='ltr'>omnes</span> <span class='ocrx_word' id='word_1_200' title='bbox 1785 2991 2023 3060; x_wconf 78' lang='lat' dir='ltr'>robore</span> <span class='ocrx_word' id='word_1_201' title='bbox 2058 2990 2329 3080; x_wconf 89' lang='lat' dir='ltr'>privati,</span> <span class='ocrx_word' id='word_1_202' title='bbox 2364 2990 2687 3081; x_wconf 87' lang='lat' dir='ltr'>elingues</span> 
     </span>
     <span class='ocr_line' id='line_1_25' title="bbox 123 3078 2685 3166; baseline -0.001 -17"><span class='ocrx_word' id='word_1_203' title='bbox 123 3079 275 3149; x_wconf 91' lang='lat' dir='ltr'>sive</span> <span class='ocrx_word' id='word_1_204' title='bbox 320 3080 678 3162; x_wconf 91' lang='lat' dir='ltr'>contracti,</span> <span class='ocrx_word' id='word_1_205' title='bbox 738 3094 858 3150; x_wconf 91' lang='lat' dir='ltr'>aut</span> <span class='ocrx_word' id='word_1_206' title='bbox 893 3078 1179 3157; x_wconf 91' lang='lat' dir='ltr'>obsessi,</span> <span class='ocrx_word' id='word_1_207' title='bbox 1233 3090 1352 3148; x_wconf 89' lang='lat' dir='ltr'>aut</span> <span class='ocrx_word' id='word_1_208' title='bbox 1418 3078 1555 3148; x_wconf 90' lang='lat' dir='ltr'>alia</span> <span class='ocrx_word' id='word_1_209' title='bbox 1604 3079 2167 3148; x_wconf 87' lang='lat' dir='ltr'>incommoditate</span> <span class='ocrx_word' id='word_1_210' title='bbox 2223 3078 2527 3166; x_wconf 55' lang='lat' dir='ltr'>detenti„</span> <span class='ocrx_word' id='word_1_211' title='bbox 2564 3081 2685 3166; x_wconf 87' lang='lat' dir='ltr'>qui</span> 
     </span>
     <span class='ocr_line' id='line_1_26' title="bbox 119 3164 2692 3258; baseline 0 -21"><span class='ocrx_word' id='word_1_212' title='bbox 119 3168 212 3237; x_wconf 92' lang='lat' dir='ltr'>ad</span> <span class='ocrx_word' id='word_1_213' title='bbox 268 3190 428 3237; x_wconf 89' lang='lat' dir='ltr'>eum</span> <span class='ocrx_word' id='word_1_214' title='bbox 459 3170 845 3247; x_wconf 86' lang='lat' dir='ltr'>veniebant,</span> <span class='ocrx_word' id='word_1_215' title='bbox 891 3168 992 3238; x_wconf 89' lang='lat' dir='ltr'>vel</span> <span class='ocrx_word' id='word_1_216' title='bbox 1026 3164 1531 3249; x_wconf 86' lang='lat' dir='ltr'>deferebantur,</span> <span class='ocrx_word' id='word_1_217' title='bbox 1568 3167 1712 3238; x_wconf 92' lang='lat' dir='ltr'>sola</span> <span class='ocrx_word' id='word_1_218' title='bbox 1740 3190 1988 3238; x_wconf 88' lang='lat' dir='ltr'>manus</span> <span class='ocrx_word' id='word_1_219' title='bbox 2020 3168 2464 3258; x_wconf 89' lang='lat' dir='ltr'>impositione</span> <span class='ocrx_word' id='word_1_220' title='bbox 2505 3169 2692 3237; x_wconf 89' lang='lat' dir='ltr'>sani—</span> 
     </span>
     <span class='ocr_line' id='line_1_27' title="bbox 119 3256 2687 3346; baseline 0 -20"><span class='ocrx_word' id='word_1_221' title='bbox 119 3256 251 3326; x_wconf 90' lang='lat' dir='ltr'>tati</span> <span class='ocrx_word' id='word_1_222' title='bbox 302 3257 633 3345; x_wconf 88' lang='lat' dir='ltr'>pristinae</span> <span class='ocrx_word' id='word_1_223' title='bbox 667 3257 1154 3328; x_wconf 88' lang='lat' dir='ltr'>reddebantur.</span> <span class='ocrx_word' id='word_1_224' title='bbox 1200 3256 1409 3345; x_wconf 87' lang='lat' dir='ltr'>Cujus</span> <span class='ocrx_word' id='word_1_225' title='bbox 1443 3258 1630 3327; x_wconf 86' lang='lat' dir='ltr'>beata</span> <span class='ocrx_word' id='word_1_226' title='bbox 1675 3257 1910 3346; x_wconf 90' lang='lat' dir='ltr'>opinio</span> <span class='ocrx_word' id='word_1_227' title='bbox 1958 3257 2222 3343; x_wconf 93' lang='lat' dir='ltr'>ubique</span> <span class='ocrx_word' id='word_1_228' title='bbox 2255 3256 2687 3337; x_wconf 88' lang='lat' dir='ltr'>discurrens,</span> 
     </span>
     <span class='ocr_line' id='line_1_28' title="bbox 116 3344 2744 3436; baseline -0 -21"><span class='ocrx_word' id='word_1_229' title='bbox 116 3358 450 3415; x_wconf 89' lang='lat' dir='ltr'>sanctum</span> <span class='ocrx_word' id='word_1_230' title='bbox 493 3345 873 3428; x_wconf 88' lang='lat' dir='ltr'>Cillenum,</span> <span class='ocrx_word' id='word_1_231' title='bbox 926 3344 1046 3433; x_wconf 87' lang='lat' dir='ltr'>qui</span> <span class='ocrx_word' id='word_1_232' title='bbox 1095 3364 1175 3412; x_wconf 79' lang='lat' dir='ltr'>ex</span> <span class='ocrx_word' id='word_1_233' title='bbox 1223 3348 1573 3415; x_wconf 91' lang='lat' dir='ltr'>Romanae</span> <span class='ocrx_word' id='word_1_234' title='bbox 1639 3345 2214 3436; x_wconf 89' lang='lat' dir='ltr'>peregrinationis</span> <span class='ocrx_word' id='word_1_235' title='bbox 2263 3345 2509 3415; x_wconf 89' lang='lat' dir='ltr'>itinere</span> <span class='ocrx_word' id='word_1_236' title='bbox 2565 3369 2599 3414; x_wconf 93' lang='lat' dir='ltr'>a</span> <span class='ocrx_word' id='word_1_237' title='bbox 2661 3386 2686 3396; x_wconf 92' lang='lat'><em>-</em></span> <span class='ocrx_word' id='word_1_238' title='bbox 2741 3364 2744 3369; x_wconf 84' lang='lat'>·</span> 
     </span>
     <span class='ocr_line' id='line_1_29' title="bbox 115 3368 2689 3524; baseline -0 -21"><span class='ocrx_word' id='word_1_239' title='bbox 115 3433 491 3524; x_wconf 88' lang='lat' dir='ltr'>plicuerat,</span> <span class='ocrx_word' id='word_1_240' title='bbox 528 3434 815 3505; x_wconf 83' lang='lat' dir='ltr'>adduxit</span> <span class='ocrx_word' id='word_1_241' title='bbox 861 3435 947 3504; x_wconf 93' lang='lat' dir='ltr'>ad</span> <span class='ocrx_word' id='word_1_242' title='bbox 984 3430 1359 3503; x_wconf 85' lang='lat' dir='ltr'>videndum</span> <span class='ocrx_word' id='word_1_243' title='bbox 1408 3457 1593 3505; x_wconf 89' lang='lat' dir='ltr'>eum.</span> <span class='ocrx_word' id='word_1_244' title='bbox 1626 3439 1841 3517; x_wconf 88' lang='lat' dir='ltr'>Quem</span> <span class='ocrx_word' id='word_1_245' title='bbox 1875 3446 2158 3506; x_wconf 89' lang='lat' dir='ltr'>sanctus</span> <span class='ocrx_word' id='word_1_246' title='bbox 2204 3435 2520 3504; x_wconf 82' lang='lat' dir='ltr'>Fiacrius</span> <span class='ocrx_word' id='word_1_247' title='bbox 2550 3368 2689 3504; x_wconf 53' lang='lat' dir='ltr'>sigi</span> 
     </span>
     <span class='ocr_line' id='line_1_30' title="bbox 114 3523 2688 3615; baseline -0 -21"><span class='ocrx_word' id='word_1_248' title='bbox 114 3523 471 3614; x_wconf 88' lang='lat' dir='ltr'>sanguine</span> <span class='ocrx_word' id='word_1_249' title='bbox 519 3524 969 3612; x_wconf 91' lang='lat' dir='ltr'>conjunctum</span> <span class='ocrx_word' id='word_1_250' title='bbox 1005 3543 1085 3593; x_wconf 94' lang='lat' dir='ltr'>co</span> <span class='ocrx_word' id='word_1_251' title='bbox 1139 3543 1452 3604; x_wconf 80' lang='lat' dir='ltr'>noscenS,</span> <span class='ocrx_word' id='word_1_252' title='bbox 1491 3523 1842 3614; x_wconf 87' lang='lat' dir='ltr'>spirituali</span> <span class='ocrx_word' id='word_1_253' title='bbox 1888 3524 2297 3615; x_wconf 88' lang='lat' dir='ltr'>cognatione</span> <span class='ocrx_word' id='word_1_254' title='bbox 2329 3534 2395 3593; x_wconf 92' lang='lat' dir='ltr'>et</span> <span class='ocrx_word' id='word_1_255' title='bbox 2426 3523 2688 3614; x_wconf 90' lang='lat' dir='ltr'>gaudio</span> 
     </span>
     <span class='ocr_line' id='line_1_31' title="bbox 112 3611 2681 3703; baseline -0 -21"><span class='ocrx_word' id='word_1_256' title='bbox 112 3613 481 3702; x_wconf 85' lang='lat' dir='ltr'>suscepit:</span> <span class='ocrx_word' id='word_1_257' title='bbox 532 3626 738 3700; x_wconf 90' lang='lat' dir='ltr'>atque</span> <span class='ocrx_word' id='word_1_258' title='bbox 783 3612 1082 3684; x_wconf 89' lang='lat' dir='ltr'>divinoa</span> <span class='ocrx_word' id='word_1_259' title='bbox 1140 3615 1345 3697; x_wconf 90' lang='lat' dir='ltr'>oquio</span> <span class='ocrx_word' id='word_1_260' title='bbox 1391 3634 1553 3682; x_wconf 89' lang='lat' dir='ltr'>cum</span> <span class='ocrx_word' id='word_1_261' title='bbox 1594 3636 1673 3683; x_wconf 91' lang='lat' dir='ltr'>eo</span> <span class='ocrx_word' id='word_1_262' title='bbox 1714 3635 1988 3694; x_wconf 80' lang='lat' dir='ltr'>vacanS,</span> <span class='ocrx_word' id='word_1_263' title='bbox 2041 3611 2457 3701; x_wconf 89' lang='lat' dir='ltr'>aliquandiu</span> <span class='ocrx_word' id='word_1_264' title='bbox 2494 3611 2681 3703; x_wconf 90' lang='lat' dir='ltr'>apud</span> 
     </span>
     <span class='ocr_line' id='line_1_32' title="bbox 111 3701 1027 3772; baseline -0.001 -1"><span class='ocrx_word' id='word_1_265' title='bbox 111 3723 197 3771; x_wconf 85' lang='lat' dir='ltr'>se</span> <span class='ocrx_word' id='word_1_266' title='bbox 247 3701 547 3772; x_wconf 90' lang='lat' dir='ltr'>detinuit</span> <span class='ocrx_word' id='word_1_267' title='bbox 595 3703 664 3771; x_wconf 92' lang='lat' dir='ltr'>in</span> <span class='ocrx_word' id='word_1_268' title='bbox 717 3703 1027 3772; x_wconf 88' lang='lat' dir='ltr'>Domino.</span> 
     </span>
    </p>

    <p class='ocr_par' dir='ltr' id='par_1_7' title="bbox 108 3788 2754 4502">
     <span class='ocr_line' id='line_1_33' title="bbox 214 3788 2686 3880; baseline -0.004 -19"><span class='ocrx_word' id='word_1_269' title='bbox 214 3792 254 3877; x_wconf 68' lang='grc' dir='ltr'>ξ</span> <span class='ocrx_word' id='word_1_270' title='bbox 308 3796 397 3862; x_wconf 70' lang='lat'>².</span> <span class='ocrx_word' id='word_1_271' title='bbox 452 3790 778 3860; x_wconf 89' lang='lat' dir='ltr'>Posthaec</span> <span class='ocrx_word' id='word_1_272' title='bbox 815 3792 1287 3863; x_wconf 80' lang='lat' dir='ltr'>Fiacriusnon</span> <span class='ocrx_word' id='word_1_273' title='bbox 1321 3790 1584 3861; x_wconf 91' lang='lat' dir='ltr'>habens</span> <span class='ocrx_word' id='word_1_274' title='bbox 1609 3791 1797 3861; x_wconf 93' lang='lat' dir='ltr'>unde</span> <span class='ocrx_word' id='word_1_275' title='bbox 1830 3789 2134 3880; x_wconf 89' lang='lat' dir='ltr'>inopiam</span> <span class='ocrx_word' id='word_1_276' title='bbox 2174 3788 2686 3860; x_wconf 80' lang='lat' dir='ltr'>advenientium</span> 
     </span>
     <span class='ocr_line' id='line_1_34' title="bbox 116 3875 2689 3972; baseline 0.001 -28"><span class='ocrx_word' id='word_1_277' title='bbox 116 3875 512 3960; x_wconf 85' lang='lat' dir='ltr'>relevaret„</span> <span class='ocrx_word' id='word_1_278' title='bbox 539 3880 828 3950; x_wconf 89' lang='lat' dir='ltr'>accessit</span> <span class='ocrx_word' id='word_1_279' title='bbox 875 3880 961 3949; x_wconf 93' lang='lat' dir='ltr'>ad</span> <span class='ocrx_word' id='word_1_280' title='bbox 994 3882 1437 3972; x_wconf 85' lang='lat' dir='ltr'>Episcopum,</span> <span class='ocrx_word' id='word_1_281' title='bbox 1488 3894 1727 3971; x_wconf 90' lang='lat' dir='ltr'>petens</span> <span class='ocrx_word' id='word_1_282' title='bbox 1776 3893 1851 3949; x_wconf 91' lang='lat' dir='ltr'>ut</span> <span class='ocrx_word' id='word_1_283' title='bbox 1884 3878 2123 3949; x_wconf 90' lang='lat' dir='ltr'>liceret</span> <span class='ocrx_word' id='word_1_284' title='bbox 2166 3880 2230 3948; x_wconf 90' lang='lat' dir='ltr'>ei</span> <span class='ocrx_word' id='word_1_285' title='bbox 2273 3892 2537 3948; x_wconf 88' lang='lat' dir='ltr'>tantum</span> <span class='ocrx_word' id='word_1_286' title='bbox 2577 3880 2689 3947; x_wconf 75' lang='lat' dir='ltr'>ne—</span> 
     </span>
     <span class='ocr_line' id='line_1_35' title="bbox 115 3965 2687 4061; baseline 0.001 -27"><span class='ocrx_word' id='word_1_287' title='bbox 115 3966 348 4038; x_wconf 89' lang='lat' dir='ltr'>moris</span> <span class='ocrx_word' id='word_1_288' title='bbox 393 3968 704 4050; x_wconf 88' lang='lat' dir='ltr'>evellere,</span> <span class='ocrx_word' id='word_1_289' title='bbox 742 3982 820 4039; x_wconf 93' lang='lat' dir='ltr'>ut</span> <span class='ocrx_word' id='word_1_290' title='bbox 851 3969 1106 4039; x_wconf 90' lang='lat' dir='ltr'>ibidem</span> <span class='ocrx_word' id='word_1_291' title='bbox 1147 3982 1372 4061; x_wconf 90' lang='lat' dir='ltr'>posset</span> <span class='ocrx_word' id='word_1_292' title='bbox 1400 3969 1672 4040; x_wconf 84' lang='lat' dir='ltr'>bortum</span> <span class='ocrx_word' id='word_1_293' title='bbox 1709 3968 1931 4038; x_wconf 88' lang='lat' dir='ltr'>facere</span> <span class='ocrx_word' id='word_1_294' title='bbox 1963 3968 2047 4037; x_wconf 89' lang='lat' dir='ltr'>ad</span> <span class='ocrx_word' id='word_1_295' title='bbox 2086 3967 2460 4037; x_wconf 91' lang='lat' dir='ltr'>nutrienda</span> <span class='ocrx_word' id='word_1_296' title='bbox 2506 3965 2687 4036; x_wconf 79' lang='lat' dir='ltr'>olera</span> 
     </span>
     <span class='ocr_line' id='line_1_36' title="bbox 115 4056 2686 4148; baseline 0 -24"><span class='ocrx_word' id='word_1_297' title='bbox 115 4074 261 4144; x_wconf 90' lang='lat' dir='ltr'>pro</span> <span class='ocrx_word' id='word_1_298' title='bbox 310 4058 733 4147; x_wconf 90' lang='lat' dir='ltr'>pauperibus</span> <span class='ocrx_word' id='word_1_299' title='bbox 764 4058 1175 4148; x_wconf 66' lang='lat' dir='ltr'>peregrinis</span> <span class='ocrx_word' id='word_1_300' title='bbox 1231 4060 1350 4130; x_wconf 81' lang='lat' dir='ltr'>Cui</span> <span class='ocrx_word' id='word_1_301' title='bbox 1405 4057 1706 4147; x_wconf 81' lang='lat' dir='ltr'>pontifex</span> <span class='ocrx_word' id='word_1_302' title='bbox 1754 4072 2022 4127; x_wconf 84' lang='lat' dir='ltr'>tantum</span> <span class='ocrx_word' id='word_1_303' title='bbox 2090 4057 2308 4147; x_wconf 88' lang='lat' dir='ltr'>rogati</span> <span class='ocrx_word' id='word_1_304' title='bbox 2361 4056 2686 4135; x_wconf 75' lang='lat' dir='ltr'>nemoriS,</span> 
     </span>
     <span class='ocr_line' id='line_1_37' title="bbox 111 4143 2686 4238; baseline 0.001 -28"><span class='ocrx_word' id='word_1_305' title='bbox 111 4156 470 4230; x_wconf 86' lang='lat' dir='ltr'>quantum</span> <span class='ocrx_word' id='word_1_306' title='bbox 522 4147 590 4216; x_wconf 92' lang='lat' dir='ltr'>in</span> <span class='ocrx_word' id='word_1_307' title='bbox 633 4169 804 4238; x_wconf 89' lang='lat' dir='ltr'>gyro</span> <span class='ocrx_word' id='word_1_308' title='bbox 843 4147 1027 4216; x_wconf 88' lang='lat' dir='ltr'>circa</span> <span class='ocrx_word' id='word_1_309' title='bbox 1074 4147 1358 4219; x_wconf 89' lang='lat' dir='ltr'>domum</span> <span class='ocrx_word' id='word_1_310' title='bbox 1414 4169 1609 4217; x_wconf 89' lang='lat' dir='ltr'>suam</span> <span class='ocrx_word' id='word_1_311' title='bbox 1658 4148 1934 4237; x_wconf 89' lang='lat' dir='ltr'>propria</span> <span class='ocrx_word' id='word_1_312' title='bbox 1980 4167 2192 4216; x_wconf 90' lang='lat' dir='ltr'>manu</span> <span class='ocrx_word' id='word_1_313' title='bbox 2229 4143 2575 4224; x_wconf 85' lang='lat' dir='ltr'>fodiend0,</span> <span class='ocrx_word' id='word_1_314' title='bbox 2619 4144 2686 4213; x_wconf 91' lang='lat' dir='ltr'>in</span> 
     </span>
     <span class='ocr_line' id='line_1_38' title="bbox 109 4233 2679 4326; baseline -0.001 -24"><span class='ocrx_word' id='word_1_315' title='bbox 109 4253 278 4302; x_wconf 88' lang='lat' dir='ltr'>una</span> <span class='ocrx_word' id='word_1_316' title='bbox 336 4233 445 4302; x_wconf 87' lang='lat' dir='ltr'>die</span> <span class='ocrx_word' id='word_1_317' title='bbox 492 4234 744 4305; x_wconf 87' lang='lat' dir='ltr'>fossato</span> <span class='ocrx_word' id='word_1_318' title='bbox 797 4248 1024 4326; x_wconf 89' lang='lat' dir='ltr'>posset</span> <span class='ocrx_word' id='word_1_319' title='bbox 1072 4235 1529 4307; x_wconf 89' lang='lat' dir='ltr'>circumdare:</span> <span class='ocrx_word' id='word_1_320' title='bbox 1582 4249 1648 4304; x_wconf 90' lang='lat' dir='ltr'>et</span> <span class='ocrx_word' id='word_1_321' title='bbox 1694 4235 2029 4322; x_wconf 90' lang='lat' dir='ltr'>quicquid</span> <span class='ocrx_word' id='word_1_322' title='bbox 2105 4236 2284 4304; x_wconf 89' lang='lat' dir='ltr'>intra</span> <span class='ocrx_word' id='word_1_323' title='bbox 2348 4233 2679 4304; x_wconf 85' lang='lat' dir='ltr'>fossatum</span> 
     </span>
     <span class='ocr_line' id='line_1_39' title="bbox 108 4320 2754 4414; baseline 0 -25"><span class='ocrx_word' id='word_1_324' title='bbox 108 4320 606 4404; x_wconf 84' lang='lat' dir='ltr'>concluderet,</span> <span class='ocrx_word' id='word_1_325' title='bbox 662 4325 956 4394; x_wconf 88' lang='lat' dir='ltr'>liberum</span> <span class='ocrx_word' id='word_1_326' title='bbox 1029 4328 1293 4414; x_wconf 90' lang='lat' dir='ltr'>absque</span> <span class='ocrx_word' id='word_1_327' title='bbox 1341 4323 1815 4403; x_wconf 84' lang='lat' dir='ltr'>cavillatione,</span> <span class='ocrx_word' id='word_1_328' title='bbox 1869 4323 2072 4410; x_wconf 90' lang='lat' dir='ltr'>quasi</span> <span class='ocrx_word' id='word_1_329' title='bbox 2140 4322 2683 4392; x_wconf 89' lang='lat' dir='ltr'>haereditarium</span> <span class='ocrx_word' id='word_1_330' title='bbox 2736 4355 2754 4367; x_wconf 89' lang='lat'><strong>·</strong></span> 
     </span>
     <span class='ocr_line' id='line_1_40' title="bbox 114 4409 2684 4502; baseline -0 -22"><span class='ocrx_word' id='word_1_331' title='bbox 114 4409 544 4502; x_wconf 88' lang='lat' dir='ltr'>possideret.</span> <span class='ocrx_word' id='word_1_332' title='bbox 597 4418 744 4497; x_wconf 89' lang='lat' dir='ltr'>Quo</span> <span class='ocrx_word' id='word_1_333' title='bbox 792 4413 1031 4484; x_wconf 86' lang='lat' dir='ltr'>audito</span> <span class='ocrx_word' id='word_1_334' title='bbox 1079 4415 1163 4485; x_wconf 91' lang='lat' dir='ltr'>ad</span> <span class='ocrx_word' id='word_1_335' title='bbox 1218 4412 1661 4486; x_wconf 91' lang='lat' dir='ltr'>solitudinem</span> <span class='ocrx_word' id='word_1_336' title='bbox 1715 4433 2061 4486; x_wconf 60' lang='lat' dir='ltr'>reversus*</span> <span class='ocrx_word' id='word_1_337' title='bbox 2116 4410 2295 4481; x_wconf 84' lang='lat' dir='ltr'>sacta</span> <span class='ocrx_word' id='word_1_338' title='bbox 2342 4411 2684 4492; x_wconf 91' lang='lat' dir='ltr'>oratione,</span> 
     </span>
    </p>
   </div>
  </div>
 </body>
</html>
