3308 5004
207 317 399 385 AUG.
456 321 536 386 42
1124 337 1203 384 nss
1251 337 1306 385 s.
1361 334 1563 386 cutm
1614 335 1869 386 vmcnvss
2183 377 2186 380 ,
2544 323 2674 389 287

208 418 583 510 complent.
639 418 1079 505 Tandemque
1128 439 1253 487 nec
1302 430 1525 488 tutum
1574 440 1724 490 esse
1771 432 2111 500 censetur,
2162 441 2283 491 nec
2312 420 2631 512 dignum,
2687 434 2763 492 ut

210 523 350 580 tam
405 509 780 597 pretiosum
834 506 1091 598 pignus
1140 519 1275 586 tarn
1330 505 1531 598 longe
1577 507 1783 576 distet
1828 530 1867 577 a
1914 509 2207 579 civibus.
2262 515 2551 580 Levatur
2595 531 2760 580 cum

202 598 493 688 hymnis
540 610 606 667 et
652 596 979 667 laudibus
1011 651 1026 676 ,
1078 618 1237 666 cum
1291 595 1614 665 tubarum
1684 595 2008 687 clangore
2055 619 2135 667 ac
2181 598 2600 687 jubilatione
2648 621 2762 669 so-

202 686 424 757 lemni
472 686 556 756 ad
610 691 675 755 S.
731 685 1133 776 Gregorium
1187 684 1565 755 honorifice
1610 684 2031 774 deportatur.
2086 691 2251 755 Nam
2303 700 2369 757 et
2418 689 2529 758 hic
2566 687 2760 758 locus

206 775 325 845 ille
376 788 502 855 est,
555 775 785 846 ubis,
839 774 1058 844 Patris
1106 772 1453 843 Francisci
1521 796 1773 865 corpus
1825 774 2047 865 primo
2094 775 2450 846 conditum
2508 777 2756 847 suerat.

211 869 459 934 Factus
505 876 608 933 est
657 863 945 953 proinde
994 884 1378 933 concursus
1427 862 1842 952 populorum
1893 862 1978 933 ad
2033 863 2381 934 tumulum
2436 865 2750 956 virginiS,

210 952 645 1023 laudantium
707 957 916 1022 Deum
968 965 1172 1039 atque
1218 951 1644 1022 dicentium:
1697 957 1862 1021 Vere
1908 965 2145 1022 sancta
2176 1007 2191 1034 ‚
2246 974 2398 1022 vere
2461 954 2763 1044 gloriosa

209 1054 451 1134 regnat
498 1064 657 1112 cum
708 1040 1007 1131 Angelis,
1058 1062 1237 1128 quae
1286 1053 1550 1110 tantum
1594 1041 1921 1111 honorem
1959 1040 2044 1110 ab
2094 1041 2499 1112 hominibus
2545 1044 2763 1113 sumit

206 1131 277 1200 in
333 1130 554 1201 terris.
609 1129 959 1200 Intercede
1007 1151 1131 1219 pro
1181 1130 1381 1200 nobis
1428 1129 1514 1198 ad
1552 1130 1896 1200 Christum
1933 1130 2335 1226 primiceria
2373 1152 2759 1221 pauperum

207 1219 681 1300 dominarum,
720 1241 899 1306 quae
940 1219 1341 1289 innumeros
1373 1218 1458 1287 ad
1505 1219 2018 1310 poenitentiam,
2061 1220 2463 1290 innumeros
2493 1219 2759 1290 condu-

202 1309 365 1378 xisti
414 1308 497 1377 ad
549 1309 783 1377 vitam.
837 1308 1084 1379 Paucis
1125 1306 1498 1395 interjectis
1544 1307 1817 1388 diebuS,
1856 1311 2078 1398 Agnes
2125 1307 2211 1377 ad
2262 1311 2433 1399 Agni
2477 1309 2759 1399 nuptias

202 1411 508 1478 evocata,
550 1418 852 1468 sororem
876 1395 1155 1466 Claram
1188 1396 1274 1465 ad
1315 1409 1627 1467 aeternas
1674 1396 1961 1466 delicias
2014 1396 2385 1467 subsecuta
2431 1412 2581 1467 est:
2635 1397 2757 1467 ubi

202 1486 475 1566 ambae,
513 1488 782 1566 natum,
816 1487 1036 1576 gratia
1067 1498 1134 1555 et
1167 1507 1376 1577 regno
1403 1506 1773 1577 germanae
1804 1486 1874 1555 in
1911 1491 2039 1555 Deo
2068 1485 2374 1571 jubilant
2408 1485 2558 1556 sine
2592 1486 2752 1556 fine.

292 1577 329 1662 ξ
377 1580 541 1648 82.
596 1573 722 1645 Illa
780 1587 940 1644 sunt
987 1587 1385 1644 sanctorum
1452 1575 1653 1664 signa
1704 1574 2021 1655 mirifica,
2077 1575 2198 1645 illa
2261 1573 2758 1646 miraculorum

202 1663 598 1736 testimonia
646 1664 1058 1744 veneranda,
1110 1663 1388 1749 quaein
1445 1684 1715 1734 morum
1755 1664 2113 1733 sanctitate
2159 1675 2225 1734 et
2267 1685 2555 1753 operum
2610 1686 2760 1754 per-

199 1751 493 1822 fectione
525 1752 937 1822 consistunt.
997 1758 1300 1822 Joannes
1347 1751 1629 1838 quidem
1694 1751 1975 1842 signum
2025 1752 2183 1822 fecit
2251 1753 2548 1832 nullum,
2621 1774 2757 1823 non

202 1854 435 1910 tamen
470 1853 634 1910 sunt
662 1840 763 1909 vel
792 1853 996 1910 erunt
1026 1847 1314 1922 Joanne,
1340 1841 1460 1927 qui
1489 1841 1688 1932 signa
1718 1841 2001 1922 faciunt,
2033 1842 2432 1912 sanctiores.
2465 1841 2760 1929 Ideoque

201 1930 550 2001 sufficeret
580 1943 857 2000 sanctae
906 1929 1150 2020 virgini
1188 1928 1423 1998 Clarae
1470 1930 1553 1998 ad
1601 1930 2066 2000 testimonium
2119 1930 2499 2000 sanctitatis
2539 1929 2758 2020 perfe-

201 2020 553 2089 ctissimae
602 2040 768 2088 suae
811 2019 983 2088 vitae
1019 2018 1490 2108 praeconium,
1540 2018 1675 2088 nisi
1724 2019 2073 2088 interdum
2124 2019 2313 2089 aliud
2363 2032 2758 2109 exposceret

204 2109 457 2199 partim
509 2122 923 2198 temporum,
977 2108 1225 2197 partim
1276 2106 1544 2176 devotio
1580 2107 2020 2198 populorum.
2076 2107 2270 2177 Clara
2315 2109 2547 2195 itaque
2583 2108 2757 2179 dum

200 2197 456 2267 viveret
504 2199 783 2267 nomine
828 2210 895 2267 et
943 2197 1230 2274 meritis,
1274 2209 1339 2265 et
1360 2196 1509 2284 jam
1546 2196 1616 2265 in
1659 2196 1988 2286 abyssum
2026 2196 2349 2286 absorpta
2389 2219 2507 2288 per
2556 2211 2757 2268 etuac

198 2285 558 2366 claritatis,
599 2286 1059 2355 nihilominus
1105 2285 1336 2355 adhuc
1388 2285 1885 2356 miraculorum
1937 2284 2090 2355 luce
2141 2307 2262 2375 per
2310 2307 2478 2356 mun
2535 2287 2556 2355 i
2604 2309 2758 2356 car-

200 2374 403 2445 dines
440 2374 732 2444 mirifice
780 2374 1194 2444 declaratur.
1235 2373 1424 2461 Cogit
1457 2373 1726 2446 sincera
1758 2387 1960 2461 atque
1983 2375 2218 2463 jurata
2251 2376 2497 2444 veritas
2538 2375 2757 2445 multa

198 2463 675 2534 conscribere:
713 2464 896 2556 cogit
929 2462 1301 2534 multitudo
1330 2484 1538 2550 quam
1596 2463 1797 2554 plura
1838 2464 2154 2534 transire.
2215 2469 2391 2534 Puer
2432 2463 2746 2551 quidam,

198 2554 483 2623 nomine
512 2553 893 2623 Jacobinus
932 2552 1016 2622 de
1050 2553 1354 2631 Perusio,
1408 2573 1543 2621 non
1581 2565 1716 2623 tam
1752 2553 2099 2633 infirmuS,
2135 2574 2345 2639 quam
2388 2552 2753 2622 daemonio

197 2643 502 2733 pessimo
563 2642 921 2712 videbatur
955 2641 1303 2711 obsessus
1356 2645 1552 2712 Nunc
1582 2641 1766 2710 enim
1821 2642 1890 2710 in
1937 2641 2167 2798 ignem
2204 2663 2352 2711 sese
2397 2641 2755 2731 desperate

248 2731 596 2818 rojiciens,
634 2730 921 2801 nuncin
975 2743 1152 2800 terra
1187 2728 1547 2811 collidenS,
1592 2751 1815 2817 usque
1846 2729 1931 2799 ad
2012 2730 2276 2799 entium
2321 2729 2747 2812 fractionem,

194 2754 468 2911 lapides
515 2820 863 2901 mordens,
905 2819 1208 2890 laniabat
1250 2818 1634 2889 miserrime
1665 2831 1877 2909 caput
1908 2841 2142 2900 suum,
2190 2831 2256 2888 et
2292 2841 2545 2909 corpus
2593 2840 2753 2889 san-

297 2908 904 2980 ine‘cruentabat.
960 2912 1088 2979 Ore
1143 2908 1431 2979 distorto
1495 2908 1808 2999 linguam
1860 2906 2027 2979 foris
2077 2908 2475 2998 projicienS‚
2535 2929 2753 2977 mem-

243 3019 482 3068 rorum
516 2997 911 3067 machinam
965 3010 1099 3084 tam
1150 2996 1352 3067 facile
1410 2995 1876 3087 glomerabat,
1934 3008 2009 3066 ut
2056 3018 2259 3086 saepe
2318 3018 2481 3068 crus
2539 3018 2751 3067 suum

192 3099 480 3187 poneret
526 3108 735 3177 super
784 3085 1069 3156 collum.
1132 3085 1441 3177 Singulis
1488 3085 1742 3156 diebus
1801 3108 1923 3175 per
1978 3085 2156 3155 duas
2222 3086 2404 3156 vices
2454 3107 2752 3175 puerum

192 3196 428 3266 ipsum
483 3174 833 3265 praedicta
862 3175 1143 3245 vexabat
1184 3176 1496 3246 insania:
1536 3196 1659 3244 nec
1688 3175 1792 3244 illi
1840 3175 2017 3244 duae
2057 3196 2391 3264 personae
2422 3174 2754 3245 obsistere

192 3276 536 3364 poterant,
590 3264 759 3350 quin
795 3264 1075 3354 propria
1102 3276 1378 3334 exueret
1432 3265 1858 3333 vestimenta.
1897 3263 2276 3334 Peritorum
2321 3263 2750 3334 medicorum

180 3374 517 3442 juvamen
578 3352 979 3439 requiritur,
1051 3353 1169 3423 sed
1226 3353 1466 3422 nullus
1523 3352 1645 3440 qui
1693 3353 1865 3423 sciat
1931 3352 2315 3435 consulere,
2374 3353 2745 3423 invenitur.

191 3447 389 3511 Pater
415 3442 592 3532 ejus,
640 3441 1050 3511 Guidolotus
1099 3442 1404 3523 nomine,
1474 3455 1837 3531 postquam
1887 3440 2250 3512 infortunii
2302 3442 2473 3512 tanti
2533 3463 2751 3511 reme-

189 3530 385 3600 dium
437 3530 623 3620 apud
675 3530 994 3600 homines
1027 3530 1298 3601 nullum
1334 3530 1617 3611 invenit,
1676 3530 1761 3600 ad
1800 3535 1865 3600 S.
1906 3529 2141 3600 Clarae
2175 3531 2419 3601 merita
2461 3552 2534 3601 se
2580 3552 2748 3600 con-

191 3619 411 3689 vertit.
451 3622 502 3689 Ο
536 3618 751 3710 virgo,
814 3619 1063 3707 inquit,
1109 3620 1583 3700 sanctissima,
1639 3641 1680 3689 o
1746 3619 2007 3689 mundo
2061 3620 2472 3691 venerabilis
2521 3618 2741 3700 Clara,

191 3707 313 3777 tibi
352 3708 686 3777 miserum
726 3720 964 3777 natum
999 3708 1317 3789 devoveo,
1370 3731 1410 3778 a
1461 3720 1522 3777 te
1571 3708 1933 3778 sanitatem
1984 3710 2134 3798 ejus
2192 3721 2328 3779 tota
2389 3729 2522 3796 sup
2577 3707 2747 3778 lica-

191 3796 374 3866 tione
402 3796 724 3886 deposco.
780 3798 1080 3867 Festinat
1126 3797 1214 3866 ad
1247 3796 1645 3888 sepulcrum
1679 3798 1831 3887 ejus
1865 3797 2000 3867 fide
2028 3798 2297 3888 plenus,
2351 3810 2419 3867 et
2455 3796 2519 3865 al
2550 3809 2743 3866 atum

193 3906 485 3975 puerum
525 3907 733 3974 super
781 3887 1095 3956 tumbam
1132 3886 1420 3977 virginis
1455 3906 1742 3977 ponenS,
1783 3886 2098 3975 protinus
2129 3908 2357 3978 opem,
2412 3884 2579 3953 dum
2625 3906 2748 3975 po-

191 3974 345 4054 scit,
388 3973 710 4061 acquirit.
748 3974 987 4044 Statim
1028 3975 1213 4045 enim
1253 3996 1421 4063 puer
1466 3974 1553 4043 ab
1602 3974 1722 4044 illa
1769 3974 2169 4045 infirmitate
2207 3975 2382 4044 liber
2422 3972 2742 4055 efficitur,

188 4073 256 4131 et
299 4062 434 4150 jam
470 4062 765 4133 ulterius
814 4062 1011 4134 nulla
1057 4063 1406 4135 consimili
1441 4064 1743 4134 laesione
1777 4076 2080 4133 vexatur.

273 4153 310 4239 ξ
341 4157 507 4224 88.
544 4152 951 4223 Alexandria
989 4153 1076 4223 de
1116 4158 1376 4232 Fracto,
1419 4154 1791 4224 Perusinae
1831 4152 2190 4229 dioecesis,
2225 4150 2597 4222 daemonio
2631 4172 2746 4220 ne-

179 4242 527 4328 quissimo
561 4242 954 4312 vexabatur.
1005 4248 1226 4325 Quam
1273 4240 1719 4312 daemonium
1780 4242 1851 4310 in
1910 4263 2108 4311 suam
2168 4241 2521 4331 redegerat
2561 4254 2747 4330 pote-

179 4344 457 4409 statem,
503 4343 579 4399 ut
611 4329 859 4400 faceret
892 4353 1011 4432 per
1039 4329 1375 4401 excelsam
1411 4352 1680 4419 rupem,
1715 4352 1892 4418 quae
1925 4331 1994 4399 in
2045 4329 2398 4422 crepidine
2431 4329 2744 4399 fluminis

178 4419 555 4500 eminebat,
594 4419 772 4490 sicut
804 4420 1144 4491 aviculam
1178 4420 1479 4491 volitare:
1506 4440 1624 4510 per
1651 4420 2137 4492 tenuissimum
2168 4440 2443 4509 quoque
2472 4419 2740 4491 arboris
