3308 5004
164 380 297 447 AUG.
343 381 364 446 l
765 400 845 447 nt
890 401 1127 448 samm
1173 400 1522 449 sanamus
1571 400 1971 449 nonnanis
2463 386 2548 451 35

162 498 321 565 uiam,
366 505 669 554 revereor
704 498 1147 568 senectutem,
1202 486 1419 556 miror
1452 485 1929 576 prudentiam:
1967 490 2101 557 Cur
2140 487 2633 559 abstinendum

160 573 308 644 bonis
331 572 555 663 epulis
590 587 809 664 putes,
861 596 1036 661 quas
1071 588 1317 645 natura
1352 574 1456 645 lar
1504 577 1696 644 itur?
1743 575 1994 646 Relaxa
2044 577 2437 648 istiusmodi
2483 600 2639 669 per-

157 663 447 745 vicaciam,
483 664 953 755 expergiscere
993 662 1392 752 aliquando,
1480 686 1600 733 um
1663 664 1894 735 adbuc
1944 666 2125 736 malo
2175 667 2301 737 tibi
2357 688 2641 756 persua-

153 750 271 821 dere
293 773 487 839 quam
527 766 953 841 extorquere,
1013 775 1097 823 ne
1151 753 1374 823 victus
1416 751 1807 843 suppliciis,
1860 752 2074 827 facias
2130 755 2316 842 quod
2382 755 2639 826 refutas

152 840 357 911 ratione
398 841 749 911 invitatus,
801 842 894 912 Ad
947 842 1113 912 haec
1164 840 1519 933 respondit
1567 863 1804 912 senex:
1850 864 1886 910 «ι
1917 848 2073 927 Nos,
2107 844 2458 927 Antioche,
2501 867 2636 915 non

153 930 465 1000 intentione
497 929 848 1013 ducimur,
900 930 1017 1000 sed
1072 931 1446 1001 reverentia
1494 930 1668 1021 legis
1717 945 2054 1015 tenemur,
2107 955 2284 1020 quae
2343 957 2382 1003 a
2429 934 2642 1004 suilla

147 1041 306 1088 carne
347 1019 826 1089 abstinendum
865 1021 1219 1111 praecipit.
1259 1019 1803 1090 Pulcherrimam
1848 1036 2234 1092 creaturam
2278 1020 2633 1108 judicanS,

148 1130 345 1199 negare
381 1122 606 1178 tamen
648 1131 781 1177 non
848 1124 1040 1199 potes
1087 1109 1273 1197 quod
1324 1111 1546 1200 potior
1598 1109 1688 1178 sit
1737 1111 2213 1201 temperantia,
2270 1133 2475 1197 quam
2529 1135 2638 1182 vo·

145 1194 360 1286 luptas:
411 1197 633 1287 potior
669 1197 837 1285 legis
877 1198 1290 1277 obedientia,
1326 1220 1537 1285 quam
1577 1201 2094 1289 praevaricatio.
2149 1201 2343 1283 Quod
2394 1201 2454 1270 si
2504 1200 2632 1270 hoc

145 1285 253 1353 leve
296 1299 507 1375 putas,
560 1298 638 1356 ut
668 1307 875 1355 carne
909 1308 1268 1358 vescamur
1298 1286 1544 1358 suilla:
1599 1288 1720 1374 qui
1771 1288 1839 1356 in
1878 1289 2189 1360 minimis
2223 1288 2442 1379 legem
2473 1311 2637 1359 con-

145 1376 468 1464 tempserit,
506 1374 851 1462 quomodo
901 1374 968 1444 in
1022 1376 1297 1468 magnis
1349 1375 1649 1446 tenebit?
1681 1381 1810 1446 Aut
1856 1378 1914 1446 si
1968 1378 2265 1468 pretiosa
2306 1390 2408 1448 est
2446 1400 2640 1448 crea-

144 1474 261 1531 tura
302 1463 742 1553 hujusmodi,
801 1464 1210 1534 vindicaris:
1268 1486 1430 1534 cum
1490 1486 1571 1533 eo
1618 1465 1804 1554 quod
1868 1467 1955 1536 sit
2029 1467 2630 1557 pulcherrimum,

140 1549 610 1642 defraudamur.
664 1553 1087 1623 Abstinentia
1133 1565 1364 1623 autem
1433 1565 1688 1634 nostra,
1743 1554 2117 1644 disciplina
2161 1569 2266 1625 est
2319 1556 2643 1625 castimo-

140 1639 277 1721 niae.
314 1643 651 1712 Discimus
692 1643 880 1711 enim
933 1664 1239 1713 resecare
1281 1641 1653 1723 luxuriam,
1717 1644 2136 1733 cupiditates
2185 1644 2480 1723 vincere,
2526 1665 2644 1713 ex-

138 1727 368 1799 cludere
411 1731 1037 1821 concupiscentias,
1091 1731 1666 1802 delectationibus
1697 1734 2008 1823 corporis
2056 1734 2358 1803 obviare.
2426 1734 2637 1802 Forti-

139 1818 356 1888 tudinis
379 1842 654 1908 quoque
686 1821 1085 1891 exercitium
1113 1834 1215 1890 est
1252 1822 1489 1910 poenis
1523 1843 1644 1910 pro
1680 1821 1739 1890 le
1789 1845 1826 1890 e
1857 1845 1990 1893 non
2025 1822 2291 1892 cedere.
2322 1822 2643 1892 Justitiae

135 1926 365 1995 quoque
403 1910 678 2000 insigne
723 1924 928 1996 atque
977 1910 1405 1999 prudentiae,
1461 1924 1536 1979 ut
1583 1932 1721 1997 quo
1816 1911 2250 1997 sequendum
2300 1910 2644 2001 elegimus

136 1995 338 2067 timore
420 1999 578 2080 Dei,
649 2012 867 2069 morte
934 2001 1281 2089 proposita
1331 2020 1782 2069 reservemus.
1836 2001 2004 2083 Quis
2070 2022 2299 2069 escam
2353 1999 2643 2090 imperet

135 2082 374 2156 liberis?
418 2088 587 2170 Quis
647 2099 877 2157 autem
926 2110 1000 2158 se
1049 2088 1416 2158 ridendum
1471 2088 1834 2177 praebeat?
1895 2089 2061 2171 Quis
2108 2104 2335 2158 autem
2386 2090 2458 2157 in
2510 2090 2641 2159 hoc

135 2175 367 2258 serviat,
415 2191 481 2247 et
528 2198 666 2246 non
718 2176 1106 2247 ridebitur?
1137 2182 1279 2248 Non
1331 2198 1485 2247 sum
1539 2177 1630 2246 ita
1670 2199 1898 2259 senex,
1943 2191 2021 2257 ut
2056 2178 2228 2247 mihi
2278 2200 2413 2248 non
2440 2180 2641 2269 juve-

137 2276 328 2333 nescat
371 2266 589 2335 animi
640 2264 991 2336 fortitudo.
1030 2289 1067 2334 »

196 2356 226 2438 §
269 2358 352 2425 ².
407 2360 804 2457 Suspensus
850 2355 1081 2443 itaque
1117 2377 1276 2424 cum
1324 2353 1489 2423 hinc
1522 2368 1729 2442 atque
1790 2354 1949 2425 inde
1983 2355 2282 2446 graviter
2321 2356 2642 2425 verbera-

138 2452 305 2523 retur,
360 2466 484 2514 nec
526 2466 671 2535 Jam
708 2442 963 2515 ferrent
1000 2443 1244 2515 senilia
1284 2444 1594 2514 membra
1630 2445 1988 2515 verberum
2036 2466 2315 2535 poenas,
2370 2444 2645 2515 lassatis

133 2533 538 2604 carnificibus
577 2547 782 2621 atque
829 2535 1329 2615 extensoribuS,
1376 2534 1445 2602 in
1499 2547 1749 2603 terram
1800 2534 2132 2613 deflexus,
2187 2533 2640 2603 inflexibilem

137 2635 384 2690 mentem
426 2623 734 2714 gerebat.
795 2626 874 2692 Et
918 2623 1200 2710 quidam
1249 2643 1377 2692 seu
1426 2621 1826 2713 longaevam
1880 2623 2249 2692 miseratus
2299 2635 2585 2691 aetatem
2619 2676 2636 2703 ,

132 2727 225 2778 seu
269 2711 704 2781 tentamentis
748 2712 1249 2782 circumvenire
1278 2710 1708 2791 desiderans,
1756 2711 2142 2800 Responde,
2183 2710 2433 2797 inquit,
2489 2722 2644 2779 tan-

134 2800 442 2870 tummodo
490 2813 562 2871 te
611 2800 1220 2881 manducaturum,
1270 2822 1394 2870 nos
1444 2812 1507 2870 te
1552 2823 1750 2870 escae
1797 2801 1951 2890 ejus
2005 2799 2392 2870 immunem
2444 2821 2645 2890 prae-

132 2885 447 2961 stabimus.
502 2894 587 2958 At
631 2888 749 2958 ille
781 2887 1117 2971 clamans,
1173 2913 1208 2956 «
1244 2894 1716 2977 Nequaquam,
1771 2889 2021 2977 inquit,
2071 2889 2428 2980 contingat
2471 2888 2645 2958 mihi

132 2985 188 3040 ut
229 2974 373 3045 fiam
423 2999 639 3048 senex
687 2978 1107 3047 incentivum
1163 2977 1496 3080 juvenilis
1544 2979 1821 3061 erroriS,
1873 2980 1996 3067 qui
2045 2978 2407 3066 hucusque
2452 2999 2644 3048 eram

134 3057 307 3133 forma
354 3066 689 3137 salutaris
735 3067 1057 3138 instituti.
1111 3072 1234 3138 His
1288 3088 1364 3136 er
1413 3088 1452 3136 o
1500 3065 1825 3138 ludibriis
1872 3080 1947 3138 ut
1999 3066 2361 3156 paululum
2418 3067 2642 3137 vivam

132 3145 427 3238 lucrabor,
458 3168 534 3226 et
581 3155 788 3226 totius
819 3156 992 3226 vitae
1020 3156 1290 3227 labores
1313 3179 1352 3225 a
1406 3154 1661 3238 dicam,
1703 3156 1927 3227 brevis
1962 3157 2206 3226 viatico
2237 3157 2644 3226 senectutis?

132 3239 407 3314 Senectus
458 3256 708 3335 portus
754 3245 956 3315 debet
979 3267 1150 3328 esse,
1187 3267 1323 3315 non
1360 3244 1804 3337 naufragium
1840 3246 2016 3315 vitae
2043 3245 2452 3335 superioris,
2495 3249 2642 3314 Non

134 3334 445 3489 tenegabo
473 3334 590 3404 lex
632 3334 873 3424 patria,
905 3357 1037 3404 non
1091 3333 1428 3425 abjurabo
1455 3356 1573 3404 vos
1622 3348 1861 3404 sancta
1894 3335 2207 3403 instituta
2261 3333 2634 3420 majorum,

134 3434 235 3486 non
318 3422 686 3494 ecolorabo
736 3445 852 3494 vos
892 3423 1150 3493 infulae
1182 3422 1664 3504 sacerdotaleS,
1702 3444 1836 3492 non
1875 3436 1937 3492 te
1983 3422 2312 3513 perfidiae
2361 3421 2648 3513 pulvere

134 3507 375 3581 turbabo
412 3512 789 3583 canities.»
839 3512 1017 3596 Quid
1068 3512 1334 3582 multa?
1367 3511 1835 3582 Immoriendo
1880 3511 2237 3584 tormentis
2285 3511 2508 3581 factus
2541 3524 2648 3580 est

133 3600 365 3696 caeteris
413 3601 905 3692 magisterium
942 3601 1506 3692 perseverantiae,
1559 3602 1682 3687 qui
1728 3600 1988 3671 electus
2030 3613 2177 3671 erat
2221 3601 2308 3670 ad
2342 3600 2649 3670 infirmi-

137 3691 256 3784 tatis
279 3691 704 3782 exemplum.
756 3694 1002 3781 Beatus
1047 3691 1298 3782 igitur,
1350 3689 1425 3758 in
1472 3710 1611 3778 quo
1676 3711 1814 3760 non
1872 3701 2246 3780 potuerunt
2304 3701 2648 3760 tormenta

142 3785 418 3848 rationem
453 3780 762 3850 vincere.
813 3784 907 3849 An
959 3801 1094 3848 non
1129 3779 1395 3858 beatus,
1430 3779 1553 3866 qui
1603 3779 1827 3869 potuit
1870 3781 2116 3870 virtute
2161 3778 2379 3848 animi
2429 3777 2648 3848 victor

140 3878 249 3931 mse
324 3888 690 3951 oenarum,
747 3867 1153 3959 pietatisque
1201 3868 1516 3959 remigio,
1583 3891 1858 3940 servare
1909 3868 2246 3959 integram
2299 3867 2368 3936 in
2436 3866 2648 3935 tantis

143 3888 411 4027 fluctibus
461 3957 915 4049 passionem?

198 4040 348 4126 58.
396 4051 561 4118 Post
612 4047 843 4136 ipsum
882 4045 1119 4116 statuti
1157 4060 1323 4116 sunt
1416 4045 1568 4115 ueri
1617 4053 1878 4136 septem
1922 4066 2083 4115 cum
2133 4058 2374 4113 matre.
2413 4042 2649 4114 Insul-

147 4134 247 4198 tare
295 4131 444 4206 licet
490 4149 821 4228 tyranno,
875 4136 995 4225 qui
1044 4133 1214 4205 dum
1263 4135 1516 4205 calide
1561 4156 1600 4204 a
1648 4156 1813 4204 sene
1879 4132 2354 4224 incipiendum
2407 4145 2640 4224 putat,

149 4221 497 4310 magistrum
561 4224 761 4314 eligit
817 4246 956 4313 quo
995 4223 1381 4315 discipulos
1430 4223 1683 4294 faceret
1730 4222 2066 4303 fortioreS,
2119 4244 2418 4310 quorum
2460 4222 2648 4293 velut

155 4309 420 4408 puerilem
454 4327 752 4385 aetatem
791 4313 1122 4415 praemiis
1168 4314 1580 4414 provocabat
1625 4312 1713 4382 ad
1761 4311 2077 4403 culpam,
2131 4312 2466 4402 arguebat
2513 4323 2650 4382 ter-

156 4398 360 4471 mbas
402 4403 491 4474 ad
530 4402 1003 4474 formidinem.
1047 4406 1126 4472 At
1172 4401 1274 4472 illi
1316 4424 1451 4473 non
1501 4402 1876 4494 degeneres
1910 4413 2096 4472 tanto
2130 4401 2318 4484 duci,
2355 4423 2650 4491 respon-

162 4474 297 4556 dent:
344 4493 593 4577 «Quid
648 4515 773 4565 nos
847 4490 1235 4564 contemnis
1289 4491 1388 4563 vel
1452 4492 1973 4565 circumscribis
2042 4503 2124 4562 ut
2168 4494 2467 4582 pueros?
2515 4489 2646 4560 Sed
