3308 5004
243 316 435 386 AUG.
483 311 576 384 20
903 332 986 383 οι
1021 330 1088 384 s.
1138 329 1473 386 uma-o
1517 331 1661 385 m.
1711 329 2100 386 murm..
2576 313 2711 387 549

242 417 724 491 liberationem
751 417 1198 508 quaesierim,
1232 430 1302 490 et
1330 435 1468 491 uon
1528 419 1752 511 magis
1808 419 2025 492 illius.
2074 424 2267 506 Quae
2312 419 2500 492 euim
2549 431 2792 505 mater,

243 507 519 580 etiamsi
549 528 854 590 omnem,
904 529 1115 596 quam
1152 507 1375 600 potuit
1397 521 1731 580 curam‘et
1775 503 2207 602 diligentiam
2238 508 2622 602 aegrotanti
2654 507 2800 582 fflio

242 595 653 670 adhibuisse
698 615 773 669 se
809 596 1013 680 sciat,
1054 596 1117 668 si
1173 595 1464 669 demum
1518 613 1593 668 se
1646 597 1895 670 viderit
1953 597 2378 683 trusa-atam,
2428 611 2496 670 et
2555 617 2801 674 omnes

250 685 524 759 labores
568 703 913 758 fflosesse
951 685 1228 778 penitus
1265 683 1688 769 inefficaces,
1742 686 1863 758 illo
1910 684 2371 759 nihilominus
2424 687 2795 772 moriente,

249 788 610 869 propterea
638 792 948 864 unquam
996 795 1039 846 a
1070 774 1350 847 fletibus
1386 775 1882 866 temperabitb
1926 780 2007 848 Bt
2038 776 2206 848 haec
2236 775 2599 850 hacteuu&

333 867 374 954 ξ
411 868 568 954 ΒΙ.
620 868 1003 947 Becaetero,
1038 859 1271 936 tantus
1298 862 1686 936 aemulator
1706 875 1857 937 erat
1887 857 2448 937 mansuetudinis
2467 863 2540 936 et
2573 864 2792 958 pacis,

244 964 324 1025 ut
359 954 421 1024 si
465 952 638 1024 forte
673 951 1040 1045 improbus
1132 952 1381 1055 uisque
1427 953 1677 1045 petitor
1697 952 1950 1026 durius
1993 954 2388 1026 extorsisset
2418 971 2465 1025 a
2500 967 2800 1046 negante

243 1061 685 1135 responsum,
725 1041 912 1113 haud
960 975 1162 1114 suciis
1184 1039 1515 1134 deinceps
1558 1059 1722 1114 cum
1753 1040 1994 1114 ea'de'm
2025 1042 2310 1135 repulsa
2338 1041 2802 1115 dimitteretur
2892 1071 2901 1080 .

245 1131 501 1202 inanis.
555 1130 910 1220 Siquidem
969 1130 1157 1202 velut
1201 1130 1610 1203 naturaliter
1640 1185 1659 1214 ,
1714 1143 1791 1202 ut
1834 1130 2179 1203 fatebatur
2205 1184 2222 1214 ,
2296 1130 2535 1204 oderat
2591 1139 2885 1246 omn,

246 1217 699 1292 scandalum:
738 1234 807 1292 et
849 1238 1225 1312 gravamen
1270 1219 1646 1312 cujuslibet
1691 1219 1999 1292 hominis
2044 1218 2408 1304 sustinere,
2457 1220 2524 1292 ei
2555 1220 2799 1294 admo·

245 1308 414 1380 dum
466 1329 711 1400 grave:
765 1329 903 1380 non
936 1308 1213 1391 sentire,
1257 1307 1890 1400 impossibileerat.
1934 1308 2098 1381 Ideo
2126 1309 2477 1390 neminem
2511 1310 2789 1402 sprevit,

245 1397 514 1469 nullius
548 1397 853 1468 hominis
881 1397 1288 1470 scandalum
1338 1393 1811 1490 parvipendit,
1858 1397 1988 1470 etsi
2037 1398 2385 1470 veritatem
2433 1399 2554 1469 Dei
2590 1399 2799 1489 justi-

241 1487 557 1575 tiamque
604 1485 1026 1577 praetulerit.
1078 1491 1248 1559 Nam
1295 1498 1361 1558 et
1390 1488 1659 1590 quoties
1708 1498 2049 1578 oporteret
2094 1487 2338 1559 noxios
2399 1486 2796 1577 aliquorum

246 1575 350 1646 vel
384 1573 890 1667 reprehendere
948 1586 1189 1658 actus,
1253 1574 1355 1647 vel
1405 1576 1745 1668 impedire
1789 1588 2117 1660 conatus,
2181 1588 2319 1648 tam
2368 1576 2800 1650 considerato

242 1657 475 1747 fiebat,
507 1677 587 1736 ut
615 1663 1054 1737 abundanter
1082 1661 1217 1756 ipsi
1264 1683 1565 1754 quoque,
1601 1666 1724 1755 qui
1754 1664 1921 1738 laesi
1967 1664 2385 1749 viderentur,
2438 1664 2793 1750 haberent,

241 1754 433 1826 uude
462 1753 598 1826 sibi
641 1771 764 1846 pro
792 1771 874 1826 eo
897 1753 1370 1826 satisfacerent
1386 1753 1466 1824 in
1493 1754 2044 1848 cogitationibus
2069 1753 2242 1827 suis.
2286 1758 2465 1827 Sane
2494 1754 2799 1827 vidimus

238 1863 329 1914 ex
368 1843 542 1934 ipsis
569 1843 970 1936 ponnullos,
1001 1855 1070 1915 et
1099 1843 1186 1914 de
1203 1841 1463 1932 quibus
1500 1841 1568 1914 id
1605 1843 1841 1916 minus
1881 1842 2244 1917 videbatur
2265 1859 2474 1937 ‘posse
2506 1842 2795 1935 sperari,

247 1930 574 2024 ampliori
619 1929 978 2014 devotione
1007 1932 1176 2024 ejus
1223 1930 1666 2024 postmodum
1700 1932 1804 2003 vel
1849 1932 2205 2022 obsequiis
2232 1924 2648 2014 deseruisse,
2692 1931 2799 2006 vel

247 2020 456 2091 etiam
490 2020 887 2110 adhaesisse
920 2019 1252 2113 vestigiis.

335 2111 379 2198 ξ
415 2107 586 2182 Οῡ.
642 2110 903 2182 Dicitur
948 2123 1176 2182 tamen
1215 2121 1291 2181 *et
1321 2109 1597 2180 invidos
1625 2107 1979 2193 habuisse,
2029 2120 2110 2182 ut
2157 2108 2439 2180 haberet
2472 2109 2796 2181 meritum

245 2196 485 2269 exeis.
537 2202 891 2288 Caeterum
937 2211 1079 2270 tam
1125 2197 1574 2291 singulariter
1617 2200 1969 2272 eminebat
2011 2198 2235 2291 gloria
2261 2198 2567 2271 nominis
2611 2197 2791 2288 ejus,

246 2298 327 2359 ut
373 2286 581 2378 pestis
629 2286 752 2359 illa
797 2288 1021 2380 magis
1050 2286 1549 2379 desperatione,
1599 2307 1810 2377 quam
1862 2287 2097 2372 livore,
2153 2287 2551 2370 tabesceret,
2579 2298 2654 2359 ‘et
2712 2285 2798 2358 ti·

247 2381 461 2450 meret
506 2375 812 2469 agnosci.
864 2375 1253 2464 Quinetiam
1305 2375 1698 2449 hnmilitate
1755 2376 1908 2467 ejus
1943 2388 2020 2449 ‘et
2066 2371 2601 2447 mansuetudine
2646 2375 2797 2446 vin-

244 2464 553 2549 cebatur,
608 2464 962 2538 beneflciis
1008 2457 1499 2549 suffocabatur,
1549 2465 1977 2539 obruebatur
2018 2464 2394 2556 obsequiis.
2453 2462 2797 2539 Nimirum
2908 2467 2923 2481 “

243 2551 492 2626 doctus
535 2568 684 2626 erat
721 2554 1001 2627 vincere
1047 2556 1119 2625 in
1169 2558 1353 2629 bono
1393 2554 1664 2628 malum
1690 2607 1712 2637 ,
1768 2553 1951 2627 sicut
2011 2554 2099 2626 ad
2149 2553 2490 2644 quosdam
2551 2551 2797 2626 fratres

243 2643 582 2727 scribens,
635 2644 818 2714 inter
857 2652 1128 2716 caetera
1172 2644 1311 2715 ait:
1365 2666 1405 2713 ιι
1436 2642 1834 2716 adhaerebo
1878 2643 2119 2727 vobis,
2171 2643 2298 2715 etsi
2358 2642 2619 2714 nolitis:
2670 2641 2798 2714 ad·

247 2730 568 2814 haerebo,
605 2733 736 2805 etsi
779 2731 996 2806 nolim
1059 2734 1240 2825 ipse.
1294 2733 1535 2805 Invitis
1601 2731 1968 2825 praestabo
1995 2786 2012 2815 ,
2071 2731 2366 2837 ingratis
2414 2730 2741 2825 adjiciam
2774 2786 2791 2814 ,

242 2817 599 2893 honorabo
642 2833 710 2893 et
753 2834 1271 2895 contemnentes
1305 2840 1485 2894 me.»
1535 2820 1940 2910 usqueadeo
1995 2820 2340 2910 siquidem
2387 2841 2631 2893 omnes
2673 2818 2800 2893 ho·

242 2909 472 2981 mines
503 2920 840 3012 germano
885 2908 1431 3003 amplectebatur
1475 2907 1750 2994 affectu,
1796 2923 1876 2982 ut
1918 2930 2153 2982 eorurn
2201 2907 2533 2982 scandalo
2576 2908 2794 3000 (sicut

243 2998 398 3090 ipse
427 2997 557 3069 sari
599 2994 898 3090 solebat)
926 3001 1207 3092 gravius
1254 3011 1592 3082 ureretur,
1637 3000 1898 3089 quibus
1954 2998 2221 3071 nullam
2282 2997 2629 3070 videretur
2673 3018 2795 3070 oc·

240 3086 591 3160 casionem
626 3088 937 3160 scandali
969 3089 1401 3193 praebuisse.
1443 3088 1610 3160 Plus
1653 3089 1841 3160 enim
1871 3087 2267 3181 piissimum
2318 3098 2581 3180 pectus,
2641 3107 2797 3195 gra-

241 3177 495 3249 tuitum
531 3175 816 3250 alterius
847 3177 1194 3272 affligebat
1247 3177 1681 3252 scandalum.
1732 3193 1944 3267 quam
2007 3176 2331 3269 propriae
2379 3176 2793 3248 immunitas

239 3265 705 3338 conscientiae
750 3266 1124 3345 solabatur.
1175 3265 1530 3357 Siquidem
1597 3267 1835 3339 minus
1881 3265 2203 3358 sperabat
2244 3282 2458 3370 posse
2503 3264 2789 3348 sanari,

240 3354 454 3514 {¹⁶⁰4
505 3354 696 3427 unde
744 3356 1158 3448 procederet,
1216 3378 1352 3429 non
1391 3355 1711 3428 videbat:
1759 3370 2094 3447 magnum
2129 3354 2263 3425 sib1
2309 3353 2631 3446 eregione
2675 3373 2789 3427 so-

271 3443 489 3514 atium
536 3442 681 3516 fore
729 3445 1125 3539 perhibens,
1173 3444 1445 3535 quoties
1491 3446 1828 3517 inveniret
1872 3443 2063 3517 unde
2110 3443 2506 3516 satisfacere
2556 3452 2795 3535 'posset

241 3531 347 3603 vel
394 3532 664 3604 homini
701 3552 825 3625 pro
862 3554 960 3616 se,
1009 3534 1113 3606 vel
1163 3538 1298 3606 Deo
1344 3553 1470 3627 pro
1517 3535 1823 3618 homine,
1862 3548 1998 3607 non
2048 3532 2203 3606 sine
2245 3532 2609 3605 occasione
2633 3536 2794 3603 'tur-

241 3620 426 3694 bato.
475 3625 656 3713 Erga
686 3623 998 3694 omnium
1034 3624 1316 3713 quidem
1366 3624 1730 3695 hominum
1780 3623 2142 3715 spirituale
2177 3620 2636 3722 ‘commodum
2690 3620 2797 3691 in·

243 3710 773 3782 commodumve
815 3711 1125 3803 amplius
1169 3711 1635 3786 afficiebatur:
1695 3723 1763 3784 et
1806 3728 2166 3784 summum
2206 3711 2271 3782 ei
2315 3708 2742 3783 desiderium
2774 3760 2792 3789 ,

246 3818 606 3873 summum
637 3799 1173 3894 gaudiumerat,
1194 3802 1589 3874 animarum
1612 3802 1908 3884 fructus,
1931 3801 2291 3872 conversio
2320 3802 2792 3901 peccatprum.

245 3891 327 3958 Et
355 3898 724 3980 corporeas
771 3902 1000 3961 tamen
1031 3890 1503 3981 quorumlibet
1550 3890 1916 3962 hominum
1979 3887 2422 3961 necessitates
2484 3900 2799 3978 pusstmo

246 3976 709 4049 miserabatur
741 3977 1031 4052 affectu:
1090 3980 1300 4070 cujus
1349 3991 1535 4051 tanta
1580 3991 1727 4050 erat
1770 3977 2199 4079 humanitas,
2249 3988 2329 4047 ut
2389 3993 2549 4078 nou·
2596 3970 2801 4046 modo

246 4062 675 4150 hominibus,
725 4066 851 4140 sed
920 4067 1517 4141 irrationabilibus
1568 4068 1777 4139 etiam
1849 4065 2327 4149 animantibus
2354 4114 2373 4146 ,
2440 4062 2690 4135 avibus
2732 4071 2803 4135 et

246 4151 436 4238 feris,
471 4168 999 4248 compateretur,
1052 4176 1179 4230 nec
1214 4155 1664 4248 compatienti
1708 4157 1941 4227 deerat
1975 4154 2252 4226 virtutis
2282 4152 2593 4225 effectus.
2616 4154 2801 4223 'Con-

248 4239 406 4333 tigit
434 4245 620 4318 enim
660 4246 1049 4337 aliquoties,
1091 4257 1182 4320 -ut
1211 4247 1341 4331 iter
1382 4262 1622 4336 agens,
1675 4243 2110 4339 fugitantem,
2144 4256 2236 4326 et,
2279 4254 2382 4338 ut*
2408 4240 2794 4323 videbatur,

248 4331 568 4424 protinus
610 4335 1034 4429 capiendum
1065 4324 1172 4407 vel
1224 4332 1665 4427 lepusculum
1711 4356 1754 4404 a
1792 4331 2108 4416 canibus,
2158 4329 2265 4403 vel
2312 4329 2660 4403 aviculam
2707 4327 2797 4401 ab

245 4419 720 4513 accipitribus,
772 4427 973 4519 sig-no
1008 4424 1257 4500 Crucis
1300 4421 1485 4496 edito
1530 4420 1939 4496 mirabiliter
1984 4419 2347 4494 liberaret:
2399 4419 2797 4511 diceretque
