3308 5004
667 340 799 408 “8
1254 354 1331 401 »Β
1378 354 1433 401 s.
1487 351 1819 402 naumann
1867 354 2008 402 Ana.
2065 352 2449 401 cunum..
2801 333 2990 401 AUG.
3057 335 3146 402 20

575 440 968 532 Angelicam
1041 460 1241 510 erens
1266 438 1333 507 in
1367 438 1563 510 terris
1599 437 1785 520 vixit,
1820 438 2167 509 neminem
2203 459 2525 506 enarrare
2554 458 2751 527 posse
2785 448 2979 526 puto,
3018 439 3148 525 qui

585 551 722 600 non
775 529 952 598 vivat
996 463 1083 598 ge
1132 527 1424 618 spiritu,
1479 527 1564 597 de
1610 549 1749 614 quo
1797 527 1915 597 ille
1973 528 2159 597 vixit.
2227 526 2455 597 Solius
2501 527 2761 615 quippe
2809 525 3150 597 donantis

577 633 646 690 et
691 617 1094 708 accipientis
1141 630 1243 686 est
1289 635 1531 698 nosse,
1584 630 1928 704 quantum
1982 638 2138 685 mox
2187 615 2256 684 in
2319 615 2790 684 conversionis
2849 615 3146 685 exordio

584 706 1011 799 praevenerit
1056 727 1215 775 eum
1267 705 1600 775 Dominus
1651 707 1718 774 in
1765 703 2365 775 benedictionibus
2397 703 2793 774 dulcedinis
2833 726 3031 785 suae,
3083 716 3151 774 et

579 810 836 885 quanta
888 794 1248 884 repleverit
1294 795 1517 885 gratia
1564 792 1942 876 electioniS‚
1995 792 2345 881 quomodo
2391 795 2480 864 ab
2528 792 2837 863 ubertate
2883 793 3153 864 domus

581 905 747 957 suae
771 883 1213 955 inebriaverit
1237 906 1424 954 eum.
1450 888 1815 972 Ingressus
1846 896 1950 953 est
1974 895 2202 953 autem
2226 882 2509 952 domum
2542 880 2732 950 illam
2760 881 3154 953 intentione

584 973 840 1043 ibidem
895 971 1235 1042 moriendi
1282 994 1321 1041 a
1372 972 1704 1041 memoria
1773 971 2133 1041 bominum
2168 1026 2183 1051 ,
2260 984 2326 1040 et
2395 992 2515 1061 spe
2579 969 3032 1040 delitescendi
3085 985 3154 1042 et

580 1060 888 1143 latendi,
967 1073 1294 1149 tanquam
1372 1083 1489 1130 vas
1542 1059 1912 1150 perditum,
1967 1060 2255 1130 Domino
2302 1059 2502 1129 aliter
2547 1059 2960 1148 disponente
2993 1114 3010 1141 ,
3085 1074 3154 1129 et

583 1173 743 1221 eum
795 1150 926 1221 sibi
980 1151 1047 1219 in
1082 1172 1198 1218 vas
1230 1148 1587 1220 electionis
1620 1171 1780 1240 prae
1834 1162 2108 1219 arante:
2152 1161 2217 1218 et
2250 1170 2382 1218 non
2417 1147 2643 1218 solum
2685 1147 2775 1216 ad
2814 1148 3142 1217 ordinem

584 1240 1048 1310 monasticum
1082 1237 1610 1308 confortandum
1652 1261 1734 1308 ac
1821 1237 2229 1319 flatandum,
2266 1237 2386 1307 sed
2421 1235 2506 1306 ad
2553 1236 2972 1326 portandum
3019 1258 3149 1306 no·

586 1349 744 1397 men
797 1351 1002 1399 suum
1053 1347 1284 1398 coram
1336 1328 1660 1418 gentibus
1707 1340 1771 1396 et
1822 1328 2146 1418 regibus,
2198 1340 2264 1396 et
2321 1346 2538 1412 usque
2600 1325 2687 1394 ad
2753 1338 3147 1395 extremum

586 1429 826 1487 terrae.
884 1422 1040 1508 Ipse
1088 1438 1244 1486 vero
1290 1415 1376 1486 de
1424 1439 1497 1486 se
1548 1416 1640 1485 nil
1685 1415 1817 1485 tale
1846 1417 2222 1485 aestimans
2252 1427 2373 1484 aut
2401 1414 2738 1516 cogitans,
2783 1414 3015 1504 potius
3049 1414 3142 1483 ad

587 1504 971 1576 custodiam
1015 1505 1245 1575 cordis
1275 1517 1341 1575 et
1377 1505 1517 1574 oris
1548 1505 1656 1576 sui
1691 1516 1755 1575 et
1797 1505 2128 1595 propositi
2167 1516 2655 1584 constantiam,
2701 1503 2830 1572 hoc
2866 1525 3152 1592 semper

587 1594 659 1665 in
709 1594 936 1675 corde,
991 1593 1382 1681 frequenter
1428 1594 1632 1664 etiam
1689 1595 1754 1663 in
1807 1615 1923 1663 ore
1975 1593 2298 1663 habebat:
2351 1593 2710 1674 Rev-narde,
2763 1593 3149 1673 Ber-narde,

588 1685 681 1754 ad
726 1684 891 1775 quid
934 1684 1232 1753 venisti?
1278 1688 1356 1752 Et
1402 1683 1582 1753 sicut
1629 1681 1715 1752 do
1766 1682 2053 1753 Domino
2103 1681 2395 1771 legitur,
2449 1682 2616 1769 quia
2672 1683 2885 1771 coepit
2946 1686 3153 1751 Jesus

586 1776 814 1862 facere
842 1784 905 1842 et
935 1773 1167 1842 docere
1197 1772 1449 1862 (Actor.
1493 1772 1570 1860 1),
1606 1793 1644 1840 a
1680 1772 1905 1862 prima
1939 1771 2051 1841 die
2086 1771 2443 1861 ingressus
2483 1772 2594 1841 sui
2635 1769 2705 1838 in
2741 1769 2989 1839 cellam
3026 1791 3154 1840 no·

590 1862 940 1942 vitiorum,
979 1862 1125 1951 ipse
1150 1861 1375 1950 coepit
1398 1882 1601 1951 agere
1635 1861 1706 1930 in
1742 1861 2136 1952 semetip50‚
2174 1860 2355 1948 quod
2393 1872 2540 1929 erat
2571 1858 2745 1927 alios
2778 1857 3151 1928 docturus.

680 1953 716 2038 ξ
746 1952 899 2023 19.
956 1950 1402 2020 Postmodum
1435 1950 1647 2030 enim,
1688 1972 1848 2019 cum
1875 1950 2023 2038 jam
2058 1947 2492 2019 Claraevallis
2522 1947 2746 2017 ⁴Abbas
2775 1946 3154 2018 ordinatus

589 2052 790 2119 esset,
844 2038 1378 2109 adventantibus
1426 2039 1703 2109 novitiis
1749 2052 1813 2108 et
1846 2038 2335 2109 festinantibus
2369 2036 2663 2128 ingredi,
2709 2035 2953 2106 audire
2983 2057 3156 2105 eum

591 2127 772 2200 soliti
826 2150 1073 2198 sumus
1118 2127 1631 2228 praedicantem
1685 2139 1748 2197 et
1794 2127 2175 2196 dicentem:
2231 2150 2267 2194 ι(
2321 2127 2386 2197 Si
2435 2125 2518 2195 ad
2571 2147 2673 2205 ea,
2726 2146 2908 2212 quae
2954 2124 3156 2194 intus

586 2229 777 2298 sunt,
836 2217 1203 2287 festinans:
1281 2216 1393 2286 hic
1443 2216 1608 2286 foris
1659 2216 1981 2287 dimittite
2027 2237 2351 2307 corpora,
2403 2236 2582 2303 quae
2629 2214 2714 2284 de
2762 2213 2997 2284 seculo
3055 2227 3158 2283 at·

592 2306 873 2378 tulistis.
931 2305 1068 2376 Soli
1119 2305 1404 2396 spiritus
1446 2306 1965 2375 incrediantur:
2003 2328 2162 2375 caro
2198 2326 2330 2373 non
2367 2304 2645 2394 prodest
2675 2303 3081 2390 quicquam.
3118 2327 3155 2367 »

593 2394 791 2478 Quod
841 2409 1067 2464 tamen
1123 2395 1420 2476 novitiiS,
1474 2362 1563 2463 ad
1611 2395 1979 2465 novitatem
2032 2393 2216 2463 verbi
2270 2393 2670 2483 perterritiS,
2718 2413 3008 2482 parcens
3052 2404 3157 2460 te-

593 2484 975 2555 neritudini
1026 2507 1290 2564 eorum,
1345 2483 1757 2555 clementius
1803 2482 2231 2574 exponendo,
2286 2481 2555 2553 dicebat
2593 2480 2940 2552 carnalem
2981 2501 3156 2550 con-

593 2573 1097 2666 cupiscentiam
1148 2572 1314 2644 foris
1362 2573 1873 2645 dimittendam.
1928 2578 2083 2662 lpse
2130 2585 2361 2641 autem
2411 2593 2567 2641 cum
2608 2571 2908 2642 novitius
2941 2581 3150 2650 esset,

594 2663 668 2732 in
724 2662 917 2731 nullo
967 2663 1100 2733 sibi
1154 2685 1467 2753 parcenS,
1508 2663 1809 2733 instabat
1841 2660 2263 2730 omnimodis
2295 2660 2710 2730 mortificare
2741 2680 2876 2730 non
2921 2658 3154 2729 solum

594 2752 1201 2842 concupiscentias
1248 2752 1479 2822 carnis
1510 2806 1525 2832 ,
1579 2773 1755 2839 quae
1807 2771 1929 2839 per
1975 2771 2224 2819 sensus
2270 2749 2584 2839 corporis
2628 2749 2804 2818 fiunt
2836 2803 2852 2828 ‚
2907 2747 3027 2819 sed
3090 2760 3162 2816 et

595 2862 844 2911 sensus
897 2863 1014 2929 per
1062 2862 1236 2927 quos
1284 2842 1483 2910 siunt.
1524 2845 1688 2909 Cum
1732 2839 1916 2909 enim
1960 2838 2107 2927 jam
2142 2838 2462 2908 interiore
2497 2860 2709 2908 sensu
2744 2836 3158 2917 illuminati,

599 2929 857 2998 amoris
887 2928 1163 2998 dulcius
1195 2951 1272 2998 ac
1304 2929 1731 3017 frequentius
1765 2927 2017 2997 sentire
2051 2926 2433 3016 inciperent
2466 2926 2835 2997 desursum
2879 2926 3162 3015 spiran-

600 3029 731 3085 tem
785 3018 913 3086 sibi
967 3018 1398 3098 suavitatem,
1454 3018 1689 3088 sensui
1745 3016 1846 3085 illi
1894 3015 2204 3085 interiori
2255 3016 2504 3085 timens
2552 3039 2594 3085 a
2640 3016 2963 3086 sensibus
3001 3036 3164 3084 cor-

604 3106 814 3194 poris,
874 3105 981 3175 vix
1031 3119 1293 3175 tantum
1331 3107 1430 3176 eis
1465 3105 1900 3197 permittebat
1927 3119 2268 3192 quantum
2302 3104 2646 3174 sufficeret
2677 3105 2760 3174 ad
2794 3102 3160 3174 exterioris

601 3214 780 3265 cum.
815 3195 1216 3264 hominibus
1263 3194 1804 3265 conversationis
1854 3194 2270 3266 societatem.
2345 3193 2539 3276 Quod
2609 3216 2767 3262 cum
2836 3193 3160 3262 continui

601 3304 772 3352 usus
805 3284 1134 3353 instantia
1165 3284 1232 3351 in
1265 3284 1840 3353 consuetudinem
1882 3284 2196 3363 mitteret,
2236 3280 2664 3353 consuetudo
2702 3282 2763 3350 ei
2798 3281 2951 3371 ipsa
2985 3303 3161 3369 quo-

601 3370 974 3442 dammodo
1010 3372 1396 3441 vertebatur
1435 3373 1503 3440 in
1544 3386 1905 3442 naturam:
1954 3384 2271 3459 totusque
2297 3371 2761 3461 absorptusin
2796 3370 3155 3460 spiritum.

603 3481 804 3550 saepe
856 3474 990 3531 tota
1027 3461 1094 3530 in
1131 3465 1344 3530 Deum
1385 3460 1643 3531 directa
1688 3460 2063 3531 intentione
2103 3460 2422 3550 spiritali,
2469 3473 2605 3530 tota
2634 3472 2974 3549 occupata
3018 3480 3161 3527 me-

606 3549 848 3630 moria,
904 3549 1143 3619 videns
1192 3572 1325 3619 non
1381 3549 1693 3632 videbat,
1745 3548 2040 3621 audiens
2089 3571 2227 3619 non
2277 3550 2636 3619 audiebat:
2694 3549 2788 3618 nil
2841 3549 3163 3637 sapiebat

604 3639 908 3730 gustanti
942 3664 956 3703 ε
999 3640 1103 3709 vix
1136 3638 1400 3726 aliquid
1436 3661 1646 3709 sensu
1678 3638 1914 3726 aliquo
1943 3640 2254 3729 corporis
2295 3638 2651 3709 sentiebat.
2688 3639 2851 3707 Jam
2897 3638 3074 3728 quip

604 3749 871 3797 annum
923 3727 1268 3819 integrum
1318 3741 1630 3818 exegerat
1680 3729 1746 3796 in
1798 3728 1972 3798 cella
2021 3728 2463 3808 novitiorum,
2516 3748 2675 3797 cum
2727 3727 2965 3796 exiens
2997 3727 3069 3796 in
3125 3747 3161 3793 e

604 3817 977 3906 ignoraret,
1031 3832 1266 3887 utrum
1316 3817 1545 3888 adbuc
1591 3816 1891 3907 desuper
1937 3815 2155 3887 celata
2201 3828 2378 3887 esset
2425 3816 2674 3887 domus
2724 3817 2898 3905 ipsa.
2947 3815 3161 3886 Multo

605 3919 913 3997 tempore
961 3906 1507 3994 frequentaverat
1555 3908 1823 3976 intrans
1870 3906 2157 3976 domum
2213 3905 2540 3976 ecclesiae
2572 3960 2587 3986 ,
2646 3927 2808 3975 cum
2868 3905 2938 3973 in
3005 3905 3157 3995 ejus

604 3998 830 4085 capite
870 4018 1081 4065 unam
1126 4008 1395 4066 tantum
1430 4017 1580 4066 esse
1619 3994 1989 4065 fenestram
2033 3994 2505 4065 arbitraretur.

694 4087 730 4171 ξ
782 4089 951 4157 21).
1009 4084 1433 4155 curiositatis
1479 4085 1667 4154 enim
1717 4105 1928 4154 sensu
1977 4083 2407 4165 mortificato,
2463 4081 2560 4152 nil
2595 4080 3005 4172 hujusmodi
3047 4081 3168 4151 ad-

610 4173 954 4244 vertebat:
995 4173 1091 4243 vel
1128 4174 1185 4243 si
1231 4173 1396 4244 forte
1430 4173 1807 4261 aliquando
1839 4195 1998 4243 eum
2030 4172 2471 4263 contingebat
2500 4171 2750 4253 videre,
2799 4170 3160 4249 memoria,

611 4273 687 4329 ut
720 4260 980 4332 dictum
1015 4276 1137 4342 est,
1178 4262 1341 4333 alibi
1379 4277 1737 4355 occupata,
1780 4284 1912 4331 non
1952 4262 2309 4332 sentiebat.
2348 4262 2505 4331 Sine
2538 4260 2866 4330 memoria
2898 4260 3167 4351 quippe

611 4369 858 4420 sensus
907 4352 1263 4421 sentientis
1315 4351 1552 4423 nullus
1599 4366 1723 4422 est.
1779 4356 2031 4422 Natura
2078 4372 2353 4438 quoque
2403 4350 2471 4419 in
2509 4371 2587 4420 eo
2623 4372 2757 4419 non
2792 4348 3168 4419 dissentie-

613 4435 730 4504 bat
776 4460 813 4505 a
867 4439 1108 4528 gratia.
1165 4440 1575 4511 Naturaliter
1622 4440 1806 4511 enim
1848 4440 2000 4530 jam
2048 4441 2133 4510 ab
2184 4439 2381 4509 initio
2415 4439 2543 4510 hoc
2579 4450 2724 4510 erat
2762 4438 2969 4509 homo
3005 4439 3161 4519 iste,
