3308 5004
659 304 791 371 288
1479 322 1559 369 nr.
1604 322 1663 370 s.
1713 317 1919 370 cuna
1967 320 2227 370 vniam
2796 304 2985 372 AUG.
3046 305 3130 372 {2

572 425 874 489 ramum,
918 407 1130 477 fluvio
1176 405 1439 478 Tiberis
1489 406 2044 497 impendentem.
2097 406 2391 477 faciebat
2428 404 2871 489 descendere,
2923 418 3131 495 atque

571 517 721 566 eam
774 496 1029 565 ibidem
1064 497 1266 584 quasi
1316 495 1479 565 ludo
1527 517 1794 565 vacare:
1846 516 2133 566 suorum
2184 517 2463 583 quoque
2519 496 2761 566 merito
2808 510 3129 586 peccato-

572 606 757 664 rum,
798 605 959 655 cum
988 585 1169 655 latus
1202 585 1558 654 sinistrum
1593 585 1871 675 penitus
1893 584 2266 664 amisisset,
2287 597 2354 654 et
2384 605 2672 654 manum
2700 598 3130 657 contractam

571 673 875 755 haberet,
922 673 1287 743 medicinis
1325 693 1529 764 saepe
1565 674 1838 745 tentatis
1872 674 2047 742 nihil
2099 674 2498 764 proficiebat
2530 697 2546 739 z
2588 673 2774 744 venit
2813 674 2906 745 ad
2944 688 3132 745 tum·

571 762 733 831 ham
783 762 1122 853 gloriosae
1150 762 1441 853 virginis
1478 761 1715 832 Clarae
1767 762 1978 832 corde
2030 776 2469 852 compuncta,
2521 761 2812 851 ejusque
2865 762 3135 836 meritis

572 851 930 932 invocatis,
968 864 1207 921 contra
1236 873 1448 921 suum
1498 850 1674 921 illud
1707 851 1956 942 triplex
2000 851 2387 942 periculum
2423 851 2635 922 unius
2668 850 2956 923 remedii
3015 874 3134 923 sa-

573 939 867 1009 lutarem
932 941 1149 1011 sumit
1208 940 1555 1011 effectum.
1610 944 1970 1011 Contracta
2028 940 2310 1028 quidem
2380 961 2631 1009 manus
2688 940 3080 1012 extenditur
3115 995 3135 1021 ,

573 1027 758 1098 latus
803 1029 1081 1099 sanitati
1127 1029 1463 1111 redditur,
1504 1050 1821 1119 possessa
1850 1052 1889 1098 a
1928 1029 2294 1099 daemonio
2327 1028 2682 1099 liberatur.
2709 1028 2931 1100 Altera
2965 1051 3135 1100 mu·

574 1117 703 1187 lier
744 1117 1058 1208 ejusdem
1104 1117 1259 1198 loci,
1287 1140 1327 1187 a
1357 1117 1726 1220 daemonio
1757 1131 1822 1187 et
1853 1118 2095 1189 multis
2123 1117 2509 1199 doloribus,
2545 1117 2789 1188 eodem
2825 1131 3139 1209 tempore

572 1217 731 1276 ante
778 1206 1177 1296 sepulcrum
1215 1212 1525 1286 Sanctae,
1564 1227 1826 1277 munus
1875 1206 2300 1277 liberationis
2330 1207 2619 1296 aceepit.
2970 1241 2982 1254 ·

662 1298 699 1383 ἓ
745 1301 902 1369 84.
938 1295 1341 1365 Valentinus
1373 1295 1458 1365 de
1492 1295 1742 1386 Spello,
1783 1296 2035 1366 caduci
2072 1295 2294 1366 morbi
2329 1295 2573 1366 ruinae
2603 1295 2949 1365 intantum
2977 1308 3135 1367 erat

573 1384 940 1464 obnoxiuS,
993 1384 1177 1471 quod
1226 1406 1343 1454 sex
1392 1406 1514 1475 per
1569 1384 1752 1456 diem
1807 1385 2075 1455 vicibus
2115 1385 2585 1455 indifferenter
2640 1384 2931 1454 ubilibet
2982 1407 3139 1454 cor-

574 1473 839 1542 ruebat.
883 1473 1115 1543 Cruris
1171 1474 1377 1543 etiam
1436 1474 1903 1544 contractione
1968 1473 2310 1564 plagatus,
2356 1473 2533 1543 liber
2577 1472 2940 1544 ambulare
2987 1495 3132 1545 non

578 1574 863 1651 poterat.
902 1563 1185 1632 Ducitur
1209 1561 1420 1632 asello
1454 1573 1691 1632 vectus
1720 1563 1807 1632 ad
1845 1569 1912 1633 S.
1954 1562 2189 1633 Clarae
2227 1562 2625 1653 sepulcrum
2653 1563 2822 1633 :ubi
2853 1562 3137 1633 duobus

573 1650 822 1722 diebus
854 1665 918 1721 et
956 1651 1177 1722 tribus
1234 1651 1553 1721 noctibus
1591 1652 1815 1740 jacet:
1876 1651 1988 1721 die
2028 1652 2258 1733 tertio,
2322 1650 2517 1721 nullo
2565 1663 2907 1742 tangente,
2968 1673 3139 1723 crus

573 1739 726 1822 eius
759 1739 1026 1830 fragore
1058 1762 1310 1831 magno
1359 1740 1740 1830 personuit,
1798 1752 1867 1809 et
1912 1741 1998 1810 ab
2044 1751 2341 1827 utraque
2387 1739 2789 1811 infirmitate
2844 1752 3137 1812 sanatus

575 1828 738 1897 ilico
768 1829 920 1898 suit.
961 1829 1354 1901 Jacobellus
1385 1828 1613 1899 dictus
1662 1829 1853 1899 filius
1897 1829 2307 1919 Spoletinae,
2355 1829 2726 1899 duodecim
2784 1850 3136 1899 annorum

575 1917 901 1987 caecitate
935 1939 1328 2007 percussus,
1381 1918 1628 1988 ducem
1680 1919 1948 1987 itineris
1980 1919 2420 2006 sequebatur,
2461 1939 2587 1988 nec
2637 1918 2790 1989 sine
2845 1917 3138 1988 ductore

576 2027 928 2093 quoquam
982 2019 1264 2095 poterat,
1306 2007 1442 2077 nisi
1473 2007 1545 2076 in
1586 2007 2096 2098 praecipitium,
2150 2006 2531 2077 ambulare.
2586 2011 2754 2078 Nam
2802 2019 2870 2076 et
2916 2005 3135 2077 semel

577 2117 621 2164 a
660 2117 871 2184 puero
908 2117 1285 2185 parumper
1315 2095 1675 2174 dimissus,
1730 2096 1798 2164 in
1850 2096 2332 2197 praecipitium
2384 2109 2604 2173 actus,
2666 2096 2933 2166 brachii
2991 2094 3134 2165 fra-

579 2197 847 2252 cturam
918 2206 1081 2254 cum
1130 2184 1413 2254 vulnere
1471 2185 1722 2274 capitis
1768 2199 2158 2275 reportavit.
2224 2186 2352 2255 Hic
2402 2207 2561 2254 cum
2597 2185 2795 2271 juxta
2852 2197 3134 2275 pontem

578 2273 808 2341 Varnii
840 2272 1141 2360 quadam
1179 2287 1374 2343 nocte
1414 2273 1768 2354 dormiret,
1831 2276 2157 2365 apparuit
2205 2274 2269 2343 ei
2318 2273 2603 2343 domina
2665 2273 3009 2361 quaedam
3058 2272 3136 2342 in

579 2362 868 2443 somniS,
914 2362 1196 2431 dicens:
1245 2362 1613 2444 Jacobelle,
1664 2385 1880 2450 quare
1933 2377 2009 2433 tu
2065 2363 2147 2432 ad
2197 2383 2307 2432 me
2341 2384 2480 2433 non
2536 2363 2728 2434 venis
2767 2362 3132 2442 Assisium,

579 2463 656 2521 ut
717 2450 1072 2523 libereris?
1102 2452 1232 2535 Qui
1289 2474 1492 2523 mane
1542 2473 1994 2543 consurgens,
2065 2452 2344 2523 duobus
2398 2451 2555 2522 aliis
2609 2453 2838 2524 caecis
2885 2463 3138 2521 treme-

579 2540 863 2611 bundus
914 2542 1151 2611 recitat
1212 2541 1571 2611 visionem.
1637 2542 2077 2632 Respondent
2124 2542 2266 2611 illi:
2323 2542 2685 2611 Dominam
2749 2540 3136 2629 quamdam

579 2652 805 2720 nuper
852 2630 1249 2700 audivimus
1298 2631 1366 2698 in
1432 2630 1671 2700 Assisii
1723 2631 1996 2700 civitate
2050 2632 2408 2721 migrasse,
2476 2630 2680 2718 cujus
2732 2629 3135 2720 sepulcrum

579 2741 703 2809 per
735 2720 1108 2788 sanitatum
1148 2740 1437 2789 munera
1480 2732 1546 2788 et
1594 2742 1719 2810 per
1756 2719 1977 2790 multa
2028 2719 2364 2789 miracula
2406 2740 2655 2789 manus
2708 2718 2982 2788 Domini
3031 2716 3138 2786 di·

578 2808 761 2877 citur
791 2808 1153 2877 honorare.
1192 2812 1338 2889 Quo
1383 2808 1654 2890 auditO,
1718 2809 2017 2898 impiger
2067 2808 2288 2878 sactus
2342 2809 2611 2877 concite
2669 2820 3012 2898 properat,
3068 2817 3138 2877 et

578 2909 778 2965 nocte
811 2896 1199 2985 hospitatus
1229 2896 1417 2986 apud
1452 2897 1832 2987 Spoletum,
1876 2896 2189 2966 eamdem
2226 2897 2445 2966 cernit
2476 2897 2724 2966 iterum
2765 2897 3130 2965 visionem.

579 2988 806 3073 Ocyus
835 2983 1130 3066 advolat,
1175 2997 1392 3055 totum
1427 3008 1499 3055 se
1553 3008 1715 3076 prae
1744 3007 1980 3055 amore
2020 2985 2309 3078 luminis
2367 2985 2452 3054 ad
2489 3008 2775 3056 cursum
2824 2984 3138 3074 praecin-

578 3094 773 3162 gens.
808 3074 1216 3143 Perveniens
1246 3086 1475 3143 autem
1502 3075 1861 3155 Assisium,
1897 3085 2124 3144 tantas
2170 3085 2328 3143 ante
2361 3074 2652 3164 virginis
2699 3073 3135 3145 mausoleum

578 3161 888 3251 gentium
925 3164 1489 3232 concurrentium
1528 3164 1780 3253 reperit
1827 3164 2092 3245 turbas,
2127 3175 2204 3233 ut
2236 3162 2386 3254 ipse
2425 3164 2684 3233 intrare
2731 3161 3138 3233 nullatenus

579 3263 810 3339 posset
848 3250 933 3319 ad
997 3251 1335 3321 tumbam.
1391 3253 1734 3343 Supponit
1781 3251 2082 3343 lapidem
2158 3275 2239 3322 ca
2294 3252 2370 3322 iti
2429 3274 2596 3333 suo,
2653 3263 2729 3321 et
2786 3274 2948 3321 cum
2999 3250 3137 3320 fide

579 3360 857 3428 magna,
911 3338 1154 3409 dolens
1202 3354 1454 3421 tamen,
1506 3341 1695 3428 quod
1744 3341 2103 3412 introitum
2147 3341 2235 3410 ha
2288 3363 2401 3410 ere
2449 3362 2584 3411 non
2640 3354 2890 3431 posset.
2945 3361 3138 3410 som-

578 3449 749 3497 num
801 3430 985 3518 capit
1036 3451 1196 3518 prae
1242 3428 1509 3499 foribus
1555 3431 1730 3519 ejus.
1784 3436 1863 3501 Et
1908 3451 2066 3499 ecce
2115 3430 2310 3499 tertio
2363 3451 2486 3500 vox
2533 3429 2620 3499 ad
2667 3451 2868 3499 eum:
2921 3433 3137 3499 Bene·

578 3515 781 3586 faciet
813 3517 933 3587 tibi
987 3518 1341 3597 Dominus,
1405 3518 1678 3601 Jacobe,
1717 3520 1782 3589 si
1842 3518 2097 3609 poteris
2156 3520 2465 3589 introire.
2521 3518 2870 3609 Evigilans
2917 3539 3133 3608 ergo,

577 3618 773 3695 rogat
803 3627 964 3675 cum
1016 3606 1344 3696 lacrymis
1394 3609 1656 3690 turbas,
1709 3607 2021 3679 clamans
2059 3621 2126 3678 et
2173 3630 2414 3698 preces
2449 3608 2918 3699 ingeminanS,
2972 3606 3140 3677 utei

580 3708 862 3785 propter
921 3694 1228 3766 divinam
1284 3696 1601 3787 pietatem
1667 3697 1850 3767 viam
1925 3711 2273 3788 praestare
2331 3697 2733 3789 dignentur.
2785 3702 2952 3766 Data
3003 3695 3141 3767 sibi

577 3783 711 3866 via,
765 3784 1230 3855 calceamenta
1280 3784 1593 3876 projicit,
1649 3798 1866 3858 vestes
1911 3787 2134 3868 exuit,
2187 3785 2448 3857 collum
2514 3786 2814 3877 corrigia
2860 3786 3085 3875 cingit
3118 3838 3134 3866 ,

575 3873 774 3943 etsie
823 3874 1179 3943 humiliter
1225 3875 1628 3965 sepulcrum
1677 3876 2109 3967 contingens,
2147 3876 2411 3947 lentum
2452 3894 2778 3947 somnum
2813 3874 3133 3943 incurrit.

531 3990 539 3999 ·
579 3966 822 4053 Surge,
861 3964 1088 4051 inquit
1134 3964 1197 4033 ei
1236 3964 1441 4035 beata
1489 3965 1709 4047 Clara,
1764 3986 1995 4056 surge,
2037 3965 2203 4053 quia
2257 3965 2590 4035 liberatus
2635 3985 2729 4033 es.
2783 3961 3140 4051 Extemplo

577 4073 898 4141 surgens,
954 4053 1141 4123 omni
1179 4054 1504 4124 caecitate
1556 4054 1900 4135 discussa,
1945 4054 2136 4125 omni
2192 4053 2553 4125 oculorum
2618 4051 2919 4142 caligine
2962 4051 3139 4121 rele-

579 4152 760 4230 gata.
810 4141 981 4211 dum
1015 4164 1134 4232 per
1181 4141 1445 4213 Claram
1478 4142 1847 4233 perspicue
1892 4143 2097 4223 videt,
2131 4148 2348 4212 Deum
2399 4141 2659 4222 laudat,
2694 4153 2762 4210 et
2790 4162 2911 4232 pro
2961 4139 3137 4210 tanti

578 4228 1016 4300 mirificentia
1047 4233 1276 4323 operis
1321 4232 1409 4302 ad
1461 4232 2015 4302 benedicendum
2070 4236 2282 4302 Deum
2316 4253 2558 4302 omnes
2591 4243 2828 4321 gentes
2861 4229 3130 4300 invitat.

670 4324 708 4397 ἓ
756 4323 916 4391 85.
972 4321 1347 4390 Perusinus
1376 4320 1689 4408 quidam,
1730 4334 2009 4391 vocatus
2042 4326 2275 4391 Bonus
2310 4321 2631 4397 loannes,
2659 4341 2818 4389 cum
2851 4318 3003 4389 suis
3035 4319 3135 4388 ci-

580 4403 783 4476 vibus
829 4422 1069 4478 contra
1116 4408 1513 4501 Fulginates
1562 4421 1974 4501 perrexerat,
2003 4431 2307 4497 cumque
2353 4408 2684 4479 hincinde
2715 4406 3136 4479 concertatio
