3308 5004
700 338 835 405 336
1214 354 1293 402 na
1338 352 1725 402 »caumont
1771 353 2048 403 autiss.
2104 353 2275 403 vua.
2329 352 2572 403 namt
2839 336 3023 405 AUG.
3080 304 3171 403 ν15

610 462 775 511 cum
823 461 903 510 eo
950 438 1112 511 facti
1160 460 1408 510 sumus
1466 438 1731 509 similes
1784 439 2126 530 jumentis
2187 438 2704 529 insipientibus.
2766 443 2926 529 Ipse
2971 440 3172 509 enim

615 528 738 600 Dei
782 527 973 599 filius
1018 528 1140 598 uni
1233 528 1465 610 nitus,
1532 549 1694 598 cum
1758 540 1937 597 esset
2000 532 2222 609 Deus,
2272 540 2341 597 et
2385 527 2697 619 ejusdem
2758 550 2920 599 cum
2971 533 3177 598 Patre

613 617 975 698 essentiae,
1027 638 1107 687 ex
1204 639 1284 687 ac
1332 616 1597 707 virgine
1633 628 1700 687 et
1749 638 1926 707 pura
1973 628 2153 687 terra
2198 616 2510 707 seipsum
2571 615 2891 688 formavit
2936 616 3176 687 homi·

615 726 802 779 nem.
855 711 934 776 Et
979 704 1200 777 sactus
1259 705 1541 794 quidem
1605 726 1762 775 sum
1813 709 1993 776 Deus
2027 759 2042 786 ‚
2095 705 2218 791 qui
2263 726 2454 775 eram
2505 704 2759 776 homo:
2808 706 2933 794 qui
2980 726 3179 775 mor-

615 794 775 865 talis
821 807 1078 876 autem,
1130 796 1316 865 evasi
1366 793 1820 873 immortalis,
1850 806 1939 867 ,et
1987 792 2295 884 pelliceis
2351 815 2509 863 sum
2558 797 2807 865 exutus
2852 795 3170 864 tunicis:

615 883 773 1042 grui
810 884 995 985 enim
1031 882 1584 1007 forruptionem‚
1635 895 1702 952 et
1747 882 2039 954 indutus
2071 903 2229 953 sum
2279 881 2843 975 incorruptione,
2907 884 3179 953 amictu

668 985 1001 1043 ivinitatis
1075 1026 1090 1042 .

703 1063 741 1161 ξ
789 1065 875 1134 4.
928 1059 1146 1130 Hodie
1192 1058 1395 1149 Virgo
1443 1057 1869 1137 intemerata,
1921 1080 2099 1146 quae
2147 1081 2283 1128 non
2333 1072 2437 1130 est
2474 1074 2740 1131 versata
2772 1060 2842 1129 in
2881 1061 3178 1133 terrenis

613 1151 834 1219 animi
883 1147 1521 1241 perturbationibus
1550 1199 1571 1228 ,
1627 1146 1750 1217 sed
1799 1146 1930 1218 suit
1976 1148 2046 1217 in
2096 1148 2509 1220 coelestibus
2555 1148 2847 1220 educata
2906 1150 3176 1240 cogita-

616 1238 925 1309 tionibus
954 1293 972 1320 ,
1027 1259 1165 1307 non
1211 1236 1384 1307 abiit
1430 1237 1499 1306 i‘n
1550 1249 1845 1306 terram:
1899 1236 2018 1306 sed
2068 1237 2454 1307 auimatum
2522 1259 2677 1307 vere
2724 1237 2993 1309 coelum
3046 1260 3176 1327 ap-

615 1326 916 1418 pellata,
977 1327 1049 1396 in
1108 1325 1520 1396 coelestibus
1567 1324 1945 1396 collocatur
2005 1324 2492 1396 tabernaculis,
2545 1327 2716 1409 Quis
2779 1327 2964 1396 enim
3016 1348 3171 1397 eam

614 1415 887 1485 coelum
929 1437 1205 1496 vocans,
1258 1436 1298 1484 a
1330 1436 1489 1484 vero
1520 1414 1985 1483 aberraverit?
2031 1415 2174 1484 Nisi
2213 1413 2384 1485 forte
2412 1414 2663 1485 dixerit
2699 1415 2956 1503 aliquis
2989 1428 3175 1485 recte

617 1503 1038 1593 intelligens,
1094 1504 1317 1593 ipsam
1364 1502 1596 1573 extolli
1645 1503 2283 1592 incomparabiliter
2312 1525 2525 1593 supra
2562 1503 2912 1574 coelorum
2943 1503 3174 1574 excel·

617 1590 928 1661 lentiam.
980 1597 1149 1663 Nam
1188 1593 1310 1679 qui
1367 1591 1594 1663 coelos
1640 1604 1744 1661 est
1790 1590 2167 1662 fabricatus
2196 1646 2212 1673 ,
2275 1606 2343 1662 et
2387 1592 2624 1664 omnia
2670 1592 2978 1663 continet
3029 1606 3174 1662 tam

617 1681 998 1763 mundana,
1036 1703 1247 1769 quam
1295 1680 1895 1771 supramundana,
1933 1693 1999 1750 et
2027 1702 2206 1769 quae
2250 1682 2383 1751 sub
2431 1680 2840 1771 adspectum
2873 1679 3167 1761 cadunt,

618 1782 686 1839 et
732 1791 910 1856 quae
959 1791 1096 1840 non
1144 1768 1404 1839 cadunt
1433 1822 1449 1851 ,
1501 1769 1706 1858 cujus
1754 1768 1994 1839 nullus
2039 1782 2144 1839 est
2187 1770 2474 1840 omnino
2523 1769 2764 1840 locus:
2817 1769 3170 1857 siquidem

623 1857 819 1927 locus
860 1857 1190 1927 definitur
1236 1857 1332 1940 id,
1375 1857 1560 1945 quod
1603 1879 1782 1945 quae
1815 1858 2055 1929 insunt
2084 1858 2432 1929 continet:
2487 1858 2560 1927 in
2607 1881 2689 1929 ea
2725 1871 2829 1930 est
2866 1880 2908 1927 a
2942 1858 3177 1947 seipso

620 1944 1001 2016 fabricatus
1047 1946 1278 2018 infans
1325 1946 1476 2017 sine
1521 1946 1809 2027 semine,
1861 1958 1927 2017 et
1964 1968 2113 2017 eam
2163 1947 2386 2017 effecit
2433 1948 2819 2037 spatiosum
2862 1959 3177 2037 recepta-

620 2034 863 2105 culum
912 2035 1064 2137 ejus
1109 2056 1287 2123 quae
1332 2034 1569 2105 omnia
1615 2035 1878 2124 implet,
1931 2049 1998 2106 et
2042 2057 2084 2106 a
2133 2035 2326 2105 nullo
2372 2035 2855 2106 circumscribi
2895 2047 3170 2126 potest.

619 2122 1024 2208 divinitatis,
1078 2137 1259 2195 totus
1306 2123 1376 2193 in
1426 2145 1507 2192 ea
1551 2135 1948 2195 contractus
1994 2124 2494 2214 impatibiliter,
2545 2138 2613 2194 et
2661 2138 2843 2196 totus
2876 2146 3174 2194 manens

621 2212 1073 2295 extrinsecuS,
1124 2226 1190 2284 et
1235 2212 1371 2284 sibi
1420 2211 1685 2283 habens
1731 2213 1987 2292 locum,
2039 2213 2159 2301 qui
2209 2235 2345 2284 non
2385 2225 2600 2304 potest
2647 2235 2800 2284 com
2858 2213 3172 2283 rehendi.

623 2302 841 2371 Hodie
886 2303 1062 2372 vitae
1111 2302 1479 2372 thesaurus
1508 2355 1524 2383 ,
1577 2302 1838 2393 gratiae
1885 2304 2184 2391 abyssus
2227 2302 2492 2392 (nescio
2538 2324 2795 2390 quomo
2848 2324 2888 2373 o
2936 2301 3173 2372 dicam

623 2390 1035 2473 audacibus,
1086 2404 1153 2461 et
1199 2411 1334 2460 non
1389 2390 1840 2461 trementibus
1888 2390 2132 2480 labris)
2163 2390 2353 2461 vitali
2402 2405 2618 2461 morte
2659 2392 2935 2481 tegitur,
2989 2402 3060 2460 et
3091 2390 3176 2460 ad

621 2500 776 2550 eam
828 2480 977 2552 sine
1010 2491 1200 2551 metu
1245 2478 1510 2550 accedit
1557 2478 1699 2561 illa,
1738 2500 1914 2567 quae
1962 2501 2122 2551 eum
2183 2479 2470 2571 peperit,
2522 2480 2646 2568 qui
2692 2481 2917 2570 ipsam
2974 2478 3178 2571 fregit

621 2582 689 2639 et
725 2569 1083 2639 dissolvit:
1136 2569 1197 2639 si
1231 2583 1517 2639 mortem
1554 2581 1783 2638 tamen
1835 2590 2075 2639 vocare
2104 2584 2388 2659 oportet,
2433 2571 2582 2660 ejus
2617 2569 3173 2641 sacratissimum

621 2671 689 2728 et
717 2657 992 2728 vitalem
1029 2680 1067 2728 e
1097 2659 1232 2730 vita
1264 2678 1648 2728 excessum.
1703 2662 1889 2740 Quae
1921 2658 2106 2726 enim
2168 2659 2497 2728 omnibus
2542 2679 2693 2727 eam
2727 2713 2743 2738 ,
2793 2679 2974 2746 quae
3019 2678 3177 2726 vere

622 2759 726 2816 est
762 2748 921 2830 vita,
974 2746 1213 2829 edidit,
1266 2745 1858 2834 quemadmodum
1909 2747 2110 2815 morti
2167 2745 2374 2818 suerit
2419 2746 2767 2817 obnoxia?
2818 2745 2946 2817 Sed
2995 2745 3179 2816 cedit

622 2834 688 2905 le
741 2836 760 2904 i
811 2836 988 2906 latae
1040 2837 1128 2906 ab
1182 2857 1263 2906 eo
1300 2856 1505 2922 quem
1634 2835 1829 2923 perit,
1881 2847 1947 2904 et
2011 2847 2357 2922 tamquam
2412 2835 2556 2905 filia
2600 2835 2876 2923 quidem
2929 2835 3178 2906 veteris

621 2927 674 2995 Α
727 2947 865 3004 am,
911 2936 1196 3014 paterna
1227 2924 1430 2995 solvit
1465 2856 1721 2993 degesta.
1760 2928 1927 2994 Nam
1967 2923 2119 3012 ejus
2147 2945 2422 3010 quoque
2461 2923 2674 3006 filius,
2727 2923 2849 3011 qui
2882 2935 2986 2993 est
3022 2924 3179 3013 ipsa

623 3013 784 3093 vita,
819 3034 900 3082 ea
935 3012 1004 3048 *⁴²
1054 3034 1189 3082 non
1241 3011 1602 3083 recusavit.
1643 3017 1725 3081 Ut
1759 3032 1937 3098 quae
1966 3023 2194 3080 autem
2227 3010 2433 3082 fuerit
2462 3018 2671 3083 Mater
2704 3013 2822 3082 Dei
2853 3012 3172 3091 viventis,

623 3100 912 3191 indigne
959 3100 1045 3170 ad
1093 3122 1175 3171 ea
1220 3100 1614 3170 adducitur.
1671 3101 1740 3169 Si
1771 3100 1956 3169 enim
2005 3099 2175 3169 dicit
2222 3105 2432 3172 Deus:
2484 3107 2576 3171 Ne
2610 3102 2669 3171 si
2720 3123 3007 3172 manum
3059 3122 3177 3170 ex-

623 3189 1006 3270 tenderitiS,
1044 3189 1168 3277 qui
1217 3190 1487 3279 primus
1533 3201 1636 3259 est
1683 3188 2043 3270 formatus,
2095 3203 2162 3258 et
2207 3191 2551 3280 acceperit
2597 3190 2683 3260 de
2731 3190 2919 3281 ligno
2967 3189 3172 3262 vitae.

622 3289 690 3348 et
735 3278 1155 3369 gustaverit,
1207 3278 1388 3347 vivat
1434 3277 1506 3346 in
1566 3290 1970 3347 aeternum:
2035 3279 2380 3364 quomodo
2437 3301 2616 3366 quae
2681 3280 2889 3350 vitam
2945 3277 3173 3367 ipsam

623 3368 912 3457 accepit,
953 3388 1132 3467 quae
1170 3377 1354 3436 caret
1395 3363 1737 3456 principio
1782 3379 1849 3435 et
1881 3367 2040 3447 tine,
2078 3388 2255 3453 quae
2289 3389 2510 3454 neque
2545 3368 2895 3458 priucipii,
2949 3388 3175 3455 neque

624 3455 790 3524 finis
824 3455 1101 3526 servivit
1145 3454 1484 3534 terminis,
1539 3475 1675 3523 non
1730 3454 1902 3525 vivet
1946 3454 2019 3523 in
2069 3454 2423 3526 infinitum
2473 3456 2841 3527 seculum?

713 3545 884 3633 δῦ.
939 3543 1114 3614 Olim
1163 3542 1444 3629 quidem
1507 3543 1838 3612 Dominus
1902 3548 2079 3613 Deus
2142 3565 2259 3614 eos
2305 3546 2425 3632 qui
2486 3544 2766 3616 fuerunt
2825 3544 3177 3637 principes

624 3631 920 3703 humani
968 3632 1266 3721 generiS,
1321 3643 1387 3701 et
1433 3654 1506 3702 se
1551 3631 2015 3722 impleverunt
2063 3654 2250 3701 mero
2299 3633 2853 3714 inobedientiae,
2911 3647 2976 3704 et
3025 3656 3177 3704 ma·

625 3721 993 3813 gnitudine
1042 3721 1612 3811 transgressionis
1673 3720 1903 3792 cordis
1962 3719 2365 3791 clauserunt
2409 3723 2690 3793 oculum
2724 3776 2740 3805 ,
2793 3736 2860 3793 et
2914 3722 3178 3813 peccati

623 3810 916 3901 crapula
966 3823 1282 3901 gravatos
1338 3809 1643 3880 habuere
1709 3809 1957 3879 mentis
2004 3810 2242 3881 oculos
2272 3863 2289 3888 ,
2340 3822 2407 3881 et
2467 3832 2710 3882 somno
2762 3813 2826 3881 in
2881 3824 3171 3882 mortem

625 3899 816 3970 suere
863 3899 1096 3990 sopiti,
1151 3898 1628 3969 exterminavit
1673 3919 1755 3968 ex
1802 3898 2124 3989 paradiso
2189 3899 2402 3969 Eden.
2454 3905 2649 3971 Nunc
2697 3912 2925 3971 autem
2994 3900 3175 3969 hanc

624 4010 804 4075 quae
837 3988 1067 4059 omnis
1101 3987 1247 4057 vitii
1297 3987 1551 4078 repulit
1596 3986 1924 4068 insultus,
1972 4000 2038 4059 et
2084 3988 2409 4078 produxit
2465 4011 2745 4078 germen
2796 3990 2909 4060 Dei
2957 3991 3177 4059 Patris

626 4076 1081 4158 obedientiae,
1133 4088 1199 4147 et
1244 4077 1566 4148 universo
1613 4077 1847 4165 generi
1896 4075 2026 4147 fuit
2075 4077 2250 4147 vitae
2284 4077 2735 4168 principium,
2782 4099 2915 4148 non
2947 4078 3175 4148 susci·

628 4165 767 4254 piet
813 4165 1242 4256 paradisus?
1301 4188 1437 4236 non
1500 4167 1771 4237 coelum
1818 4166 2131 4257 gaudens
2189 4179 2419 4257 portas
2475 4168 2791 4257 aperiet?
2852 4167 3169 4236 Maxime.

678 4310 705 4337 2
731 4311 785 4350 ld
805 4313 879 4352 est
898 4310 1048 4353 naria
1068 4311 1266 4362 Deipsra
1284 4320 1429 4361 supra
1446 4311 1700 4352 humanam
1720 4311 1937 4351 naturam
1957 4307 2263 4359 singulariter
2283 4311 2523 4351 excellens
2543 4311 2598 4350 ut
2619 4311 2723 4360 ejus
2752 4309 3083 4360 migrationem
3116 4319 3175 4351 ex

625 4361 714 4402 hnc
732 4361 946 4410 vinnon
961 4363 1091 4406 dicu
1111 4371 1290 4406 mrtem
1311 4366 1394 4405 sed
1412 4366 1729 4406 dot-nunonem.
1749 4365 1850 4413 Quo
1869 4363 2041 4405 aetatis
2062 4372 2176 4403 suae
2197 4373 2318 4404 anno
2340 4366 2391 4405 B.
2425 4361 2565 4414 viz-go
2592 4366 2726 4414 Deip.
2754 4364 3077 4408 obdormierit.
3110 4362 3175 4404 ni·

627 4414 698 4454 hil
714 4416 1012 4464 exploratum
1032 4421 1307 4467 certumque
1325 4416 1510 4459 definiri
1532 4419 1702 4467 potest.
1734 4416 2083 4459 communiores
2115 4415 2378 4460 sententiae
2408 4415 2533 4459 inter
2561 4428 2736 4460 annum
2765 4421 2999 4470 vagantur
3026 4418 3173 4458 effluxu

629 4470 679 4511 et
707 4470 870 4510 mmm.
1194 4472 1249 4499 ⁸²⁴·
1269 4469 1458 4513 Scilicet
1476 4468 1637 4513 debita
1658 4473 1854 4513 naturae
1874 4472 1932 4513 cd
1951 4477 2168 4512 mortem.
