3308 5004
195 306 345 375 ΛΗΘ.
393 307 419 371 l
1067 327 1147 375 ns
1194 326 1287 375 ss,
1354 324 1760 375 uaanBAms
2514 310 2588 377 Η

192 409 508 483 radiantes.
583 408 670 478 Hi
734 430 900 499 ergo
976 409 1111 499 ipsi
1188 409 1274 479 de
1330 433 1634 501 superno
1685 408 1874 480 rsolis
1952 409 2217 480 circulo
2287 410 2356 481 in
2405 426 2688 485 ·terram

194 498 327 567 radii
363 498 613 569 Christo
661 498 1012 568 emittente
1052 500 1449 584 jaciuntur,
1501 513 1567 569 et
1613 522 1658 569 a
1703 499 2112 589 corporibus
2170 521 2414 569 eorum
2467 500 2689 589 prosi-

192 585 384 656 lientes
417 608 702 657 corusca
768 587 923 657 luce
970 587 1301 677 fulgoris,
1346 588 1526 658 sicut
1582 589 1882 679 speciem
1936 588 2274 658 Ecclesiae
2319 589 2689 678 gaudentis

194 674 506 756 illustrant,
538 676 631 751 ita
656 674 900 745 faciem
933 676 1195 747 diaboli
1226 676 1602 749 invidentis
1632 677 2030 747 obcaecant.
2068 683 2234 747 Nam
2272 689 2351 746 ut
2388 678 2688 750 audaces

190 762 479 834 latronum
523 763 758 845 duces,
812 765 954 835 sive
1006 766 1205 855 impii
1262 765 1742 856 sepulcrorum
1783 767 2165 846 effossores,
2204 767 2261 836 si
2298 765 2470 837 forte
2516 767 2685 837 dum

185 853 426 942 praedas
470 866 709 943 agunt,
745 866 864 927 aut
911 853 1135 944 spolia
1183 855 1518 944 capienda
1560 856 2010 941 conquirunt,
2065 856 2131 924 in
2171 877 2366 925 arma
2415 856 2515 925 vel
2570 879 2684 925 or-

181 954 453 1011 namenta
495 943 939 1032 Imperatoris
988 943 1445 1026 incurrerint,⁸
1493 944 1876 1031 quamlibet
1922 944 2164 1034 cupidi
2219 944 2627 1032 praedarum
2664 968 2681 1014 ε

178 1042 364 1099 tamen
413 1031 505 1101 ita
536 1032 791 1122 agnitis
828 1036 880 1101 R
975 1032 1032 1101 is
1081 1033 1477 1123 insignibus
1507 1033 1960 1113 deterrentur,
2019 1046 2094 1103 ut
2127 1032 2421 1123 fugiant,
2463 1055 2687 1121 neque

173 1119 445 1191 cominus
473 1120 797 1193 accedere
845 1143 922 1191 ve
983 1122 1317 1211 attingere
1356 1121 1680 1194 audeant.
1739 1121 1930 1192 Unde
1978 1122 2112 1192 sibi
2164 1144 2297 1191 non
2350 1143 2683 1212 compen-

170 1206 329 1276 dium
376 1208 764 1298 procedere,
819 1210 937 1279 sed
974 1210 1361 1299 periculum
1400 1211 1760 1300 provident
1790 1211 2177 1289 imminere,
2223 1210 2281 1280 si
2315 1210 2484 1297 quid
2523 1211 2685 1281 inde

169 1295 426 1367 audeant
472 1320 854 1387 usurpare:
911 1304 1007 1368 lta
1042 1298 1341 1387 profecto
1377 1311 1442 1369 et
1489 1300 1883 1379 daemones,
1939 1300 2056 1387 qui
2109 1322 2264 1368 vere
2334 1299 2678 1377 latronum

165 1397 217 1454 et
257 1386 593 1477 principes
640 1399 707 1457 et
756 1388 1063 1477 magistri
1116 1400 1317 1469 sunt,
1371 1389 1490 1458 ubi
1539 1402 2023 1459 coronatorum
2077 1402 2458 1477 martyrum
2530 1410 2684 1458 cor-

169 1475 635 1633 ροταὺνριᾷθτίηι
671 1476 914 1567 posita,
952 1476 1152 1567 longe
1192 1477 1351 1548 ilico
1376 1500 1417 1548 a
1453 1490 1833 1569 conspectu
1863 1500 2102 1549 eorum
2138 1478 2367 1568 pavidi
2408 1475 2689 1568 fugiunt

163 1575 217 1631 et
251 1585 286 1631 a
334 1586 388 1633 si
423 1575 600 1634 tunt.

228 1653 259 1737 ξ
303 1656 385 1723 ².
438 1657 585 1724 Non
635 1654 823 1723 enim
854 1654 941 1723 ad
991 1668 1310 1726 naturam
1352 1676 1590 1726 eorum
1644 1654 2035 1737 intendunt,
2082 1655 2200 1726 sed
2247 1654 2316 1725 in
2353 1676 2681 1727 arcanam

156 1737 556 1829 dignitatem,
607 1754 689 1812 et
731 1742 1022 1833 gloriam
1077 1745 1349 1826 Christi,
1394 1744 1514 1831 qui
1568 1744 1634 1813 in
1686 1766 1907 1835 agone
1971 1745 2383 1814 certantium
2438 1743 2681 1813 induta

155 1848 409 1918 corpora
442 1844 825 1922 martyrum
859 1854 1175 1915 suorum,
1210 1834 1392 1903 sicut
1436 1856 1631 1902 arma
1674 1832 1985 1922 portavit.
2027 1832 2439 1918 Huiusmodi
2491 1832 2678 1903 enim

153 1917 337 1987 armis
386 1941 525 1991 non
575 1919 912 2011 angeluS,
978 1944 1115 1993 non
1192 1921 1696 2012 archangeluS,
1753 1944 1889 1992 non
1938 1921 2075 1993 ulla
2127 1922 2264 1991 alia
2327 1933 2684 1997 creaturae

155 2006 339 2078 virtus
378 2008 628 2079 induta
656 2021 780 2089 est,
819 2009 937 2079 sed
976 2012 1125 2100 ipse
1156 2014 1489 2083 Dominus
1525 2012 1880 2091 virtutum,
1917 2022 1986 2081 et
2018 2010 2460 2101 Angelorum,
2503 2009 2685 2079 sicut

152 2095 374 2167 Paulus
420 2096 701 2179 clamat,
754 2097 1039 2173 dicens:
1090 2102 1171 2170 Si
1193 2102 1732 2191 experimentum
1761 2100 2113 2191 quaeritis,
2153 2100 2565 2191 praeliantis
2611 2102 2683 2173 in

149 2205 232 2253 me
267 2187 520 2256 Chresti
541 2186 598 2255 *.
645 2188 945 2261 Pretiosa
1003 2189 1189 2258 enim
1256 2203 1420 2259 sunt
1481 2211 1770 2279 corpora
1840 2201 2223 2276 martyrum
2257 2243 2273 2270 ‚
2345 2187 2676 2274 quoniam

150 2270 359 2364 plagas
409 2297 537 2365 pro
589 2276 874 2346 Domino
919 2293 1395 2367 susceperunt.
1449 2283 1526 2347 Et
1581 2278 1748 2365 quia
1797 2278 2120 2368 stigmata
2170 2291 2445 2366 propter
2480 2276 2680 2347 Chri-

150 2372 301 2459 stum
352 2364 688 2435 membris
721 2366 870 2436 suis
916 2365 1257 2457 impressa
1304 2366 1556 2447 ierunt,
1602 2378 1669 2436 et
1715 2368 1898 2437 sicut
1944 2388 2197 2437 corona
2246 2365 2499 2458 regalis
2547 2387 2678 2435 un·

148 2447 325 2538 dique
347 2451 671 2533 decorata
703 2452 1010 2546 fulgores
1052 2456 1274 2527 varios
1308 2456 1554 2527 emittit
1586 2480 1599 2525 :
1640 2456 1733 2526 ita
1767 2468 1831 2526 et
1861 2469 2256 2530 sanctorum
2287 2467 2674 2544 martyrum

148 2560 426 2627 corpora,
482 2543 669 2614 sicut
708 2545 1027 2633 pretiosis
1074 2544 1430 2635 lapidibus
1459 2546 1760 2634 acceptis
1815 2567 1935 2634 pro
1967 2546 2233 2616 Christo
2274 2544 2680 2614 vulneribus

148 2625 460 2713 distincta,
521 2633 991 2734 omnirregum
1034 2633 1422 2705 diademate
1481 2635 1905 2725 pretiosiora,
1961 2647 2028 2708 et
2074 2632 2482 2725 spectabilia
2524 2631 2679 2701 red-

146 2715 393 2789 duntur.
439 2726 525 2791 Et
575 2721 675 2792 illi
723 2722 1007 2809 quidem
1056 2723 1476 2793 secularium
1521 2722 2077 2813 spectaculorum
2125 2721 2497 2813 praesides,
2537 2721 2681 2790 sive

146 2807 375 2889 arbitri,
419 2831 607 2897 quos
640 2811 881 2884 Graeci
918 2813 1367 2902 agonothetas
1416 2824 1681 2892 vocant,
1740 2826 2199 2902 proponentes
2246 2809 2670 2889 certamina,

147 2914 441 2986 magnum
512 2899 829 2972 muneris
874 2900 1213 2972 ambitum
1264 2923 1415 2974 esse
1461 2902 1895 2981 existimant,
1951 2900 2233 2987 quando
2270 2900 2563 2991 juvenes
2613 2910 2681 2967 et

147 2983 425 3084 robustos
475 2987 857 3060 luctatores
900 2990 975 3059 in
1023 2989 1324 3060 stadium
1378 2990 1909 3071 introduxerint,
1947 2988 2137 3059 unde
2176 2990 2395 3078 prima
2445 3000 2678 3088 osten-

147 3082 360 3170 tatione
407 3076 840 3150 miraculum
891 3079 1394 3168 spectatoribus
1445 3079 1816 3170 praebeant
1864 3078 2119 3149 studi0.
2153 3083 2292 3149 Hoc
2347 3098 2677 3166 verospi·

147 3161 292 3231 ntali
322 3166 393 3234 in
442 3187 679 3256 agone
725 3187 862 3235 non
904 3167 998 3237 ita
1035 3179 1162 3248 est,
1202 3168 1320 3239 sed
1378 3169 1611 3237 omnia
1648 3190 1688 3238 e
1719 3169 2090 3239 contrario.
2128 3172 2427 3259 Agonem
2488 3164 2673 3234 enim

145 3269 498 3340 proponens
555 3254 907 3337 ChristuS,
949 3277 1080 3326 non
1136 3256 1368 3336 talem,
1407 3257 1686 3342 qualem
1740 3256 1841 3327 illi
1895 3258 2147 3326 terreni
2193 3254 2670 3347 agonothetae,

147 3337 235 3410 sed
278 3340 684 3414 horribilem
734 3357 807 3413 et
851 3344 1135 3435 plenum
1188 3344 1477 3415 timorist.
1531 3350 1674 3415 Non
1754 3345 1940 3415 enim
2016 3345 2380 3415 hominum
2430 3349 2672 3415 contra

146 3422 419 3502 homines
450 3432 838 3515 luctamen,
891 3433 1011 3503 sed
1057 3433 1418 3505 hominum
1471 3434 1807 3505 adversus
1852 3433 2225 3504 daemones
2263 3454 2498 3523 pugna
2544 3444 2673 3501 est.

210 3517 368 3602 58.
419 3517 590 3591 Tale
651 3542 816 3612 ergo
872 3535 1219 3593 certamen
1271 3522 1472 3596 nobis
1536 3545 1929 3613 proponens
1977 3523 2515 3602 Christu5„·non
2556 3521 2675 3609 ,ju-v

146 3623 308 3676 venes
346 3609 759 3688 exercitatos
805 3610 893 3681 ad
930 3611 1309 3683 luctamina
1342 3610 1660 3694 athletaS,
1700 3611 1819 3681 sed
1856 3613 2242 3700 primaevos
2269 3609 2675 3681 adolescen-

147 3690 309 3776 tutos,
355 3711 421 3769 et
465 3719 639 3769 cum
692 3699 864 3790 ipsis
898 3722 1145 3776 ,senem
1179 3699 1604 3783 Eleazarum,
1651 3700 2003 3788 simulque
2043 3700 2406 3770 mulierem
2454 3719 2673 3798 anum

147 3795 391 3857 matrem
444 3801 722 3878 septem
779 3788 1322 3860 adolescentium
1376 3789 1520 3861 vult
1584 3789 2026 3862 considerare
2072 3789 2250 3873 Quid
2307 3787 2436 3857 hoc
2504 3807 2668 3886 noyi

149 3875 259 3940 est?
316 3876 483 3963 quid
546 3881 798 3967 paras?
869 3878 1186 3950 inutilem
1236 3891 1305 3948 et
1348 3879 1581 3949 adhuc
1661 3892 1960 3949 teneram
1994 3931 2016 3959 ,
2074 3880 2148 3947 in
2216 3876 2482 3947 bellum
2526 3896 2673 3976 ⁹:¹⁰

151 3975 383 4060 &fenam
420 3966 528 4037 vel
585 3965 929 4054 praelium
974 3967 1177 4040 ducis
1223 3980 1511 4038 aetatem
1539 3971 1571 4037 t
1616 3968 1775 4057 quis
1821 3968 2006 4037 enim
2058 3979 2218 4039 ante
2265 3965 2447 4035 hanc
2486 3962 2673 4034 diem

153 4047 298 4131 vidit,
349 4054 448 4123 vel
498 4053 774 4126 audivit
835 4055 1197 4127 mulierem
1263 4057 1333 4125 in
1383 4057 1632 4128 ultima
1698 4068 2046 4126 senectute
2112 4056 2406 4154 positam
2458 4052 2672 4154 dimi7

156 4152 321 4222 tasse,
357 4154 425 4213 et
472 4142 860 4216 terribilem
913 4144 1154 4215 mortis
1193 4145 1451 4217 adiisse
1496 4146 1956 4217 conflictum?
2010 4149 2219 4214 Nemo
2271 4140 2675 4232 hujusmodi

158 4217 361 4300 {aetum
407 4231 688 4306 audivit
753 4255 1091 4321 unquam.
1171 4233 1297 4304 Sed
1346 4257 1383 4306 e
1432 4257 1524 4316 o,
1588 4235 1856 4321 inquit,
1908 4231 2323 4303 admirabile
2386 4231 2557 4313 hoc,
2600 4242 2676 4308 ,et

164 4328 402 4403 novum,
476 4321 670 4411 quod
748 4343 968 4411 neque
1026 4321 1275 4394 auditu
1342 4325 1722 4412 aiquando
1798 4335 2197 4414 perceptum
2265 4333 2413 4403 est,
2496 4320 2673 4411 ipsis

198 4439 218 4463 ⁸
233 4442 353 4488 lut·
368 4447 561 4500 Vutgst.
579 4459 642 4492 na
670 4451 742 4491 Aa
766 4451 1107 4501 apaan-eneam
1126 4451 1340 4503 quaen-itu
1353 4452 1449 4500 εἰσιν
1464 4453 1540 4504 qut
1554 4453 1603 4493 in
1617 4463 1685 4493 noe
1703 4452 1896 4504 loquum
1908 4451 2161 4494 Christus...
2180 4452 2220 4492 2.
2238 4450 2343 4492 Gor.
2361 4458 2465 4496 ιω.
2483 4449 2525 4490 3.
