3308 5004
703 308 834 374 502
1308 324 1387 373 nn
1434 323 1490 374 s.
1544 324 1876 375 numano
1924 325 2065 375 aaa.
2118 323 2509 375 manau.
2846 307 3032 375 me.
3086 308 3189 376 ²0

612 431 945 502 responso
992 408 1278 501 accepit,
1331 421 1407 479 ut
1455 408 1866 503 intelligeret
1905 409 1960 493 ¹³,
2012 410 2178 499 quia
2212 410 2515 503 flagellat
2550 413 2728 481 Deus
2761 432 3037 481 omnem
3090 409 3187 480 fi-

613 499 812 581 lium,
865 520 1072 587 quem
1121 498 1386 590 recipit,
1438 508 1504 569 et
1551 498 1958 587 hujusmodi
2020 521 2213 570 corre
2269 500 2486 572 tiones
2538 498 2639 570 vel
2755 510 3010 592 urgant
3060 498 3177 569 vel

615 587 913 679 probant
958 588 1305 657 animam:
1342 598 1408 658 et
1437 587 1915 680 gloriosiorem
1956 587 2170 659 fuisse
2195 523 2359 670 fob,
2400 586 2671 659 cum'se
2723 601 2864 658 eret
2894 588 2965 658 in
2999 600 3186 660 ster-

613 676 932 766 quilinio,
982 698 1192 764 quam
1242 674 1505 759 fuisset,
1559 699 1723 748 cum
1759 679 2253 750 circumstante
2281 678 2610 759 exercitu,
2649 676 2941 748 sedisset
2973 676 3186 748 illae-

616 788 738 838 sus
788 765 856 835 in
908 765 1104 836 solio,
1158 765 1469 836 Ostendit
1499 765 1559 836 ei
1598 767 1704 836 vir
1731 779 2015 838 sanctus
2048 766 2482 837 Salomonem
2528 788 2850 856 peccasse
2882 767 2953 835 in
2995 765 3173 848 otio,

613 868 680 925 et
706 854 1003 926 abusum
1032 854 1212 925 bono
1241 854 1455 945 pacis,
1486 854 1858 928 defluxisse
1882 856 1952 925 in
1990 856 2176 925 vitia:
2212 878 2373 926 cum
2405 855 2611 925 David
2639 868 2831 947 pater
2849 856 3026 946 ejuS,
3053 856 3185 926 Ab·

614 943 809 1015 salon
845 943 992 1013 filio
1026 956 1474 1036 persequente
1503 955 1570 1014 et
1600 945 1924 1015 universo
1960 944 2233 1026 israele,
2274 945 2768 1037 permansisset
2801 945 2870 1013 in
2916 945 3172 1034 gratia.

613 1033 968 1103 Intimavit
1012 1033 1245 1114 etiam,
1296 1032 1693 1121 quomodoi
1750 1056 1907 1103 sum
1940 1045 2218 1104 satanas
2255 1034 2403 1104 cola
2461 1033 2711 1102 hizavit
2738 1031 3173 1124 Apostolum:

612 1122 686 1191 in
734 1143 873 1210 qua
914 1121 1360 1192 tribulatione
1392 1122 1680 1193 immobi
1717 1123 1846 1193 iter
1879 1125 2345 1227 perseverans,
2384 1055 2562 1192 iliud
2604 1122 2859 1192 meruit
2896 1119 3171 1193 audire:

613 1211 790 1296 Quia
837 1212 1055 1281 virtus
1101 1213 1173 1281 in
1221 1212 1615 1301 infirmitate
1656 1214 2009 1305 perficetur
2042 1212 2139 1303 (2.
2183 1216 2330 1285 Cor.
2364 1211 2523 1302 111):
2557 1223 2622 1280 et
2652 1211 2815 1299 quia
2851 1210 2921 1281 in
2970 1230 3178 1302 prae·

613 1300 793 1370 senti
820 1299 1173 1401 segniores
1202 1321 1324 1370 nos
1351 1298 1613 1372 faciunt
1639 1322 1990 1393 prospera,
2021 1314 2087 1371 et
2111 1300 2757 1392 circumspectiores
2793 1300 3168 1370 adversa...

613 1393 746 1459 Nec
784 1388 1158 1459 des1stebat
1187 1388 1508 1460 Amalech
1549 1389 1637 1459 ab
1678 1388 2110 1460 infestatione
2150 1389 2385 1471 Israel,
2432 1388 2548 1460 sed
2588 1394 2849 1479 Moyses
2887 1387 3175 1461 elevatis

614 1478 686 1546 in
736 1476 1006 1548 coelum
1059 1477 1406 1560 manibus,
1462 1478 1719 1571 potitus
1766 1491 1868 1549 est
1913 1478 2235 1549 victoria:
2279 1489 2346 1548 et
2383 1477 2894 1549 retrahentibus
2928 1501 3001 1548 se
3038 1477 3172 1547 ho·

616 1566 864 1648 stibuS,
919 1567 1144 1639 Abbas
1192 1581 1476 1638 sanctus
1524 1581 1877 1656 sequester
1922 1568 2258 1650 solicituS,
2312 1566 2781 1638 clamantibus
2812 1566 2899 1637 ad
2937 1567 3174 1637 Domi·

485 1677 494 1684 *
618 1676 815 1737 num,
868 1668 935 1725 et
965 1655 1155 1726 donii
1189 1655 1623 1746 plorantibus
1656 1655 2010 1739 fratribuS,
2049 1657 2298 1748 irrupit
2332 1656 2400 1725 in
2438 1656 2621 1726 acies
2652 1669 2718 1726 et
2758 1657 2827 1725 in
2863 1667 3173 1746 tempore

615 1744 1019 1815 iracundiae
1066 1744 1289 1815 factus
1319 1759 1420 1816 est
1454 1745 1959 1816 reconciliatio:
2002 1757 2069 1816 et
2097 1745 2632 1837 allegationibus
2664 1745 2924 1814 divinis
2958 1744 3176 1814 inter-

614 1833 1081 1914 currentibuS,
1134 1833 1537 1905 detumuere
1587 1835 1950 1924 procellae,
2002 1848 2068 1905 et
2116 1856 2383 1905 reversa
2437 1845 2540 1905 est
2605 1835 2784 1904 inter
2836 1839 3069 1925 regem
3110 1844 3177 1904 et

617 1922 1002 2014 principem
1040 1922 1527 2011 tranquillitas,
1566 1937 1631 1995 et
1669 1924 1857 2015 pacis
1888 1923 2272 1996 desiderata
2307 1923 2662 1994 serenitas,

1027 2207 1492 2276 GAUFRIDUS
1543 2207 1981 2276 MONACHUS
2032 2207 2751 2285 CLARAVALLENsls,

741 2366 858 2431 ΕΤ
927 2365 1414 2445 QUONDAM
1479 2365 1806 2463 BEATI·
1856 2364 2392 2431 BERNARDI
2458 2365 2508 2431 N
2537 2363 2992 2432 OTARIUS
3022 2413 3042 2442 ,

941 2524 1024 2591 IN
1073 2524 1280 2591 TRES
1331 2522 1687 2590 ULTIMOS
1735 2522 2030 2590 LIBROS
2080 2523 2182 2589 DE
2230 2522 2415 2589 vm
2461 2523 2547 2589 Ε]
2560 2522 2827 2588 usnssu

691 2733 1022 2798 Clarissimi
1068 2738 1254 2813 patris
1285 2735 1473 2797 nostri
1504 2733 1802 2797 Bernardi
1838 2732 2296 2795 claravallensis
2327 2732 2576 2796 Abbatis
2615 2732 3008 2806 memoriam,
3052 2733 3172 2796 viri

613 2816 894 2893 insigues
935 2814 1008 2876 ad
1052 2815 1294 2878 laudem
1338 2812 1561 2877 Christi
1606 2822 1669 2877 et
1714 2813 2052 2876 multorum
2096 2814 2581 2876 aedificationem
2616 2813 2813 2875 literis
2854 2828 3171 2875 commen·

611 2896 861 2957 darunt.
909 2894 1160 2958 Inventa
1200 2911 1348 2959 sane
1390 2896 1644 2957 materia
1690 2895 1889 2965 uberi,
1933 2900 2116 2972 prout
2159 2897 2384 2973 cuique
2416 2892 2609 2963 licuit,
2639 2900 2702 2954 et
2727 2893 2954 2955 certior
2980 2895 3033 2953 ei
3065 2909 3172 2969 ge·

611 2982 855 3037 storum
900 2976 1176 3038 innotuit
1227 2976 1492 3047 veritas,
1539 2990 1665 3036 non
1708 2989 1844 3035 eam
1892 2980 2123 3044 totam,
2166 2973 2268 3035 sed
2315 2980 2515 3052 partes
2559 2973 2796 3050 aliquas
2842 2973 3163 3049 digessere.

612 3054 866 3115 Videtur
906 3063 1108 3116 autem
1156 3054 1492 3126 nonnulliS,
1535 3052 1698 3132 qnod
1747 3052 1939 3116 multo
1982 3054 2192 3115 minus
2220 3069 2364 3115 eum
2394 3055 2575 3115 silere
2595 3053 2816 3116 debeat
2842 3067 2992 3131 puer
3020 3067 3170 3114 san-

611 3134 840 3194 ctitatis
883 3136 1094 3211 ipsius,
1138 3135 1512 3212 dignationis
1542 3133 1730 3206 filius,
1761 3132 2157 3211 benignitatis
2180 3131 2500 3197 alumnus:
2533 3148 2720 3211 quem
2749 3134 2826 3196 ab
2855 3131 2983 3207 ejus
3024 3131 3171 3195 ube—

615 3212 788 3275 ribus
832 3221 957 3291 post
996 3229 1190 3275 annos
1231 3217 1476 3276 circiter
1521 3211 1811 3274 tredecim
1839 3259 1856 3285 ,
1901 3213 2066 3292 quod
2106 3216 2241 3275 sine
2295 3211 2575 3291 singultu
2636 3228 2747 3274 nec
2807 3212 3170 3277 meminisse

613 3294 827 3366 denec,
875 3309 986 3353 nec
1028 3293 1297 3370 proferre
1339 3308 1532 3372 queo,
1575 3289 1700 3353 sola
1750 3292 2034 3363 tandem,
2078 3308 2236 3372 quae
2276 3291 2396 3355 sola
2442 3292 2664 3371 potuit,
2710 3307 2876 3354 mors
2916 3291 3165 3353 avulsit.

612 3371 680 3433 In
723 3389 842 3450 quo
890 3372 997 3433 tibi
1048 3372 1286 3434 utinam
1329 3375 1414 3433 sic
1457 3369 1820 3450 complaceat
1862 3375 2053 3434 etiam
2098 3388 2301 3446 nunc,
2348 3380 2517 3448 pater
2558 3379 2802 3443 sancte,
2851 3372 3011 3432 sicut
3058 3372 3169 3433 ali·

611 3451 854 3527 quando
899 3451 1256 3524 videbatur,
1301 3459 1364 3513 et
1405 3448 1758 3529 aliquandiu
1800 3453 2198 3532 complacere.
2246 3451 2319 3513 Et
2361 3454 2496 3530 quis
2537 3451 2693 3513 alter
2736 3450 2842 3513 tibi
2889 3457 3007 3511 tam
3052 3451 3168 3512 de·

613 3530 815 3602 bitor,
860 3530 997 3608 quis
1042 3539 1161 3592 tam
1203 3530 1541 3602 obnoxiuS,
1585 3531 1724 3607 quis
1769 3537 1892 3593 tam
1941 3536 2118 3593 tuns?
2162 3530 2518 3605 momordit,
2566 3531 2788 3605 fateor,
2834 3529 3172 3592 momordit

613 3625 779 3671 mors
821 3610 1123 3689 improba,
1166 3612 1266 3672 sed
1316 3626 1438 3672 non
1484 3615 1684 3671 totum
1728 3613 1957 3689 pariter
1997 3610 2351 3688 deglutivit.
2402 3610 2783 3687 amputavit,
2825 3624 2946 3671 non
2975 3612 3172 3673 extir-

616 3691 817 3768 pavit:
863 3692 996 3751 sine
1043 3690 1453 3753 misericordia
1500 3691 1879 3767 portionem,
1924 3706 2080 3770 quae
2121 3706 2187 3751 se
2229 3691 2656 3768 contingebat,
2699 3691 2953 3768 accepit.
2999 3689 3174 3752 Tulit

611 3770 988 3845 adspectum,
1038 3771 1176 3832 tulit
1217 3770 1553 3849 eloquium,
1596 3769 1913 3849 corporale
1953 3773 2141 3831 etiam
2173 3769 2311 3831 tulit
2340 3770 2747 3849 obsequium:
2780 3769 2883 3833 sed
2917 3784 3040 3831 non
3073 3787 3173 3834 ra·

615 3851 750 3928 puit
793 3850 975 3912 fidem
1022 3852 1355 3926 praesentis
1395 3852 1585 3911 etiam
1633 3865 1801 3911 nunc
1843 3849 2303 3927 opitulationis,
2349 3867 2470 3912 non
2512 3850 2830 3913 absorbuit
2868 3865 3041 3926 spem
3083 3850 3178 3913 iu·

616 3938 786 3991 turae
806 3930 1132 4008 aliquando
1166 3932 1438 4002 visionis,
1473 3945 1596 3990 non
1624 3930 1891 4008 denique
1924 3929 2126 3992 filialis
2153 3930 2488 4008 absumpsit
2509 3931 2847 3993 devotionis
2864 3929 3170 3993 affectum.

611 4007 934 4072 Caeterum
983 4012 1130 4072 milii
1175 4011 1452 4089 quidem,
1501 4021 1568 4069 ut
1610 4011 1843 4086 optime
1890 4012 2058 4081 novi,
2106 4013 2463 4087 praesertim
2509 4018 2676 4071 tanto
2724 4010 2937 4072 idonea
2983 4012 3174 4087 operi,

614 4106 728 4152 nec
769 4093 1045 4163 scientia,
1092 4107 1202 4152 nec
1245 4088 1594 4168 eloquentia
1637 4090 1921 4167 suppetit.
1967 4086 2083 4152 Sed
2130 4097 2230 4151 tua
2274 4105 2420 4151 sane
2465 4088 2769 4165 magnalia
2811 4096 2872 4150 et
2920 4095 3057 4152 tuas
3087 4088 3175 4151 di-

614 4184 740 4244 gne
761 4170 961 4247 eloqui
995 4169 1223 4243 laudes,
1259 4185 1381 4231 non
1412 4168 1699 4244 origenis
1734 4171 2077 4246 ingenium,
2110 4185 2231 4230 non
2265 4165 2574 4231 Ciceronis
2601 4167 2811 4246 lingua
2842 4167 3173 4231 sufficeret.

614 4246 738 4309 Nec
779 4249 1225 4326 desperandum
1275 4258 1483 4310 tamen
1514 4296 1529 4323 ,
1578 4248 1737 4327 quod
1788 4256 2036 4311 tuorum
2082 4250 2279 4325 magis
2320 4262 2575 4326 operum
2633 4247 2877 4310 tructus
2930 4264 3179 4328 carpere

620 4326 892 4405 prudens
936 4328 1160 4403 lector,
1203 4344 1388 4407 quam
1434 4327 1770 4391 verborum
1816 4335 2172 4389 nostrorum
2228 4326 2367 4391 folia
2426 4328 2718 4407 indigna,
2777 4326 3063 4391 debebit:
3115 4335 3179 4392 ut

678 4440 703 4469 Φ
732 4442 852 4482 Nota
871 4443 925 4483 ut
942 4452 1082 4493 saepe
1100 4441 1344 4491 Dominus.
1361 4453 1481 4495 quos
1502 4445 1644 4494 mat,
1664 4441 1924 4487 salubriter
1940 4444 2163 4495 flagellat.
