3308 5004
668 312 756 377 28
1185 328 1266 374 nn
1313 327 1405 375 ss.
1460 327 1926 375 PRTROAPOST.
1979 328 2055 374 nr
2102 325 2331 374 raom.
2385 326 2532 373 Eua
2856 310 3041 378 AUG.
3096 312 3123 377 t

577 434 788 483 curae
846 432 979 481 non
1045 415 1254 481 sunt?
1313 410 1488 493 Quid
1541 412 1756 502 igitur
1803 417 1981 482 Deus
2027 410 2112 481 ad
2165 411 2425 480 Etiam?
2473 411 2677 491 Vade,
2730 412 2979 501 inquit,
3046 413 3133 483 ad

577 503 871 572 fluvium
922 500 1175 581 Carith,
1230 512 1296 569 et
1345 501 1768 591 praecipiam
1817 522 2045 579 corv0,
2088 513 2165 570 ut
2216 513 2276 570 te
2319 502 2575 570 nutriat
2607 501 2775 570 illic.

666 594 703 679 ξ
749 597 844 662 9.
900 590 1214 659 Libenter
1259 589 1388 658 hoc
1442 589 1589 658 loco
1638 590 2099 676 quaesiverim
2166 590 2253 659 ab
2328 589 2607 659 homine
2672 590 2983 670 Judaeo,
3060 604 3140 663 ut

577 679 1007 751 ostenderem
1044 679 1202 768 ipsi,
1239 678 1833 765 quemadmodum
1885 679 2015 758 lex,
2063 685 2367 764 eaquae
2401 678 2575 769 legis
2624 692 2810 759 sunt,
2847 693 3127 762 evertat,

574 784 643 839 et
682 769 835 860 ipsa
884 790 1117 840 secum
1161 783 1445 858 pugnet,
1500 768 1892 837 firmitatem
1926 789 2062 837 non
2101 766 2410 837 habens:
2465 770 2588 855 qui
2643 791 2726 858 pe
2774 790 2952 856 quae
2994 792 3134 839 non

577 873 722 928 erat
775 857 1042 938 veritaS,
1109 856 1227 927 sed
1276 856 1553 925 umbra:
1594 857 1869 929 namin
1923 856 2072 947 lege
2112 857 2265 945 ipsa
2312 860 2591 927 contine
2644 871 2800 927 atur
2849 860 3124 928 umbra.

578 952 759 1017 Haec
807 960 1035 1017 autem
1073 959 1307 1015 nostra
1358 944 1460 1014 lex
1509 945 1659 1014 sine
1693 944 1922 1015 dubio
1983 945 2289 1015 continet
2350 948 2738 1016 veritatem:
2803 968 2914 1018 res
2973 946 3138 1018 illae

577 1037 901 1126 figuram,
961 1049 1235 1106 nostrae
1306 1032 1484 1103 facta
1548 1034 1973 1124 exprimunt.
2030 1034 2213 1104 Elias
2262 1035 2412 1115 iste,
2463 1057 2672 1122 quem
2723 1038 3077 1107 veneraris
3111 1093 3128 1119 ,

526 1176 536 1189 .
576 1149 781 1211 quem
816 1138 1180 1194 venturum
1230 1136 1571 1212 expectas,
1628 1145 1836 1209 quem
1881 1122 2099 1193 multa
2163 1124 2472 1193 oratione
2520 1124 2854 1206 celebraS,
2921 1148 3133 1212 quem

576 1215 989 1303 Prophetam
1031 1211 1385 1303 appellas:
1423 1210 1560 1293 ille,
1608 1213 1923 1298 inquam,
1961 1212 2145 1283 Elias
2177 1212 2524 1298 quomodo
2554 1236 2594 1282 a
2620 1235 2825 1283 corvo
2877 1216 3139 1285 nutrie-

576 1304 826 1373 batur?
850 1308 1103 1372 Corvus
1135 1301 1208 1369 in
1248 1299 1395 1390 lege
1424 1301 1782 1391 impurum
1816 1300 2077 1370 animal
2108 1302 2424 1383 habetur,
2460 1324 2771 1384 corvum,
2813 1303 3129 1391 inquam,

575 1392 684 1462 lex
734 1393 885 1481 ipsa
925 1390 1273 1481 praecepit
1299 1390 1657 1479 impurum
1708 1411 1858 1459 csse
1891 1389 2191 1459 animal:
2229 1391 2576 1477 quomodo
2616 1392 2836 1483 igitur
2882 1393 2970 1462 ab
3002 1394 3141 1462 im-

577 1503 756 1572 pura
790 1479 1068 1550 volucre
1103 1479 1591 1548 nutriebatur?
1628 1485 1797 1549 Nam
1835 1478 1892 1547 si
1925 1478 2028 1549 lex
2077 1480 2230 1570 ipsa
2269 1502 2550 1549 corvum
2603 1481 2962 1571 impurum
2987 1503 3140 1553 esse

578 1570 771 1648 dicit,
842 1570 1129 1638 omnino
1182 1568 1303 1655 qui
1351 1590 1391 1636 a
1439 1589 1640 1637 corvo
1692 1568 2154 1648 nutriebatur,
2218 1591 2379 1639 eum
2430 1591 2706 1656 quoque
2773 1571 3166 1661 impurum.

576 1658 791 1729 fuisse
846 1671 1133 1747 oportet.
1202 1657 1327 1727 Sed
1393 1680 1555 1727 cave
1616 1658 1743 1726 hoc
1793 1655 2032 1725 dicas:
2085 1679 2270 1738 cave,
2317 1659 2640 1744 inquam,
2672 1659 2802 1729 hoc
2845 1660 3128 1742 sentiaS,

577 1768 736 1817 cum
788 1746 1069 1816 divinus
1099 1745 1283 1815 Elias
1330 1769 1369 1815 a
1408 1767 1612 1815 corvo
1646 1745 1954 1815 nutritus
2002 1744 2228 1827 fuerit,
2269 1746 2443 1816 nihil
2479 1748 2665 1816 enim
2698 1770 2779 1818 ex
2820 1748 2908 1819 iis
2955 1771 3136 1836 quae

578 1858 618 1906 a
662 1841 794 1906 Deo
826 1849 1053 1905 creata
1088 1849 1274 1916 sunt,
1318 1836 1677 1921 impurum
1720 1858 1870 1905 esse
1899 1834 2240 1905 existimo.
2294 1836 2664 1906 Intervallo
2692 1850 2924 1906 autem
2963 1851 3139 1907 tem-

627 1926 770 1996 oris
802 1924 1058 1994 factum
1108 1938 1232 2005 est,
1270 1936 1346 1993 ut
1392 1924 1650 1993 fluvius
1681 1924 1798 1994 ille
1830 1936 2274 1994 exaresceret.
2314 1924 2532 1994 Eliam
2571 1925 2787 2015 igitur
2837 1932 3015 1996 Deus
3049 1927 3137 1996 il—

610 2015 722 2083 inc
772 2015 1116 2084 excitans:
1172 2017 1410 2114 Surge,
1472 2013 1722 2099 inquit,
1780 2012 1950 2082 vade
2006 2013 2075 2082 in
2136 2013 2469 2114 Sareptha
2542 2014 3012 2097 Sidoniorum,
3068 2029 3138 2086 et

577 2103 999 2193 praecipiam
1051 2101 1329 2171 mulieri
1381 2100 1666 2182 viduae,
1731 2113 1807 2171 ut
1864 2114 1925 2170 te
1976 2103 2235 2171 nutriat
2299 2101 2467 2170 illic.
2522 2107 2663 2172 Hoc
2720 2117 2947 2173 autem
2999 2127 3142 2193 qua

577 2192 1092 2281 dispensatione
1143 2197 1319 2260 Deus
1351 2191 1673 2270 effecerit,
1706 2189 1910 2259 velim
1959 2191 2244 2260 audias:
2289 2190 2628 2278 quoniam
2669 2192 2985 2263 videlicet
3015 2216 3136 2264 ne-

579 2281 845 2350 sciebat
890 2281 1096 2361 Elias,
1152 2280 1502 2367 quomodo
1550 2278 1735 2369 apud
1789 2279 1961 2348 alias
1999 2281 2310 2350 nationes
2362 2302 2470 2350 res
2517 2303 2590 2349 se
2622 2280 2927 2352 haberet.
2966 2288 3138 2353 Cum

578 2369 766 2440 enim
823 2370 890 2439 in
943 2391 1084 2439 uno
1131 2380 1315 2439 certo
1365 2368 1513 2439 loco
1548 2368 1837 2448 sederet,
1895 2391 2117 2455 neque
2163 2368 2354 2439 orbis
2390 2382 2730 2439 terrarum
2782 2372 3140 2442 calamita-

580 2472 712 2529 tem
756 2459 982 2529 videre
1023 2471 1273 2550 posset,
1325 2458 1673 2545 quomodo
1708 2458 1943 2528 omnia
1990 2457 2290 2528 arefacta
2336 2472 2589 2542 essent,
2632 2459 2946 2550 paludes,
2982 2460 3140 2531 fon-

580 2562 704 2630 tes,
758 2550 978 2631 fluvii,
1033 2547 1332 2639 plantae,
1373 2548 1679 2629 arboreS‚
1733 2546 2025 2628 fructuS,
2081 2560 2220 2617 tam
2275 2549 2552 2630 maturi,
2612 2571 2823 2636 quam
2877 2551 3136 2626 imma-

579 2640 762 2708 turi:
826 2653 962 2708 tam
1014 2660 1193 2723 quae
1256 2638 1509 2718 ferunt,
1575 2658 1786 2723 quam
1837 2658 2016 2722 quae
2063 2636 2296 2706 nullos
2359 2636 2591 2707 ferunt
2637 2637 2939 2708 fructus:
2995 2652 3135 2710 tam

577 2748 754 2814 quae
786 2728 969 2817 apud
1008 2726 1251 2806 fontes,
1306 2748 1516 2812 quam
1559 2747 1738 2812 quae
1793 2724 1980 2814 apud
2019 2723 2311 2815 paludes
2360 2748 2744 2814 aquarum:
2783 2750 2969 2808 cum,
3026 2728 3141 2798 in-

578 2837 814 2900 quam,
871 2816 1037 2885 haec
1087 2816 1457 2904 ignoraret,
1511 2826 1576 2883 et
1622 2813 1985 2884 volucrum
2037 2813 2479 2903 aliarumque
2529 2838 2762 2886 rerum
2814 2816 3136 2887 omnium

580 2904 966 2984 interitum,
1028 2925 1401 2992 puerorum
1471 2917 1785 2981 mortem,
1839 2916 1905 2972 et
1956 2916 2255 2973 matrum
2305 2904 2644 2986 ululatuS,
2701 2916 2960 2974 tantam
3013 2906 3139 2976 de—

580 2992 792 3078 nique
839 2992 1026 3062 orbis
1070 3006 1405 3062 terrarum
1456 2991 1916 3061 calamitatem
1970 2992 2286 3073 nesciret,
2323 2993 2631 3063 excitans
2679 2993 2882 3064 illum
2921 3000 3129 3077 Deus,

579 3080 762 3162 fecit,
817 3094 896 3151 ut
967 3079 1255 3150 multam
1317 3093 1566 3149 terram
1638 3102 1800 3170 pera
1856 3094 2068 3161 raret,
2124 3081 2320 3151 illinc
2368 3082 2453 3151 ad
2506 3083 2831 3152 Sidonem
2907 3106 3137 3171 usque

580 3169 1054 3260 proficiscens,
1107 3181 1183 3237 ut
1228 3191 1388 3245 cum
1442 3169 1724 3239 vidisset
1772 3174 1820 3238 E
1856 3170 1994 3250 ias,
2046 3192 2185 3258 quo
2238 3182 2434 3261 pacto
2485 3193 2594 3241 res
2648 3194 2718 3242 se
2766 3171 3129 3257 haberent,

578 3272 851 3350 rogaret
897 3258 1224 3347 deinceps
1273 3257 1643 3327 Dominum
1695 3271 2045 3337 suumf—ut
2094 3259 2400 3349 pluviam
2437 3259 2603 3330 dare
2638 3260 2863 3330 vellet.

671 3350 711 3435 ξ
755 3352 913 3421 1⁰.
968 3346 1298 3416 Excitavit
1350 3346 1564 3435 igitur
1610 3345 1811 3416 illum
1860 3347 1949 3416 ob
1998 3347 2178 3418 hanc
2237 3349 2572 3418 rationem
2642 3348 2728 3418 ad
2792 3350 2920 3419 iter
2992 3362 3136 3420 tam

581 3435 869 3527 longum
920 3434 1493 3526 aggrediendum:
1549 3457 1689 3504 non
1739 3435 1923 3523 quod
1980 3457 2112 3505 non
2169 3450 2396 3527 posset
2441 3460 2602 3507 eum
2641 3437 2785 3507 illic
2837 3439 3130 3521 nutrire,

581 3525 697 3596 sed
750 3539 826 3594 ut
873 3525 1058 3594 Eliae
1103 3524 1324 3595 oculis
1363 3523 1826 3594 calamitatem
1859 3524 2048 3593 illam
2100 3526 2495 3616 subjiceret,
2532 3549 2674 3614 qua
2702 3526 2789 3595 ad
2826 3526 3136 3616 pluviam

580 3615 669 3683 ab
709 3613 861 3704 ipso
910 3613 1285 3771 rogandam
1330 3612 1746 3683 alliceretur.
1799 3618 2068 3683 Poterat
2112 3615 2395 3700 quidem
2432 3620 2610 3684 Deus
2650 3615 2801 3684 sine
2830 3615 2978 3685 Elia
3006 3616 3138 3687 hoc

580 3703 847 3773 facere:
902 3725 973 3772 se
1071 3701 1343 3772 nolebat
1405 3714 1631 3771 tamen
1689 3702 2048 3860 proprium
2115 3703 2461 3773 famulum
2516 3717 2995 3786 contemnere,
3050 3727 3143 3775 ne

583 3791 929 3862 malorum
978 3790 1496 3860 conciliatorem
1527 3790 1772 3872 Eliam,
1874 3813 2167 3862 onorum
2218 3804 2451 3862 autem
2503 3797 2719 3862 Deum
2770 3792 2984 3864 fuisse
3030 3793 3141 3863 di-

583 3903 797 3951 ceres.
851 3885 1090 3968 ltaque
1138 3880 1316 3950 servi
1366 3879 1476 3949 sui
1523 3880 2071 3950 obsecrationem
2113 3882 2540 3972 expectabat.
2581 3881 2708 3951 Sed
2765 3903 2989 3970 neque
3035 3882 3141 3953 sic

583 3969 706 4040 ille
724 3970 810 4039 ad
845 3968 1388 4039 misericordiam
1418 3968 1858 4038 flectebatur:
1893 3970 2286 4057 quinimmo
2311 3970 2570 4039 duritia
2597 3970 2899 4056 quadam
2932 3993 3131 4054 usuS,

582 4080 807 4144 neque
866 4059 1282 4148 cuiusquam
1352 4058 1689 4128 rationem
1740 4057 2050 4137 habens,
2106 4060 2284 4128 viam
2354 4059 2546 4129 illam
2598 4059 2960 4150 ingressus
3006 4074 3135 4130 est.

584 4145 735 4216 Zelo
781 4148 966 4216 enim
1031 4147 1159 4237 (ut
1220 4146 1577 4237 praedixi)
1639 4146 1877 4232 ebrius
1939 4160 2109 4216 erat.
2175 4152 2354 4228 Cur,
2425 4148 2616 4229 Elia,
2673 4161 2863 4218 tanta
2923 4149 3143 4219 inhu-

584 4236 916 4305 manitate
978 4235 1265 4306 indutus
1312 4240 1437 4305 es?
1495 4241 1788 4326 Expecta
1850 4236 2248 4326 paulisper,
2323 4249 2390 4307 et
2437 4237 2880 4329 redargueris
2927 4238 3141 4308 etiam

586 4324 738 4414 ipse
785 4336 1063 4414 peccato
1114 4345 1265 4396 esse
1324 4325 1687 4395 obnoxius.
1741 4330 2024 4415 Propter
2077 4347 2318 4395 eorum
2419 4339 2651 4397 eccata
2697 4327 2820 4414 qui
2884 4339 3142 4396 terram

585 4413 925 4496 habitant,
954 4413 1344 4501 squalorem
1381 4436 1423 4483 a
1453 4419 1586 4484 Deo
1619 4415 1769 4505 ipso
1804 4413 2213 4506 impetrasti,
2253 4437 2372 4485 coe
2404 4438 2522 4485 um
2557 4415 2892 4498 clausisti,
2924 4429 3144 4486 terrae
