3308 5004
791 409 921 476 706
1312 424 1381 472 iii
1426 424 1622 476 πετο
1669 422 2007 473 naccum.
2061 426 2118 473 s.
2169 424 2394 474 somn.
2425 370 2633 471 ἰωὴ.
2931 401 3107 468 Ana.
3143 400 3204 466 29

701 509 775 580 in
825 533 951 583 sua
999 509 1472 581 dominatione
1519 510 1826 580 retinuit.
1879 515 2181 581 Factum·
2210 523 2316 582 est
2358 522 2638 589 autem,
2695 518 2771 576 ut
2817 506 2889 575 in
2945 504 3202 596 proximo

699 597 1054 672 adveniret
1079 599 1229 669 dies
1271 598 1612 689 passionis
1647 600 1970 690 martyris
2000 597 2307 690 gloriosi.
2348 596 2439 668 Ad
2532 619 2694 668 uam
2737 595 2853 665 ille
2877 594 3203 696 ,immemor

702 688 1133 780 pervasionis
1180 710 1348 759 suae
1421 700 1625 775 atque
1679 688 1978 780 injuriae
2006 743 2022 769 ,
2092 709 2302 776 quam
2353 687 2505 757 intu
2535 698 2682 756 erat
2725 684 3002 754 clericis
3029 737 3046 764 ,
3091 697 3204 780 ante

701 776 1011 866 quinque
1056 776 1206 848 dies
1252 776 1751 859 solemnitatis,
1803 776 1891 847 ad
1945 777 2173 847 vicum
2237 775 2702 846 Brivatensem
2752 772 3074 844 advenit:
3118 793 3201 859 qui

601 862 612 876 '
700 887 861 937 cum
911 867 980 936 in
1030 865 1238 936 domo
1272 866 1763 957 hospitalitatis
1807 888 1978 937 suae
2022 864 2337 937 convivio
2382 885 2546 934 cum
2595 863 2854 933 laetitia
2896 875 2965 930 et
2992 860 3240 930 exulta-1

701 954 886 1026 tione
952 954 1406 1046 fungeretur,
1470 955 1701 1025 subito
1761 954 2237 1028 coruscatione
2299 952 2476 1024 facta
2509 1006 2526 1034 ,
2596 952 2926 1023 tonitrum
2980 949 3200 1021 sonuit:

699 1063 1126 1132 rursumque
1172 1044 1434 1125 iterato,
1484 1044 1725 1133 jaculo
1769 1044 1992 1135 igneo·
2024 1042 2108 1113 de
2141 1042 2354 1116 coelis
2398 1041 2638 1131 elapso
2688 1062 3063 1130 percussus
3100 1049 3198 1113 est.

699 1133 899 1204 nullo
934 1147 1159 1204 tamen
1193 1132 1280 1203 de
1316 1133 1605 1222 reliquis
1640 1148 1988 1223 pereunte.
2042 1132 2299 1204 Deinde
2347 1131 2432 1202 ad
2474 1130 2872 1220 exemplum
2909 1128 3194 1200 omnium,

700 1233 1056 1309 tamquam
1096 1243 1307 1313 rogus
1355 1223 1747 1303 flammeuS,
1783 1223 2060 1303 ardens,
2099 1220 2432 1312 paulatim
2466 1218 3098 1291 consummabatur.
3137 1213 3196 1283 Ad

700 1310 887 1399 quod
940 1311 1355 1382 miraculum
1412 1309 1759 1402 populus,
1812 1310 1934 1399 qui
1982 1309 2066 1381 ad
2135 1311 2309 1380 beati
2361 1309 2530 1381 festa
2576 1320 3037 1388 convenerat,
3084 1305 3196 1374 haec

702 1420 996 1471 cernens
1029 1455 1046 1482 ,
1099 1422 1260 1471 cum
1309 1398 1770 1470 admiratione
1820 1401 2215 1471 metuebat:
2269 1399 2437 1469 satis
2489 1420 2575 1468 ue
2615 1396 2749 1467 'ille
2799 1396 2983 1476 suit,
3037 1417 3106 1464 ne
3145 1392 3197 1460 de

700 1488 911 1589 rebus
959 1490 1179 1560 sancti
1226 1489 1489 1577 aliquid
1555 1490 1740 1560 ultra
1786 1489 2237 1581 contingeret.
2291 1493 2397 1571 Qu
2542 1508 2627 1558 ne
2683 1485 2971 1586 fortuito
3028 1495 3194 1552 actum

701 1599 864 1736 quils
930 1590 1169 1704 putet,
1237 1591 1471 1650 cernat
1531 1578 1714 1649 inter
1775 1578 2032 1649 multos
2092 1577 2410 1650 innoxios
2475 1597 2696 1647 unum
2762 1578 3078 1645 interisse
3123 1592 3193 1639 sa-

702 1688 804 1739 cri
835 1688 1043 1758 egum
1133 1721 1150 1738 .

1567 2001 2402 2086 COMMENTARIUS

1003 2222 1107 2288 DE
1156 2224 1219 2290 S.
1274 2223 1728 2301 PROPHETA,
1783 2223 2375 2290 PRAECURSORE
2423 2222 2523 2288 ΕΤ
2571 2221 2961 2289 ΜΑΒΤῩΒΕ

1308 2463 1840 2567 JOANNE
1951 2451 2637 2567 BAPTlSTA

1541 2707 1619 2756 EX
1668 2707 1940 2756 suntom!
1986 2708 2437 2756 unrarnnasrss

799 2906 837 2981 ἓ
888 2905 963 2972 1.
1014 2904 1350 2970 ‚Ioannem
1403 2899 1805 2991 Baptistam,
1849 2923 2181 2992 magnum
2218 2898 2390 2970 illud
2426 2898 2639 2970 decus
2689 2900 2883 2971 orbis
2916 2909 3177 2990 terrarum
3239 2956 3240 2967 ,

706 2985 1046 3070 laudare,
1107 2988 1500 3059 desiderare
1567 2990 1846 3076 quidem
1919 2989 2076 3061 licet
2143 2990 2514 3060 omnibus:
2592 3001 2669 3058 ut
2731 3011 2865 3089 pro
2919 2985 3171 3075 dignitate

707 3089 941 3167 autem
994 3076 1247 3159 laudet,
1301 3099 1505 3148 nemo
1539 3092 1757 3169 potest
1802 3078 2155 3167 consequi.
2208 3078 2376 3162 Quis
2423 3078 2608 3146 enim
2643 3076 2749 3147 illi
2796 3076 3040 3171 laudeni
3060 3086 3179 3135 ⁰01¹·

707 3176 885 3235 texet
932 3188 1055 3256 pro
1101 3166 1436 3258 dignitate
1469 3222 1485 3248 ‚
1538 3189 1742 3254 quem
1794 3169 2121 3239 omnibus
2169 3167 2574 3238 hominibus
2628 3188 2788 3236 esse
2839 3174 3177 3256 superiorem
3239 3210 3240 3221 i

707 3251 880 3327 dixit
926 3255 1238 3325 omnium
1291 3254 1565 3346 opifex?
1612 3257 1950 3340 Quoniam
2001 3269 2228 3327 autein
2282 3256 2395 3326 hic
2442 3264 2543 3327 est
2594 3254 2791 3326 illius
2842 3254 3105 3327 amicus,
3142 3253 3190 3310 el
3239 3310 3240 3335 1

709 3341 1053 3433 perfectus
1100 3344 1424 3427 imitator,
1467 3345 1530 3415 ei
1567 3368 1840 3433 quoque
1872 3346 2158 3416 omnino
2193 3359 2464 3436 gratum
2515 3343 2747 3425 fuerit,
2808 3342 2994 3433 quod
3022 3339 3192 3426 sitpro

706 3431 998 3522 viribus.
1053 3436 1226 3505 Sunt
1284 3456 1450 3525 ergo
1495 3456 1537 3503 a
1598 3434 1797 3506 nobis
1857 3457 1964 3507 res
2012 3433 2204 3505 illius
2265 3433 2697 3513 narrandae,
2774 3431 2998 3504 divini
3037 3432 3240 3498 Lucae*

707 3520 995 3612 vestigia
1028 3522 1502 3611 sequentibus,
1554 3522 1906 3594 undenam
1938 3538 2130 3595 ortus
2163 3522 2273 3606 sit,
2310 3536 2377 3593 et
2407 3522 2786 3610 quomode,
2823 3535 2894 3593 et
2921 3532 3198 3611 quaenam
3239 3534 3240 3537 ’

708 3604 917 3681 fuerit
960 3610 1119 3701 ejus·
1159 3611 1477 3682 educatio
1506 3665 1522 3695 ‚
1576 3626 1643 3682 ct
1689 3635 1991 3700 quonam
2043 3612 2180 3683 fine
2228 3612 2402 3682 vitae
2442 3634 2614 3682 usus
2662 3610 2752 3681 sit
2805 3611 2928 3682 hic
2976 3609 3067 3679 vir
3104 3622 3202 3702 m?-

705 3721 891 3790 gnus
935 3712 1002 3771 et
1047 3699 1504 3772 admirabilis.
1561 3701 1858 3772 Dicenda
1905 3715 2068 3772 sunt
2114 3715 2371 3782 autem,
2424 3721 2560 3770 non
2612 3712 2685 3769 ut
2753 3711 3114 3771 narrentur
3148 3709 3202 3758 11⁵

703 3788 826 3876 qui
879 3789 1195 3859 nesciunt
1229 3789 1620 3880 (Quomodo
1674 3792 1886 3873 enim,
1942 3814 2105 3861 cum
2154 3812 2394 3861 omnes
2435 3812 2543 3859 res
2583 3788 2777 3859 illius
2830 3789 3204 3861 celebrentur

704 3877 794 3949 ab
818 3878 1245 3969 omnibus?)‚
1287 3879 1404 3949 sed
1444 3893 1518 3949 ut
1549 3880 1836 3950 omnino
1870 3879 2332 3971 percipiamus
2374 3877 2795 3969 voluptatem
2827 3879 2906 3949 in
2938 3877 3040 3948 eis
3069 3890 3202 3973 qom-

705 3967 1200 4037 memorandis.
1255 3966 1364 4038 Sic
1395 3989 1554 4038 vero
1602 3968 1899 4039 liabent:

714 4122 715 4125 ,
801 4059 839 4143 §
889 4062 980 4127 2.
1032 4062 1190 4127 Tem
1245 4056 1486 4128 oribus
1547 4057 1861 4139 HerodiS,
1911 4056 2032 4146 qui
2078 4056 2210 4127 fuit
2259 4063 2397 4127 Rex
2442 4054 2772 4143 Judaeae,
2838 4052 3204 4126 sacerdotem

705 4143 875 4215 dicit
922 4144 1137 4217 fuisse
1236 4145 1463 4217 ivinus
1521 4144 1636 4217 hic
1698 4152 1963 4229 LucaS,
2017 4146 2410 4217 Zachariam
2461 4144 2743 4234 quidem
2799 4143 3128 4225 nomine,
3159 4151 3205 4204 a

704 4232 853 4304 vice
899 4247 1127 4305 autem
1158 4234 1363 4305 Abiae
1392 4259 1408 4304 ε
1450 4258 1628 4324 quae
1660 4233 1729 4304 in
1760 4247 1938 4321 sorte
1977 4234 2412 4306 sacerdotum
2448 4248 2681 4305 octava
2710 4248 2889 4304 erat.
2927 4233 3010 4303 Ei
3040 4242 3204 4302 autes

706 4321 922 4395 fuisse
968 4322 1173 4394 etiam
1220 4345 1530 4408 uxorein,
1578 4347 1761 4414 quae
1805 4338 1955 4395 orta
1999 4325 2284 4414 quidem
2329 4339 2477 4396 erat
2521 4346 2603 4394 ex
2649 4322 2944 4396 filiabus
2995 4326 3203 4394 Aaron·

718 4476 721 4479 ’
763 4484 791 4511 *
818 4484 1034 4545 Reliquis
1064 4485 1214 4527 adhuc
1243 4487 1411 4527 multis
1440 4484 1488 4528 in
1515 4488 1792 4539 hujusmodi
1821 4487 2109 4532 mirabilium
2138 4485 2412 4539 produxiori
2432 4486 2558 4530 seria
2576 4488 2625 4529 te
2643 4484 2847 4535 diutina.
2863 4478 3206 4531 tieem-W

710 4544 808 4582 non
824 4540 1195 4587 permittendum
1214 4542 1498 4584 oen-ulmus.
