3308 5004
202 327 397 396 AUG.
444 329 528 394 46
883 347 963 394 nn
1008 346 1273 396 nucum
1318 347 1638 397 nnnssmu
1684 349 1749 395 n.
1800 348 1867 396 N.
1917 350 1972 396 J.
2027 347 2086 397 c.
2549 334 2665 398 394

207 432 558 524 imagines
620 431 882 523 injuria
937 432 1301 503 affecerat:
1362 432 1639 521 quando
1711 433 1950 506 multis
2017 434 2495 517 ostendenteS,
2559 457 2768 522 quam

200 522 351 594 sint
390 543 624 592 sacrae
670 534 737 592 et
791 520 1219 592 venerandae
1269 520 1611 612 imagines
1641 577 1657 603 ,
1716 522 1801 592 de
1849 522 1978 593 hoc
2034 545 2310 613 quoque
2358 536 2770 596 tractarunt.

199 610 394 680 Licet
426 622 651 680 autem
685 610 747 680 ei
794 611 915 698 qui
965 608 1148 691 velit,
1198 610 1423 701 ipsam
1465 610 1803 701 prolixam
1861 611 2087 702 legere
2125 613 2488 703 epistolam
2522 669 2537 696 ,
2591 627 2656 683 et
2703 613 2772 682 id

198 698 500 770 discere.
557 699 683 770 Sed
721 699 993 790 Evagrii
1039 721 1315 788 quoque
1360 698 1893 771 ecclesiasticam
1948 701 2004 773 si
2052 703 2212 789 quis
2261 701 2629 794 diligenter
2679 702 2777 773 le-

200 789 387 879 gerit
421 788 776 860 historiam
812 844 828 864 .
882 789 1051 859 sciet
1104 789 1414 870 omnine,
1466 805 1810 876 quaenam
1878 789 1963 859 de
2010 790 2140 861 hac
2212 813 2408 861 sacra
2458 792 2771 883 Imagine

204 890 442 948 narret
488 877 559 948 in
611 889 854 965 quarto
895 877 1097 947 libro.
1153 876 1401 947 Scribit
1447 878 1632 949 enim
1668 933 1684 960 ,
1737 878 1919 966 quod
1969 901 2132 948 cum
2192 879 2350 950 aliis
2407 879 2492 949 de
2540 881 2773 951 causis
2820 939 2829 949 .

204 967 500 1038 Chosroe
526 1021 541 1048 ,
595 979 742 1037 tum
776 967 863 1037 ob
895 988 1046 1037 eam
1087 966 1524 1057 potissimum
1570 966 1903 1037 rationem
1953 967 2325 1038 exercitum
2361 967 2657 1048 duxerit,
2694 981 2771 1039 ut

200 1067 439 1146 aperte
472 1055 858 1126 ostenderet
904 1077 1053 1128 esse
1092 1055 1343 1125 falsum
1391 1055 1577 1143 quod
1627 1080 1667 1126 a
1714 1056 2119 1129 Christianis
2152 1057 2237 1127 de
2271 1056 2523 1128 Edessa
2549 1059 2769 1148 jacta-

198 1143 411 1214 batur
458 1144 753 1226 civitate,
805 1167 954 1215 eam
991 1166 1129 1213 non
1166 1166 1365 1234 posse
1404 1144 1790 1235 expugnari
1823 1168 1903 1215 ac
1936 1145 2172 1236 diripi.
2227 1147 2353 1229 Qui
2411 1169 2567 1216 cum
2623 1170 2767 1217 ma-

253 1256 412 1302 nam
449 1232 794 1324 lignorum
832 1246 1090 1303 struem
1129 1245 1197 1303 et
1241 1255 1416 1323 pene
1464 1233 1847 1316 infinitam,
1876 1235 2090 1315 brevi,
2128 1235 2350 1306 multa
2380 1258 2596 1306 manu
2637 1237 2770 1305 rni-

233 1323 408 1392 itum
443 1323 801 1412 coegisset,
839 1334 904 1392 et
926 1345 1006 1391 ea
1031 1323 1485 1392 circumcirca
1511 1322 1772 1393 fixisset
1803 1321 2135 1394 adversus
2165 1346 2401 1394 muros
2427 1325 2760 1394 civitatis:

198 1409 457 1480 deinde
489 1425 736 1481 terram
771 1412 840 1480 in
878 1410 1104 1481 medio
1138 1433 1376 1481 eorum
1411 1410 1783 1497 injecisset,
1819 1424 1884 1482 et
1908 1412 2123 1482 alium
2158 1435 2438 1483 murum
2468 1412 2529 1483 ei
2559 1412 2768 1483 exad-

203 1522 405 1571 verso
429 1500 883 1584 aedificasset,
917 1499 1049 1570 suit
1078 1500 1281 1570 altior
1319 1501 1541 1570 muris
1576 1500 1890 1571 Edessae.
1929 1506 2005 1571 Et
2034 1499 2135 1572 sic
2172 1523 2252 1572 ex
2287 1503 2766 1591 superioribus

198 1587 399 1671 lociS,
435 1602 501 1660 et
531 1613 745 1680 supra
780 1589 1062 1660 modum
1107 1588 1424 1671 dexteris,
1461 1601 1607 1659 erat
1641 1613 1796 1661 mox
1833 1589 1962 1659 tela
2002 1590 2390 1662 emissurus
2438 1591 2768 1662 adversus

192 1700 323 1750 ‚eos
362 1678 483 1765 qui
533 1678 842 1768 pericula
889 1678 1174 1749 adibant
1222 1700 1346 1768 pro
1380 1678 1676 1751 civitatis
1722 1678 2141 1750 defensione.

290 1769 329 1855 ἓ
381 1772 549 1839 2⁰.
605 1766 796 1851 Quod
825 1767 1103 1854 quidem
1145 1790 1306 1837 cum
1344 1767 1651 1837 viderent
1691 1767 2040 1849 Edesseni‚
2071 1779 2303 1858 aperte
2329 1767 2536 1838 veluti
2565 1790 2766 1836 mon-

199 1867 335 1926 tem
389 1856 672 1926 excitari
723 1854 1054 1926 adversus
1104 1856 1376 1926 moenia
1409 1911 1424 1940 ,
1505 1878 1626 1947 per
1690 1878 1894 1944 quem
1947 1869 2297 1945 tamquam
2365 1879 2445 1928 ex
2510 1856 2762 1947 plan0,

198 1944 577 2016 credebant
625 1945 855 2015 hostes
914 1967 1062 2015 esse
1125 1945 1563 2034 ingressuros
1609 1946 2002 2028 civitatem,
2066 1947 2192 2016 etsi
2265 1944 2469 2036 plane
2539 1958 2767 2016 essent

198 2033 534 2123 perplexi,
562 2047 628 2104 et
647 2034 991 2106 nescirent
1068 2033 1185 2103 uid
1216 2047 1518 2124 agerent,
1552 2035 2032 2105 machinantes
2056 2047 2281 2104 tamen
2311 2034 2758 2124 ipsiquoque‚

200 2143 383 2208 quae
431 2134 766 2212 poterant,
804 2056 1388 2214 aggrediebantur
1429 2122 1682 2193 ducere
1729 2122 1982 2194 fossam
2026 2136 2182 2193 ante
2224 2146 2505 2193 murum
2556 2123 2757 2193 illum

196 2224 511 2281 recenter
540 2213 823 2293 factum,
877 2224 954 2282 ut
1001 2212 1063 2281 si
1098 2224 1376 2302 possent
1408 2211 1744 2303 attingere
1774 2212 2013 2295 vallos,
2052 2212 2172 2300 qui
2213 2224 2410 2281 erant
2458 2224 2615 2282 ante
2645 2235 2765 2302 ag-

201 2321 459 2390 gerem,
518 2313 765 2372 terram
802 2301 870 2369 in
908 2299 1164 2371 fossam
1213 2301 1656 2382 attraherent,
1712 2313 1777 2370 et
1824 2301 1922 2372 sic
1974 2323 2271 2391 magnus
2319 2300 2434 2369 ille
2485 2323 2755 2381 murus,

201 2400 557 2476 tamquam
589 2390 860 2460 somnio
905 2389 1195 2471 effictus,
1249 2389 1384 2460 cito
1436 2390 2005 2480 pessumdaretur
2049 2404 2114 2460 et
2161 2389 2523 2459 difflueret.
2577 2395 2761 2460 Post-

199 2499 411 2565 quam
464 2489 693 2549 autem
752 2478 1065 2550 absoluta
1116 2477 1394 2567 quidem
1438 2492 1617 2549 esset
1656 2477 1838 2549 fossa
1869 2534 1885 2561 ,
1939 2477 2169 2569 ignem
2235 2500 2391 2548 vero
2445 2478 2513 2565 in
2570 2477 2759 2571 ligna

194 2566 671 2649 immittenteS,
712 2591 750 2637 a
798 2591 1006 2659 scopo
1040 2568 1459 2649 aberrarent,
1515 2590 1639 2638 nec
1690 2579 1917 2657 posset
1965 2567 2149 2669 ignis
2185 2581 2543 2658 propterea
2573 2569 2757 2654 quod

198 2668 375 2725 terra
410 2670 588 2728 esset
609 2658 1017 2747 constipata,
1047 2671 1111 2727 et
1134 2656 1319 2747 ligna
1346 2655 1578 2726 adhuc
1614 2656 1884 2738 viridia,
1921 2656 2184 2745 aliquid
2212 2656 2752 2746 apprehendere,

197 2767 358 2814 cum
404 2746 583 2816 hanc
625 2767 889 2817 sacram
931 2746 1313 2837 Imaginem
1346 2746 1415 2814 in
1459 2744 1653 2815 illam
1704 2759 2011 2816 recenter
2051 2745 2328 2815 ductam
2367 2744 2617 2815 fossam
2653 2760 2760 2815 tu-

195 2831 464 2915 lissent,
499 2847 564 2904 et
592 2856 669 2905 ex
702 2857 778 2903 ea
821 2856 1070 2922 aquam
1116 2835 1688 2916 sanctificassent‚
1743 2838 1961 2922 eaque
2008 2857 2254 2925 rogum
2304 2846 2368 2903 et
2404 2833 2595 2924 ligna
2642 2833 2764 2903 ad-

197 2923 652 3012 sperdissent,
688 2924 1083 3005 effecerunt,
1123 2937 1200 2994 ut
1248 2923 1432 3014 ignis
1478 2936 1658 2994 esset
1704 2923 1968 2994 efficax.
2019 2928 2098 2994 Et
2145 2923 2306 2993 fidei
2355 2945 2594 2992 eorum
2643 2924 2762 3010 qui

196 3009 370 3080 haec
418 3011 771 3091 fecerunt,
827 3034 1024 3103 opem
1076 3012 1331 3082 ferente
1378 3012 1613 3082 divina
1662 3013 1952 3096 virtute,
2013 3012 2189 3082 sacta
2236 3025 2339 3081 est
2383 3034 2564 3100 aqua
2613 3011 2754 3102 igni

197 3114 552 3187 tamquam
595 3100 851 3182 oleum,
905 3114 971 3172 et
1015 3101 1330 3171 accendit
1377 3101 1773 3182 flammam,
1827 3115 1892 3172 et
1937 3101 2373 3190 consumpsit
2420 3100 2750 3188 quicquid

196 3189 680 3279 apprehendit.
735 3196 925 3260 Tunc
956 3212 1118 3281 ergo
1167 3212 1283 3259 rex
1332 3196 1694 3261 Persarum
1731 3190 2107 3281 desperans
2155 3189 2298 3259 fore
2337 3201 2414 3260 ut
2443 3191 2612 3259 urbs
2647 3212 2760 3258 ca-

195 3291 497 3379 peretur,
535 3301 694 3349 curn
737 3278 1093 3351 didicisset
1130 3280 1480 3349 undenam
1513 3279 1844 3350 haberent
1882 3278 2247 3359 auxilium,
2305 3280 2636 3368 processit
2667 3278 2749 3347 ad

196 3367 577 3437 ineundam
626 3390 783 3437 cum
836 3369 935 3439 eis
983 3369 1543 3439 conventionem:
1588 3380 1654 3439 et
1687 3390 2011 3458 percusso
2060 3367 2328 3437 foedere
2363 3367 2594 3457 pacis,
2651 3389 2753 3436 re-

196 3478 438 3527 versus
483 3469 585 3526 est
633 3457 701 3524 in
745 3479 941 3526 suam
979 3457 1358 3558 regionem.

284 3548 322 3632 ξ
373 3550 517 3616 21.
570 3550 730 3616 Erat
774 3559 1004 3615 autem
1064 3569 1210 3637 lpse
1266 3568 1543 3634 quoque
1599 3543 1785 3615 haud
1844 3544 1940 3615 ita
1986 3544 2195 3636 longo
2247 3557 2400 3634 post
2451 3557 2754 3634 tempore

192 3633 610 3704 beneficium
661 3648 1109 3707 assecuturus
1156 3637 1244 3706 ab
1294 3636 1424 3706 hac
1472 3656 1668 3704 sacra
1716 3635 2050 3791 Imagine,
2098 3656 2277 3721 quae
2329 3634 2557 3703 hostes
2605 3634 2755 3790 effus

194 3723 532 3793 beneficio
580 3724 920 3805 affecerat,
973 3736 1038 3793 et
1075 3747 1239 3795 suos
1278 3725 1363 3794 de
1415 3722 1639 3793 medio
1674 3735 1870 3792 sustu
1906 3735 2069 3792 erat.
2123 3723 2292 3811 Ejus
2338 3722 2522 3792 enim
2584 3723 2626 3790 fi
2666 3721 2750 3795 ia.

193 3833 399 3898 quam
455 3811 948 3882 daemoniacus
997 3812 1337 3883 invaserat
1387 3812 1699 3902 spirituS,
1753 3823 1820 3881 et
1874 3824 2253 3883 excesserat
2302 3833 2345 3880 a
2400 3823 2583 3881 statu
2634 3811 2758 3896 qui

192 3914 296 3970 est
336 3901 724 3971 secundum
772 3913 1118 3982 naturam,
1166 3902 1445 3971 assidue
1492 3899 1841 3970 clamabat
1887 3899 1973 3969 ab
2022 3923 2099 3970 eo
2149 3912 2427 3970 vexata:
2476 3898 2608 3967 nisi
2645 3920 2760 3967 ve-

193 3989 372 4058 nerit
418 3989 672 4060 Edessa
709 3990 941 4081 imago
991 4012 1128 4059 non
1179 4013 1395 4060 manu
1443 3989 1646 4069 facta,
1702 3988 1770 4058 id
1821 3988 2005 4076 quod
2057 3990 2126 4058 in
2177 4010 2256 4058 ea
2306 3986 2570 4057 habitat
2618 4008 2755 4055 non

193 4100 342 4147 esse
381 4099 849 4168 egressurum.
905 4078 1097 4162 Quod
1149 4102 1309 4150 cum
1360 4084 1498 4149 Rex
1547 4078 1906 4159 audiisset,
1955 4089 2019 4148 et
2066 4100 2243 4165 quae
2282 4077 2353 4144 in
2395 4074 2755 4145 obsidione

191 4180 560 4237 evenerant
605 4167 1108 4238 considerasset
1137 4168 1392 4258 (neque
1429 4168 1614 4237 enim
1652 4189 1813 4236 eum
1866 4166 2085 4247 latuit,
2122 4176 2618 4265 quae-repente
2645 4185 2756 4234 ex-

196 4256 327 4325 titit
358 4256 572 4326 virtus
610 4255 1068 4338 admirabiIIS,
1107 4271 1172 4328 et
1201 4255 1491 4326 audacia
1518 4254 2078 4341 Edessenorum)‚
2117 4254 2358 4325 scribit
2387 4263 2613 4323 statim
2666 4254 2749 4323 ad

195 4345 585 4415 Praesidem
634 4345 953 4427 civitatiS,
1005 4359 1071 4416 et
1103 4346 1188 4417 ad
1230 4344 1829 4434 Metropolitanum
1870 4342 2254 4423 Eulalium,
2307 4354 2372 4412 et
2425 4342 2512 4412 ad
2561 4365 2751 4413 com-

198 4454 410 4503 mune
441 4434 757 4516 civitatis,
812 4448 887 4506 ut
935 4436 1160 4507 statim
1211 4435 1297 4505 ad
1360 4455 1519 4504 eum
1582 4433 1965 4504 mitteretur
2012 4431 2248 4502 divina
2300 4446 2366 4502 et
2417 4432 2751 4502 maximae
