3308 5004
162 359 335 426 ΑΗΕ.
388 359 468 424 15
797 374 877 422 nr
923 374 980 422 s.
1031 371 1367 422 ,lauduno
1415 371 1746 421 sussston.
1798 371 1999 423 srrsc.
2475 355 2604 424 377

160 463 241 532 ab
269 460 403 531 8110
446 459 536 530 ad
580 458 821 541 alium,
853 471 923 530 et
967 470 1196 528 tamen
1245 478 1379 527 000
1433 477 1718 547 possum
1768 455 2162 528 satisfacere
2195 457 2687 531 ministranda

158 553 320 621 Tum
368 548 469 619 vir
499 559 781 621 sanctus
809 567 975 638 prae
1011 545 1227 617 multa
1265 544 1865 617 commiseratione
1910 545 2377 637 ingemiscens
2407 601 2424 626 ,
2475 549 2698 619 oravit

155 638 558 709 Dominum:
611 635 861 707 deinde
889 657 1142 724 aquam
1189 655 1629 716 consecrans,
1685 646 1894 705 totam
1943 633 2232 706 domum
2278 647 2346 708 et
2376 649 2694 739 aegrotos

157 725 305 798 illos
350 725 771 817 conspersit,
822 724 1053 813 aitque
1095 723 1184 794 ad
1233 744 1396 794 eos:
1449 746 1486 791 «
1522 727 1600 793 In
1635 723 1924 795 nomine
1954 723 2228 794 Domini
2266 738 2487 796 nost-rt
2530 726 2696 799 Jesu

159 815 397 886 Christi
444 835 732 907 propere
776 812 1068 885 facessat
1116 812 1401 883 morbus
1434 811 1584 894 iste,
1639 824 1709 882 et
1760 833 1880 883 vos
1926 812 2454 903 quamprimum
2482 808 2699 886 *reva-

159 903 499 986 lescentes,
545 903 786 974 matris
822 915 1086 974 vestrae
1125 922 1347 989 usque
1376 900 1548 972 adeo
1580 900 1872 972 afflictae
1904 900 2286 972 ministerio
2326 922 2462 973 000
2497 925 2698 995 egea·

159 993 258 1152 tisl.
290 1016 327 1060 »
354 997 724 1095 perepente
750 991 945 1062 adest
971 992 1188 1062 virtus
1213 989 1603 1072 Salvatoris,
1632 1002 1700 1061 et
1723 1011 1964 1060 omnes
1993 1011 2280 1081 prorsus
2309 990 2696 1064 incolumes

159 1103 193 1152 e
259 1095 423 1153 ecus
470 1103 593 1151 sur
644 1092 790 1152 unt.

238 1172 272 1258 ξ
315 1173 469 1244 M.
518 1105 714 1262 Apgud
763 1179 1071 1241 castrum
1122 1171 1473 1238 Furnense
1519 1165 1875 1238 habitabat
1908 1164 2120 1238 vidua
2179 1167 2521 1255 quaedam
2570 1190 2697 1240 no·

159 1258 311 1330 bilis
364 1271 430 1329 et
465 1257 799 1350 opulenta
832 1312 848 1341 ,
899 1257 1185 1328 nomine
1231 1256 1671 1348 Euregarda:
1722 1256 1927 1345 cujus
1978 1255 2306 1328 maritum
2354 1268 2420 1327 et
2465 1256 2696 1329 filium

161 1347 375 1418 hostes
420 1346 742 1418 atrociter
787 1356 1243 1437 peremerant,
1295 1356 1362 1415 et
1410 1357 1689 1437 propter
1719 1366 1871 1446 eam
1920 1343 2201 1415 caedem
2234 1367 2526 1436 magnas
2558 1346 2696 1416 ini·

160 1436 446 1507 micitias
492 1446 961 1528 susceperant.
1016 1440 1270 1505 Earum
1317 1447 1545 1506 autem
1594 1432 2152 1505 amoliendarum
2202 1437 2419 1505 causa
2462 1456 2697 1506 accer-

159 1524 322 1595 situs
368 1537 651 1596 sanctus
698 1521 974 1616 praesul
1008 1521 1429 1613 arnulphus,
1482 1523 1587 1594 uti
1632 1543 1908 1613 semper
1951 1536 2423 1605 consueverat,
2458 1524 2582 1595 ubi
2608 1523 2699 1595 de

163 1634 319 1703 pace
355 1625 422 1684 et
467 1613 836 1684 concordia
881 1625 1061 1682 esset
1097 1610 1445 1702 agendum
1474 1667 1489 1693 ,
1543 1634 1577 1682 s
1627 1623 1786 1682 onte
1828 1623 2282 1702 prompteque
2331 1633 2410 1682 eo
2449 1634 2699 1703 prope-
2820 1679 2827 1686 .

161 1701 370 1773 rabat.
422 1702 617 1773 Venit
663 1723 826 1792 ergo
870 1700 1085 1772 asello
1133 1711 1365 1771 vectus
1418 1700 1505 1771 ad
1661 1721 1853 1771 mum
1904 1697 2099 1770 illius
2148 1699 2431 1783 viduae,
2483 1723 2696 1788 quam

164 1789 275 1860 illa
300 1789 682 1882 Apostolica
716 1789 1219 1882 perstringebat
1250 1811 1401 1870 vox,
1446 1790 1685 1870 Vidua,
1724 1790 2002 1880 quaein
2024 1789 2286 1859 deliciis
2317 1799 2436 1871 est,
2467 1792 2699 1861 vivens

160 1879 616 1970 mortuaest(
665 1884 729 1949 1.
777 1881 940 1950 Tim.
985 1883 1099 1962 v):
1153 1876 1270 1949 sed
1325 1900 1406 1948 ea
1456 1877 1648 1948 nullo
1698 1890 1895 1969 pacto
1940 1875 2118 1948 10110
2173 1876 2430 1960 voluit,
2482 1890 2562 1948 ut
2607 1877 2697 1949 ad

164 1967 369 2056 ipsam
418 1968 939 2058 ingrederetur:
994 1978 1196 2058 ponte
1248 1988 1334 2037 ue
1383 1966 1634 2058 pensili
1681 1965 1982 2037 adducto
2010 1978 2077 2036 et
2103 1988 2467 2057 suspense,
2502 1966 2699 2038 aditu

164 2077 307 2126 eum
349 2055 736 2159 prohibuit,
777 2077 864 2127 ne
896 2066 1124 2147 posset
1151 2077 1189 2126 e
1266 2077 1419 2125 cere
1465 2054 1649 2144 quod
1684 2055 1971 2126 volebat.
2023 2059 2101 2125 At
2148 2054 2265 2125 ille
2296 2066 2521 2126 tamen
2558 2078 2698 2127 non

169 2143 406 2217 destitit
438 2145 835 2227 admonere,
873 2165 1186 2235 arguere,
1223 2144 1607 2227 obsecrare,
1659 2156 1738 2215 ut
1778 2143 2007 2214 mariti
2050 2154 2119 2213 et
2156 2142 2284 2213 filii
2334 2165 2698 2235 percusso-

168 2232 343 2307 ribus
389 2234 663 2305 veniam
707 2233 905 2305 daret
950 2255 1076 2323 pro
1121 2233 1517 2304 animarum
1551 2254 1791 2303 eorum
1828 2232 1986 2302 refr'
2038 2231 2207 2313 0110,
2245 2243 2311 2302 et
2356 2254 2531 2321 quos
2561 2234 2696 2303 im·

171 2322 340 2393 mani
384 2323 546 2394 odio
594 2321 1155 2414 persequebatur,
1192 2342 1308 2391 eos
1354 2320 1441 2391 ad
1476 2321 1822 2391 amicitiae
1866 2320 1972 2391 foe
2025 2343 2109 2393 us
2139 2319 2530 2391 admitteret
2571 2321 2701 2392 Illa

171 2430 307 2481 vero
352 2434 480 2483 nec
520 2422 754 2502 preces
802 2431 929 2480 nec
965 2399 1473 2481 admonitiones
1519 2409 1673 2500 ejus
1718 2408 2011 2481 audiens
2040 2464 2055 2490 ,
2110 2409 2404 2481 tumenti
2462 2410 2700 2482 animo

173 2496 394 2572 Christi
437 2523 716 2573 servum
766 2511 1236 2591 contemptum
1287 2498 1525 2581 irrisit,
1577 2509 1646 2568 et
1691 2497 2185 2570 contumeliose
2217 2521 2259 2569 a
2291 2520 2364 2568 se
2397 2497 2693 2589 repulit:

171 2587 441 2662 sednon
493 2589 806 2681 impune.
857 2593 1023 2660 Nam
1075 2611 1233 2659 cum
1268 2588 1354 2658 ab
1386 2609 1465 2657 ea
1500 2586 1776 2658 Praesul
1813 2586 2296 2678 gemebundus
2324 2586 2692 2671 recederet,

171 2674 383 2751 divina
409 2700 561 2749 eam
595 2677 1105 2749 animadversio
1135 2676 1530 2747 terribiliter
1605 2688 1917 2762 ersecuta
1954 2688 2077 2747 est.
2122 2681 2280 2747 Post
2327 2675 2699 2766 paululum

169 2766 359 2849 enim,
409 2766 586 2838 coeli
632 2767 993 2838 serenitate
1040 2778 1380 2846 manente,
1418 2765 1540 2852 qui
1590 2788 1702 2835 am
1755 2765 1924 2835 levis
1970 2765 2182 2836 turbo'
2219 2763 2505 2835 domum
2538 2766 2695 2866 ejus

171 2856 500 2928 concussit
544 2866 611 2927 et
651 2854 936 2936 evertit,
983 2875 1277 2942 eamque
1339 2854 1696 2945 repentina
1746 2865 1958 2924 morte
2005 2852 2371 2944 oppressit.
2437 2853 2702 2924 Accidit

170 2951 299 3012 tum
339 2966 453 3016 res
501 2965 668 3015 sane
733 2943 951 3015 multa
1012 2943 1469 3013 admiratione
1513 2942 1750 3033 digna.
1821 2947 1899 3012 In
1954 2942 2205 3013 eadem
2250 2941 2442 3013 enim
2491 2940 2698 3013 domo

173 3029 438 3105 aderant
484 3031 729 3104 famuli
758 3045 829 3104 et
863 3031 1180 3112 ancillae,
1233 3031 1519 3102 aderant
1561 3031 1782 3121 00101,
1825 3052 2056 3113 canes,
2090 3053 2387 3122 magnus
2424 3030 2697 3101 colum-

172 3115 397 3192 barum
447 3143 635 3213 grex,
688 3142 988 3202 anseres,
1029 3120 1371 3210 gallinae:
1423 3133 1490 3190 et
1527 3131 1757 3190 tamen
1807 3118 1949 3190 illis
1994 3120 2323 3191 omnibus
2370 3119 2582 3190 salvis
2626 3131 2694 3189 et

174 3205 433 3293 illaesis,
485 3209 634 3280 sola
669 3231 917 3300 procax
959 3208 1209 3279 mulier
1236 3209 1518 3280 interiit.
1768 3278 1773 3284 .

248 3298 281 3384 ἓ
322 3304 475 3373 45.
527 3298 784 3370 Habuit
828 3297 1262 3369 venerandus
1288 3298 1573 3368 antistes
1621 3318 1922 3367 sororem
1972 3294 2213 3379 Odam,
2266 3318 2443 3383 quae
2472 3296 2562 3367 ab
2595 3296 2701 3366 in·

176 3380 368 3457 fantia
403 3387 624 3458 sacris
670 3386 1180 3459 eruditionibus
1226 3387 1563 3467 instituta,
1617 3386 1689 3454 in
1740 3384 2131 3476 virginitate
2165 3384 2377 3456 voluit
2428 3406 2701 3476 perma-

178 3490 344 3545 nere.
396 3481 488 3546 Ea
525 3476 673 3566 jam
722 3475 1113 3577 grandaeva
1155 3487 1223 3545 et
1267 3481 1401 3545 Deo
1448 3487 1714 3546 sacrata
1748 3475 2477 3565 permanens,'magno
2506 3479 2703 3544 ,1010-

178 3560 481 3652 solymae,
521 3563 716 3635 toties
748 3586 818 3634 m
851 3563 1228 3654 scripturis
1263 3575 1698 3645 memoratae,
1754 3564 1868 3653 pia
1913 3562 2269 3633 devotione
2301 3561 2703 3634 invisendae

176 3646 491 3724 desiderio
548 3675 839 3725 accensa
891 3664 1015 3723 est.
1066 3657 1233 3723 Cum
1283 3674 1364 3723 00
1427 3653 1887 3742 pervenisset,
1944 3674 2065 3742 per
2110 3653 2405 3723 nuncios
2443 3706 2461 3732 ‚
2524 3672 2700 3739 quos

179 3732 407 3812 habere
456 3755 762 3834 poterat,
815 3763 1019 3832 saepe
1080 3741 1465 3812 obsecravit
1519 3740 1798 3811 tratrem
1848 3761 2055 3810 suum
2126 3741 2406 3811 beatum
2455 3738 2702 3810 Arnul-

178 3823 395 3914 phnm,
432 3842 510 3901 ut
540 3853 582 3902 a
611 3830 898 3901 Domino
946 3830 1364 3922 impetraret,
1417 3850 1503 3899 00
1537 3831 1734 3920 prius
1780 3828 1952 3899 alter
1994 3850 2237 3899 eorum
2291 3839 2693 3907 moreretur,

180 3931 364 3997 quam
413 3932 657 3991 mutuo
711 3931 1087 4009 000500010
1135 3919 1539 4009 potirentur.
1612 3922 1778 3989 Cum
1851 3938 2015 4008 ergo
2081 3917 2184 3986 vir
2245 3927 2529 3989 sanctus
2581 3936 2703 4006 po·

181 4012 406 4103 stremo
451 4007 873 4099 Aldenburgi
922 4021 1250 4090 maneret,
1302 4019 1368 4078 et
1413 4006 1680 4077 obitum
1729 4028 1938 4076 suum
1978 4005 2267 4076 coelitus
2314 4003 2697 4086 didicisset,

183 4092 438 4174 qmdam
481 4097 791 4169 nuncius
829 4095 1234 4178 advenienS,
1286 4097 1381 4166 ait
1423 4117 1730 4166 sorerem
1765 4093 1916 4182 ejus
1947 4095 2095 4184 jam
2146 4093 2545 4164 redeuntem
2587 4115 2703 4163 su-

183 4196 430 4330 perasse
475 4185 700 4275 Alpes,
751 4196 816 4255 et
863 4185 1060 4255 valde
1096 4183 1476 4255 accelerare
1509 4183 1661 4266 iter,
1700 4196 1776 4253 ut
1808 4184 2024 4273 possit
2068 4181 2293 4273 ipsius
2324 4194 2705 4272 conspectu

212 4286 328 4365 rut.
373 4278 543 4344 Tum
591 4273 696 4343 vir
727 4286 1010 4345 sanctus
1043 4273 1187 4343 ait:
1240 4295 1278 4339 «
1301 4272 1447 4343 Oda
1491 4294 1686 4342 soror
1732 4285 1966 4343 nostra
1995 4283 2064 4341 01
2100 4292 2430 4366 germana
2468 4269 2536 4339 in
2572 4274 2703 4341 Do-

189 4371 403 4440 mino,
440 4362 886 4450 quantumvis
956 4363 1310 4452 01000101,
1362 4359 1618 4431 frustra
1680 4360 1749 4429 id
1800 4359 2043 4430 nititur
2087 4360 2464 4448 consequi,
2514 4358 2700 4460 quod

191 4438 322 4514 fieri
363 4469 493 4521 non
545 4463 784 4542 petest.
836 4451 1072 4522 Videat
1116 4462 1184 4521 et
1229 4448 1732 4539 contempletur
1778 4460 1975 4520 actus
2015 4462 2305 4535 nostrOS,
2342 4449 2698 4536 divimque
