3308 5004
699 302 702 305 >
748 361 874 425 724
2894 355 3113 423 AUG.
3159 355 3227 421 29

1391 556 1494 623 DE
1539 552 2115 663 AMPUTATIONE
2164 552 2481 661 cpPITIS

907 791 1397 893 SANCTI
1492 788 2095 893 JOANNlS
2182 788 2992 891 BAPTlSTAE

1670 1006 2190 1090 ORATIO

1284 1227 1564 1295 sfflc‘rl
1620 1226 1961 1293 somms
2021 1222 2591 1293 cnnvsos‘rom

1389 1440 1683 1489 HABH'UR
1728 1440 1795 1489 IN
1845 1440 1976 1488 Sl!-
2029 1436 2488 1488 HETAPHRASTB
2566 1372 2591 1383 ἱ

745 1621 782 1704 ξ
830 1621 905 1687 1.
959 1620 1229 1685 Rursus
1283 1613 1451 1683 furit
1510 1612 1885 1684 Herodias:
1946 1633 2191 1684 rursus
2240 1614 2724 1704 perturbatur:
2778 1633 3055 1683 rursus
3095 1612 3200 1681 sal-

659 1716 793 1775 tat:
849 1725 1097 1774 rursus
1142 1704 1412 1791 quaerit
1465 1717 1676 1793 caput
1720 1703 2010 1773 Joannis
2049 1703 2392 1794 Baptistae
2426 1701 2753 1771 scelerate
2803 1703 2904 1772 ab
2969 1700 3198 1775 Herode

659 1794 1030 1884 amputari.
1084 1798 1353 1863 Rursus
1400 1793 1617 1862 ambit
1664 1791 1930 1862 Jezabel
1978 1792 2250 1862 vineam
2306 1792 2569 1862 Naboth
2611 1810 2894 1880 rapere,
2957 1806 3026 1861 et
3070 1812 3193 1861 san-
3280 1794 3281 1849 ἐ

658 1897 849 1952 ctum
889 1881 1107 1951 Eliam
1159 1880 1477 1981 persequi
1510 1881 1594 1950 ad
1649 1891 1938 1951 montes.
1990 1880 2317 1952 Existimo
2365 1893 2593 1950 autem
2645 1902 2789 1950 non
2831 1879 3072 1951 solum
3113 1900 3191 1948 me

657 1992 805 2041 esse
841 1971 913 2040 in
938 1983 1227 2040 ecstastz
1272 1970 1389 2039 sed
1425 1971 1631 2040 etiam
1667 1990 1910 2040 omnes
1935 1990 2079 2050 voS,
2122 1970 2244 2056 qui
2268 1969 2546 2039 auditis·
2564 1990 2804 2038 vocem
2840 1968 3183 2060 Evangelii.

665 2081 940 2129 mecum
1002 2059 1333 2129 admirari
1378 2058 1670 2128 Joannis
1729 2057 2011 2146 quidem
2070 2058 2399 2146 loquendi
2459 2058 2882 2139 libertatem,
2938 2057 3185 2128 Herodis

662 2161 889 2217 autem
949 2145 1337 2229 levitatem,
1397 2162 1463 2217 et
1518 2147 1895 2239 impiarum
1958 2146 2331 2218 mulierum
2399 2147 2787 2217 belluinam
2844 2147 3179 2217 insaniam⁴

663 2236 843 2319 Quid
892 2238 1077 2306 enim
1147 2237 1597 2307 audivimus?
1642 2235 1946 2306 Herodes
1991 2237 2178 2306 enim
2236 2236 2694 2326 apprehendit
2740 2236 3094 2316 loannem,
3132 2247 3179 2302 ei

658 2326 889 2414 posuit
919 2326 985 2394 in
1027 2347 1325 2408 carcere,
1348 2338 1626 2416 propter
1646 2324 2104 2397 Herodiadem
2142 2347 2423 2394 uxorem
2460 2325 2769 2416 Philippi
2807 2325 3031 2395 fratris
3062 2324 3173 2392 sui.

660 2414 784 2482 Hic
838 2414 1078 2484 merito
1126 2415 1611 2506 vituperaverit
1658 2414 1913 2502 aliquis
1944 2414 2235 2483 Herodis
2282 2414 2648 2492 levitatem,
2689 2414 2784 2484 ab
2824 2413 3174 2483 infelicibus

656 2502 1072 2595 discerptam
1109 2518 1174 2574 et
1219 2504 1622 2576 convulsam
1674 2504 2110 2574 mulieribus
2149 2504 2326 2587 Quid
2377 2525 2532 2573 vero
2581 2502 2851 2584 dixerit,
2882 2513 2988 2571 aut
3008 2520 3160 2585 qno-
3278 2555 3279 2582 ξ

659 2592 862 2668 modo
910 2593 1350 2683 explicaverit
1397 2595 1753 2685 quispiam.
1828 2593 2402 2683 intemperantem
2469 2592 2835 2663 mulierum
2901 2588 3149 2657 illarum

659 2682 751 2750 im
811 2682 1215 2753 rohitatem?

693 2847 694 2850 ,
743 2704 804 2858 ἑ)
834 2776 921 2842 2.
977 2771 1141 2840 Mihi
1188 2770 1470 2859 quidem
1533 2770 1802 2841 videtur
1861 2769 2057 2841 nulla
2112 2790 2263 2840 esse
2325 2770 2397 2839 in
2463 2769 2730 2842 mundo
2787 2769 2959 2849 iera,
3054 2785 3169 2835 uae

657 2859 872 2950 possit
918 2860 1216 2930 conferri
1262 2882 1420 2930 cum
1475 2857 1657 2928 mala
1705 2858 2018 2930 muliere.
2075 2859 2202 2928 Sed
2254 2880 2440 2928 nunc
2501 2881 2542 2928 a
2600 2882 2712 2929 me
2772 2861 2973 2929 verba
3064 2867 3167 2924 unt

656 2947 741 3018 de
772 2947 978 3018 mala.
1035 2950 1188 3019 Scio
1233 2949 1418 3018 enim
1451 2969 1602 3019 esse
1650 2948 1905 3017 multas
1945 2947 2334 3018 moderatas
2365 2959 2432 3017 et
2477 2949 2723 3030 bonaS‚
2767 2967 3056 3037 quarum
3084 2963 3161 3012 me

655 3038 829 3106 vitae
875 3050 1139 3129 oportet
1193 3038 1594 3108 meminisse
1640 3036 1727 3107 ad
1792 3037 2341 3108 aedificationem
2373 3092 2389 3120 ,
2452 3051 2518 3106 et
2577 3059 2899 3107 amorem
2947 3052 3156 3108 eorum,

654 3147 831 3212 quae
883 3140 1047 3197 sunt
1091 3127 1274 3197 bona
1319 3138 1384 3195 et
1430 3138 1691 3196 onesta.
1745 3124 1947 3197 Nulla
1993 3147 2157 3217 ergo
2204 3124 2346 3196 fera
2393 3138 2495 3195 est
2543 3128 2614 3194 in
2666 3126 2950 3197 mundo
2992 3118 3167 3196 coufe-

656 3213 869 3282 renda
904 3238 1063 3285 cum
1116 3214 1300 3286 mala
1334 3214 1647 3285 muliere.
1702 3215 1882 3299 Quid
1930 3214 2109 3285 inter
2153 3214 2642 3305 quadrupedes
2701 3229 2818 3287 est
2872 3216 3173 3287 leoneve·

658 3301 1100 3373 hementius?
1147 3304 1274 3373 Sed
1323 3303 1495 3372 nihil
1528 3314 1653 3374 est.
1708 3303 1885 3388 Quid
1936 3325 2096 3372 vero
2142 3304 2321 3374 inter
2368 3316 2720 3395 serpentes
2761 3319 2878 3376 est
2928 3305 3183 3374 dracone

654 3389 1062 3462 crudelius?
1111 3391 1236 3462 Sed
1291 3392 1461 3461 nihil
1505 3403 1628 3461 est.
1669 3397 1892 3463 Immo
1934 3414 2090 3462 vero
2136 3404 2200 3463 et
2249 3392 2353 3462 leo
2399 3404 2465 3461 et
2502 3392 2735 3473 dracO,
2784 3394 2903 3464 illi
2936 3395 3007 3464 in
3039 3388 3188 3462 malo

654 3477 932 3549 cedunt.
985 3481 1060 3554 Ei
1107 3494 1337 3552 autem
1368 3536 1384 3563 ‚
1436 3480 1621 3569 quod
1672 3481 1867 3563 dicu,
1920 3479 2049 3551 fert
2111 3481 2586 3553 testimonium
2636 3483 3192 3572 sapientissimus

657 3567 1003 3650 Salomon,
1045 3571 1165 3658 qui
1196 3569 1363 3640 dicit
1394 3592 1466 3640 se
1500 3569 1706 3639 malle
1732 3569 2044 3641 habitare
2074 3592 2238 3640 cum
2288 3569 2483 3640 leone
2512 3582 2581 3640 et
2626 3570 2979 3656 dracone,
3013 3590 3194 3661 quam
3272 3573 3273 3608 ³

653 3679 815 3726 cum
858 3659 1040 3728 mala
1080 3659 1368 3730 muliere
1405 3671 1471 3728 et
1510 3657 1806 3747 loquaci.
1859 3666 1937 3729 Et
1971 3680 2055 3729 ne
2088 3673 2289 3749 putes
2331 3659 2735 3750 prophetam
2771 3660 3053 3734 dixisse
3089 3661 3199 3730 iro·

658 3745 835 3829 nice,
888 3761 1206 3819 accurate
1269 3759 1335 3817 et
1390 3746 1760 3848 diligenter
1808 3747 1998 3819 disce
2056 3770 2137 3818 ex
2203 3749 2411 3818 rebus
2471 3748 2494 3817 i
2550 3748 2668 3820 sis.
2726 3751 3100 3822 Danielem
3146 3747 3198 3817 in

653 3834 815 3905 lacu
845 3834 1073 3906 leones
1120 3849 1283 3906 sunt
1331 3835 1644 3906 reveriti:
1691 3836 1962 3923 justum
2012 3850 2244 3907 autem
2293 3836 2507 3908 Nabot
2603 3834 2889 3910 lezabel
2945 3838 3198 3912 occidit.

655 3926 854 3992 Cetus
884 3924 1128 3994 Jonam
1169 3925 1458 3995 servavit
1507 3924 1575 3995 in
1612 3937 1854 3995 utero:
1906 3925 2125 3995 Dalila
2158 3938 2390 3995 autem
2428 3930 2900 4016 Sampsonem
2940 3925 3203 4000 tradidit

655 4010 1087 4113 alienigenis.
1123 4018 1463 4083 Dracones
1499 4027 1566 4085 et
1602 4013 1880 4105 aspides
1910 4028 1976 4084 et
2003 4026 2305 4085 cerastae
2339 4014 2671 4085 loannem
2710 4013 3201 4089 formidarunt:

654 4100 989 4172 Herodias
1022 4114 1250 4172 autem
1305 4102 1326 4170 i
1383 4124 1536 4172 sum
1587 4102 1657 4172 in
1707 4125 1921 4173 coena
1968 4102 2332 4174 interfecit.
2369 4104 2563 4174 Corvi
2602 4103 2830 4175 Eliam
2877 4107 2961 4177 in
3004 4117 3205 4178 monte

656 4188 1023 4260 aluerunt:
1074 4191 1329 4261 Jezabe
1401 4203 1630 4261 autem
1683 4192 1916 4281 ipsum
1968 4203 2123 4283 post
2184 4192 2602 4263 beneficium
2660 4197 3205 4285 persequebatur

657 4276 744 4345 ad
785 4278 1090 4348 caedem.
1145 4278 1321 4362 Quid
1370 4281 1555 4349 enim
1596 4279 1922 4350 dicebat?
1970 4281 2040 4351 Si
2089 4292 2164 4353 tu
2209 4304 2283 4353 es
2332 4281 2538 4364 Elias,
2583 4293 2649 4351 et
2697 4304 2834 4374 ego
2892 4283 3203 4357 sezahetz

658 4368 838 4434 Haec
879 4366 1050 4436 mihi
1078 4365 1345 4467 ,saciant
1382 4368 1503 4450 dii,
1538 4380 1603 4438 et
1643 4369 1810 4439 haec
1856 4369 2141 4452 addant,
2170 4370 2256 4472 ‚si
2306 4391 2444 4440 non
2491 4392 2646 4441 cras
2687 4371 2824 4443 hac
2856 4372 3033 4464 ipsa
3067 4373 3207 4446 hori

659 4472 913 4541 ponam
978 4476 1286 4527 ammam
1341 4468 1528 4528 tuam
1567 4513 1606 4542 ‚.
1650 4469 2004 4548 tamquam
2062 4481 2278 4531 unius
2340 4481 2421 4531 ex
2486 4461 2961 4552 mortuis.‚Et
3004 4462 3207 4538 timuit
