3308 5004
709 329 841 394 590
1277 343 1354 390 ns
1398 342 1455 389 s.
1508 340 1806 390 Auoossno
1852 339 2053 389 ausc.
2107 340 2470 390 nemone.
2843 322 3036 389 AUG.
3086 323 3182 389 24

619 444 851 502 autem
903 451 940 499 a
991 441 1230 498 sancto
1294 427 1438 497 viro
1484 425 1688 496 elatio
1752 426 1984 497 omnis
2047 439 2225 496 esset
2270 424 2743 505 alienissima,
2815 438 2893 495 ut
2941 439 3183 495 tamen

628 517 920 609 posteris
954 515 1384 587 humilitatis
1426 516 1742 607 exempla
1798 515 2262 602 relinqueret,
2317 528 2540 585 tantae
2596 513 2953 606 dignitatis
3015 537 3190 605 gra-

624 607 792 679 dum
845 604 1252 697 improvide,
1305 617 1381 677 ut
1428 604 1691 675 dictum
1741 616 1867 686 est,
1921 626 2056 674 non
2107 604 2257 674 sine
2302 603 2612 692 quadam
2669 603 3134 696 trepidatione
3166 660 3183 687 ,

622 697 972 785 suscipere
1009 693 1253 765 noluit.

794 789 945 860 n.
999 789 1147 854 Mox
1195 803 1357 852 vero
1405 782 1680 873 penitus
1713 782 1939 853 valere
1959 782 2182 874 jussis
2218 782 2409 853 curis
2457 782 2721 873 palatii,
2775 794 2841 853 et
2889 783 3190 875 propria

622 895 696 945 se
748 896 785 945 e
835 873 1070 943 relicta
1101 926 1118 954 ,
1171 873 1259 942 ob
1320 873 1603 943 verbum
1656 873 1772 942 Dei
1820 871 2142 962 gentibus
2194 870 2430 962 procul
2483 873 2726 961 positis
2766 871 3192 964 praedican-

620 961 785 1032 dum
819 1016 835 1045 ,
887 961 1158 1033 exulem
1221 983 1296 1032 se
1342 960 1518 1032 fecit.
1576 960 2031 1032 Transmissis
2094 981 2395 1048 namque
2447 962 2764 1048 sequana
2822 973 2889 1030 et
2951 961 3186 1052 Ligeri

573 1051 1082 1132 'fluminibus,
1151 1061 1440 1122 cunctos
1493 1050 1564 1119 in
1632 1050 1720 1120 iis
1782 1049 2184 1139 regionibus
2231 1049 2620 1119 habitantes
2670 1049 2933 1120 lumine
2981 1051 3190 1120 verbi

620 1140 945 1212 salutaris
989 1139 1189 1227 quasi
1241 1139 1351 1209 Sol
1400 1138 1686 1227 quidam
1738 1138 2159 1209 illustravit:
2213 1139 2281 1206 in
2333 1137 2493 1208 aliis
2523 1137 2684 1208 fidei
2717 1138 3189 1210 fundamenta

624 1251 908 1320 ponens,
949 1228 1122 1298 alios
1170 1229 1238 1298 in
1292 1227 1427 1298 side
1473 1227 1939 1298 confirmans:
1992 1249 2332 1317 quosnam
2384 1227 2589 1297 etiam
2626 1227 2890 1298 haeresi
2921 1227 3190 1319 depra-

623 1332 845 1399 vatos,
887 1317 974 1388 ad
1020 1335 1334 1387 normam
1395 1317 1910 1387 Ecclesiasticus
1956 1316 2118 1388 fidei
2168 1319 2517 1386 revocans.
2572 1321 2882 1404 Cumque
2930 1317 3002 1386 in
3059 1320 3190 1387 Hi·

621 1407 862 1498 spania
901 1406 1341 1497 pervenisset,
1386 1407 1637 1497 reperit
1674 1405 1966 1497 populos
2006 1405 2149 1476 illic
2174 1418 2713 1485 commorantes
2748 1406 3182 1493 jamdudum

624 1496 840 1566 nimia
888 1496 1193 1565 siccitate
1228 1493 1564 1565 laborare.
1605 1500 1753 1565 Jam
1795 1494 1981 1565 enim
2024 1508 2283 1585 septem
2316 1494 2481 1563 anni
2514 1494 2875 1576 fluxerant,
2913 1495 3186 1582 quibus

623 1606 748 1656 nec
795 1585 1123 1686 exiguum
1185 1583 1459 1674 pluviae
1506 1583 1967 1654 stillicidium·
2000 1605 2119 1654 eas
2159 1583 2474 1674 regiones
2521 1583 2865 1674 irrigarat.
2921 1584 3184 1652 videns

619 1687 846 1744 autem
885 1696 987 1743 vir
1022 1678 1153 1743 Deo
1195 1673 1468 1763 plenuS,
1522 1673 1698 1744 sie-a
1732 1673 1912 1743 aeris
1961 1671 2495 1742 incommoditas
2541 1672 2808 1742 diutius
2858 1694 3186 1762 perseve-

623 1777 825 1842 raret,
882 1784 1016 1831 non
1070 1761 1296 1832 solum
1348 1761 1760 1852 periculum,
1814 1760 1932 1831 sed
1966 1764 2171 1832 etiam
2206 1762 2489 1831 exitium
2534 1760 2986 1852 portendere:
3080 1761 3184 1830 la-

621 1851 814 1922 dium
858 1851 1004 1939 jam
1071 1849 1587 1937 quodammodo
1648 1851 1718 1921 in
1769 1853 1926 1921 aere
1973 1850 2432 1942 pendentem,
2502 1864 2567 1919 et
2623 1851 2709 1920 ad
2778 1850 2994 1920 serien
3059 1874 3180 1921 um

624 1952 965 2031 paratum,
1005 1951 1307 2009 avertere
1340 1939 1631 2010 studuit.

709 2031 748 2116 ἓ
792 2032 939 2102 18.
991 2032 1019 2096 Ι
1031 2041 1232 2115 taque
1267 2029 1332 2096 in
1388 2050 1622 2118 preces
1653 2050 1730 2098 se
1768 2040 2234 2119 prosternens,
2271 2029 2586 2099 obsecrat
2624 2030 2815 2099 omni
2869 2043 3179 2100 utentem

628 2116 1016 2198 Dominum,
1052 2129 1129 2187 ut
1157 2116 1278 2205 qui
1309 2117 1659 2205 quondam
1695 2118 2072 2188 Israelitico
2102 2117 2356 2207 populo
2392 2131 2669 2208 propter
2713 2118 2824 2189 ido
2852 2119 3177 2189 olatriam

621 2219 685 2277 et
715 2206 1203 2296 impiissimam
1249 2205 1511 2276 Jezabel
1543 2206 1749 2277 annis
1790 2206 2012 2277 tribus
2049 2220 2116 2277 et
2151 2206 2506 2277 mensibus
2533 2229 2648 2278 sex
2677 2208 2948 2277 coelum
2979 2207 3174 2277 clau-

621 2297 807 2375 serit,
864 2294 1298 2382 tandemque,
1351 2308 1588 2365 orante
1628 2295 2027 2366 beatissimo
2075 2295 2243 2374 Elia,
2301 2294 2535 2385 pluvia
2582 2297 2860 2387 copiosa
2908 2319 3178 2367 resera·

624 2385 834 2456 verit:
891 2405 1079 2454 nunc
1124 2406 1401 2472 quoque
1448 2405 1615 2454 suae
1667 2384 2129 2455 miserationis
2173 2385 2353 2454 dona
2389 2385 2667 2475 popule,
2709 2385 2796 2454 ob
2845 2408 2976 2456 sua
3017 2407 3178 2477 pec-

621 2486 770 2546 cata
826 2470 1015 2561 juste
1072 2472 1375 2554 afflicto,
1447 2473 1685 2564 largiri
1734 2473 2099 2565 dignetur,
2155 2473 2529 2563 pluviaque
2587 2474 2850 2546 salubri
2923 2488 3176 2546 terram

621 2563 927 2635 siccitate
989 2561 1417 2650 squalentem
1485 2563 1772 2653 irrigare
1837 2584 1969 2634 non
2039 2563 2351 2633 differat:
2413 2565 2513 2633 uti
2565 2584 2688 2654 per
2750 2565 3180 2635 miraculum

622 2652 792 2724 soris
836 2651 1272 2732 exhibitum,
1324 2651 1531 2723 corda
1582 2652 1997 2743 populorum
2052 2653 2120 2721 in
2173 2653 2307 2721 {ide
2356 2653 2719 2743 torpentia,
2775 2654 2844 2721 in
2900 2653 3178 2724 laudem

621 2739 957 2813 creatoris
1004 2740 1248 2811 fortius
1314 2740 1778 2811 inardescant.
1849 2746 2020 2811 Tum
2073 2763 2230 2810 vero
2290 2741 2440 2810 sine
2499 2762 2690 2811 mora
2753 2764 2993 2833 preces
3049 2742 3182 2811 viri

622 2830 737 2901 Dei
776 2841 963 2899 tanta
1010 2830 1284 2920 pluviae
1333 2829 1766 2900 abundantia
1812 2844 2178 2900 consecuta
2226 2842 2349 2911 est,
2406 2843 2733 2918 tantaque
2779 2833 2964 2902 aeris
2987 2853 3180 2901 com·

622 2918 922 2990 modites
967 2918 1197 2990 subito
1246 2917 1513 2989 reddita
1558 2932 1697 3000 est,
1750 2931 1828 2989 ut
1877 2941 2052 3009 pene
2108 2932 2411 2989 veterum
2467 2919 2805 2989 malorum
2857 2921 3156 2997 damna,

624 3028 951 3101 praesens
997 3007 1423 3080 abundantia
1468 3028 1919 3099 compensare
1976 3008 2341 3078 videretur.
2397 3012 2682 3077 Cernere
2729 3022 2873 3078 tum
2920 3005 3173 3076 licebat

620 3117 852 3169 rorare
898 3096 1125 3166 coelos
1154 3151 1171 3179 ,
1223 3096 1484 3166 imbres
1529 3118 1770 3177 ruere,
1874 3096 2116 3168 uttulis
2165 3097 2539 3169 uberrimis
2585 3097 2922 3168 distillare
2950 3098 3110 3165 aera
3145 3150 3164 3175 ,

620 3186 967 3258 coelorum
1021 3185 1372 3256 beneficiis
1418 3207 1579 3256 arva
1627 3120 1986 3278 compleri,
2040 3198 2299 3257 scatere
2344 3186 2589 3265 fonteS,
2632 3208 2839 3277 agros
2885 3186 3181 3276 pingue·

622 3296 843 3352 scere,
870 3272 1212 3344 fructibus
1244 3276 1514 3345 onerari
1543 3275 1845 3357 arbores,
1881 3275 2222 3366 plantaria
2252 3276 2561 3356 existere,
2591 3284 2878 3365 campos
2909 3275 3180 3366 passim

622 3364 855 3435 vestiri
902 3363 1273 3453 segetibuS,
1327 3362 1536 3435 colles
1584 3364 1831 3435 vinetis
1879 3364 2182 3446 affluere,
2239 3378 2821 3455 purpurascentes
2873 3362 3184 3454 proferre

624 3451 861 3533 olivas,
920 3473 1228 3522 rosarum
1280 3451 1728 3541 liliorumque
1756 3457 2000 3525 suaves
2033 3454 2297 3544 spirare
2344 3452 2610 3531 odores,
2650 3452 2952 3540 denique
2990 3453 3185 3543 agri·

620 3540 831 3623 colas,
872 3541 1246 3632 resumptis
1285 3541 1570 3622 viribus,
1613 3544 2076 3632 juvencorum
2125 3541 2413 3633 fatigare
2449 3555 2658 3632 terga.
2713 3546 2844 3611 Nec
2880 3541 3171 3614 mirum.

621 3636 756 3702 Deo
788 3630 1117 3702 dilectum
1169 3629 1418 3712 virum,
1470 3631 1692 3701 instar
1737 3631 1922 3701 Eliae
1970 3632 2290 3701 clausum
2339 3631 2609 3700 coelum
2661 3630 2880 3698 sacris
2919 3630 3186 3699 oratio-

623 3721 832 3793 nibus
879 3740 1182 3790 reserare
1222 3719 1548 3810 potuisse,
1600 3741 1808 3808 quem
1860 3731 2150 3799 constat,
2204 3720 2274 3788 in
2328 3720 2568 3789 multis
2616 3719 2950 3788 virtutum
2987 3718 3184 3789 Eliae

623 3822 1021 3881 sectatorem
1081 3808 1315 3879 fuisse.
1370 3808 1797 3899 Virginitatis
1853 3810 2039 3879 enim
2094 3809 2451 3909 privilegio
2508 3808 2760 3879 floruit.
2816 3819 2893 3876 ut
2943 3807 3182 3878 Elias:

624 3903 840 3989 Reges
865 3909 932 3968 et
964 3909 1272 3988 potentes
1309 3896 1791 3986 delinquentes
1824 3919 2066 3998 aspere
2091 3898 2492 3989 increpavit,
2532 3909 2609 3967 ut
2641 3897 2861 3967 Elias:
2893 3896 3180 3968 nullius

620 4010 777 4060 eum
814 4008 1037 4075 neque
1073 3999 1371 4056 terrores
1418 4007 1637 4073 neque
1687 3986 2162 4057 blandimenta
2201 4009 2239 4055 a
2282 3987 2715 4056 rectitudinis
2754 3997 2820 4056 et
2859 3985 3186 4073 justitiae

622 4077 892 4147 tramite
929 4075 1275 4146 abducere
1305 4086 1608 4165 potuere,
1663 4076 1766 4144 uti
1814 4095 1936 4144 nec
1987 4075 2241 4145 Eliam:
2299 4075 2603 4145 vestibus
2650 4096 2854 4165 saepe
2900 4075 3180 4164 asperis

622 4166 964 4245 utebatur,
1002 4178 1084 4236 ut
1113 4164 1319 4235 Elias.
1373 4169 1587 4251 Atque
1633 4164 1726 4232 ita
1775 4164 2060 4234 virtutes
2097 4164 2478 4234 beatissimi
2522 4163 2648 4232 viri
2700 4163 3032 4253 plurimis
3069 4184 3184 4233 ce-

624 4255 978 4325 lebrantur
1026 4253 1237 4336 locis,
1293 4265 1359 4323 et
1405 4253 1571 4323 fidei
1620 4253 1776 4342 ejus
1831 4253 2149 4324 meritum
2214 4276 2336 4343 per
2373 4255 2609 4323 orbem
2653 4258 2991 4331 terrarum
3035 4251 3182 4321 late

623 4342 1081 4432 praedicatur.
1116 4349 1320 4414 Porro
1350 4342 1781 4412 confirmatis
1810 4343 2301 4443 Hispaniarum
2349 4342 2624 4433 populis
2660 4342 2730 4410 in
2774 4340 2906 4411 fide
2945 4341 3181 4410 verbis

620 4443 686 4500 et
718 4430 1098 4513 miraculiS,
1136 4431 1222 4501 ad
1256 4430 1487 4501 sedem
1540 4431 1889 4523 propriam
1923 4454 2070 4522 Jam
2109 4430 2389 4502 tandem
2437 4432 2661 4502 redire
2694 4428 3083 4515 constituit.
