3308 5004
710 297 842 368 696
1179 314 1260 362 nt
1303 312 1360 361 s.
1412 311 1773 366 meust-nto
1799 261 2019 362 susc.
2070 308 2150 360 ιτ
2196 310 2369 360 sect..
2421 309 2601 360 noer.
2851 293 2980 361 u]
2989 293 3085 360 G.
3135 296 3223 360 28

620 397 1254 474 innumerabilibus
1294 397 1600 468 infandis
1652 397 1852 468 malis
1906 395 1989 468 de
2043 395 2324 486 opulata
2360 407 2486 476 est,
2527 395 2703 468 nulli
2739 397 2990 480 sexui,
3037 397 3222 468 nulli

620 510 915 584 parcens
961 487 1190 569 aetati,
1247 509 1371 559 nec
1420 486 1595 576 ipsis
1624 486 1739 556 Dei
1787 506 1979 555 sacer
2032 485 2263 555 otibus
2314 483 2413 555 vel
2452 484 2814 566 ministris,
2853 509 3006 556 nec
3045 486 3226 577 ipsis

621 577 1070 648 ecclesiarum
1102 576 1556 658 ornamentiS,
1610 597 1734 647 seu
1783 574 2284 654 instrumentis,
2316 573 2414 643 vel
2464 574 2834 645 aediliciis.
2895 581 2992 645 Et
3029 575 3220 645 hanc

619 665 1116 738 ferocissimam
1162 665 1460 736 hostium
1506 664 2005 754 grassationem
2040 675 2106 732 et
2155 664 2598 733 vastationem
2638 662 2754 732 ille
2788 664 3038 734 homo
3075 665 3216 740 Dei.

620 759 686 826 et
734 754 979 824 factam
1047 753 1261 824 fuisse
1315 765 1381 823 et
1433 753 1607 834 fieri,
1664 773 1797 821 non
1850 766 1925 822 ut
1971 753 2219 822 caeteri
2293 751 2654 830 homines,
2707 753 3098 824 sentiebat
3163 769 3222 823 et
3267 815 3268 834 ,

620 843 1002 945 cogitabat:
1072 841 1188 914 sed
1238 841 1448 913 altius
1494 854 1559 911 et
1600 840 2015 932 profundius
2060 863 2210 936 eam
2273 840 2745 916 considerans,
2799 855 2876 910 et
2935 843 3024 911 in
3089 843 3216 914 hae
3267 839 3268 844 ’

620 954 1011 1004 animarum
1053 932 1419 1022 praecipue
1469 930 1567 1000 vel
1623 928 1951 1021 pericula,
2011 928 2109 999 vel
2145 943 2415 1000 mortes
2465 928 2926 1019 praevidenS,
3003 931 3216 1002 solito

621 1020 927 1113 amplius
963 1020 1324 1112 (quoniam
1373 1031 1449 1088 ut
1488 1018 1822 1108 scriptum
1872 1031 1997 1088 est:
2060 1018 2191 1101 Qui
2252 1019 2539 1107 apponit
2583 1019 3006 1098 scientiam,
3085 1043 3204 1112 ap-

621 1110 817 1205 ponit
854 1108 1185 1190 dolorem,
1236 1121 1324 1184 et,
1378 1113 1503 1178 Cor
1549 1107 1969 1198 intelligenS,
2034 1106 2235 1196 quasi
2284 1107 2468 1178 tinea
2514 1107 2851 1194 ossibus)
2903 1107 3209 1179 fuerunt

621 1199 683 1269 ei
734 1198 1085 1288 lacrymae
1135 1219 1348 1289 panes
1394 1195 1506 1268 die
1568 1219 1648 1267 ac
1699 1209 1935 1276 nocte,
1986 1196 2632 1284 amarissimamque
2682 1212 2750 1266 et
2800 1195 3202 1285 lugubrem

677 1310 790 1358 rae
821 1287 1106 1357 caeteris
1155 1308 1320 1358 suae
1368 1284 1737 1356 senectutis
1763 1284 1914 1442 fam
1973 1307 2143 1377 pene
2190 1298 2557 1354 extremam
2609 1284 2926 1357 ducebat
2972 1309 3070 1356 ac
3113 1301 3204 1356 to-

651 1375 884 1447 erabat
917 1375 1151 1446 vitam.
1188 1374 1469 1444 Videbat
1499 1374 1684 1444 enim
1713 1373 1753 1441 il
1789 1396 1826 1442 e
1859 1373 2064 1444 homo
2087 1374 2198 1443 Dei
2233 1374 2539 1443 civitates
2569 1373 2842 1444 excidio
2881 1377 3202 1464 perditas
3269 1377 3270 1414 ¹

623 1466 879 1558 pariter
924 1487 1081 1534 cum
1134 1463 1494 1543 aedificiis,
1551 1462 1868 1532 villarum
1924 1484 2010 1532 ue
2060 1462 2474 1533 habitatores
2520 1463 2692 1533 alios
2724 1461 2986 1533 hostili
3041 1487 3200 1534 neoe
3269 1471 3270 1482 ’

625 1554 979 1634 extinctOS,
1025 1553 1196 1623 alios
1244 1552 1580 1642 effugatos
1619 1565 1825 1638 atque
1921 1551 2244 1642 ispersos‚
2300 1550 2637 1621 Ecclesias
2689 1552 3193 1624 sacerdotibus

619 1663 699 1712 ac
751 1642 1089 1712 ministris
1120 1641 1506 1722 destitutas,
1544 1640 1982 1731 virginesque
2029 1663 2261 1710 sacras
2297 1653 2364 1710 et
2401 1662 2712 1728 quosque
2740 1642 3194 1712 continentes

621 1731 883 1818 ubique
922 1730 1329 1821 dissipatos:
1363 1742 1428 1800 et
1469 1730 1535 1798 in
1581 1729 1690 1799 his
1722 1728 1896 1798 alios
1942 1728 2273 1799 defecisse
2321 1730 2699 1808 tormentis,
2733 1729 2929 1800 alios
2963 1731 3192 1821 gladio

628 1820 1079 1909 interemptos
1125 1841 1313 1889 esse:
1367 1817 1539 1888 alios
1588 1818 1657 1886 in
1709 1817 2118 1908 captivitate,
2175 1818 2439 1908 perdita
2479 1817 2695 1887 animi
2742 1833 2816 1887 et
2874 1823 3192 1910 corporis

632 1908 1023 1998 integritate
1051 1929 1131 1976 ac
1164 1907 1347 1988 fidei,
1395 1906 1574 1976 malo
1601 1929 1787 1976 more
1817 1931 1895 1976 ac
1925 1906 2102 1978 duro
2128 1906 2443 1977 hostibus
2467 1906 2839 1976 deservire:
2885 1907 3191 1998 hymnos

636 1998 754 2067 Dei
804 2009 868 2065 et
917 1995 1158 2065 laudes
1186 1995 1272 2064 ab
1320 1994 1628 2065 ecclesiis
1676 1995 2046 2087 deperisse,
2085 1995 2398 2066 aedificia
2424 1995 2888 2066 ecclesiarum
2949 2021 3190 2085 quam-

689 2085 964 2156 lurimis
1006 2084 1172 2156 locis
1219 2084 1501 2174 ignibus
1549 2098 1982 2154 concremata
2030 2105 2225 2155 esse:
2278 2084 2614 2155 solemnia
2651 2107 2979 2173 quoque,
3024 2110 3187 2175 quae

688 2196 767 2244 eo
796 2173 1156 2255 debentur,
1195 2173 1279 2243 de
1314 2174 1613 2264 propriis
1640 2171 1808 2243 locis
1836 2172 2200 2243 defecisse:
2245 2174 2582 2245 sacrificia
2608 2197 2690 2244 ac
2738 2191 3182 2246 sacramenta

631 2262 865 2334 divina
915 2262 1015 2332 vel
1053 2285 1186 2332 non
1236 2263 1501 2351 quaeri,
1557 2262 1656 2331 vel
1697 2262 2049 2349 quaerenti
2097 2262 2217 2350 qui
2268 2262 2512 2342 tradat,
2548 2285 2685 2332 non
2736 2262 2962 2334 facile
3009 2286 3180 2355 repe·

624 2352 745 2422 riri
780 2376 794 2418 τ
852 2352 918 2420 in
960 2352 1147 2441 ipsas
1182 2351 1517 2422 montium
1570 2350 1800 2442 sylvas
1839 2364 1903 2421 et
1934 2373 2263 2422 cavernas
2300 2364 2644 2441 petrarum
2692 2365 2759 2421 et
2802 2353 3174 2443 speluncas

622 2440 1119 2533 confugienteS,
1175 2440 1273 2512 v‘el
1325 2441 1408 2512 ad
1461 2461 1936 2600 quascumque
1977 2440 2443 2511 munitiones:
2496 2440 2669 2511 alios
2716 2439 2955 2513 fuisse
2984 2466 3168 2534 expu·
3271 2457 3272 2478 ³

623 2544 867 2622 gnatos
895 2543 960 2600 et
994 2530 1404 2612 interfectOS,
1439 2554 1478 2601 a
1515 2531 1614 2600 ios
1649 2530 2054 2600 necessariis
2081 2529 2570 2601 sustentaculis
2600 2530 2964 2615 evolutos,
2992 2550 3153 2618 atque
3272 2507 3275 2683 Ῐ

619 2620 945 2711 privatOS,
983 2633 1059 2689 ut
1092 2619 1268 2689 same
1298 2620 1876 2713 contabescerent:
1913 2619 2237 2710 ipsosque
2258 2618 2703 2689 ecclesiarum
2746 2623 3149 2711 praepositus

617 2721 684 2779 et
730 2708 1040 2791 clericos,
1091 2707 1213 2798 qui
1274 2707 1442 2778 sorte
1500 2708 1612 2778 Dei
1653 2707 1984 2778 beneficio
2036 2708 2131 2777 vel
2182 2730 2299 2778 eos
2357 2729 2491 2778 non
2567 2708 3051 2791 incurrerant,
3082 2706 3150 2776 tel

619 2798 1055 2867 incurrentes
1103 2809 1479 2878 evaserant,
1537 2798 1743 2867 rebus
1789 2796 2116 2867 omnibus
2166 2796 2539 2888 expoliatos
2587 2810 2798 2883 atque
2856 2801 3152 2877 nudatos,

617 2886 1109 2987 egentissimos
1146 2885 1567 2967 mendicare,
1623 2908 1746 2956 nec
1795 2886 1880 2955 iis
1928 2886 2256 2957 omnibus
2301 2885 2387 2955 ad
2419 2885 2679 2966 omnia,
2727 2888 3009 2974 quibus
3049 2886 3152 2959 fut·

617 2975 847 3045 ciendi
890 2987 1140 3055 essent,
1194 2974 1543 3046 subveniri
1579 2996 1800 3065 posse.

706 3067 924 3151 §aa
953 3063 1069 3132 Vix
1090 3075 1224 3134 tres
1247 3064 1672 3154 superstites,
1697 3086 1774 3132 ex
1799 3064 1865 3133 in
1878 3062 2448 3144 numerabilibuS,
2470 3061 2803 3135 ecclesias
2863 3060 3126 3158 ww).

620 3151 1251 3243 Carthaginensem,
1303 3152 1817 3243 Hipponensem
1867 3165 1933 3221 et
1978 3152 2375 3231 cirtensem,
2429 3173 2605 3239 quae
2656 3152 2776 3219 Dei
2989 3150 3129 3220 ficto

615 3240 882 3310 excisae
918 3263 1051 3310 non
1103 3254 1287 3322 sunt,
1330 3254 1396 3310 et
1424 3263 1662 3312 earum
1720 3254 2122 3331 permanent
2169 3239 2498 3319 civitates,
2550 3253 2615 3310 et
2651 3239 2908 3313 divino
2940 3239 3132 3310 ethu-

621 3350 828 3399 mano
876 3329 1086 3401 fultae
1143 3330 1510 3421 praesidio,
1566 3329 1721 3400 licet
1769 3343 1922 3420 post
1965 3329 2120 3416 ejus
2165 3329 2429 3400 obitum
2480 3329 2650 3399 urbs
2696 3327 3151 3422 Hipponensis

618 3416 866 3488 incolis
913 3418 1260 3499 destituta,
1298 3420 1386 3489 ab
1427 3418 1742 3489 hostibus
1789 3418 1995 3488 fuerit
2024 3431 2479 3489 concremata.
2526 3422 2604 3487 Et
2649 3439 2723 3487 se
2777 3420 2969 3488 inter
3011 3420 3156 3490 haec

618 3506 801 3575 mala
851 3506 967 3578 ille
1018 3508 1223 3578 homo
1261 3508 1370 3576 Dei
1433 3507 1806 3596 cujusdam
1858 3507 2189 3598 sapientis
2237 3507 2574 3577 sententia
2638 3507 3153 3586 consolabatur.

612 3594 956 3665 dicentis:
1003 3601 1145 3667 Non
1195 3596 1322 3666 erit
1374 3619 1692 3688 magnus,
1740 3618 2069 3685 magnum
2125 3610 2396 3684 putans,
2449 3594 2628 3684 quod
2667 3595 2948 3666 cadunt
2998 3597 3166 3689 ligna

611 3697 677 3754 et
717 3683 1003 3775 lapideS,
1056 3700 1121 3755 et
1156 3686 1550 3755 moriuntur
1600 3685 1943 3755 mortales.
2002 3689 2179 3755 Haec
2226 3707 2389 3775 ergo
2437 3683 2672 3753 omnia
2724 3682 2866 3766 ille,
2913 3702 2994 3755 ut
3037 3700 3168 3756 erat

612 3772 1094 3862 alte.sapienS,
1149 3774 1456 3860 quotidie
1506 3774 1801 3845 ubertim
1842 3774 2069 3843 flebat.
2115 3774 2551 3860 Accrevitque
2614 3774 3063 3846 moeroribus
3114 3787 3172 3845 et

621 3860 1231 3932 lamentationibus
1278 3863 1454 3950 ejuS,
1508 3878 1583 3933 ut
1611 3864 1814 3933 etiam
1850 3863 2080 3933 adhuc
2119 3884 2197 3932 eo
2227 3862 2295 3930 in
2322 3884 2449 3932 suo
2498 3874 2680 3931 statu
2719 3863 3168 3943 consistente,

613 3950 702 4020 ad
749 3950 1061 4021 eamdem
1101 3951 1648 4040 Hipponensium
1684 3951 2042 4042 regionum
2069 3951 2409 4021 civitatem
2446 3950 2531 4020 ab
2571 3949 2813 4019 iisdem
2853 3951 3174 4024 hostibus

614 4040 965 4110 veniretur
1038 4040 1518 4110 obsidendam.
1572 4044 1906 4124 Quoniam
1954 4040 2021 4108 in
2094 4041 2245 4129 ejus
2318 4052 2480 4108 tunc
2549 4037 2959 4109 defensione
3033 4056 3177 4119 erat

615 4130 1029 4199 constitutus
1068 4133 1306 4200 Comes
1352 4128 1636 4217 quidam
1674 4128 2090 4208 Bonifacius,
2138 4150 2298 4198 cum
2349 4128 2754 4198 Gotthorum
2809 4129 3171 4216 quondam

613 4214 1003 4287 foederatus
1049 4217 1374 4299 exercitu,
1419 4240 1628 4306 quam
1682 4217 1922 4287 urbem
1976 4217 2188 4287 ferme
2236 4216 2756 4304 quatuordecim
2809 4217 3172 4291 mensibus

616 4305 1015 4375 conclusam
1084 4305 1524 4376 obsederunt.
1576 4311 1740 4376 Nam
1793 4319 1857 4376 et
1906 4305 2067 4376 litus
2118 4305 2219 4375 illi
2271 4306 2620 4376 marinum
2673 4304 3171 4378 interclusione

620 4393 1094 4463 abstulerunt:
1167 4400 1313 4478 Quo
1383 4394 1588 4465 etiam
1664 4394 1927 4486 nosipsi
2005 4394 2089 4464 de
2165 4393 2392 4465 vicino
2454 4416 2616 4465 cum
2688 4394 2848 4464 aliis
2912 4397 3174 4467 nostris
