3308 5004
219 356 408 424 Aue,
462 357 546 423 24
992 373 1071 421 m:
1120 373 1178 422 s.
1235 371 1736 422 ammomum
1783 372 2003 422 Arosr.
2556 360 2671 424 58t

218 460 470 617 imiim'
524 458 794 527 vineam
845 468 1177 539 tuam,.ut
1204 457 1450 528 faciam
1506 459 1677 528 mihi
1714 457 2314 529 hortumolerum.
2352 460 2475 529 Ille
2512 463 2776 552 quippe

218 551 289 617 in
376 560 602 617 ortum
654 560 945 617 conatur
982 547 1253 616 vineam
1305 561 1586 629 vertere,
1620 548 1742 635 qui
1795 548 2089 637 rigorem
2144 549 2416 619 virtutis
2445 567 2446 570 ’
2455 551 2776 639 jucunda

218 636 524 709 carnalis
572 635 935 705 illecebrae
974 635 1133 705 vult·
1151 636 1561 706 amoenitate
1611 650 1900 706 mutare.
1937 641 2015 705 Et
2042 636 2400 707 Psalmista
2439 640 2775 730 superbos

216 726 524 796 oleribus
570 737 928 814 comparat
974 723 1214 796 dicens
1248 749 1263 788 z
1307 731 1651 816 Tanquam
1697 729 1969 815 foenum
1998 729 2316 811 velociter
2347 740 2672 809 arescent,
2712 739 2775 798 et

218 819 388 886 sicat
420 817 609 884 olera
648 814 1008 883 herba-rum
1047 815 1175 883 cito
1204 815 1508 883 decident
1544 815 1686 915 (Px.
1741 813 1879 904 36).
2747 863 2754 870 -

306 907 343 991 ξ
382 908 733 976 ss.·'l'erra
783 903 1013 990 itaque
1062 903 1644 993 repromissionis,
1693 903 1824 973 hoc
1872 916 1975 972 est
2022 914 2258 973 sancta
2309 903 2634 984 Ecclesia,
2691 906 2776 975 de

219 992 407 1064 coelo
439 992 711 1082 pluvias
746 989 1225 1082 praestolatur,
1265 993 1432 1078 quia
1480 992 1858 1082 sapientiae
1884 991 2197 1062 coelestis
2232 992 2455 1062 imbre
2490 996 2775 1083 perfun-

217 1083 427 1160 ditur,
483 1093 548 1150 et
581 1081 801 1150 nubes
833 1070 1006 1170 ejuS,
1046 1078 1311 1150 seilicet
1361 1086 1701 1162 Doctores,
1741 1081 1827 1151 de
1873 1080 2145 1151 coelesti
2181 1103 2326 1150 uno
2364 1081 2550 1152 fonte
2596 1084 2776 1152 invi-

218 1170 514 1241 sibiliter
560 1169 917 1249 hauriunt,
978 1169 1162 1257 quod
1226 1170 1295 1237 in
1348 1191 1474 1239 nos
1540 1169 1980 1259 postmodum
2046 1171 2347 1240 suaviter
2393 1173 2776 1241 eructando

218 1258 739 1330 transfundunt.
801 1258 991 1327 Unde
1054 1259 1434 1346 Propheta:
1519 1262 1930 1339 Memoriam,
1986 1259 2233 1345 inquit,
2318 1262 2777 1330 abundantiae

213 1350 577 1419 suavitatis
616 1358 773 1416 tuae
805 1349 1224 1428 eructabunt,
1263 1359 1326 1415 ec
1347 1350 1627 1438 justitia
1678 1359 1800 1417 tua
1838 1349 2240 1418 emanabant
2269 1349 2409 1438 (Ps.
2458 1352 2637 1440 itt).
2674 1356 2770 1419 An

216 1459 355 1510 uon
397 1437 481 1507 ad
535 1436 733 1506 illum
784 1436 1037 1505 fontem
1075 1436 1354 1518 PauluS,
1413 1458 1663 1525 magna
1712 1436 1974 1507 scilicet
2015 1436 2258 1517 nubeS,
2323 1437 2548 1521 rediit,
2611 1461 2776 1509 cum

216 1549 428 1616 supra
465 1525 741 1596 tertium
783 1525 1056 1595 coelum
1110 1539 1373 1615 raptuS,
1427 1524 1657 1606 verba,
1695 1547 1872 1612 quae
1905 1525 2092 1612 loqui
2148 1547 2279 1594 non
2335 1527 2605 1609 licebat,
2655 1550 2777 1596 au-

214 1616 438 1686 divit?
485 1621 577 1684 An
629 1635 764 1683 non
816 1614 902 1683 ad
951 1614 1272 1683 eumdem
1325 1612 1580 1684 fontem
1635 1636 1951 1684 reversus
1999 1627 2102 1684 est
2152 1619 2434 1697 PetruS‚
2479 1640 2639 1686 cum
2701 1617 2775 1684 in

213 1705 498 1774 extasim
552 1702 783 1774 subito
831 1704 1121 1793 rapitur,
1159 1715 1225 1773 et
1259 1724 1392 1771 non
1432 1703 1635 1772 modo
1683 1702 1953 1774 diversa
1988 1704 2450 1774 animantium
2485 1727 2765 1796 genera,

218 1794 337 1863 sed
370 1805 437 1861 et
484 1793 827 1882 serpentia
871 1805 1192 1873 mactare,
1246 1805 1311 1860 et
1359 1792 1786 1861 manducare
1827 1791 2350 1880 jubeturPNam
2405 1794 2572 1864 haec
2620 1794 2779 1882 qui-

211 1883 373 1952 dem
427 1882 649 1949 nubes
698 1902 832 1950 non
869 1893 1014 1950 erat
1055 1894 1220 1950 tunc
1267 1879 1446 1968 aqua
1496 1881 1876 1972 sapientiae
1917 1880 2213 1970 pleniter
2263 1883 2568 1972 gravida,
2610 1882 2777 1970 quia

213 1971 612 2041 communis
657 1970 971 2039 omnium
1007 1970 1317 2059 gentium
1365 1971 1741 2040 vocationis
1782 1983 1925 2039 erat
1975 1969 2242 2060 ignara.
2299 1971 2426 2040 Sed
2488 1972 2779 2042 accessit

219 2059 309 2129 ad
357 2058 638 2139 fontem,
682 2071 747 2127 et
781 2059 1013 2128 hausit
1062 2057 1653 2149 limpidissimam,
1698 2073 1902 2146 atque
1955 2059 2394 2148 perspicuam
2438 2059 2522 2129 de
2556 2061 2779 2130 salute

219 2146 526 2237 gentium
603 2147 996 2238 puritatem.
1052 2147 1401 2234 Numquid
1460 2160 1525 2217 et
1573 2147 1815 2216 beatus
1892 2149 2019 2218 iste
2082 2148 2645 2218 Bartholomaeus
2694 2149 2780 2218 de

226 2236 652 2327 plenitudine
691 2235 899 2306 fontis
941 2236 1153 2326 hujus
1203 2236 1528 2306 haustum
1563 2236 1880 2306 coelestis
1927 2237 2188 2326 gratiae
2238 2259 2373 2305 non
2445 2239 2773 2327 percepit,

219 2325 498 2412 quando
538 2348 753 2415 super
795 2345 954 2394 eum
1006 2345 1163 2394 cum
1202 2324 1616 2415 coapostolis
1665 2325 1812 2394 suis
1859 2325 2188 2396 omnibus
2240 2327 2423 2395 venit
2478 2327 2779 2416 Spiritus

221 2419 512 2484 Sanctus
546 2415 615 2483 in
659 2415 1036 2505 ignitarum
1078 2413 1470 2483 diversitate
1510 2413 1971 2501 linguarum?
2019 2413 2145 2481 Sed
2198 2416 2319 2500 qui
2371 2415 2599 2505 ignem
2653 2431 2779 2483 au-

212 2504 348 2585 dis,
398 2526 654 2591 aquam
710 2505 992 2573 forsitan
1037 2525 1171 2572 non
1216 2502 1570 2595 intelligis.
1611 2502 1781 2573 Audi
1825 2502 2173 2590 quomodo
2210 2504 2540 2575 Dominus
2580 2526 2781 2575 eum·-

215 2592 370 2662 dem
417 2592 749 2682 Spiritum
789 2598 1142 2670 Sanctum,
1174 2593 1296 2680 qui
1331 2593 1397 2661 in
1440 2594 1596 2682 igne
1622 2612 1835 2681 super
1873 2592 2217 2680 apostolos
2265 2594 2471 2672 venit,
2520 2615 2776 2680 aquam

213 2682 500 2751 vocavit.
552 2684 632 2751 Si
673 2683 850 2771 quis,
901 2682 1146 2768 inquit,
1183 2684 1351 2763 sitit,
1386 2684 1612 2750 veniat
1651 2682 1747 2749 ad
1778 2703 1908 2760 me,
1955 2690 2018 2748 et
2050 2682 2251 2749 bibat.
2291 2686 2574 2769 Moxque
2607 2683 2776 2752 sub-

203 2771 480 2857 jungit:
540 2770 675 2849 Qui
718 2772 925 2839 eredit
956 2773 1026 2838 in
1071 2793 1178 2839 me
1206 2772 1418 2860 (sicut
1463 2768 1629 2838 dicit
1664 2768 2049 2859 Scriptura)
2090 2770 2380 2859 llum-ina
2415 2772 2496 2839 de
2546 2782 2778 2855 ventre

213 2861 363 2949 ejus
399 2859 609 2948 fluent
642 2882 864 2949 aquae
892 2861 1107 2928 vivae.
1145 2864 1282 2928 Hoc
1315 2869 1542 2928 autem
1570 2858 1701 2948 (ait
1749 2863 1928 2925 Evan
1984 2858 2212 2940 elista)
2262 2860 2444 2927 dimit
2493 2861 2573 2928 de
2605 2863 2777 2951 Spi—

208 2950 374 3016 ritu.
411 2970 607 3037 quem
647 2950 992 3039 accepturi
1020 2958 1214 3017 erant
1269 2948 1605 3016 eredentes
1636 2949 1710 3017 in
1748 2968 1900 3015 eum
1959 2952 2156 3016 Joan.
2199 2948 2338 3036 vn).
2373 2953 2464 3017 De
2509 2949 2774 3035 quibus

209 3035 657 3107 credentibus
733 3058 851 3125 per
900 3037 1304 3126 Prophetam
1380 3035 1673 3105 dicitur:
1727 3037 2248 3105 Inebriabuncur
2328 3038 2409 3106 ab
2468 3039 2774 3107 ubertate

210 3126 447 3195 domus
487 3135 661 3205 tuae,
706 3137 769 3194 et
802 3137 1090 3195 torrente
1128 3127 1497 3215 voluptatis
1527 3136 1682 3195 tuae
1735 3126 1998 3215 potabis
2029 3148 2159 3203 eos,
2213 3129 2534 3217 quoniam
2589 3128 2777 3218 apud
2849 3162 2863 3172 ·

213 3224 277 3282 te
310 3224 406 3283 est
436 3216 585 3303 sons
612 3217 794 3283 vitae
836 3217 976 3297 (Ps.
1014 3214 1152 3302 35).
1210 3214 1603 3303 Philosophi
1653 3213 1920 3294 dicunt,
1977 3236 2011 3282 s
2062 3216 2279 3308 atium
2316 3218 2555 3285 aereae
2585 3237 2779 3285 cras-

210 3302 544 3372 situdinis
580 3323 715 3371 non
770 3303 1136 3391 plusquam
1179 3301 1413 3372 decem
1452 3303 1695 3373 stadiis
1725 3325 1762 3370 a
1797 3316 1973 3372 terra
2054 3304 2326 3383 istendi,
2359 3326 2536 3391 quae
2570 3304 2772 3375 nobis

213 3390 593 3478 aliquando
642 3390 819 3461 Solis
873 3391 1311 3482 splendorem
1392 3392 1760 3472 subtrahit,
1814 3406 1880 3461 et
1945 3391 2214 3482 pluvias
2286 3392 2536 3462 fundit.
2602 3399 2780 3463 Istae

216 3501 395 3561 vero,
451 3480 822 3567 dequibus
870 3501 1057 3548 nunc
1107 3480 1481 3568 loquimur,
1536 3479 2136 3550 nubes-coelorum
2195 3482 2378 3550 celsa
2427 3495 2781 3551 transcen-

212 3568 414 3649 dunt,
467 3583 531 3639 et
581 3570 813 3638 lumen
859 3570 995 3638 veri
1030 3569 1206 3639 Solis
1258 3592 1388 3639 non
1420 3570 1768 3651 auferunt,
1801 3569 1916 3638 sed
1966 3570 2364 3640 ostendunt.
2402 3575 2488 3640 De
2515 3571 2776 3658 quibus

213 3659 419 3727 etiam
471 3658 976 3727 subssuviorum
1052 3660 1332 3728 nomine
1390 3679 1511 3749 per
1580 3658 2014 3728 Salomonem
2078 3660 2378 3729 dicitur:
2459 3661 2779 3728 «Omnia

213 3747 509 3816 flumina
559 3748 817 3816 intrant
863 3746 934 3815 in
986 3759 1303 3845 mare,·et
1344 3768 1533 3817 mare
1582 3770 1717 3817 non
1763 3747 2129 3835 redundat;
2171 3749 2252 3817 ad
2294 3749 2549 3827 locum,
2586 3748 2779 3817 unde

211 3851 486 3917 exeunt,
543 3836 835 3905 flumina
870 3849 1325 3917 revertuntur,
1381 3850 1456 3905 ut
1502 3838 1750 3905 iterum
1787 3836 2081 3905 fluant.»

302 3927 340 4011 ἓ
385 3929 462 3997 ’1.
521 3930 705 3995 Inter
755 3944 932 4013 quos
978 3926 1215 4012 utique
1263 3926 1512 3995 fluvios
1560 3926 1804 3996 beatus
1863 3923 2427 3994 Bartholomaeus
2476 3925 2779 4014 insignis

215 4025 340 4093 est,
392 4027 597 4102 atque
649 4015 1095 4114 conspicuus,
1150 4014 1617 4101 qui-quodam
1675 4014 2032 4104 praesagio
2079 4014 2499 4089 futurorum,
2559 4014 2774 4103 hujus

216 4104 491 4190 mystici
527 4103 841 4173 vocabuli
894 4103 1093 4172 titulo
1139 4104 1446 4173 cernitur
1494 4103 1894 4191 insignitus.
1953 4107 2116 4172 Nam
2154 4123 2312 4170 cum
2362 4101 2623 4171 dicitur
2670 4104 2777 4171 Fi-

218 4189 359 4259 lius
405 4192 894 4282 suspendentis
941 4212 1179 4280 aquas,
1231 4192 1489 4260 dicitur
1540 4191 1998 4283 proculdubio
2049 4189 2236 4259 filius
2275 4190 2413 4270 Dei,
2451 4213 2584 4260 non
2623 4192 2780 4279 qui-

218 4278 377 4348 dem
428 4282 766 4351 naturalis
818 4280 1283 4372 generationis
1330 4280 1619 4369 origine.
1675 4279 1789 4350 sed
1845 4280 2314 4369 propensioris
2363 4281 2622 4370 gratiae
2670 4281 2780 4349 di·
2835 4321 2839 4326 -

218 4367 504 4458 gnitate.
560 4375 717 4440 Erat
761 4370 945 4439 enim
982 4388 1138 4440 vere
1196 4370 1310 4438 Dei
1365 4368 1727 4458 templum,
1780 4368 2093 4437 coelestis
2147 4369 2406 4459 gratiae
2455 4383 2780 4440 sanctua-

214 4458 429 4540 rium,
463 4479 623 4527 arca
670 4458 986 4541 foederis,
1034 4458 1560 4528 tabernaculum
1604 4458 2001 4528 testimonii.
2042 4462 2207 4527 Nam
2242 4458 2423 4529 sicut
2461 4480 2620 4528 arca
2652 4458 2773 4528 illa
