3308 5004
223 307 409 381 Aue.
447 309 531 378 ⁴0
709 327 790 381 nn
836 327 928 379 ss,
981 328 1096 377 u.
1149 328 1327 380 suro
1377 329 1471 377 rr.
1528 331 1604 379 m·
1651 328 2009 382 Lauannrto
2056 332 2279 385 unu
2546 317 2681 386 229

223 424 348 494 est:
397 411 497 482 sic
543 410 731 485 enim
780 413 1127 505 praecepit
1172 415 1504 486 Dominus
1556 426 1786 487 noster
1815 414 2155 505 apostolis
2191 416 2383 492 suis:
2434 420 2529 492 Ne
2560 417 2766 490 mise-

222 501 374 572 ritis
423 500 832 592 margaritas
878 514 1137 575 vestras
1184 516 1340 576 ante
1389 525 1658 595 porcos,
1713 524 1800 580 ne
1844 503 2250 579 conculcent
2293 527 2411 580 eas
2462 505 2763 596 pedibus

218 590 392 672 suis,
436 600 503 660 et
548 590 861 663 conversi
906 590 1168 664 elidant
1212 613 1354 664 vos.
1408 598 1780 667 Justumne
1822 591 1949 664 tibi
1986 592 2279 675 videtur,
2316 594 2503 682 quod
2544 595 2759 669 semel

215 678 671 771 purificatum
718 690 862 761 est,
912 692 1208 752 stercore
1254 681 1659 769 inquinari?
1693 703 1730 750 »
1779 681 2029 756 Decius
2074 680 2278 755 dixit:
2347 688 2542 756 Itane
2595 705 2763 774 ergo

221 790 347 841 nos
375 779 679 840 stercora
712 771 1002 843 sumus?
1032 770 1388 858 iratusque
1406 770 1620 861 jussit
1657 771 1808 860 ejus
1843 769 2148 860 praecidi
2179 769 2520 862 linguam.
2556 776 2764 846 Cum-

222 880 354 947 que
399 857 555 948 ejus
596 868 776 929 esset
806 859 1116 950 praecisa
1142 858 1408 950 lingua,
1451 859 1882 938 exclamavit,
1925 859 2205 933 dicens:
2252 882 2289 926 (ι
2331 863 2464 936 Ora
2496 882 2620 952 pro
2653 882 2765 934 me

220 947 412 1018 beate
444 958 637 1036 pater
663 946 1108 1037 Polychroni:
1146 948 1342 1020 video
1370 948 1557 1022 enim
1593 960 1995 1037 regnantem
2031 947 2100 1017 in
2139 960 2201 1020 te
2229 949 2563 1039 Spiritum
2593 954 2766 1024 San-

225 1048 437 1115 ctum,
488 1047 557 1106 et
601 1058 880 1108 sacrum
927 1058 1005 1108 os
1052 1048 1249 1108 tuum
1308 1036 1859 1127 consignantem,
1901 1047 1968 1108 et
2005 1035 2128 1111 tibi
2162 1035 2395 1110 savum
2429 1036 2656 1110 mellis
2689 1038 2763 1109 in

226 1147 301 1200 os
348 1123 827 1196 instillantem.
866 1148 906 1194 »
956 1125 1201 1196 Decius
1245 1124 1452 1198 dixit:
1507 1124 1940 1214 Polychroni,
1979 1125 2293 1198 sacrifica
2327 1125 2487 1208 diis,
2527 1138 2592 1196 et
2620 1138 2765 1200 esto

224 1225 457 1285 noster
502 1214 796 1295 amicus,
851 1214 1245 1302 habeasque
1288 1227 1355 1284 et
1394 1235 1519 1284 nos
1546 1228 1613 1285 et
1641 1214 1975 1304 templum
2012 1214 2601 1289 commendatum.
2639 1219 2768 1286 Po-

225 1302 632 1393 lychronius
678 1302 853 1374 nihil
902 1303 965 1374 ei
1013 1302 1390 1394 respondit.
1444 1306 1670 1374 Iratus
1729 1302 1996 1381 Decius,
2046 1302 2260 1392 jussit
2306 1325 2384 1378 os
2416 1303 2568 1393 ejus
2600 1325 2769 1376 con-

225 1391 452 1463 tundi.
504 1396 580 1462 At
628 1390 744 1462 ille
781 1391 855 1461 in
892 1391 1162 1463 coelum
1195 1391 1488 1463 sublatis
1519 1391 1768 1473 oculis,
1806 1390 2037 1464 emisit
2074 1391 2422 1481 spiritum.
2463 1390 2768 1478 Reliquit

225 1493 453 1551 autem
505 1480 754 1552 Decius
794 1503 1051 1573 corpus
1094 1480 1246 1571 ejus
1292 1492 1450 1551 ante
1498 1479 1861 1570 templum,
1894 1491 1959 1554 et
1992 1478 2337 1571 profectus
2375 1494 2478 1554 est
2511 1479 2770 1554 Cordu-

223 1569 386 1640 bam
425 1569 484 1639 *.
537 1568 790 1640 Eadem
839 1581 1067 1642 autem
1121 1580 1318 1640 nocte
1364 1582 1700 1639 venerunt
1743 1567 1886 1640 duo
1945 1568 2329 1660 subreguli,
2390 1568 2513 1657 qui
2572 1579 2771 1640 erant

224 1657 493 1729 occulte
535 1658 927 1740 Christiani,
982 1672 1048 1730 et
1094 1671 1478 1749 rapuerunt
1521 1679 1778 1749 corpus
1813 1657 1988 1746 ejnS,
2032 1669 2097 1729 et
2129 1657 2549 1748 sepelierunt
2569 1658 2771 1747 juxta

229 1747 505 1818 moenia
553 1759 788 1837 portae
822 1747 1021 1820 urbis
1051 1745 1490 1838 Babyloniae.
1534 1746 1756 1819 Jussit
1788 1760 2016 1820 autem
2055 1746 2300 1820 Decius
2382 1745 2768 1836 resbyteros

225 1847 291 1907 et
335 1835 689 1918 diaconos,
727 1837 993 1907 vinctos
1024 1836 1307 1916 catenis,
1343 1858 1579 1908 secum
1611 1835 1799 1910 duci.
1845 1840 2012 1907 Cum
2047 1849 2277 1908 autem
2367 1847 2756 1916 ucerentur,

225 1924 566 1996 cadebant
596 1925 877 1997 vincula
908 1925 995 1995 de
1033 1925 1210 1996 collo
1241 1937 1308 1996 et
1347 1924 1672 1997 manibus
1703 1946 1972 1999 eorum.

314 2015 352 2101 ξ
396 2017 489 2085 8.
541 2014 834 2085 Veniens
881 2036 1040 2085 vero
1088 2014 1332 2085 Decius
1382 2014 1452 2083 in
1500 2013 1842 2085 civitatem
1886 2012 2300 2095 Cordubam,
2339 2034 2498 2088 cum
2536 2011 2769 2084 furore

215 2101 432 2192 jussit
476 2102 608 2173 sibi
659 2102 1083 2193 praesentari
1131 2102 1565 2192 presbyteros
1597 2114 1665 2174 et
1701 2102 2053 2183 diaconoS,
2090 2123 2342 2190 eosque
2372 2113 2770 2192 praesenta—

226 2203 333 2262 tos
360 2190 461 2264 sic
491 2191 934 2350 afigreditur:
979 2197 1056 2262 Et
1090 2213 1205 2261 vos
1236 2190 1430 2260 stulti
1462 2190 1714 2281 optatis
1746 2190 2021 2282 perire?
2049 2195 2219 2264 Ecce
2249 2190 2586 2264 admoneo
2619 2212 2762 2272 vos,

224 2292 302 2349 ut
349 2280 528 2350 sacri
584 2280 751 2351 cetis
797 2280 933 2352 diis
972 2278 1505 2352 immortalibus.
1551 2279 1929 2371 Respondit
1966 2280 2372 2352 Parmenius
2414 2280 2772 2369 presbyter

225 2366 410 2438 clara
459 2390 665 2439 voce:
720 2391 757 2436 «
808 2372 860 2440 Ο
909 2382 971 2439 te
1012 2368 1367 2449 miserum,
1402 2368 1523 2455 qui
1560 2391 1684 2442 nos
1719 2368 2135 2440 manufactis
2169 2366 2373 2440 idolis
2405 2366 2768 2458 compellis

227 2454 637 2533 humiliare.v
674 2461 752 2529 At
797 2470 875 2529 tu
922 2455 1158 2529 infelix
1205 2457 1577 2531 humiliare
1640 2470 1704 2529 te
1762 2457 2064 2532 debebas
2127 2456 2393 2529 Christo
2444 2456 2764 2529 omnium

226 2547 540 2625 creatori,
592 2568 728 2616 non
780 2547 916 2618 diis
963 2546 1401 2618 manufactis.
1456 2547 1719 2620 Peribis
1764 2548 1949 2619 enim
2003 2558 2078 2622 tu
2129 2546 2383 2636 pariter
2430 2568 2591 2618 curn
2628 2544 2766 2621 diis

224 2634 389 2717 tuis,
428 2657 603 2723 quos
635 2635 891 2725 injuste
921 2635 1117 2706 colis.
1160 2659 1196 2703 »
1236 2640 1409 2709 Tum
1451 2635 1697 2707 Decius
1738 2636 2083 2727 praecepit
2121 2647 2197 2707 ut
2228 2656 2471 2709 omnes
2501 2634 2572 2705 in
2606 2655 2770 2707 ecu-

227 2721 354 2793 leis
400 2723 1030 2813 suspenderentur:
1082 2734 1345 2794 etcum
1395 2724 1623 2797 nervis
1672 2722 2130 2804 traherentur,
2178 2723 2436 2815 gratias
2473 2722 2771 2811 agebant

227 2815 384 2895 Deo,
437 2811 895 2900 dicebantque
943 2813 1305 2885 Parmenio
1356 2814 1789 2903 presbytero:
1841 2818 2021 2884 Bene
2061 2833 2340 2904 precare
2380 2812 2618 2894 nobis;
2661 2811 2771 2886 di-

223 2899 463 2988 xitque
509 2902 916 2973 Parmenius
964 2902 1362 2992 presbyter:
1416 2924 1454 2970 «
1505 2906 1624 2973 Det
1673 2902 1874 2975 nobis
1906 2906 2082 2974 Deus
2113 2914 2303 2992 pater
2335 2900 2607 2973 Domini
2646 2920 2771 2970 no-

224 2989 349 3060 stri
392 2989 556 3061 Jesu
604 2990 853 3061 Christi
901 2990 1441 3065 consolationem
1494 2990 1794 3081 Spiritus
1828 2990 2084 3071 Sancti,
2121 2990 2246 3077 qui
2280 3001 2519 3079 regnat
2552 2989 2622 3059 in
2662 3009 2772 3059 se-

223 3077 387 3149 cula
411 3077 835 3149 seculorum.
860 3101 897 3147 »
925 3079 1461 3171 Responderunt
1489 3080 1873 3170 presbyteri
1905 3090 1970 3151 et
2007 3078 2281 3152 diaconi
2312 3098 2554 3149 omnes
2582 3074 2771 3147 clara

226 3187 414 3247 voce,
468 3170 703 3237 Amen.
758 3172 982 3239 Iratus
1032 3168 1299 3248 Decius,
1353 3167 1492 3237 ait:
1541 3167 1904 3239 Hominem
1954 3168 2104 3251 sine
2132 3166 2373 3257 lingua
2407 3165 2621 3252 loqui,
2659 3186 2773 3237 ar·-

223 3267 635 3344 gumentum
688 3256 999 3347 magicae
1047 3256 1215 3328 artis
1262 3268 1387 3329 est.
1458 3256 1840 3347 Respondit
1896 3255 2301 3327 Parmenius
2365 3253 2763 3344 presbyter:

227 3366 267 3411 «
316 3343 656 3415 Dominus
702 3359 934 3415 noster
977 3344 1175 3415 Jesus
1223 3344 1569 3427 Christus,
1628 3345 1751 3432 qui
1808 3357 2076 3417 mutum
2132 3342 2323 3430 loqui
2378 3342 2562 3424 fecit,
2624 3342 2774 3432 ipse

230 3431 403 3502 mihi
540 3433 795 3503 ccatori
844 3434 1205 3524 praestitit,
1256 3447 1333 3505 ut
1380 3434 1639 3523 possim
1682 3433 1911 3505 excisa
1948 3431 2189 3523 lingua
2229 3431 2440 3520 loqui.
2485 3436 2584 3505 Tu
2614 3452 2773 3505 vero

229 3518 397 3590 dum
449 3453 778 3622 ibequeris,
818 3523 1261 3595 obmutescis.
1300 3546 1337 3589 »
1371 3528 1542 3593 Tum
1585 3521 1832 3622 Decius
1854 3521 2067 3622 jussit
2094 3543 2211 3594 eos
2236 3520 2517 3621 ignibus
2546 3520 2767 3593 exuri.

229 3611 393 3679 Cum
447 3621 675 3680 autem
726 3610 1284 3692 incenderentur,
1337 3633 1462 3681 vox
1507 3609 1798 3683 coelitus
1825 3609 2062 3681 audita
2093 3624 2230 3682 est:
2276 3615 2509 3680 Venite
2540 3608 2626 3680 ad
2663 3629 2774 3683 me

225 3695 530 3768 humiles
576 3698 808 3769 corde.
852 3700 1098 3772 Decius
1126 3700 1258 3769 ait:
1297 3699 1634 3771 Nimirum
1669 3698 1902 3771 isthuc
1941 3698 2109 3770 artis
2141 3697 2448 3789 magicae
2480 3710 2613 3771 est:
2653 3719 2773 3767 vo-

227 3782 493 3873 luitque
527 3800 605 3858 ut
634 3786 934 3859 laminae
963 3788 1281 3859 ardentes
1314 3788 1398 3857 ad
1433 3787 1647 3859 latera
1676 3809 1913 3859 eorum
1949 3786 2491 3877 applicarentur,
2534 3797 2601 3857 et
2637 3806 2774 3860 un-

231 3872 415 3963 gulis
462 3875 954 3948 lacerarentur.
1009 3875 1266 3947 Deinde
1304 3876 1517 3966 jussit
1571 3897 1689 3949 eos
1745 3875 1833 3946 d'e
1886 3875 2123 3947 eculeo
2178 3874 2477 3965 deponi,
2544 3886 2611 3943 et
2656 3894 2774 3945 ca·-

231 3961 370 4050 pite
414 3964 745 4035 truncari.
805 3965 1031 4038 Caesis
1091 3978 1318 4037 autem
1375 3987 1615 4039 eorum
1679 3986 1756 4035 ca
1815 3963 2060 4046 itibus,
2125 3986 2414 4065 corpora
2475 3961 2773 4121 profecta

229 4052 492 4123 suntin
532 4052 887 4143 publicam
922 4054 1128 4136 viam,
1173 4054 1483 4126 adhibita
1538 4065 1691 4126 cust
1788 4053 1876 4133 ia,
1939 4074 2023 4124 ne
2075 4074 2234 4139 qllts
2286 4074 2367 4121 ea
2416 4073 2583 4140 ‚sepe
2615 4061 2765 4125 iret.

221 4136 591 4213 Audientes
656 4154 882 4213 autem
951 4141 1357 4234 subreguli,
1423 4143 1551 4213 viri
1616 4141 1966 4232 religiosi,
2023 4141 2257 4215 Abdon
2327 4152 2393 4215 et
2461 4144 2718 4213 sennes
2749 4194 2766 4222 ,

219 4241 561 4301 venerunt
606 4244 839 4313 noctu,
892 4243 959 4301 et
1003 4230 1429 4323 collegerunt
1456 4252 1747 4322 corpora
1781 4242 2176 4303 sanctorum
2214 4228 2770 4320 presbyterorum

270 4390 299 4418 ¹*
327 4390 526 4435 Mu
556 4392 660 4442 1080
675 4394 927 4440 Garadum
961 4395 1195 4440 σοναικιυι.
1225 4395 1508 4439 Garamam,
1532 4393 1835 4437 exornamu-
1869 4394 2035 4437 urbem
2061 4394 2299 4438 Por-team
2317 4404 2345 4435 a
2363 4392 2629 4437 Ptolemaeo
2649 4391 2773 4446 (Geo-

214 4445 403 4494 areph..
428 4445 481 4486 1..
508 4447 636 4493 vno.
651 4444 696 4499 4)
724 4448 1050 4496 memoratam,
1080 4450 1130 4489 et
1148 4445 1466 4490 diversimode
1485 4445 1726 4499 scriptam.
