3308 5004
129 322 328 390 mo.
372 324 469 389 '25
2476 324 2592 390 sot
2647 284 2654 290 ’

1134 514 1709 596 CERTAMEN

422 742 541 886 s.
615 735 1027 842 missen
1098 739 1218 842 ET
1286 690 1797 843 sociomm
1869 738 2115 844 Esus
2182 740 2362 843 ΜΜ.

218 998 297 1046 11
344 994 619 1046 sescum
662 994 1021 1044 msroamu
1070 996 1128 1043 s.
1179 995 1495 1044 numm
1545 995 1884 1044 aunone.
1936 974 2075 1044 Lib.
2129 996 2200 1055 11,
2249 998 2398 1066 cap.
2460 986 2605 1055 119,

803 1100 909 1151 cm
957 1101 1482 1152 conansronmm·
1538 1101 2020 1151 mariamnem

1006 1294 1199 1351 Circa.
1238 1296 1356 1351 186
1397 1324 1475 1336 ——
1516 1294 1829 1352 Romani.

227 1499 265 1584 ξ
313 1501 389 1567 1.
442 1495 897 1587 Temporibus
928 1494 1284 1565 Commodi
1331 1495 1673 1565 saeviente
1721 1496 2195 1585 persecutione
2242 1496 2311 1566 in
2364 1495 2693 1567 Christia-

136 1607 291 1666 nos,
330 1584 732 1655 adveniente
765 1583 979 1654 natali
1026 1584 1139 1653 die
1185 1583 1434 1674 ipsius,
1472 1584 1822 1654 decretum
1859 1583 1946 1654 ab
1994 1606 2074 1654 eo
2121 1586 2306 1666 exiit,
2351 1597 2430 1655 ut
2461 1587 2691 1655 omnis

137 1674 336 1765 plebs
384 1679 732 1744 Romanae
778 1674 974 1744 urbis
1021 1673 1090 1743 in
1145 1695 1365 1743 unum
1415 1673 1787 1754 adveniret,
1824 1685 1890 1743 et
1940 1673 2007 1742 in
2053 1673 2328 1744 laudem
2372 1673 2692 1747 Herculis

137 1785 217 1833 ac
245 1762 443 1833 Jovis
494 1762 882 1853 pompatica
929 1781 1089 1832 voce
1136 1761 1571 1832 acclamaret.
1645 1767 1935 1832 Ventum
1985 1775 2125 1844 est,
2176 1774 2243 1833 et
2288 1763 2694 1834 circumstat

138 1857 393 1944 Regem
447 1872 619 1940 pene
664 1851 1035 1921 universus
1081 1851 1294 1921 orbis.
1334 1855 1490 1942 Ipse
1524 1865 1754 1930 autem
1788 1850 2187 1921 deformiter
2220 1850 2532 1932 indutuS,
2585 1875 2692 1923 re-

188 1942 326 2011 iam
376 1961 535 2009 cum
587 1940 788 2010 mitra
836 1939 1151 2010 ascendit
1186 1940 1461 2021 sedem,
1533 1962 1612 2010 ac
1679 1939 1873 2030 prius
1940 1940 2360 2011 thurificavit
2406 1961 2690 2012 auream

174 2031 323 2099 ovis
350 2040 673 2099 statuam.
717 2034 970 2099 Tantae
1014 2029 1199 2099 enim
1261 2030 1629 2119 superbiae
1676 2040 1820 2099 erat
1866 2042 2230 2117 tantaeque
2267 2029 2686 2119 jactantiae.

138 2129 219 2187 ut
248 2116 564 2188 indueret
602 2138 675 2188 se
721 2117 899 2208 pelle
945 2118 1186 2200 leonis,
1239 2117 1605 2208 designare
1641 2118 1707 2187 in
1748 2118 2150 2189 vestimento
2201 2119 2458 2198 volens,
2499 2117 2686 2206 quod

145 2206 326 2276 sicut
368 2205 469 2275 leo
516 2205 920 2289 bestiarum,
956 2207 1056 2277 sic
1085 2218 1151 2276 et
1191 2207 1338 2297 ipse
1385 2220 1567 2277 esset
1615 2213 1754 2277 Rex
1782 2218 1845 2276 ct
1882 2207 2209 2298 magister
2240 2206 2686 2297 populorum.

147 2295 269 2364 Cui
310 2294 538 2367 omnis
588 2295 890 2386 populus
924 2295 1353 2376 acclamavit,
1391 2295 1672 2365 dicens:
1718 2300 2059 2365 Protector
2082 2309 2185 2365 est
2231 2296 2562 2367 Hercules
2584 2296 2693 2387 (a)

82 2411 85 2414 ·
149 2383 564 2474 reipublicae
610 2397 676 2456 et
722 2383 1046 2454 defensor
1077 2383 1415 2454 libertatis
1449 2390 1797 2454 Romanae
1844 2383 2203 2454 audaciae.
2240 2384 2491 2454 Eodem
2521 2397 2693 2454 tem-

144 2492 303 2562 pore
353 2472 802 2545 morabantur
848 2473 917 2542 in
968 2473 1142 2555 vic0,
1191 2473 1313 2562 qui
1359 2472 1843 2564 appellabatur
1874 2474 2266 2553 Carnarius,
2321 2472 2693 2544 Christiani

144 2563 445 2634 nominis
475 2562 799 2643 cultoreS,
850 2562 1029 2632 inter
1072 2583 1247 2650 quos
1294 2576 1490 2632 erant
1540 2564 1666 2631 viri
1721 2562 2024 2652 religiosi
2081 2563 2418 2634 Eusebius
2449 2616 2467 2642 ,
2524 2563 2689 2633 Vin·

141 2654 432 2731 centius,
502 2652 938 2751 Peregrinus
991 2662 1196 2739 atque
1260 2652 1704 2722 Potentianus
1732 2651 1790 2731 *,
1856 2651 2033 2721 servi
2088 2652 2200 2721 Dei
2260 2651 2692 2724 orationibus

140 2739 495 2822 instanteS,
533 2762 708 2811 mort
760 2762 880 2831 pro
911 2741 1173 2837 Christo
1205 2740 1700 2811 desiderantes.
1738 2740 1819 2810 Hi
1869 2740 1954 2810 ad
2008 2741 2465 2811 imitationem
2517 2746 2691 2831 Apo-

141 2829 469 2898 stolorum
509 2852 638 2899 sua
685 2830 920 2900 omnia
956 2829 1409 2900 vendiderunt
1440 2842 1506 2897 et
1536 2828 1963 2920 pauperibus
1991 2832 2470 2920 erogaverunt,
2518 2852 2693 2917 qua-

140 2927 340 2986 tenus
386 2916 559 2986 nudi
616 2917 705 2988 ab
751 2920 881 2989 hoc
929 2918 1161 2988 seculo
1211 2917 1494 2988 liberius
1547 2918 1675 2988 soli
1726 2918 2058 2988 servirent
2124 2923 2276 2988 Deo.
2332 2919 2463 3002 Qui
2528 2940 2691 2989 cum

141 3006 496 3075 audissent
545 3005 1034 3094 hujuscemodi
1068 3028 1209 3076 rem
1260 3029 1298 3075 a
1349 3006 1720 3076 Commodo
1768 3018 2057 3098 gestam,
2114 3007 2412 3076 ridiculo
2446 3029 2526 3078 ac
2572 3029 2693 3077 su·-

142 3093 526 3183 perstitioni
576 3094 703 3165 hoc
750 3095 836 3165 de
890 3107 1184 3175 mantes,
1222 3096 1405 3166 vicos
1437 3108 1500 3165 et
1558 3097 1766 3166 urbes
1816 3094 2258 3185 perlustrant,
2314 3097 2576 3166 trinum
2625 3108 2694 3166 et

143 3203 361 3253 unum
409 3187 622 3255 Deum
659 3206 822 3276 prae
877 3185 1082 3265 icant,
1118 3184 1463 3281 dicentes:
1500 3206 1535 3250 «
1566 3184 1883 3255 Recedite
1914 3184 2308 3254 charissimi
2348 3208 2389 3254 a
2414 3184 2693 3257 cultura

144 3269 688 3341 daemoniorum.
744 3279 903 3343 Date
953 3273 1279 3342 honorem
1319 3278 1449 3343 Deo
1499 3275 1680 3343 trino
1726 3286 1792 3343 et
1838 3274 1987 3355 uni,
2042 3275 2222 3344 Patri
2278 3287 2343 3343 et
2391 3273 2563 3344 Filio
2625 3284 2692 3344 et

148 3359 431 3450 Spiritui
478 3365 725 3432 Sancto
770 3362 1247 3451 omnipotenti,
1281 3375 1346 3433 et
1379 3363 1558 3453 agite
1592 3363 2082 3454 poenitentiam
2118 3375 2183 3433 et
2211 3363 2685 3453 baptizemini,

149 3467 229 3517 ne
273 3449 485 3518 simul
534 3469 694 3519 cum
746 3449 1116 3520 Commodo
1147 3451 1505 3541 pereatis.»
1788 3522 1794 3529 ,
2449 3514 2455 3519 .

230 3540 267 3626 ξ
311 3542 402 3612 D.
454 3543 693 3625 Itaque
722 3537 1007 3626 quidam
1058 3553 1331 3610 senator
1359 3539 1586 3609 Julius
1633 3539 1927 3610 audiens
1978 3540 2239 3610 monita
2283 3539 2692 3629 hujusmodi

153 3625 469 3697 salutaria
505 3681 522 3708 ,
584 3627 965 3698 introduxit
1010 3648 1126 3699 eos
1173 3628 1243 3697 in
1304 3628 1590 3698 domum
1644 3651 1892 3708 suam,
1946 3642 2012 3699 et
2059 3629 2354 3699 audiens
2428 3627 2691 3699 solicite

153 3716 746 3800 praedicationem,
809 3715 1221 3786 credidit**:
1273 3729 1339 3787 et
1385 3716 1745 3788 facultates
1783 3739 1948 3789 suas
1997 3718 2243 3796 varias,
2277 3740 2400 3808 per
2439 3738 2692 3787 manus

155 3819 375 3874 eorum
426 3804 803 3876 distribuit.
856 3805 1194 3876 Accersito
1263 3806 1481 3898 igitur
1544 3805 1846 3893 quodam
1928 3806 2328 3896 presbytero
2387 3806 2685 3887 Rufin0‚

158 3885 563 3981 baptismum
605 3914 768 3964 cum
815 3894 1006 3964 omni
1054 3893 1259 3965 domo
1298 3918 1423 3965 sua
1458 3895 1786 3983 suscepit.
1821 3895 2188 3984 Coepitque
2236 3895 2385 3984 ipse
2413 3893 2692 3985 publice

161 3980 443 4062 profiteri
490 3982 860 4064 Christum,
912 3995 980 4052 et
1076 4006 1153 4053 ro
1197 4004 1276 4053 eo
1312 3996 1601 4054 mortem
1639 4005 1861 4053 concu
1915 3983 2158 4053 iscenti
2213 3984 2449 4054 animo
2505 3983 2692 4054 desi-

167 4060 401 4142 derare.
452 4071 645 4155 Quod
697 4094 856 4142 cum
906 4004 1509 4157 auAEssetcaesar,
1545 4072 1844 4141 amaritu
1903 4072 2037 4141 inis
2077 4070 2233 4141 felle
2279 4073 2685 4161 exagitatus,

215 4186 278 4248 (ο)
301 4193 438 4238 Murci
464 4194 645 4239 Aurelii
672 4196 801 4238 filius
828 4198 1122 4244 Commodus,
1148 4196 1286 4238 sevis
1317 4208 1368 4238 se
1389 4200 1552 4238 natum
1573 4195 1785 4243 vocitari,
1805 4198 1854 4238 et
1873 4199 1962 4238 sub
1982 4196 2080 4238 divi
2102 4195 2321 4239 Herculis
2341 4197 2528 4240 nomine
2548 4200 2692 4241 occla-

169 4248 604 4304 mmm-ceperat.
634 4249 857 4300 Nequitia
880 4252 957 4291 hle
986 4253 1035 4291 et
1062 4249 1251 4292 feritate
1280 4249 1423 4292 animi
1452 4249 1674 4301 pessimis
1703 4254 1777 4292 est
1795 4253 1926 4292 Rom.
1944 4250 2316 4301 nuper-toribus
2338 4255 2694 4303 compar-ndns.

167 4291 347 4340 Marciae
371 4302 658 4345 concubinae
687 4302 871 4346 insidiis
899 4303 1288 4354 praesentissimo
1314 4306 1484 4345 hausto
1503 4315 1697 4351 veneno,
1715 4306 1827 4345 dum
1847 4302 1966 4346 illud
1986 4310 2238 4352 evomeret,
2258 4318 2286 4346 a
2304 4305 2523 4348 Narcisso
2542 4309 2691 4358 palae·

171 4348 303 4389 “¹¹⁸⁸
323 4358 570 4412 mocntuo
590 4362 665 4399 ost
683 4368 807 4401 »nno
826 4365 967 4401 exon.

222 4401 244 4422 ⁸
272 4404 384 4448 Altn
410 4413 693 4453 Pom-uuus.

225 4454 272 4480 ⁸*
297 4458 355 4500 Do
372 4463 412 4504 8.
429 4462 559 4505 sulio
580 4463 628 4505 in
647 4465 854 4516 Appeud.
871 4465 971 4516 hus.
989 4464 1091 4506 Vol.
1108 4463 1169 4505 od
1182 4462 1311 4523 ⁴diem
1333 4473 1440 4506 xtx.
