3308 5004
240 353 430 434 AUG.
484 368 570 432 25
980 385 1059 431 na
1107 383 1164 432 s,
1219 379 1488 432 omssslo
1535 378 1806 429 Anam.
1859 380 2049 444 nur.
2577 362 2706 429 605

238 464 545 547 auditus,
598 475 665 534 et
693 464 1097 554 imprimere
1124 463 1304 535 ceris
1332 485 1580 534 manus
1619 472 1861 533 sancta
1893 471 2270 563 respueret.
2310 460 2607 552 Abjectis
2634 482 2799 552 ergo

238 552 499 624 tabulis
544 567 705 624 ante
753 553 962 644 pedes
1002 552 1290 644 judiciS,
1345 551 1811 622 ministerium
1860 550 2279 642 sacrilegum
2327 563 2599 621 sacrata
2648 549 2802 636 jam

238 643 531 714 Domino
579 665 775 714 mens
824 642 1099 733 refugit.
1153 646 1231 712 Et
1277 653 1355 713 ut
1417 642 1488 711 in
1556 639 1752 710 nullo
1808 661 1850 709 a
1917 640 2300 731 praeceptis
2371 638 2801 729 Evangelicis

234 744 440 802 actus
481 730 807 823 martyris
835 731 1212 812 deviarent,
1249 731 1507 818 quibus
1536 729 1887 800 declinare
1972 729 2426 800 ersecutionis
2463 729 2803 819 impetum

242 820 348 892 vel
400 820 892 912 permittimur,
944 819 1050 890 vel
1089 820 1447 911 jubemur,
1482 818 1620 889 alia
1651 830 1859 906 atque
1886 840 1926 887 a
1959 817 2024 887 ia
2057 840 2196 889 non
2241 818 2465 890 solum
2511 817 2797 898 latebra,

241 908 695 980 verumetiam
745 909 1016 980 civitate
1063 921 1350 990 mutata,
1404 930 1569 980 cum
1615 920 1683 978 et
1728 906 1865 977 alio
1914 906 2063 977 loco
2110 907 2449 997 scripturn
2497 907 2611 987 sit,
2661 908 2804 998 Spi-

242 1001 419 1069 ritus
465 1000 737 1090 quidem
773 1009 1130 1090 promptus
1169 1009 1288 1080 est,
1333 1021 1489 1068 caro
1523 1007 1753 1068 autem
1791 997 2107 1087 infirma.-
2149 995 2237 1067 ab
2267 996 2369 1066 ira
2408 1017 2480 1065 se
2511 994 2805 1068 furentis

237 1087 503 1178 judicis
555 1087 913 1179 paulisper
958 1085 1286 1158 occuluit.
1342 1086 1473 1170 Qui
1521 1107 1683 1156 cum
1734 1106 1895 1157 eum
1944 1085 2202 1175 corripi
2251 1083 2568 1176 protinus
2606 1084 2804 1155 offer-

247 1177 447 1264 rique
485 1175 833 1265 jussisset,
888 1197 1111 1264 neque
1161 1175 1597 1266 investigatio
1646 1175 1734 1244 ad
1785 1187 2226 1264 procuratam
2280 1174 2613 1246 latebram
2663 1194 2807 1264 per-

248 1265 533 1347 veniret,
586 1265 1095 1351 crudelissimis
1145 1286 1404 1356 poenae
1452 1262 1817 1346 ministriS‚
1869 1274 1948 1335 ut
1994 1263 2120 1335 ubi
2170 1276 2485 1355 repertus
2531 1262 2800 1342 fuisset,

250 1353 485 1446 gladio
531 1377 692 1425 eum
742 1354 1235 1436 interficerent,
1290 1352 1681 1445 imperavit.
2845 1381 2850 1382 ⁷

337 1445 375 1531 ξ
425 1448 516 1515 8.
572 1442 769 1526 Quod
817 1443 941 1513 ubi
989 1443 1186 1513 beato
1235 1443 1524 1514 Genesio
1569 1441 1674 1511 vel
1724 1440 2014 1512 occultis
2054 1439 2358 1523 nunciiS,
2395 1440 2500 1510 vel
2534 1461 2811 1512 rumore

253 1545 685 1623 compertum
735 1544 860 1614 est,
914 1531 1186 1602 diversa
1234 1530 1491 1602 latendi
1541 1529 1715 1611 loca,
1768 1542 1847 1601 ut
1891 1531 2116 1600 exitus
2162 1530 2383 1610 docet,
2441 1551 2579 1600 non
2613 1529 2813 1600 infir-

253 1621 489 1691 mitate
537 1620 850 1712 spirituS‚
904 1619 1025 1690 sed
1073 1621 1306 1690 carnis
1370 1620 1849 1710 trepidatione,
1910 1619 2225 1690 mutavit.
2251 1623 2476 1706 Atque
2503 1618 2806 1700 interim,

255 1710 413 1780 licet
460 1710 836 1799 superfluo,
875 1708 961 1778 de
995 1721 1481 1800 praesumptae
1513 1708 1676 1778 fidei
1710 1707 2236 1779 confirmatione
2268 1708 2607 1790 solicituS,
2691 1729 2816 1778 uo—

255 1799 445 1868 niam
497 1799 820 1870 nondum‘
856 1811 1004 1869 erat
1048 1820 1130 1868 ex
1178 1820 1355 1886 aqua
1404 1808 1469 1867 et
1519 1797 1782 1888 Spiritu
1830 1802 2077 1868 Sancto
2126 1809 2430 1877 renatus,
2485 1819 2611 1888 per
2690 1796 2816 1869 dos

256 1888 734 1958 internuncios
780 1910 822 1957 a
869 1887 1257 1957 Catholicae
1304 1886 1663 1978 religionis
1711 1886 2018 1958 antistite
2064 1885 2327 1957 donum
2377 1886 2466 1956 ba
2520 1885 2814 1956 tismatis

258 1975 653 2067 postulavit.
709 1975 834 2047 Sed
887 1976 1005 2046 ille
1052 1977 1155 2047 vel
1207 1975 1540 2066 temporis
1569 1975 1915 2077 angustiis
1949 1974 2042 2044 im
2101 1974 2351 2054 editus,
2392 1998 2467 2044 ve
2520 1972 2817 2076 juvenili

258 2065 461 2135 aetati
510 2064 856 2146 diffidenS,
910 2065 1225 2135 ardentia
1271 2077 1427 2134 vota
1459 2065 1753 2146 distulit,
1799 2087 1880 2134 ac
1910 2064 2047 2135 fide
2080 2065 2206 2135 iter
2238 2063 2593 2145 indicavit,
2630 2062 2817 2151 quod

260 2153 536 2244 plenam
586 2155 1258 2224 consummationem
1305 2154 1510 2223 etiam
1579 2153 1795 2245 hujus
1860 2154 2173 2223 muneris
2238 2152 2432 2222 daret
2497 2163 2820 2243 prompta

264 2264 388 2332 pro
434 2242 701 2314 Christo
748 2243 1017 2313 cruoris
1064 2243 1333 2312 effusio.
1389 2248 1468 2312 Et
1515 2241 1644 2311 hac
1691 2241 1976 2329 quidem
2024 2242 2372 2312 'cunctatio
2413 2240 2812 2319 sacerdotis,

262 2331 518 2414 divino,
573 2345 649 2402 ut
694 2333 1007 2412 aestimO,
1060 2343 1381 2423 prompta
1414 2343 1615 2412 nutu,
1652 2344 1859 2418 atque
1880 2329 2150 2421 judicio
2193 2343 2556 2421 provocata
2588 2329 2821 2420 dispo-

262 2421 529 2510 sitaque
574 2432 717 2491 est:
773 2433 850 2490 ut
894 2420 1079 2491 circa
1126 2421 1279 2511 ejus
1326 2420 1705 2489 solemnem
1755 2418 2345 2489 consecrationem
2396 2418 2622 2488 officia
2684 2418 2819 2488 hu-

262 2532 469 2581 mana
517 2522 890 2591 cessarent,
942 2510 1056 2579 cui
1103 2510 1320 2582 unius
1350 2508 1791 2601 baptismatis
1823 2506 2083 2599 duplex
2113 2508 2358 2599 gratia,
2402 2530 2483 2579 ex
2523 2519 2823 2596 utroque

256 2600 523 2671 scilicet
553 2598 802 2668 Christi
833 2598 1043 2668 latere
1080 2612 1145 2670 et
1175 2621 1356 2687 aqua
1395 2611 1462 2668 et
1492 2598 1783 2688 sanguis
1808 2598 2216 2699 parabatur.

349 2692 386 2776 ξ
432 2693 525 2759 8.
579 2686 709 2756 Sed
738 2688 885 2775 jam
921 2689 1279 2771 Dominus,
1317 2688 1440 2776 qui
1484 2708 1603 2778 per
1642 2686 1979 2777 Spiritum
2023 2690 2350 2755 Sanctum
2384 2685 2606 2756 futuri
2637 2706 2823 2755 mar-

260 2778 436 2867 tyris
456 2776 772 2847 servabat
796 2798 1073 2860 arcana,
1109 2776 1516 2861 subeundae
1540 2775 2004 2844 constantiam
2035 2775 2380 2865 passionis
2415 2773 2516 2843 vel
2545 2774 2817 2856 fecerat,

262 2864 369 2935 vel
416 2864 730 2935 videbat:
784 2887 1007 2954 neque
1057 2865 1447 2958 patiebatur
1493 2862 1755 2933 differri
1806 2884 2158 2945 coronam,
2212 2885 2374 2933 cum
2407 2863 2669 2933 videret
2702 2885 2825 2955 pa·

260 2966 487 3027 ratam
534 2975 685 3024 esse
730 2954 1115 3025 victoriam.
1168 2959 1406 3041 Itaque
1458 2952 1987 3042 percussoribus
2035 2953 2185 3023 suis
2231 2973 2391 3022 eum
2442 2951 2717 3035 obtulit,
2759 2964 2826 3022 et

263 3043 376 3123 iis,
432 3064 734 3131 quorum
781 3044 854 3114 in
902 3042 1225 3115 eumdem
1276 3041 1481 3112 avida
1524 3041 1906 3112 crudelitas
1953 3040 2289 3123 inhiabat,
2342 3040 2666 3112 ostendit.
2718 3045 2827 3112 At-

265 3152 401 3219 que
431 3131 492 3201 is
521 3131 644 3201 ubi
675 3154 748 3202 se
778 3155 936 3223 pers
991 3134 1111 3203 icit
1144 3131 1686 3222 deprehensum,
1719 3130 2060 3202 instinctu
2090 3130 2365 3200 Domini
2408 3129 2821 3202 Rhodanum

266 3221 484 3313 petiit,
536 3232 602 3290 et
648 3234 889 3292 sancta
991 3222 1147 3291 uvio
1196 3221 1509 3291 membra
1557 3219 1969 3291 committit:
2021 3231 2100 3290 ut
2146 3240 2307 3289 eum
2349 3218 2494 3289 illic
2522 3242 2563 3288 a
2594 3231 2828 3290 conta-

265 3310 471 3401 gione
521 3309 816 3393 mortali,
871 3310 1054 3380 velut
1099 3309 1386 3380 alterius
1433 3308 1762 3378 Jordanis
1808 3307 2044 3392 undis,
2110 3308 2427 3379 occultus
2480 3309 2829 3399 baptisma

268 3410 635 3490 purgaret:
676 3412 744 3468 et
777 3411 1022 3469 mutuo
1053 3399 1457 3486 alternoque
1488 3397 1819 3489 mysterio
1851 3410 1916 3468 et
1944 3398 2147 3485 aquis
2184 3420 2466 3498 corpus,
2509 3411 2576 3467 et
2610 3419 2829 3485 aquas

268 3509 556 3579 corpore
586 3488 1049 3569 consecravit.
1101 3493 1315 3577 Atque
1355 3488 1523 3558 haec
1556 3509 1773 3557 causa
1807 3486 2111 3578 profecto
2143 3486 2385 3568 extitit,
2427 3499 2503 3556 ut
2542 3486 2828 3556 natandi

268 3576 700 3647 adminiculo
750 3576 1158 3667 perveniret,
1209 3577 1333 3665 qui
1378 3575 1695 3667 exemplo
1733 3574 2119 3647 beatissimi
2152 3576 2329 3646 Petri
2361 3574 2447 3644 ad
2479 3575 2825 3647 Christum

234 3664 598 3747 ,tendens,
653 3687 778 3767 per
825 3688 1105 3737 summa
1144 3666 1510 3824 ffurgimm
1561 3663 1923 3736 ambulare
1981 3665 2227 3755 potuit.
2290 3668 2826 3763 Transgressum

266 3756 718 3826 continuom
767 3754 1097 3826 ulteriora
1198 3755 1461 3826 uminis
1495 3807 1510 3831 ,
1583 3765 1650 3823 et
1711 3752 2061 3823 subeundi
2128 3753 2420 3844 praemii
2486 3752 2830 3843 passionis

271 3843 539 3914 Christo
586 3865 918 3934 sponsore
967 3865 1289 3916 securum
1323 3898 1339 3925 ,
1390 3845 1464 3913 in
1512 3863 1594 3913 eo
1641 3842 1793 3912 loco
1823 3897 1840 3925 ,
1891 3863 2099 3931 quem
2148 3840 2510 3912 effusionis
2557 3841 2830 3931 sangui-

274 3933 384 4002 nis
416 3932 701 4023 gloriosi
742 3933 1095 4003 ‘Dominus
1141 3933 1476 4022 elegerat,
1529 3930 1791 4021 quique
1847 3952 2036 4002 nunc
2082 3931 2389 4002 oratione
2438 3929 2719 4002 assidua
2768 3941 2832 3999 et

275 4021 449 4092 votis
497 4044 884 4109 numquam
920 4021 1136 4093 irritis
1164 4021 1664 4110 frequentatur,
1703 4041 2072 4111 percussor
2098 4019 2515 4109 assequitur,
2551 4032 2832 4110 exopta·

277 4120 482 4198 toque
531 4111 744 4203 gladii
795 4111 938 4181 ictu
967 4111 1407 4183 festinantem
1450 4110 1534 4179 ad
1568 4115 1783 4179 Deum
1817 4110 2124 4179 animam
2162 4108 2463 4180 vinculis
2494 4108 2826 4199 corporis,

276 4200 533 4286 quibus
581 4201 963 4282 tenebatur,
1021 4199 1355 4270 absolvit:
1408 4212 1474 4270 et
1520 4202 1816 4287 utraque
1880 4198 2271 4270 substantia
2328 4198 2647 4290 propriae
2692 4198 2833 4267 ori-

279 4287 466 4444 ginis
491 4288 825 4360 elementa
871 4300 1238 4380 repetente,
1276 4301 1544 4359 terrena
1582 4286 1859 4358 interim
1889 4288 2088 4358 terris
2126 4288 2437 4361 membra
2481 4308 2834 4359 commen-

329 4388 417 4460 at,
471 4389 538 4447 et
574 4377 935 4450 coelestem
976 4377 1299 4469 spiritum
1350 4377 1601 4448 emittit
1629 4375 1718 4446 ad
1749 4375 2048 4447 coelum.
2884 4446 2890 4451 .

368 4466 404 4553 ἓ
451 4471 538 4541 4.
617 4467 1068 4539 Providerunt
1117 4479 1347 4537 tamen
1397 4465 1639 4537 fideles
1684 4466 2016 4557 temporis
2084 4465 2277 4540 illius
2332 4464 2452 4539 Dei
2500 4465 2703 4549 servi,
2756 4478 2834 4540 ut
