3308 5004
640 346 766 411 ⁴92
1343 366 1422 412 nr.
1467 364 1966 413 ramsrmnan.
2020 362 2270 412 cums‘n
2805 346 2991 413 AUG.
3048 347 3089 413 6

545 446 708 529 duo,
754 459 819 517 et
851 447 919 517 in
956 447 1232 519 duobus
1265 471 1473 519 unus.
1515 454 1656 519 Una
1689 471 1985 550 persona
2025 448 2263 528 Patris,
2301 461 2366 519 et
2403 470 2544 518 una
2579 470 2869 539 persona
2903 446 3082 530 Filii,

544 551 611 606 et
643 558 786 606 una
822 558 1114 627 persona
1146 538 1440 630 Spiritus
1477 543 1730 619 Sancti,
1769 560 1906 608 una
1946 538 2293 621 divinitas,
2339 560 2477 607 una
2510 539 2830 628 potentia,
2868 559 3090 608 unum

545 647 618 695 re
674 646 839 694 num
876 626 943 696 in
982 627 1203 697 tribus
1236 628 1550 697 Personis
1584 649 1707 697 seu
1750 626 2259 717 hypostasibus.

623 648 672 802 ἓ
719 720 861 785 14.
918 715 1024 785 Sic
1074 715 1549 806 glorificamus
1599 729 1904 786 sanctam
1940 717 2270 785 unitatem
2304 715 2373 784 in
2416 716 2765 796 Trinitate,
2815 727 2881 784 et
2927 736 3092 784 san-

544 816 725 873 ctam
777 803 1173 874 Trinitatem
1211 804 1280 872 in
1314 806 1599 874 unitate.
1653 809 1731 873 In
1766 827 1903 892 quo
1939 808 2131 874 Pater
2176 804 2498 874 clamavit
2543 804 2629 874 de
2675 803 2910 874 coelo:
2962 805 3092 873 Hic

545 903 649 961 est
696 891 884 962 filius
923 914 1118 963 meus
1150 892 1468 974 dilectus,
1522 893 1754 983 ipsum
1805 893 2060 963 audite.
2115 894 2639 983 Haecsuscepit
2687 906 2921 963 sancta
2973 894 3092 962 Dei

546 979 846 1049 Ecclesia
884 980 1248 1051 catholica.
1285 986 1361 1051 In
1397 983 1546 1071 ipsa
1578 993 1811 1052 sancta
1838 983 2163 1051 Trinitate
2198 982 2496 1070 baptizat
2526 983 2593 1051 in
2632 983 2838 1051 vitam
2875 995 3094 1052 aeter-

547 1090 732 1137 nam.
787 1074 950 1139 Eam
1001 1069 1387 1140 sanctificat
1448 1071 1727 1140 honoris
1782 1070 2214 1158 aequalitate.
2269 1077 2432 1141 Eam
2489 1070 2855 1141 confitetur
2913 1072 3091 1141 citra

546 1156 951 1227 divisionem
994 1174 1059 1227 et
1113 1159 1654 1249 separationem:
1710 1172 1775 1229 et
1820 1182 1967 1229 eam
2006 1159 2246 1230 adorat
2285 1181 2420 1230 non
2460 1182 2723 1242 errans,
2762 1174 2825 1229 et
2873 1160 3091 1250 glori-

544 1245 726 1315 ficat.
780 1250 1008 1335 Ipsam
1063 1248 1129 1315 in
1166 1248 1387 1318 tribus
1438 1249 1749 1338 personis
1797 1248 2127 1318 unitatem
2180 1248 2372 1318 decet
2418 1249 2657 1349 gloria,
2706 1249 3089 1339 gratiarum

543 1336 747 1415 acti0‚
802 1335 1045 1417 honor,
1103 1337 1423 1425 potentia,
1482 1338 1824 1426 majestas,
1880 1342 2169 1419 Patrem,
2214 1350 2279 1407 et
2327 1338 2600 1418 Filium,
2644 1352 2710 1407 et
2759 1341 3091 1409 Sanctum

545 1423 905 1514 Spiritum,
949 1445 1134 1494 nunc
1168 1439 1233 1494 et
1266 1447 1558 1516 semper,
1613 1440 1677 1495 et
1724 1427 1794 1494 in
1846 1426 2080 1495 secula
2126 1426 2543 1507 seculorum,
2587 1432 2824 1496 Amen.

830 1765 1087 1844 ITEM
1137 1765 1277 1845 DE
1336 1766 1606 1845 MIRA
1661 1765 2484 1848 TRANSFIGURAT.
2544 1766 2785 1847 DOM.

1028 1978 1296 2050 SERMO
1347 1982 1412 2049 S.
1468 1983 1789 2049 CYRILLI
1839 1983 2089 2050 EPISC.
2133 1985 2589 2052 ALEXANDR.

1226 2208 1424 2255 Exur
1472 2208 1636 2255 APUD
1687 2209 1812 2256 sm.
1869 2207 2388 2256 HETAPHRASTEM.

628 2402 665 2487 ξ
704 2403 778 2469 ¹.
825 2398 954 2481 Qui
984 2399 1157 2469 bene
1188 2397 1467 2486 quidem
1504 2399 1734 2468 sciunt
1758 2398 2128 2481 decertare,
2159 2421 2192 2469 s
2244 2411 2616 2471 ectatorum
2654 2400 3094 2473 delectantur

541 2488 925 2581 plausibus,
959 2500 1025 2557 et
1059 2510 1179 2579 spe
1213 2487 1678 2579 praemiorum
1710 2489 2094 2559 excitantur
2125 2513 2163 2559 a
2243 2512 2419 2570 eam,
2466 2512 2642 2578 quae
2676 2489 2831 2561 illos
2860 2491 3086 2575 decet,

540 2579 918 2649 victoriam.
958 2578 1084 2659 Qui
1126 2591 1353 2646 autem
1397 2577 1631 2647 divina
1671 2577 1850 2647 dona
1881 2580 2157 2666 assequi
2191 2578 2607 2659 desiderant,
2642 2593 2768 2650 ets
2862 2581 2882 2649 i
2923 2603 3093 2650 san-

534 2667 665 2737 ctis
708 2679 990 2768 paratae
1021 2667 1259 2737 sitiunt
1295 2666 1912 2757 participationem,
1947 2690 2124 2753 quae
2174 2690 2296 2758 pro
2337 2669 2584 2758 pietate
2622 2668 2693 2738 in
2734 2674 2777 2738 C
2834 2669 3090 2741 ristum

536 2756 1022 2845 suscipiuntur
1047 2756 1447 2831 certamina,
1480 2754 1792 2825 lubenter
1813 2756 2095 2841 quidem
2124 2757 2538 2828 admittunt:
2578 2759 2645 2826 in
2685 2758 2820 2828 vita
2848 2771 3092 2830 autem

536 2866 609 2917 se
642 2858 819 2914 recte
854 2856 1125 2934 gerunt,
1164 2865 1296 2912 non
1334 2842 1792 2934 praeferentes
1826 2845 2080 2923 ocium,
2118 2845 2303 2932 quod
2332 2846 2597 2915 nullam
2633 2848 3094 2933 consequitur

537 2930 953 3013 mercedem,
1009 2953 1229 3018 neque
1278 2931 1596 3088 ignavam
1647 2945 1959 3004 amantes
2008 2932 2491 3005 timiditatem:
2546 2935 2664 3005 sed
2699 2959 2771 3006 se
2802 2949 3090 3008 strenue

532 3033 602 3090 et
631 3021 893 3091 fortiter
966 3034 1231 3091 erentes
1258 3042 1297 3088 a
1352 3042 1589 3089 versus
1614 3042 1891 3091 omnem
1926 3022 2392 3103 tentationem,
2427 3037 2493 3093 et
2525 3026 3094 3114 persecutionum

534 3108 841 3179 insultus
888 3130 931 3199 p
966 3108 1173 3177 urimi
1219 3108 1569 3184 facientes,
1621 3123 1687 3178 et
1735 3132 1859 3200 pro
1892 3110 2041 3200 ipso
2079 3112 2364 3181 Domino
2415 3114 2577 3202 pati,
2631 3136 2920 3204 magnas
2968 3136 3094 3184 re-

537 3210 858 3289 putantes
892 3196 1192 3267 divitias,
1248 3197 1706 3267 Meminerant
1748 3199 1934 3268 enim
1990 3199 2167 3269 beati
2217 3202 2433 3282 Pauli,
2485 3203 2604 3289 qui
2655 3203 2894 3272 scribit
2941 3224 3090 3274 non

535 3308 689 3356 esse
735 3286 1118 3377 condignas
1169 3286 1522 3375 passiones
1591 3285 1801 3375 hujus
1868 3290 2193 3377 temporis
2242 3288 2327 3359 ad
2377 3290 2679 3361 suturam
2731 3292 3026 3382 gloriam
3069 3349 3087 3375 ,

533 3395 716 3463 quae
746 3388 848 3445 est
882 3374 1245 3444 revelanda
1285 3374 1351 3443 in
1390 3374 1611 3445 nobis.
1667 3376 1829 3445 Vide
1861 3378 2023 3467 e‘rgo
2064 3377 2531 3467 pulcherrima
2564 3381 3093 3469 dispensatione

462 3476 477 3491 ·
537 3485 729 3533 nunc
767 3485 975 3533 usum
1026 3464 1393 3543 Dominum
1433 3479 1744 3533 nostrum
1791 3471 2027 3535 ,Iesum
2064 3467 2432 3550 Christum,
2467 3468 2552 3538 ad
2600 3469 2963 3540 utilitatem
3017 3483 3095 3542 et

533 3552 1084 3623 aedificationem
1134 3564 1527 3622 sanctorum
1597 3553 2096 3644 Apostolorum.
2167 3560 2332 3626 Nam
2381 3557 2482 3628 eis
2528 3558 2807 3645 quidem
2858 3557 3087 3630 dixit:

538 3641 856 3729 «Siquis
883 3640 1029 3711 vult
1052 3656 1204 3732 post
1237 3663 1346 3711 me
1378 3642 1628 3722 venire,
1663 3644 1954 3733 abneget
1981 3645 2450 3736 semetipsum,
2487 3660 2552 3716 et
2587 3645 2774 3716 tollat
2799 3662 3093 3718 crucem

532 3752 762 3811 suam,
795 3743 861 3800 et
895 3746 1224 3819 sequatur
1251 3753 1380 3800 me.
1419 3732 1550 3814 Qui
1581 3732 1765 3801 enim
1796 3732 1941 3802 vult
1964 3733 2266 3803 animam
2298 3756 2495 3803 suam
2531 3734 2791 3806 salvam
2826 3735 3085 3820 facere,

532 3818 777 3921 perdet
828 3819 1047 3889 illam.
1113 3820 1245 3902 Qui
1291 3833 1517 3891 autem
1560 3820 1938 3910 perdiderit
1982 3822 2289 3894 animam
2340 3845 2535 3894 suam
2591 3838 2869 3915 propter
2916 3847 3034 3895 me
3068 3882 3088 3909 ,

531 3909 840 3979 inveniet
883 3930 1060 3978 eam.
1118 3931 1154 3976 »
1206 3913 1283 3983 Et
1336 3907 1637 3980 salutare
1682 3909 1964 3997 quidem
2018 3923 2120 3980 est
2167 3925 2609 4004 praeceptum
2647 3968 2662 3994 ,
2714 3926 2780 3984 et
2824 3914 3093 3986 decens

532 4012 830 4079 sanctos»,
867 4010 934 4067 et
961 3996 1142 4084 quod
1181 4020 1553 4087 supernam
1587 3997 1877 4088 gloriam
1929 3999 2272 4081 conciliat,
2324 4016 2391 4070 et
2434 4001 2809 4072 alacritatis
2857 4003 3096 4075 animi

529 4100 598 4156 et
644 4087 883 4177 gaudii
931 4101 1178 4158 sortem
1230 4101 1606 4177 comparat.
1660 4086 1924 4178 Eligere
1971 4088 2154 4157 enim
2194 4090 2332 4178 pati
2383 4104 2661 4181 propter
2695 4091 3086 4178 Christum,

533 4174 822 4277 minime
853 4189 1038 4246 caret
1077 4176 1390 4247 mercede
1427 4199 1441 4243 ε
1498 4176 1713 4246 immo
1742 4199 1899 4247 vero
1931 4176 2138 4247 efficit
2166 4191 2479 4249 aeternae
2517 4181 2691 4251 vitae
2722 4192 2787 4250 et
2816 4179 3094 4272 gloriae

584 4276 780 4333 artlct
833 4286 930 4335 es,

534 4283 580 4352 p
623 4353 661 4439 ξ
712 4287 829 4422 'p
856 4353 983 4423 Sed
1025 4353 1433 4446 DiscipuloS,
1488 4355 1608 4444 qui
1644 4355 1958 4426 virtutem
1993 4377 2073 4428 ex
2106 4355 2243 4426 alto
2292 4356 2600 4427 nondum
2637 4373 3080 4450 acceperant,

435 4522 438 4525 v
528 4453 1070 4513 consentaneum
1119 4457 1264 4515 erat
1310 4445 1549 4532 utique
1595 4444 1668 4513 in
1719 4443 2059 4515 humanas
2092 4445 2395 4517 incidere
2434 4448 2965 4532 imbecillitateS,
3011 4464 3090 4521 et
