3308 5004
707 267 838 334 680
1192 281 1273 330 nn
1318 280 1376 329 s.
1426 279 1786 330 nucusrmo
1831 279 2033 330 msc.
2083 280 2163 332 rr
2206 279 2381 328 ιω..
2417 277 2611 330 ,noct
2835 259 3053 326 Aue.
3095 261 3194 326 28

621 388 695 437 se
740 387 901 437 cum
952 365 1100 437 suis
1138 364 1520 455 majoribus
1548 387 1626 435 ea
1665 387 1843 453 quae
1891 363 2195 435 refellere
2244 385 2378 464 non
2433 363 2690 453 potuit,
2753 375 3195 463 prosecutus
3265 407 3266 480 1

619 466 746 538 est,
779 466 848 525 et
893 454 948 524 si
996 453 1125 524 sibi
1177 453 1346 524 forte
1398 452 1484 521 de
1532 453 1642 523 his
1699 454 1865 524 satis
1918 453 2205 524 minime
2248 453 2592 532 fecissent,
2645 473 2812 522 suae
2891 473 3193 528 animae
3265 485 3266 522 l

621 541 1150 616 consulturum:
1202 555 1408 629 atque
1454 542 1551 612 ita
1594 542 1684 611 ab
1727 541 2079 622 omnibus,
2131 541 2316 632 apud
2355 563 2532 629 quos
2583 563 2884 631 magnus
2931 555 3014 611 et
3066 540 3193 611 do-

621 646 774 704 ctus
822 631 1203 711 videbatur,
1242 629 1417 700 nihil
1468 630 1767 702 valuisse
1797 631 1867 700 in
1917 652 2085 701 suae
2121 644 2345 702 sectae
2389 630 2765 699 assertione
2819 629 3196 700 'udicatus

620 734 745 792 est.
783 726 930 804 Qua
977 719 1093 790 ille
1139 719 1546 792 confusione
1590 720 1901 800 affectuS,
1954 731 2021 788 et
2067 719 2378 807 sequenti
2436 732 2743 808 tempore
2834 742 2878 788 e
2911 719 3194 809 Hippo-

624 810 822 881 nensi
868 810 1139 880 civitate
1189 808 1555 898 prosectuS,
1608 808 1696 878 ad
1744 808 2057 878 eamdem
2108 808 2412 898 amplius
2451 829 2601 878 -non
2660 808 3049 876 remeavit:
3105 815 3192 878 Ac

624 900 726 969 sic
773 920 895 990 per
930 911 1383 968 memoratum
1417 897 1530 967 Dei
1576 896 1924 967 hominem
1977 896 2292 968 omnium
2326 895 2679 976 cordibus,
2717 894 2816 964 vel
2870 897 3010 982 qui
3060 896 3191 965 ad-

622 998 838 1075 erant,
883 985 986 1057 vel
1035 988 1156 1075 qui
1204 986 1544 1068 absentes,
1582 985 1725 1067 illa,
1761 1007 1938 1074 quae
1970 997 2160 1077 gesta
2211 998 2397 1065 sunt,
2449 998 2939 1072 cognoverant,
2985 1008 3190 1055 error

623 1076 743 1147 ille
774 1075 1070 1157 ablatuS,
1102 1073 1574 1163 catholicaque
1605 1088 1709 1144 est
1757 1074 2072 1144 intimata
2100 1096 2181 1145 ac
2211 1085 2560 1163 comperta
2588 1072 2861 1144 sincera
2900 1073 3186 1165 relig-io.

717 1173 757 1246 ἓ
803 1168 882 1236 2.
934 1168 1013 1234 Et
1044 1164 1330 1234 docebat
1357 1185 1437 1233 ac
1463 1163 1903 1254 praedicabat
1935 1163 2051 1233 ille
2085 1162 2399 1253 privatim
2432 1176 2497 1230 et
2532 1160 2827 1251 publice,
2854 1162 2931 1232 in
2969 1163 3190 1233 domo

626 1266 692 1324 et
739 1254 808 1322 in
857 1252 1149 1323 ecclesia
1194 1251 1438 1322 salutis
1488 1253 1769 1335 verbum
1832 1274 1989 1322 cum
2041 1252 2231 1321 omni
2301 1250 2557 1321 fiducia
2612 1249 2954 1320 adversus
3010 1252 3190 1322 Afri-

629 1363 840 1412 canas
873 1340 1212 1422 haereseS,
1271 1339 1705 1428 maximeque
1733 1353 1970 1411 contra
2023 1339 2426 1420 DonatistaS‚
2469 1338 2910 1408 manichaeos
2939 1354 3018 1408 et
3071 1347 3190 1410 Pe-

628 1429 690 1500 la
746 1429 962 1511 ianos,
1032 1428 1227 1500 libris
1279 1427 1629 1510 confectis,
1700 1451 1779 1498 ac
1849 1429 2149 1518 repetitis
2213 1427 2675 1508 sermonibus,
2727 1427 3191 1499 ineffabiliter

626 1541 665 1588 a
722 1518 1135 1588 mirantibus
1166 1517 1571 1589 Christianis
1601 1528 1666 1588 et
1697 1516 2245 1598 collaetantibus,
2281 1530 2349 1587 et
2394 1517 2523 1587 hoc
2570 1518 2828 1607 ipsum,
2877 1518 3015 1588 ubi
3067 1541 3188 1608 po-

624 1619 896 1688 terant,
951 1628 1085 1676 non
1142 1607 1564 1687 tacentibuS,
1618 1605 1733 1675 sed
1807 1606 2355 1676 diffamantibus.
2438 1605 2725 1692 Sicque,
2795 1604 3188 1692 adjuvante

627 1696 945 1776 Domin0,
984 1689 1208 1766 levare
1257 1694 1324 1764 in
1357 1695 1575 1764 Africa
1607 1695 1906 1766 Ecclesia
1934 1694 2277 1765 Catholica
2308 1715 2544 1764 exorsa
2582 1706 2686 1763 est
2722 1708 2965 1784 caput,
3007 1717 3188 1783 quae

626 1783 845 1855 multo
881 1797 1182 1875 tempore
1231 1782 1372 1853 illis
1419 1783 2054 1855 convalescentibus
2086 1783 2473 1862 haereticis,
2512 1782 3034 1872 praecipueque
3085 1808 3190 1854 re-

623 1873 1013 1964 baptizante
1063 1872 1302 1943 Donati
1354 1885 1543 1961 parte
1576 1872 1909 1961 maiorem
1954 1872 2467 1943 multitudinem
2517 1870 2857 1951 Afrorum,
2892 1872 3188 1944 seducta

622 1974 690 2030 et
734 1982 1064 2051 oppressa
1104 1960 1400 2050 jacebat.
1447 1962 1687 2032 Libros
1733 1984 1889 2032 vero
1934 1959 2419 2047 ejusdem-sive
2470 1974 2822 2042 tractatuS,
2865 1961 3189 2032 mirabili

626 2049 744 2119 Dei
790 2050 1010 2140 gratia
1061 2049 1506 2139 procedentes
1573 2073 1653 2120 ac
1703 2050 2121 2140 profluentes
2150 2105 2166 2132 ,
2220 2050 2591 2120 instructos
2637 2051 2832 2119 omni
2882 2045 3189 2120 rationis

626 2138 824 2226 copia
855 2192 870 2217 ,
941 2151 1145 2225 atque
1210 2138 1609 2209 auctoritate
1657 2152 2055 2212 sanctarum
2105 2139 2604 2228 scripturarum
2639 2191 2655 2219 ,
2710 2139 2843 2227 ipsi
2887 2160 3186 2237 quoque

630 2226 953 2298 haeretici
990 2240 1502 2309 concurrenteS,
1553 2250 1710 2298 cum
1763 2226 2128 2298 Catholicis
2164 2228 2232 2297 in
2285 2227 2428 2297 enti
2458 2226 2704 2296 ardore
2749 2226 3180 2298 audiebant:

628 2328 693 2385 et
724 2315 1066 2403 quisquis,
1099 2329 1176 2385 ut
1222 2316 1434 2388 voluit
1465 2329 1532 2386 et
1576 2317 1817 2407 potuit,
1851 2316 2150 2387 notarios
2291 2316 2560 2394 bibens,
2611 2317 2816 2384 etiam
2862 2337 2944 2384 ea
2994 2337 3184 2403 quae

630 2402 1074 2487 dicebantur,
1127 2416 1406 2495 excepta
1469 2405 1857 2495 descripsit.
1911 2411 1988 2477 Et
2033 2403 2200 2476 inde
2251 2405 2395 2506 jam
2452 2426 2572 2493 per
2625 2416 2839 2502 totum
2905 2402 3183 2476 Africae

630 2515 884 2584 corpus
924 2492 1273 2583 praeclara
1322 2493 1668 2577 doctrina,
1726 2493 2030 2582 odorque
2078 2494 2536 2566 suavissimus
2583 2493 2850 2570 Christt,
2904 2492 3176 2565 diffusa
3269 2504 3270 2557 t

628 2593 695 2652 et
743 2582 1171 2653 manifestata
1202 2596 1327 2665 est,
1378 2584 1878 2685 congaudente,
1933 2584 2063 2654 hoc
2109 2604 2386 2672 quoque
2434 2596 2803 2671 comperto,
2854 2582 3170 2654 Ecclesia

630 2670 747 2740 Dei
781 2672 1266 2741 transmarina.
1320 2676 1658 2756 Quomam
1694 2672 1874 2743 sicut
1920 2672 2089 2742 dum
2152 2672 2407 2763 patitur
2470 2693 2690 2742 unum
2743 2672 3162 2747 membrum.

628 2761 1145 2849 compatiuntur
1176 2762 1407 2830 omnia
1458 2762 1812 2832 membra:
1867 2762 1959 2830 ita
2014 2761 2219 2831 etiam
2266 2783 2426 2830 cum
2476 2759 2907 2852 glorificatur
2950 2783 3159 2831 unum

628 2849 1046 2929 membrum,
1097 2848 1535 2950 congaudent
1579 2849 1809 2920 omnia
1864 2849 2196 2919 membra.
2235 2853 2356 2919 Per
2386 2849 2564 2918 idem
2610 2862 2890 3005 tem‘pus
2943 2869 3151 2919 coram

624 2941 678 3007 Ε
730 2936 1007 3027 iscopis,
1056 2938 1181 3008 hoc
1230 2936 1331 3006 illi
1354 2938 1788 3029 jubentibus,
1841 2938 1961 3026 qui
2012 2936 2398 3024 plenarium
2450 2940 2658 3009 totius
2691 2941 2739 3005 A
2773 2938 2963 3008 ricae
3002 2958 3146 3006 con-

624 2960 864 3127 cilium
902 3025 984 3096 Hi
1038 3047 1217 3127 pone
1247 3027 1563 3127 agebant,
1593 3028 1679 3097 de
1711 3026 1846 3096 fide
1880 3039 1944 3098 et
1976 3026 2314 3117 symbolo,
2358 3029 2711 3116 presbyter
2745 3026 2996 3107 adhuc,
3023 3029 3154 3095 Au·

625 3127 949 3206 gustmus
1033 3127 1383 3204 isputavtt.

711 3204 866 3290 §Q
921 3202 1043 3273 Ille
1094 3226 1247 3274 vero
1282 3204 1523 3274 beatus
1571 3225 1777 3274 senex
1811 3203 2155 3284 Valerius,
2208 3202 2495 3275 caeteris
2542 3214 2620 3271 ex
2669 3202 2802 3271 hoc
2870 3201 3174 3293 amplius

627 3289 968 3377 exultanS,
1005 3304 1071 3362 et
1103 3296 1230 3362 Deo
1279 3292 1535 3384 gratias
1581 3314 1795 3383 agens
1818 3292 1905 3362 de
1944 3314 2268 3363 concesso
2299 3292 2437 3363 sibi
2483 3291 2769 3381 speciali
2811 3292 3174 3373 beneficio,

619 3391 923 3449 metuere
967 3380 1208 3470 coepit.
1252 3394 1327 3450 ut
1373 3395 1474 3451 est
1514 3381 1865 3452 humanus
1911 3382 2215 3463 animus,
2265 3401 2348 3451 ne
2394 3381 2484 3450 ab
2531 3379 2664 3449 alia
2717 3380 3015 3451 ecclesia
3063 3403 3175 3453 sa-

622 3466 863 3537 cerdos
914 3469 1245 3557 probatus
1291 3468 1377 3538 ad
1427 3470 1912 3559 Episcopatum
1964 3483 2427 3557 quaereretur,
2481 3479 2546 3536 et
2580 3470 2712 3540 sibi
2754 3469 3181 3540 auferretur.

622 3559 789 3627 Nam
840 3568 904 3625 et
946 3556 1011 3625 id
1072 3559 1537 3648 provenisset,
1600 3558 1734 3629 nisi
1777 3573 1847 3627 et
1895 3559 2022 3629 boc
2064 3558 2243 3631 idem
2300 3557 2680 3647 Episcopus
2724 3559 3034 3648 cognito.
3097 3559 3182 3631 ad

617 3643 849 3715 locum
903 3660 1240 3717 secretum
1307 3668 1467 3717 eum
1512 3648 1808 3716 transire.
1849 3660 2180 3728 curasset,
2258 3646 2819 3732 occultatumque
2881 3669 2921 3715 a
2963 3669 3191 3733 quae·

616 3733 928 3804 rentibus
972 3734 1257 3804 minime
1287 3735 1579 3805 inveniri
1631 3736 1925 3805 fecisset.
1981 3736 2172 3806 Unde
2201 3733 2507 3824 amplius
2554 3733 2938 3804 formidans
2986 3736 3188 3807 idem

614 3822 1030 3894 venerabilis
1079 3846 1306 3907 senex,
1358 3838 1423 3894 et
1455 3825 1682 3895 sciens
1730 3846 1803 3895 se
1848 3847 2132 3915 corpore
2179 3837 2244 3895 et
2298 3837 2516 3893 aetate
2558 3823 3188 3907 infirmissimum,

617 3911 755 4002 egit
805 3912 1084 3982 secretis
1134 3912 1350 3983 literis
1404 3913 1590 4003 apud
1666 3914 2030 3984 Primatem
2105 3913 2517 4004 Episcopum
2571 3911 2755 3981 sedis
2810 3912 3194 4004 Carthagi·

620 4000 877 4080 nensiS,
931 4000 1240 4091 allegans
1289 4001 1824 4072 imbecillitatem
1874 4003 2182 4092 corporis
2248 4002 2380 4081 sui,
2440 4002 2816 4088 aetatisque
2862 4003 3198 4089 gravita-

623 4100 783 4169 tem,
819 4103 884 4158 et
919 4092 1313 4170 obsecrans,
1351 4103 1426 4159 ut
1454 4090 1881 4181 Hipponensi
1915 4090 2255 4161 Ecclesiae
2287 4089 2722 4165 ordinaretur
2746 4088 2996 4176 Episco
3057 4113 3188 4173 us,

621 4178 935 4263 qui-suae
956 4178 1321 4271 cathedrae
1362 4200 1494 4247 non
1522 4179 1670 4270 jam
1715 4178 2129 4260 succederet,
2164 4178 2283 4249 sed
2319 4177 2779 4251 consacerdos
2810 4197 2928 4247 acc
3025 4196 3194 4251 eret

626 4265 1074 4355 Augustinus.
1127 4272 1312 4350 Quae
1360 4267 1573 4357 igitur
1605 4267 1845 4337 beatus
1895 4268 2201 4338 Valerius
2247 4269 2505 4356 optavit
2546 4280 2612 4337 et
2661 4265 2937 4357 rogavit,
2987 4270 3191 4341 sata-

633 4373 803 4441 gens
837 4354 1170 4445 rescripto
1208 4355 1621 4446 impetravit.
1685 4360 1842 4426 Post
1884 4378 2094 4447 quam
2156 4356 2549 4447 petitionem
2603 4354 2690 4426 ad
2741 4352 3190 4430 visitandum
3267 4326 3270 4445 l
