<?xml version="1.0" encoding="UTF-8"?>
<!DOCTYPE html PUBLIC "-//W3C//DTD XHTML 1.0 Transitional//EN"
    "http://www.w3.org/TR/xhtml1/DTD/xhtml1-transitional.dtd">
<html xmlns="http://www.w3.org/1999/xhtml" xml:lang="en" lang="en">
 <head>
  <title>
</title>
<meta http-equiv="Content-Type" content="text/html;charset=utf-8" />
  <meta name='ocr-system' content='tesseract 3.04.00' />
  <meta name='ocr-capabilities' content='ocr_page ocr_carea ocr_par ocr_line ocrx_word'/>
</head>
<body>
  <div class='ocr_page' id='page_1' title='image "./historiaeseuvit01lippgoog_0822.png"; bbox 0 0 3308 5004; ppageno 0'>
   <div class='ocr_carea' id='block_1_1' title="bbox 751 321 3243 427">
    <p class='ocr_par' dir='ltr' id='par_1_1' title="bbox 751 321 3243 427">
     <span class='ocr_line' id='line_1_1' title="bbox 751 321 3243 427; baseline -0 -1"><span class='ocrx_word' id='word_1_1' title='bbox 751 359 884 427; x_wconf 89' lang='lat'><strong>738</strong></span> <span class='ocrx_word' id='word_1_2' title='bbox 1582 321 1675 425; x_wconf 44' lang='lat' dir='ltr'><strong>&#39;ns</strong></span> <span class='ocrx_word' id='word_1_3' title='bbox 1722 378 1779 425; x_wconf 82' lang='lat' dir='ltr'><strong>s.</strong></span> <span class='ocrx_word' id='word_1_4' title='bbox 1833 377 2062 427; x_wconf 69' lang='lat' dir='ltr'><strong>sunu</strong></span> <span class='ocrx_word' id='word_1_5' title='bbox 2109 377 2300 424; x_wconf 67' lang='lat' dir='ltr'><strong>mar.</strong></span> <span class='ocrx_word' id='word_1_6' title='bbox 2896 357 3081 427; x_wconf 73' lang='lat' dir='ltr'><strong>Ano.</strong></span> <span class='ocrx_word' id='word_1_7' title='bbox 3123 360 3185 425; x_wconf 73' lang='lat'><strong>29</strong></span> <span class='ocrx_word' id='word_1_8' title='bbox 3236 406 3243 425; x_wconf 75' lang='lat'><strong>.</strong></span> 
     </span>
    </p>
   </div>
   <div class='ocr_carea' id='block_1_2' title="bbox 658 460 3263 2235">
    <p class='ocr_par' dir='ltr' id='par_1_2' title="bbox 658 460 3259 1088">
     <span class='ocr_line' id='line_1_2' title="bbox 753 460 3187 553; baseline -0 -19"><span class='ocrx_word' id='word_1_9' title='bbox 753 466 791 552; x_wconf 69' lang='grc' dir='ltr'>ἓ</span> <span class='ocrx_word' id='word_1_10' title='bbox 839 466 991 534; x_wconf 73' lang='grc'><strong>19.</strong></span> <span class='ocrx_word' id='word_1_11' title='bbox 1046 460 1156 531; x_wconf 90' lang='lat' dir='ltr'><strong>Sic</strong></span> <span class='ocrx_word' id='word_1_12' title='bbox 1201 460 1483 549; x_wconf 88' lang='lat' dir='ltr'><strong>quidem</strong></span> <span class='ocrx_word' id='word_1_13' title='bbox 1534 483 1697 533; x_wconf 90' lang='lat' dir='ltr'><strong>cum</strong></span> <span class='ocrx_word' id='word_1_14' title='bbox 1744 460 1997 533; x_wconf 88' lang='lat' dir='ltr'><strong>festum</strong></span> <span class='ocrx_word' id='word_1_15' title='bbox 2047 474 2444 533; x_wconf 87' lang='lat' dir='ltr'><strong>sanctorum</strong></span> <span class='ocrx_word' id='word_1_16' title='bbox 2478 461 3108 553; x_wconf 85' lang='lat' dir='ltr'><strong>Theophaniorum.</strong></span> <span class='ocrx_word' id='word_1_17' title='bbox 3139 477 3187 533; x_wconf 89' lang='lat' dir='ltr'><strong>et</strong></span> 
     </span>
     <span class='ocr_line' id='line_1_3' title="bbox 661 551 3259 640; baseline 0 -17"><span class='ocrx_word' id='word_1_18' title='bbox 661 551 764 623; x_wconf 88' lang='lat' dir='ltr'><strong>sic</strong></span> <span class='ocrx_word' id='word_1_19' title='bbox 792 552 997 622; x_wconf 88' lang='lat' dir='ltr'><strong>etiam</strong></span> <span class='ocrx_word' id='word_1_20' title='bbox 1050 572 1370 640; x_wconf 80' lang='lat' dir='ltr'><strong>sequenS,</strong></span> <span class='ocrx_word' id='word_1_21' title='bbox 1424 551 1496 620; x_wconf 91' lang='lat' dir='ltr'><strong>in</strong></span> <span class='ocrx_word' id='word_1_22' title='bbox 1546 572 1685 639; x_wconf 87' lang='lat' dir='ltr'><strong>quo</strong></span> <span class='ocrx_word' id='word_1_23' title='bbox 1734 551 1913 622; x_wconf 90' lang='lat' dir='ltr'><strong>sacri</strong></span> <span class='ocrx_word' id='word_1_24' title='bbox 1961 552 2439 624; x_wconf 88' lang='lat' dir='ltr'><strong>Praecursoris</strong></span> <span class='ocrx_word' id='word_1_25' title='bbox 2489 552 2823 623; x_wconf 90' lang='lat' dir='ltr'><strong>memoria</strong></span> <span class='ocrx_word' id='word_1_26' title='bbox 2856 565 2969 623; x_wconf 87' lang='lat' dir='ltr'><strong>est</strong></span> <span class='ocrx_word' id='word_1_27' title='bbox 3015 552 3185 623; x_wconf 83' lang='lat' dir='ltr'><strong>altius</strong></span> <span class='ocrx_word' id='word_1_28' title='bbox 3258 632 3259 637; x_wconf 65' lang='lat'>,</span> 
     </span>
     <span class='ocr_line' id='line_1_4' title="bbox 662 639 3184 744; baseline 0 -34"><span class='ocrx_word' id='word_1_29' title='bbox 662 640 866 711; x_wconf 90' lang='lat' dir='ltr'><strong>nobis</strong></span> <span class='ocrx_word' id='word_1_30' title='bbox 913 639 1185 723; x_wconf 85' lang='lat' dir='ltr'><strong>tradita,</strong></span> <span class='ocrx_word' id='word_1_31' title='bbox 1236 639 1407 731; x_wconf 88' lang='lat' dir='ltr'><strong>quip</strong></span> <span class='ocrx_word' id='word_1_32' title='bbox 1460 661 1498 710; x_wconf 89' lang='lat' dir='ltr'><strong>e</strong></span> <span class='ocrx_word' id='word_1_33' title='bbox 1543 640 1666 728; x_wconf 87' lang='lat' dir='ltr'><strong>qui</strong></span> <span class='ocrx_word' id='word_1_34' title='bbox 1715 639 1932 711; x_wconf 85' lang='lat' dir='ltr'><strong>divini</strong></span> <span class='ocrx_word' id='word_1_35' title='bbox 1966 640 2404 744; x_wconf 88' lang='lat' dir='ltr'><strong>baptismatis</strong></span> <span class='ocrx_word' id='word_1_36' title='bbox 2441 641 2767 732; x_wconf 84' lang='lat' dir='ltr'><strong>mysterio</strong></span> <span class='ocrx_word' id='word_1_37' title='bbox 2798 640 3184 723; x_wconf 83' lang='lat' dir='ltr'><strong>inservierit,</strong></span> 
     </span>
     <span class='ocr_line' id='line_1_5' title="bbox 660 729 3259 822; baseline -0 -22"><span class='ocrx_word' id='word_1_38' title='bbox 660 730 1174 822; x_wconf 83' lang='lat' dir='ltr'><strong>peregissemus</strong></span> <span class='ocrx_word' id='word_1_39' title='bbox 1220 741 1286 799; x_wconf 90' lang='lat' dir='ltr'><strong>et</strong></span> <span class='ocrx_word' id='word_1_40' title='bbox 1335 751 1412 799; x_wconf 88' lang='lat' dir='ltr'><strong>ce</strong></span> <span class='ocrx_word' id='word_1_41' title='bbox 1443 729 1953 801; x_wconf 86' lang='lat' dir='ltr'><strong>ebravissemus</strong></span> <span class='ocrx_word' id='word_1_42' title='bbox 1987 785 2004 813; x_wconf 91' lang='lat'><strong>‚</strong></span> <span class='ocrx_word' id='word_1_43' title='bbox 2047 729 2525 820; x_wconf 73' lang='lat' dir='ltr'><strong>judicavimus</strong></span> <span class='ocrx_word' id='word_1_44' title='bbox 2588 752 2712 822; x_wconf 88' lang='lat' dir='ltr'><strong>par</strong></span> <span class='ocrx_word' id='word_1_45' title='bbox 2774 751 2936 801; x_wconf 86' lang='lat' dir='ltr'><strong>esse</strong></span> <span class='ocrx_word' id='word_1_46' title='bbox 2984 732 3186 800; x_wconf 68' lang='lat' dir='ltr'><strong>Manus</strong></span> <span class='ocrx_word' id='word_1_47' title='bbox 3258 808 3259 813; x_wconf 64' lang='lat'>,</span> 
     </span>
     <span class='ocr_line' id='line_1_6' title="bbox 659 816 3187 920; baseline 0 -32"><span class='ocrx_word' id='word_1_48' title='bbox 659 841 935 907; x_wconf 89' lang='lat' dir='ltr'><strong>quoque</strong></span> <span class='ocrx_word' id='word_1_49' title='bbox 983 817 1324 889; x_wconf 76' lang='lat' dir='ltr'>honoram</span> <span class='ocrx_word' id='word_1_50' title='bbox 1358 816 1856 920; x_wconf 78' lang='lat' dir='ltr'><strong>depositionem</strong></span> <span class='ocrx_word' id='word_1_51' title='bbox 1894 818 2087 889; x_wconf 88' lang='lat' dir='ltr'><strong>festis</strong></span> <span class='ocrx_word' id='word_1_52' title='bbox 2133 819 2416 899; x_wconf 56' lang='lat' dir='ltr'><strong>annuis</strong></span> <span class='ocrx_word' id='word_1_53' title='bbox 2461 818 2593 889; x_wconf 90' lang='lat' dir='ltr'><strong>hac</strong></span> <span class='ocrx_word' id='word_1_54' title='bbox 2623 841 2906 907; x_wconf 89' lang='lat' dir='ltr'><strong>quoque</strong></span> <span class='ocrx_word' id='word_1_55' title='bbox 2956 841 3187 889; x_wconf 89' lang='lat' dir='ltr'><strong>connu-</strong></span> 
     </span>
     <span class='ocr_line' id='line_1_7' title="bbox 659 906 3181 1000; baseline -0.001 -22"><span class='ocrx_word' id='word_1_56' title='bbox 659 920 922 978; x_wconf 89' lang='lat' dir='ltr'><strong>merata</strong></span> <span class='ocrx_word' id='word_1_57' title='bbox 955 907 1112 977; x_wconf 90' lang='lat' dir='ltr'><strong>aliis</strong></span> <span class='ocrx_word' id='word_1_58' title='bbox 1142 908 1295 998; x_wconf 90' lang='lat' dir='ltr'><strong>ejus</strong></span> <span class='ocrx_word' id='word_1_59' title='bbox 1324 906 1539 989; x_wconf 78' lang='lat' dir='ltr'><strong>fest1S‚</strong></span> <span class='ocrx_word' id='word_1_60' title='bbox 1577 919 1657 977; x_wconf 93' lang='lat' dir='ltr'><strong>ut</strong></span> <span class='ocrx_word' id='word_1_61' title='bbox 1693 928 1773 977; x_wconf 88' lang='lat' dir='ltr'><strong>ex</strong></span> <span class='ocrx_word' id='word_1_62' title='bbox 1806 908 2014 977; x_wconf 89' lang='lat' dir='ltr'><strong>rebus</strong></span> <span class='ocrx_word' id='word_1_63' title='bbox 2063 907 2255 978; x_wconf 91' lang='lat' dir='ltr'><strong>illius</strong></span> <span class='ocrx_word' id='word_1_64' title='bbox 2301 908 2477 977; x_wconf 91' lang='lat' dir='ltr'><strong>nihil</strong></span> <span class='ocrx_word' id='word_1_65' title='bbox 2520 907 2608 978; x_wconf 90' lang='lat' dir='ltr'><strong>sit</strong></span> <span class='ocrx_word' id='word_1_66' title='bbox 2641 930 2778 978; x_wconf 90' lang='lat' dir='ltr'><strong>non</strong></span> <span class='ocrx_word' id='word_1_67' title='bbox 2820 906 3181 1000; x_wconf 85' lang='lat' dir='ltr'><strong>gloriosum</strong></span> 
     </span>
     <span class='ocr_line' id='line_1_8' title="bbox 658 995 3186 1088; baseline -0.001 -21"><span class='ocrx_word' id='word_1_68' title='bbox 658 1009 726 1068; x_wconf 91' lang='lat' dir='ltr'><strong>et</strong></span> <span class='ocrx_word' id='word_1_69' title='bbox 764 995 1199 1067; x_wconf 73' lang='lat' dir='ltr'><strong>admirabile.</strong></span> <span class='ocrx_word' id='word_1_70' title='bbox 1254 1001 1332 1067; x_wconf 90' lang='lat' dir='ltr'><strong>Et</strong></span> <span class='ocrx_word' id='word_1_71' title='bbox 1379 1018 1569 1066; x_wconf 92' lang='lat' dir='ltr'><strong>nunc</strong></span> <span class='ocrx_word' id='word_1_72' title='bbox 1616 1018 1775 1067; x_wconf 90' lang='lat' dir='ltr'><strong>ecce</strong></span> <span class='ocrx_word' id='word_1_73' title='bbox 1823 996 2014 1067; x_wconf 89' lang='lat' dir='ltr'><strong>adest</strong></span> <span class='ocrx_word' id='word_1_74' title='bbox 2063 997 2191 1068; x_wconf 91' lang='lat' dir='ltr'><strong>hoc</strong></span> <span class='ocrx_word' id='word_1_75' title='bbox 2239 996 2490 1066; x_wconf 88' lang='lat' dir='ltr'><strong>festum</strong></span> <span class='ocrx_word' id='word_1_76' title='bbox 2526 997 2792 1067; x_wconf 90' lang='lat' dir='ltr'><strong>clarum</strong></span> <span class='ocrx_word' id='word_1_77' title='bbox 2832 1010 2913 1067; x_wconf 84' lang='lat' dir='ltr'><strong>et</strong></span> <span class='ocrx_word' id='word_1_78' title='bbox 2956 997 3186 1088; x_wconf 80' lang='lat' dir='ltr'>insigne</span> 
     </span>
    </p>

    <p class='ocr_par' dir='ltr' id='par_1_3' title="bbox 659 1085 3263 2235">
     <span class='ocr_line' id='line_1_9' title="bbox 711 1085 3184 1167; baseline -0.001 -11"><span class='ocrx_word' id='word_1_79' title='bbox 711 1097 817 1158; x_wconf 91' lang='lat' dir='ltr'><strong>ost</strong></span> <span class='ocrx_word' id='word_1_80' title='bbox 847 1085 1254 1156; x_wconf 88' lang='lat' dir='ltr'><strong>circularem</strong></span> <span class='ocrx_word' id='word_1_81' title='bbox 1307 1086 1475 1154; x_wconf 93' lang='lat' dir='ltr'><strong>anni</strong></span> <span class='ocrx_word' id='word_1_82' title='bbox 1523 1085 1859 1156; x_wconf 91' lang='lat' dir='ltr'><strong>ambitum</strong></span> <span class='ocrx_word' id='word_1_83' title='bbox 1888 1141 1903 1167; x_wconf 91' lang='lat'>,</span> <span class='ocrx_word' id='word_1_84' title='bbox 1964 1086 2313 1157; x_wconf 84' lang='lat' dir='ltr'><strong>distillans</strong></span> <span class='ocrx_word' id='word_1_85' title='bbox 2353 1085 2554 1156; x_wconf 90' lang='lat' dir='ltr'><strong>nobis</strong></span> <span class='ocrx_word' id='word_1_86' title='bbox 2601 1086 2866 1156; x_wconf 85' lang='lat' dir='ltr'><strong>imbres</strong></span> <span class='ocrx_word' id='word_1_87' title='bbox 2925 1088 3184 1156; x_wconf 84' lang='lat' dir='ltr'><strong>miracu·</strong></span> 
     </span>
     <span class='ocr_line' id='line_1_10' title="bbox 688 1173 3263 1263; baseline -0.001 -19"><span class='ocrx_word' id='word_1_88' title='bbox 688 1196 913 1257; x_wconf 87' lang='lat' dir='ltr'><strong>orum,</strong></span> <span class='ocrx_word' id='word_1_89' title='bbox 968 1186 1034 1245; x_wconf 90' lang='lat' dir='ltr'><strong>et</strong></span> <span class='ocrx_word' id='word_1_90' title='bbox 1080 1196 1160 1244; x_wconf 89' lang='lat' dir='ltr'><strong>ea</strong></span> <span class='ocrx_word' id='word_1_91' title='bbox 1206 1174 1498 1244; x_wconf 86' lang='lat' dir='ltr'><strong>afferens</strong></span> <span class='ocrx_word' id='word_1_92' title='bbox 1546 1197 1725 1263; x_wconf 88' lang='lat' dir='ltr'><strong>quae</strong></span> <span class='ocrx_word' id='word_1_93' title='bbox 1772 1187 1936 1246; x_wconf 88' lang='lat' dir='ltr'><strong>sunt</strong></span> <span class='ocrx_word' id='word_1_94' title='bbox 1982 1175 2216 1246; x_wconf 86' lang='lat' dir='ltr'><strong>futura</strong></span> <span class='ocrx_word' id='word_1_95' title='bbox 2267 1174 2522 1246; x_wconf 89' lang='lat' dir='ltr'><strong>animis</strong></span> <span class='ocrx_word' id='word_1_96' title='bbox 2583 1175 2839 1248; x_wconf 87' lang='lat' dir='ltr'><strong>nostris</strong></span> <span class='ocrx_word' id='word_1_97' title='bbox 2885 1173 3184 1246; x_wconf 86' lang='lat' dir='ltr'><strong>conduci·</strong></span> <span class='ocrx_word' id='word_1_98' title='bbox 3262 1220 3263 1233; x_wconf 25' lang='grc' dir='ltr'><strong>η</strong></span> 
     </span>
     <span class='ocr_line' id='line_1_11' title="bbox 659 1263 3182 1356; baseline -0.001 -22"><span class='ocrx_word' id='word_1_99' title='bbox 659 1264 854 1335; x_wconf 89' lang='lat' dir='ltr'><strong>bilia.</strong></span> <span class='ocrx_word' id='word_1_100' title='bbox 907 1269 1023 1334; x_wconf 91' lang='lat' dir='ltr'><strong>Est</strong></span> <span class='ocrx_word' id='word_1_101' title='bbox 1069 1285 1233 1354; x_wconf 84' lang='lat' dir='ltr'><strong>ergo</strong></span> <span class='ocrx_word' id='word_1_102' title='bbox 1282 1263 1481 1335; x_wconf 90' lang='lat' dir='ltr'><strong>nobis</strong></span> <span class='ocrx_word' id='word_1_103' title='bbox 1531 1264 1882 1355; x_wconf 89' lang='lat' dir='ltr'><strong>proposita</strong></span> <span class='ocrx_word' id='word_1_104' title='bbox 1931 1264 2121 1335; x_wconf 91' lang='lat' dir='ltr'><strong>omni</strong></span> <span class='ocrx_word' id='word_1_105' title='bbox 2168 1285 2249 1333; x_wconf 82' lang='lat' dir='ltr'><strong>ex</strong></span> <span class='ocrx_word' id='word_1_106' title='bbox 2299 1275 2489 1354; x_wconf 89' lang='lat' dir='ltr'><strong>parte</strong></span> <span class='ocrx_word' id='word_1_107' title='bbox 2548 1264 2854 1356; x_wconf 84' lang='lat' dir='ltr'><strong>gloriosa</strong></span> <span class='ocrx_word' id='word_1_108' title='bbox 2919 1278 2986 1334; x_wconf 88' lang='lat' dir='ltr'><strong>et</strong></span> <span class='ocrx_word' id='word_1_109' title='bbox 3031 1285 3182 1333; x_wconf 80' lang='lat' dir='ltr'><strong>vene-</strong></span> 
     </span>
     <span class='ocr_line' id='line_1_12' title="bbox 659 1352 3181 1444; baseline -0.001 -21"><span class='ocrx_word' id='word_1_110' title='bbox 659 1352 881 1423; x_wconf 88' lang='lat' dir='ltr'><strong>randa</strong></span> <span class='ocrx_word' id='word_1_111' title='bbox 930 1374 1181 1423; x_wconf 92' lang='lat' dir='ltr'><strong>manus</strong></span> <span class='ocrx_word' id='word_1_112' title='bbox 1227 1352 1572 1443; x_wconf 81' lang='lat' dir='ltr'><strong>Baptistae</strong></span> <span class='ocrx_word' id='word_1_113' title='bbox 1634 1367 1701 1424; x_wconf 88' lang='lat' dir='ltr'><strong>et</strong></span> <span class='ocrx_word' id='word_1_114' title='bbox 1748 1353 2221 1423; x_wconf 87' lang='lat' dir='ltr'><strong>Praecursoris</strong></span> <span class='ocrx_word' id='word_1_115' title='bbox 2256 1407 2271 1433; x_wconf 91' lang='lat'>,</span> <span class='ocrx_word' id='word_1_116' title='bbox 2333 1354 2721 1444; x_wconf 87' lang='lat' dir='ltr'><strong>incorporei</strong></span> <span class='ocrx_word' id='word_1_117' title='bbox 2783 1352 3181 1424; x_wconf 81' lang='lat' dir='ltr'><strong>circumdata</strong></span> 
     </span>
     <span class='ocr_line' id='line_1_13' title="bbox 663 1440 3180 1533; baseline -0.001 -23"><span class='ocrx_word' id='word_1_118' title='bbox 663 1441 1062 1523; x_wconf 81' lang='lat' dir='ltr'><strong>virtutibuS,</strong></span> <span class='ocrx_word' id='word_1_119' title='bbox 1106 1462 1283 1529; x_wconf 89' lang='lat' dir='ltr'><strong>quae</strong></span> <span class='ocrx_word' id='word_1_120' title='bbox 1331 1440 1769 1512; x_wconf 88' lang='lat' dir='ltr'><strong>admirantur</strong></span> <span class='ocrx_word' id='word_1_121' title='bbox 1808 1444 2038 1512; x_wconf 78' lang='lat' dir='ltr'><strong>Sancti</strong></span> <span class='ocrx_word' id='word_1_122' title='bbox 2080 1441 2382 1533; x_wconf 85' lang='lat' dir='ltr'><strong>Spiritus</strong></span> <span class='ocrx_word' id='word_1_123' title='bbox 2422 1442 2769 1523; x_wconf 86' lang='lat' dir='ltr'><strong>virtutem,</strong></span> <span class='ocrx_word' id='word_1_124' title='bbox 2822 1442 3099 1529; x_wconf 89' lang='lat' dir='ltr'><strong>quaein</strong></span> <span class='ocrx_word' id='word_1_125' title='bbox 3127 1463 3180 1508; x_wconf 79' lang='lat' dir='ltr'><strong>ea</strong></span> 
     </span>
     <span class='ocr_line' id='line_1_14' title="bbox 661 1529 3179 1633; baseline -0.001 -34"><span class='ocrx_word' id='word_1_126' title='bbox 661 1529 952 1600; x_wconf 88' lang='lat' dir='ltr'><strong>habitat.</strong></span> <span class='ocrx_word' id='word_1_127' title='bbox 1006 1530 1365 1613; x_wconf 86' lang='lat' dir='ltr'><strong>Quodnam</strong></span> <span class='ocrx_word' id='word_1_128' title='bbox 1397 1552 1561 1620; x_wconf 84' lang='lat' dir='ltr'><strong>ergo</strong></span> <span class='ocrx_word' id='word_1_129' title='bbox 1609 1545 1711 1600; x_wconf 93' lang='lat' dir='ltr'><strong>est</strong></span> <span class='ocrx_word' id='word_1_130' title='bbox 1742 1530 1870 1601; x_wconf 91' lang='lat' dir='ltr'><strong>hoc</strong></span> <span class='ocrx_word' id='word_1_131' title='bbox 1913 1530 2250 1622; x_wconf 88' lang='lat' dir='ltr'><strong>templum</strong></span> <span class='ocrx_word' id='word_1_132' title='bbox 2303 1530 2508 1600; x_wconf 91' lang='lat' dir='ltr'><strong>hodie</strong></span> <span class='ocrx_word' id='word_1_133' title='bbox 2547 1530 2979 1633; x_wconf 76' lang='lat' dir='ltr'><strong>pulchrius?</strong></span> <span class='ocrx_word' id='word_1_134' title='bbox 3009 1536 3179 1614; x_wconf 71' lang='lat' dir='ltr'><strong>Quae-</strong></span> 
     </span>
     <span class='ocr_line' id='line_1_15' title="bbox 662 1618 3173 1710; baseline -0.002 -22"><span class='ocrx_word' id='word_1_135' title='bbox 662 1641 823 1688; x_wconf 91' lang='lat' dir='ltr'><strong>nam</strong></span> <span class='ocrx_word' id='word_1_136' title='bbox 875 1619 1080 1689; x_wconf 91' lang='lat' dir='ltr'><strong>aedes</strong></span> <span class='ocrx_word' id='word_1_137' title='bbox 1127 1619 1363 1690; x_wconf 87' lang='lat' dir='ltr'><strong>divina</strong></span> <span class='ocrx_word' id='word_1_138' title='bbox 1409 1619 1917 1701; x_wconf 88' lang='lat' dir='ltr'><strong>venerabilior,</strong></span> <span class='ocrx_word' id='word_1_139' title='bbox 1973 1632 2040 1689; x_wconf 91' lang='lat' dir='ltr'><strong>et</strong></span> <span class='ocrx_word' id='word_1_140' title='bbox 2097 1619 2652 1710; x_wconf 84' lang='lat' dir='ltr'><strong>magnificentior</strong></span> <span class='ocrx_word' id='word_1_141' title='bbox 2699 1618 2833 1689; x_wconf 90' lang='lat' dir='ltr'><strong>hac</strong></span> <span class='ocrx_word' id='word_1_142' title='bbox 2873 1676 2897 1701; x_wconf 90' lang='lat'>,</span> <span class='ocrx_word' id='word_1_143' title='bbox 2964 1622 3029 1690; x_wconf 91' lang='lat' dir='ltr'><strong>in</strong></span> <span class='ocrx_word' id='word_1_144' title='bbox 3079 1639 3173 1706; x_wconf 79' lang='lat' dir='ltr'><strong>qua</strong></span> 
     </span>
     <span class='ocr_line' id='line_1_16' title="bbox 662 1706 3174 1798; baseline -0.002 -20"><span class='ocrx_word' id='word_1_145' title='bbox 662 1706 776 1778; x_wconf 92' lang='lat' dir='ltr'><strong>hic</strong></span> <span class='ocrx_word' id='word_1_146' title='bbox 811 1730 1005 1780; x_wconf 88' lang='lat' dir='ltr'><strong>sacer</strong></span> <span class='ocrx_word' id='word_1_147' title='bbox 1052 1720 1118 1779; x_wconf 84' lang='lat' dir='ltr'><strong>et</strong></span> <span class='ocrx_word' id='word_1_148' title='bbox 1155 1708 1434 1779; x_wconf 86' lang='lat' dir='ltr'><strong>divinus</strong></span> <span class='ocrx_word' id='word_1_149' title='bbox 1483 1709 1851 1779; x_wconf 82' lang='lat' dir='ltr'><strong>thesaurus</strong></span> <span class='ocrx_word' id='word_1_150' title='bbox 1899 1709 2266 1798; x_wconf 80' lang='lat' dir='ltr'><strong>reposituS‚</strong></span> <span class='ocrx_word' id='word_1_151' title='bbox 2319 1708 2959 1779; x_wconf 84' lang='lat' dir='ltr'><strong>innumerabilium</strong></span> <span class='ocrx_word' id='word_1_152' title='bbox 3021 1706 3174 1777; x_wconf 86' lang='lat' dir='ltr'><strong>lumi·</strong></span> 
     </span>
     <span class='ocr_line' id='line_1_17' title="bbox 661 1796 3170 1887; baseline -0.002 -21"><span class='ocrx_word' id='word_1_153' title='bbox 661 1818 833 1867; x_wconf 91' lang='lat' dir='ltr'><strong>num</strong></span> <span class='ocrx_word' id='word_1_154' title='bbox 865 1796 1230 1887; x_wconf 86' lang='lat' dir='ltr'><strong>splendore</strong></span> <span class='ocrx_word' id='word_1_155' title='bbox 1268 1819 1426 1868; x_wconf 90' lang='lat' dir='ltr'><strong>cum</strong></span> <span class='ocrx_word' id='word_1_156' title='bbox 1471 1797 1884 1869; x_wconf 89' lang='lat' dir='ltr'><strong>coelestibus</strong></span> <span class='ocrx_word' id='word_1_157' title='bbox 1915 1797 2264 1881; x_wconf 85' lang='lat' dir='ltr'><strong>contendit</strong></span> <span class='ocrx_word' id='word_1_158' title='bbox 2294 1796 2754 1887; x_wconf 77' lang='lat' dir='ltr'><strong>spectaculis?</strong></span> <span class='ocrx_word' id='word_1_159' title='bbox 2787 1797 2941 1868; x_wconf 89' lang='lat' dir='ltr'><strong>Sub</strong></span> <span class='ocrx_word' id='word_1_160' title='bbox 2971 1797 3170 1886; x_wconf 82' lang='lat' dir='ltr'><strong>quibus</strong></span> 
     </span>
     <span class='ocr_line' id='line_1_18' title="bbox 660 1886 3263 1978; baseline -0.002 -22"><span class='ocrx_word' id='word_1_161' title='bbox 660 1908 840 1974; x_wconf 88' lang='lat' dir='ltr'><strong>quae</strong></span> <span class='ocrx_word' id='word_1_162' title='bbox 888 1908 1186 1975; x_wconf 90' lang='lat' dir='ltr'><strong>superne</strong></span> <span class='ocrx_word' id='word_1_163' title='bbox 1233 1886 1663 1958; x_wconf 88' lang='lat' dir='ltr'><strong>descendunt</strong></span> <span class='ocrx_word' id='word_1_164' title='bbox 1776 1886 1986 1956; x_wconf 89' lang='lat' dir='ltr'><strong>ratiae</strong></span> <span class='ocrx_word' id='word_1_165' title='bbox 2033 1886 2263 1957; x_wconf 85' lang='lat' dir='ltr'><strong>Sancti</strong></span> <span class='ocrx_word' id='word_1_166' title='bbox 2312 1886 2611 1977; x_wconf 86' lang='lat' dir='ltr'><strong>Spiritus</strong></span> <span class='ocrx_word' id='word_1_167' title='bbox 2641 1941 2658 1969; x_wconf 91' lang='lat'><strong>‚</strong></span> <span class='ocrx_word' id='word_1_168' title='bbox 2713 1887 3169 1978; x_wconf 84' lang='lat' dir='ltr'><strong>dispensantur</strong></span> <span class='ocrx_word' id='word_1_169' title='bbox 3262 1928 3263 1941; x_wconf 26' lang='grc' dir='ltr'><strong>η</strong></span> 
     </span>
     <span class='ocr_line' id='line_1_19' title="bbox 663 1910 3161 2066; baseline 0.001 -21"><span class='ocrx_word' id='word_1_170' title='bbox 663 1996 789 2066; x_wconf 90' lang='lat' dir='ltr'><strong>pro</strong></span> <span class='ocrx_word' id='word_1_171' title='bbox 825 1973 1028 2044; x_wconf 90' lang='lat' dir='ltr'><strong>modo</strong></span> <span class='ocrx_word' id='word_1_172' title='bbox 1075 1975 1627 2065; x_wconf 91' lang='lat' dir='ltr'><strong>uniuscujusque</strong></span> <span class='ocrx_word' id='word_1_173' title='bbox 1675 1910 1862 2058; x_wconf 56' lang='lat' dir='ltr'><strong>figei,</strong></span> <span class='ocrx_word' id='word_1_174' title='bbox 1914 1997 2180 2056; x_wconf 89' lang='lat' dir='ltr'><strong>eorum,</strong></span> <span class='ocrx_word' id='word_1_175' title='bbox 2231 1976 2353 2063; x_wconf 88' lang='lat' dir='ltr'><strong>qui</strong></span> <span class='ocrx_word' id='word_1_176' title='bbox 2402 1974 2694 2045; x_wconf 84' lang='lat' dir='ltr'><strong>laudant</strong></span> <span class='ocrx_word' id='word_1_177' title='bbox 2737 1988 2813 2047; x_wconf 86' lang='lat' dir='ltr'><strong>et</strong></span> <span class='ocrx_word' id='word_1_178' title='bbox 2846 1976 3161 2047; x_wconf 77' lang='lat' dir='ltr'><strong>celebrant,</strong></span> 
     </span>
     <span class='ocr_line' id='line_1_20' title="bbox 663 2061 3163 2158; baseline -0.001 -25"><span class='ocrx_word' id='word_1_179' title='bbox 663 2063 1078 2133; x_wconf 88' lang='lat' dir='ltr'><strong>animabus:</strong></span> <span class='ocrx_word' id='word_1_180' title='bbox 1132 2068 1210 2135; x_wconf 96' lang='lat' dir='ltr'><strong>In</strong></span> <span class='ocrx_word' id='word_1_181' title='bbox 1262 2064 1526 2135; x_wconf 87' lang='lat' dir='ltr'><strong>Christo</strong></span> <span class='ocrx_word' id='word_1_182' title='bbox 1569 2065 1730 2151; x_wconf 71' lang='lat' dir='ltr'><strong>-lesu</strong></span> <span class='ocrx_word' id='word_1_183' title='bbox 1779 2064 2068 2135; x_wconf 92' lang='lat' dir='ltr'><strong>Domino</strong></span> <span class='ocrx_word' id='word_1_184' title='bbox 2100 2076 2355 2147; x_wconf 90' lang='lat' dir='ltr'><strong>nostro,</strong></span> <span class='ocrx_word' id='word_1_185' title='bbox 2402 2065 2519 2135; x_wconf 90' lang='lat' dir='ltr'><strong>cui</strong></span> <span class='ocrx_word' id='word_1_186' title='bbox 2564 2064 2797 2156; x_wconf 86' lang='lat' dir='ltr'><strong>gloria</strong></span> <span class='ocrx_word' id='word_1_187' title='bbox 2826 2079 2897 2135; x_wconf 90' lang='lat' dir='ltr'><strong>et</strong></span> <span class='ocrx_word' id='word_1_188' title='bbox 2928 2061 3163 2158; x_wconf 72' lang='lat' dir='ltr'><strong>potentia</strong></span> 
     </span>
     <span class='ocr_line' id='line_1_21' title="bbox 659 2152 1739 2235; baseline 0.002 -14"><span class='ocrx_word' id='word_1_189' title='bbox 659 2152 733 2221; x_wconf 92' lang='lat' dir='ltr'><strong>in</strong></span> <span class='ocrx_word' id='word_1_190' title='bbox 769 2152 1002 2225; x_wconf 86' lang='lat' dir='ltr'><strong>secula</strong></span> <span class='ocrx_word' id='word_1_191' title='bbox 1031 2152 1448 2235; x_wconf 89' lang='lat' dir='ltr'><strong>seculorum,</strong></span> <span class='ocrx_word' id='word_1_192' title='bbox 1499 2159 1739 2224; x_wconf 83' lang='lat' dir='ltr'><strong>Amen.</strong></span> 
     </span>
    </p>
   </div>
   <div class='ocr_carea' id='block_1_3' title="bbox 851 2457 2980 2805">
    <p class='ocr_par' dir='ltr' id='par_1_4' title="bbox 851 2457 2980 2805">
     <span class='ocr_line' id='line_1_22' title="bbox 1607 2457 2264 2542; baseline 0.005 -3"><span class='ocrx_word' id='word_1_193' title='bbox 1607 2457 2264 2542; x_wconf 77' lang='lat' dir='ltr'><strong>MARTYRIUM</strong></span> 
     </span>
     <span class='ocr_line' id='line_1_23' title="bbox 851 2699 2980 2805; baseline -0.002 -1"><span class='ocrx_word' id='word_1_194' title='bbox 851 2702 936 2805; x_wconf 91' lang='lat' dir='ltr'><strong>S.</strong></span> <span class='ocrx_word' id='word_1_195' title='bbox 999 2701 1454 2804; x_wconf 82' lang='lat' dir='ltr'><strong>SABINAE</strong></span> <span class='ocrx_word' id='word_1_196' title='bbox 1517 2702 2077 2805; x_wconf 85' lang='lat' dir='ltr'><strong>MATRONAE</strong></span> <span class='ocrx_word' id='word_1_197' title='bbox 2161 2699 2980 2805; x_wconf 71' lang='lat' dir='ltr'><strong>lLLUSTRlSSfflAE</strong></span> 
     </span>
    </p>
   </div>
   <div class='ocr_carea' id='block_1_4' title="bbox 1183 2940 2682 3005">
    <p class='ocr_par' dir='ltr' id='par_1_5' title="bbox 1183 2940 2682 3005">
     <span class='ocr_line' id='line_1_24' title="bbox 1183 2940 2682 3005; baseline -0.001 -15"><span class='ocrx_word' id='word_1_198' title='bbox 1183 2940 1473 2993; x_wconf 69' lang='lat' dir='ltr'><strong>Auci-ont.</strong></span> <span class='ocrx_word' id='word_1_199' title='bbox 1504 2942 1714 2993; x_wconf 70' lang='lat' dir='ltr'><strong>Abona</strong></span> <span class='ocrx_word' id='word_1_200' title='bbox 1747 2944 2027 3005; x_wconf 65' lang='lat' dir='ltr'><strong>ranna„</strong></span> <span class='ocrx_word' id='word_1_201' title='bbox 2061 2944 2130 2994; x_wconf 78' lang='lat' dir='ltr'><strong>m</strong></span> <span class='ocrx_word' id='word_1_202' title='bbox 2169 2942 2682 2994; x_wconf 65' lang='lat' dir='ltr'><strong>narmonomo.</strong></span> 
     </span>
    </p>
   </div>
   <div class='ocr_carea' id='block_1_5' title="bbox 1355 3117 2495 3182">
    <p class='ocr_par' dir='ltr' id='par_1_6' title="bbox 1355 3117 2495 3182">
     <span class='ocr_line' id='line_1_25' title="bbox 1355 3117 2495 3182; baseline 0 -1"><span class='ocrx_word' id='word_1_203' title='bbox 1355 3121 1550 3181; x_wconf 70' lang='lat' dir='ltr'><strong>eima</strong></span> <span class='ocrx_word' id='word_1_204' title='bbox 1592 3136 1848 3179; x_wconf 81' lang='lat' dir='ltr'><strong>annum</strong></span> <span class='ocrx_word' id='word_1_205' title='bbox 1892 3122 2009 3178; x_wconf 84' lang='lat'><strong>127</strong></span> <span class='ocrx_word' id='word_1_206' title='bbox 2048 3150 2128 3161; x_wconf 93' lang='lat'><strong>—</strong></span> <span class='ocrx_word' id='word_1_207' title='bbox 2167 3117 2495 3182; x_wconf 67' lang='lat' dir='ltr'><strong>Romana.</strong></span> 
     </span>
    </p>
   </div>
   <div class='ocr_carea' id='block_1_6' title="bbox 644 3303 3208 4552">
    <p class='ocr_par' dir='ltr' id='par_1_7' title="bbox 648 3303 3193 3732">
     <span class='ocr_line' id='line_1_26' title="bbox 740 3303 3170 3402; baseline -0.005 -24"><span class='ocrx_word' id='word_1_208' title='bbox 740 3307 779 3394; x_wconf 68' lang='grc' dir='ltr'>ἓ</span> <span class='ocrx_word' id='word_1_209' title='bbox 823 3311 901 3378; x_wconf 79' lang='lat'><strong>1.</strong></span> <span class='ocrx_word' id='word_1_210' title='bbox 957 3310 1211 3375; x_wconf 90' lang='lat' dir='ltr'><strong>Romae</strong></span> <span class='ocrx_word' id='word_1_211' title='bbox 1257 3304 1328 3373; x_wconf 90' lang='lat' dir='ltr'><strong>in</strong></span> <span class='ocrx_word' id='word_1_212' title='bbox 1375 3304 1707 3375; x_wconf 83' lang='lat' dir='ltr'><strong>Aventino</strong></span> <span class='ocrx_word' id='word_1_213' title='bbox 1739 3359 1757 3386; x_wconf 90' lang='lat'>‚</span> <span class='ocrx_word' id='word_1_214' title='bbox 1824 3303 1896 3373; x_wconf 93' lang='lat' dir='ltr'><strong>in</strong></span> <span class='ocrx_word' id='word_1_215' title='bbox 1956 3303 2214 3395; x_wconf 93' lang='lat' dir='ltr'><strong>oppido</strong></span> <span class='ocrx_word' id='word_1_216' title='bbox 2283 3303 2748 3402; x_wconf 70' lang='lat' dir='ltr'><strong>vindinensi,</strong></span> <span class='ocrx_word' id='word_1_217' title='bbox 2827 3306 2923 3376; x_wconf 87' lang='lat' dir='ltr'><strong>ad</strong></span> <span class='ocrx_word' id='word_1_218' title='bbox 2980 3321 3170 3374; x_wconf 83' lang='lat' dir='ltr'><strong>arcum</strong></span> 
     </span>
     <span class='ocr_line' id='line_1_27' title="bbox 651 3390 3179 3483; baseline 0.002 -20"><span class='ocrx_word' id='word_1_219' title='bbox 651 3392 1005 3475; x_wconf 90' lang='lat' dir='ltr'><strong>Faustini,</strong></span> <span class='ocrx_word' id='word_1_220' title='bbox 1060 3391 1286 3463; x_wconf 89' lang='lat' dir='ltr'><strong>natale</strong></span> <span class='ocrx_word' id='word_1_221' title='bbox 1331 3393 1772 3464; x_wconf 86' lang='lat' dir='ltr'><strong>beatissimae</strong></span> <span class='ocrx_word' id='word_1_222' title='bbox 1818 3404 1883 3463; x_wconf 92' lang='lat' dir='ltr'><strong>et</strong></span> <span class='ocrx_word' id='word_1_223' title='bbox 1922 3391 2435 3463; x_wconf 77' lang='lat' dir='ltr'><strong>illustrissimae</strong></span> <span class='ocrx_word' id='word_1_224' title='bbox 2485 3393 2794 3464; x_wconf 83' lang='lat' dir='ltr'><strong>Sabinae</strong></span> <span class='ocrx_word' id='word_1_225' title='bbox 2850 3390 3179 3483; x_wconf 57' lang='lat' dir='ltr'><strong>mannis,</strong></span> 
     </span>
     <span class='ocr_line' id='line_1_28' title="bbox 652 3480 3187 3573; baseline -0.002 -20"><span class='ocrx_word' id='word_1_226' title='bbox 652 3503 835 3571; x_wconf 88' lang='lat' dir='ltr'><strong>quae</strong></span> <span class='ocrx_word' id='word_1_227' title='bbox 881 3481 1010 3551; x_wconf 85' lang='lat' dir='ltr'><strong>fuit</strong></span> <span class='ocrx_word' id='word_1_228' title='bbox 1065 3504 1238 3552; x_wconf 87' lang='lat' dir='ltr'><strong>uxor</strong></span> <span class='ocrx_word' id='word_1_229' title='bbox 1304 3480 1831 3573; x_wconf 88' lang='lat' dir='ltr'><strong>plaeclarissimi</strong></span> <span class='ocrx_word' id='word_1_230' title='bbox 1892 3481 2242 3571; x_wconf 88' lang='lat' dir='ltr'><strong>quondam</strong></span> <span class='ocrx_word' id='word_1_231' title='bbox 2314 3481 2698 3563; x_wconf 87' lang='lat' dir='ltr'><strong>Valentini,</strong></span> <span class='ocrx_word' id='word_1_232' title='bbox 2754 3495 2835 3553; x_wconf 82' lang='lat' dir='ltr'><strong>et</strong></span> <span class='ocrx_word' id='word_1_233' title='bbox 2888 3485 3030 3554; x_wconf 84' lang='lat' dir='ltr'><strong>filia</strong></span> <span class='ocrx_word' id='word_1_234' title='bbox 3082 3485 3187 3550; x_wconf 82' lang='lat' dir='ltr'><strong>He·</strong></span> 
     </span>
     <span class='ocr_line' id='line_1_29' title="bbox 648 3569 3193 3731; baseline -0.001 -90"><span class='ocrx_word' id='word_1_235' title='bbox 648 3570 838 3731; x_wconf 49' lang='lat' dir='ltr'><strong>{odis</strong></span> <span class='ocrx_word' id='word_1_236' title='bbox 872 3569 1289 3730; x_wconf 43' lang='lat' dir='ltr'><strong>¹lgetiiillarii:</strong></span> <span class='ocrx_word' id='word_1_237' title='bbox 1343 3576 1530 3655; x_wconf 90' lang='lat' dir='ltr'><strong>Quae</strong></span> <span class='ocrx_word' id='word_1_238' title='bbox 1578 3593 1783 3661; x_wconf 90' lang='lat' dir='ltr'><strong>passa</strong></span> <span class='ocrx_word' id='word_1_239' title='bbox 1828 3584 1951 3652; x_wconf 88' lang='lat' dir='ltr'><strong>est,</strong></span> <span class='ocrx_word' id='word_1_240' title='bbox 2006 3569 2305 3641; x_wconf 84' lang='lat' dir='ltr'><strong>Adriano</strong></span> <span class='ocrx_word' id='word_1_241' title='bbox 2354 3571 2790 3660; x_wconf 88' lang='lat' dir='ltr'><strong>imperante,</strong></span> <span class='ocrx_word' id='word_1_242' title='bbox 2860 3573 2999 3645; x_wconf 88' lang='lat' dir='ltr'><strong>sub</strong></span> <span class='ocrx_word' id='word_1_243' title='bbox 3029 3590 3193 3665; x_wconf 75' lang='lat' dir='ltr'><strong>prae·</strong></span> 
     </span>
     <span class='ocr_line' id='line_1_30' title="bbox 677 3672 1167 3732; baseline -0.004 0"><span class='ocrx_word' id='word_1_244' title='bbox 677 3672 822 3732; x_wconf 90' lang='lat' dir='ltr'><strong>ecto</strong></span> <span class='ocrx_word' id='word_1_245' title='bbox 1002 3683 1021 3728; x_wconf 90' lang='grc' dir='ltr'><strong>ι</strong></span> <span class='ocrx_word' id='word_1_246' title='bbox 1077 3682 1167 3730; x_wconf 91' lang='grc' dir='ltr'><strong>ιο.</strong></span> 
     </span>
    </p>

    <p class='ocr_par' dir='ltr' id='par_1_8' title="bbox 644 3682 3208 4552">
     <span class='ocr_line' id='line_1_31' title="bbox 738 3682 3199 3840; baseline -0.001 -20"><span class='ocrx_word' id='word_1_247' title='bbox 738 3752 776 3838; x_wconf 67' lang='grc' dir='ltr'><strong>ξ</strong></span> <span class='ocrx_word' id='word_1_248' title='bbox 818 3754 909 3820; x_wconf 65' lang='lat'><strong>².</strong></span> <span class='ocrx_word' id='word_1_249' title='bbox 953 3682 1154 3819; x_wconf 48' lang='lat' dir='ltr'><strong>glane</strong></span> <span class='ocrx_word' id='word_1_250' title='bbox 1200 3748 1399 3819; x_wconf 90' lang='lat' dir='ltr'><strong>beata</strong></span> <span class='ocrx_word' id='word_1_251' title='bbox 1447 3748 1640 3839; x_wconf 85' lang='lat' dir='ltr'><strong>virgo</strong></span> <span class='ocrx_word' id='word_1_252' title='bbox 1675 3748 1978 3840; x_wconf 77' lang='lat' dir='ltr'><strong>serapia,</strong></span> <span class='ocrx_word' id='word_1_253' title='bbox 2013 3770 2174 3819; x_wconf 85' lang='lat' dir='ltr'><strong>curn</strong></span> <span class='ocrx_word' id='word_1_254' title='bbox 2219 3748 2289 3819; x_wconf 94' lang='lat' dir='ltr'><strong>in</strong></span> <span class='ocrx_word' id='word_1_255' title='bbox 2330 3747 2537 3819; x_wconf 88' lang='lat' dir='ltr'><strong>domo</strong></span> <span class='ocrx_word' id='word_1_256' title='bbox 2568 3748 2720 3839; x_wconf 88' lang='lat' dir='ltr'><strong>ejus</strong></span> <span class='ocrx_word' id='word_1_257' title='bbox 2772 3767 3199 3823; x_wconf 75' lang='lat' dir='ltr'><strong>conversare·</strong></span> 
     </span>
     <span class='ocr_line' id='line_1_32' title="bbox 647 3837 3203 3929; baseline -0.001 -20"><span class='ocrx_word' id='word_1_258' title='bbox 647 3849 786 3922; x_wconf 88' lang='lat' dir='ltr'><strong>tur,</strong></span> <span class='ocrx_word' id='word_1_259' title='bbox 839 3838 1184 3929; x_wconf 90' lang='lat' dir='ltr'><strong>persuasit</strong></span> <span class='ocrx_word' id='word_1_260' title='bbox 1214 3838 1284 3907; x_wconf 91' lang='lat' dir='ltr'><strong>in</strong></span> <span class='ocrx_word' id='word_1_261' title='bbox 1327 3837 1464 3907; x_wconf 85' lang='lat' dir='ltr'><strong>fide</strong></span> <span class='ocrx_word' id='word_1_262' title='bbox 1503 3837 1775 3907; x_wconf 90' lang='lat' dir='ltr'><strong>Domini</strong></span> <span class='ocrx_word' id='word_1_263' title='bbox 1807 3838 1968 3908; x_wconf 85' lang='lat' dir='ltr'><strong>Jesu</strong></span> <span class='ocrx_word' id='word_1_264' title='bbox 2000 3837 2275 3908; x_wconf 87' lang='lat' dir='ltr'><strong>Christi.</strong></span> <span class='ocrx_word' id='word_1_265' title='bbox 2312 3843 2499 3921; x_wconf 86' lang='lat' dir='ltr'><strong>Quae</strong></span> <span class='ocrx_word' id='word_1_266' title='bbox 2540 3841 3014 3928; x_wconf 90' lang='lat' dir='ltr'><strong>postmodum</strong></span> <span class='ocrx_word' id='word_1_267' title='bbox 3044 3860 3203 3910; x_wconf 81' lang='lat' dir='ltr'><strong>eam-</strong></span> 
     </span>
     <span class='ocr_line' id='line_1_33' title="bbox 647 3924 3205 4018; baseline -0.001 -22"><span class='ocrx_word' id='word_1_268' title='bbox 647 3926 805 3998; x_wconf 89' lang='lat' dir='ltr'><strong>dem</strong></span> <span class='ocrx_word' id='word_1_269' title='bbox 855 3927 1192 4018; x_wconf 86' lang='lat' dir='ltr'><strong>virginem</strong></span> <span class='ocrx_word' id='word_1_270' title='bbox 1242 3949 1467 4014; x_wconf 91' lang='lat' dir='ltr'><strong>usque</strong></span> <span class='ocrx_word' id='word_1_271' title='bbox 1512 3925 1597 3996; x_wconf 93' lang='lat' dir='ltr'><strong>ad</strong></span> <span class='ocrx_word' id='word_1_272' title='bbox 1650 3925 1880 3997; x_wconf 90' lang='lat' dir='ltr'><strong>locum</strong></span> <span class='ocrx_word' id='word_1_273' title='bbox 1932 3926 2278 4017; x_wconf 90' lang='lat' dir='ltr'><strong>passionis</strong></span> <span class='ocrx_word' id='word_1_274' title='bbox 2327 3937 2562 3998; x_wconf 88' lang='lat' dir='ltr'><strong>secuta</strong></span> <span class='ocrx_word' id='word_1_275' title='bbox 2607 3938 2765 3996; x_wconf 86' lang='lat' dir='ltr'><strong>est:</strong></span> <span class='ocrx_word' id='word_1_276' title='bbox 2829 3943 2906 4002; x_wconf 89' lang='lat' dir='ltr'><strong>et</strong></span> <span class='ocrx_word' id='word_1_277' title='bbox 2953 3924 3205 4000; x_wconf 82' lang='lat' dir='ltr'><strong>cumei</strong></span> 
     </span>
     <span class='ocr_line' id='line_1_34' title="bbox 645 4014 3208 4107; baseline -0.002 -19"><span class='ocrx_word' id='word_1_278' title='bbox 645 4014 1034 4107; x_wconf 77' lang='lat' dir='ltr'><strong>praefectus</strong></span> <span class='ocrx_word' id='word_1_279' title='bbox 1081 4015 1396 4105; x_wconf 83' lang='lat' dir='ltr'><strong>Beryllus</strong></span> <span class='ocrx_word' id='word_1_280' title='bbox 1442 4014 1744 4099; x_wconf 89' lang='lat' dir='ltr'><strong>diceret,</strong></span> <span class='ocrx_word' id='word_1_281' title='bbox 1800 4015 1979 4098; x_wconf 91' lang='lat' dir='ltr'><strong>Quid</strong></span> <span class='ocrx_word' id='word_1_282' title='bbox 2029 4015 2155 4086; x_wconf 90' lang='lat' dir='ltr'><strong>tibi</strong></span> <span class='ocrx_word' id='word_1_283' title='bbox 2212 4016 2364 4105; x_wconf 85' lang='lat' dir='ltr'><strong>ipsa</strong></span> <span class='ocrx_word' id='word_1_284' title='bbox 2417 4015 2772 4106; x_wconf 72' lang='lat' dir='ltr'><strong>derogas?</strong></span> <span class='ocrx_word' id='word_1_285' title='bbox 2831 4032 2967 4090; x_wconf 84' lang='lat' dir='ltr'><strong>aut</strong></span> <span class='ocrx_word' id='word_1_286' title='bbox 3016 4035 3208 4107; x_wconf 76' lang='lat' dir='ltr'><strong>quare</strong></span> 
     </span>
     <span class='ocr_line' id='line_1_35' title="bbox 645 4103 3207 4195; baseline -0.001 -19"><span class='ocrx_word' id='word_1_287' title='bbox 645 4105 1080 4195; x_wconf 87' lang='lat' dir='ltr'><strong>temetipsam</strong></span> <span class='ocrx_word' id='word_1_288' title='bbox 1120 4103 1324 4174; x_wconf 86' lang='lat' dir='ltr'><strong>vilem</strong></span> <span class='ocrx_word' id='word_1_289' title='bbox 1362 4103 1640 4174; x_wconf 79' lang='lat' dir='ltr'><strong>reddis?</strong></span> <span class='ocrx_word' id='word_1_290' title='bbox 1688 4117 1808 4174; x_wconf 86' lang='lat' dir='ltr'><strong>aut</strong></span> <span class='ocrx_word' id='word_1_291' title='bbox 1843 4125 2059 4192; x_wconf 89' lang='lat' dir='ltr'><strong>quare</strong></span> <span class='ocrx_word' id='word_1_292' title='bbox 2108 4126 2244 4174; x_wconf 92' lang='lat' dir='ltr'><strong>non</strong></span> <span class='ocrx_word' id='word_1_293' title='bbox 2281 4104 2683 4175; x_wconf 87' lang='lat' dir='ltr'><strong>consideras</strong></span> <span class='ocrx_word' id='word_1_294' title='bbox 2715 4125 2927 4192; x_wconf 83' lang='lat' dir='ltr'><strong>quae</strong></span> <span class='ocrx_word' id='word_1_295' title='bbox 2958 4128 3064 4191; x_wconf 69' lang='lat' dir='ltr'><strong>es»,</strong></span> <span class='ocrx_word' id='word_1_296' title='bbox 3113 4115 3207 4175; x_wconf 79' lang='lat' dir='ltr'><strong>aut</strong></span> 
     </span>
     <span class='ocr_line' id='line_1_36' title="bbox 644 4192 3207 4284; baseline 0 -21"><span class='ocrx_word' id='word_1_297' title='bbox 644 4194 850 4284; x_wconf 90' lang='lat' dir='ltr'><strong>cujus</strong></span> <span class='ocrx_word' id='word_1_298' title='bbox 884 4192 1031 4263; x_wconf 88' lang='lat' dir='ltr'><strong>filia</strong></span> <span class='ocrx_word' id='word_1_299' title='bbox 1067 4197 1195 4263; x_wconf 76' lang='lat' dir='ltr'><strong>es?</strong></span> <span class='ocrx_word' id='word_1_300' title='bbox 1225 4192 1652 4284; x_wconf 84' lang='lat' dir='ltr'><strong>Conjunxisti</strong></span> <span class='ocrx_word' id='word_1_301' title='bbox 1686 4193 1873 4264; x_wconf 90' lang='lat' dir='ltr'><strong>enim</strong></span> <span class='ocrx_word' id='word_1_302' title='bbox 1909 4205 1969 4263; x_wconf 93' lang='lat' dir='ltr'><strong>te</strong></span> <span class='ocrx_word' id='word_1_303' title='bbox 2003 4193 2433 4277; x_wconf 88' lang='lat' dir='ltr'><strong>Christianis,</strong></span> <span class='ocrx_word' id='word_1_304' title='bbox 2468 4207 2536 4264; x_wconf 90' lang='lat' dir='ltr'><strong>et</strong></span> <span class='ocrx_word' id='word_1_305' title='bbox 2563 4192 2788 4264; x_wconf 85' lang='lat' dir='ltr'><strong>oblita</strong></span> <span class='ocrx_word' id='word_1_306' title='bbox 2835 4219 2923 4268; x_wconf 76' lang='lat' dir='ltr'><strong>es</strong></span> <span class='ocrx_word' id='word_1_307' title='bbox 2962 4194 3207 4267; x_wconf 72' lang='lat' dir='ltr'><strong>natales</strong></span> 
     </span>
     <span class='ocr_line' id='line_1_37' title="bbox 645 4281 3201 4376; baseline 0 -25"><span class='ocrx_word' id='word_1_308' title='bbox 645 4293 837 4366; x_wconf 87' lang='lat' dir='ltr'><strong>tuos,</strong></span> <span class='ocrx_word' id='word_1_309' title='bbox 901 4294 968 4351; x_wconf 92' lang='lat' dir='ltr'><strong>et</strong></span> <span class='ocrx_word' id='word_1_310' title='bbox 1026 4283 1430 4352; x_wconf 88' lang='lat' dir='ltr'><strong>memoriam</strong></span> <span class='ocrx_word' id='word_1_311' title='bbox 1475 4281 1838 4364; x_wconf 84' lang='lat' dir='ltr'><strong>tanti-viri,</strong></span> <span class='ocrx_word' id='word_1_312' title='bbox 1889 4282 2092 4373; x_wconf 84' lang='lat' dir='ltr'><strong>cujus</strong></span> <span class='ocrx_word' id='word_1_313' title='bbox 2131 4282 2325 4354; x_wconf 87' lang='lat' dir='ltr'><strong>fuisti</strong></span> <span class='ocrx_word' id='word_1_314' title='bbox 2356 4337 2372 4365; x_wconf 94' lang='lat'>‚</span> <span class='ocrx_word' id='word_1_315' title='bbox 2426 4295 2491 4353; x_wconf 90' lang='lat' dir='ltr'><strong>et</strong></span> <span class='ocrx_word' id='word_1_316' title='bbox 2537 4281 2846 4353; x_wconf 85' lang='lat' dir='ltr'><strong>deorum</strong></span> <span class='ocrx_word' id='word_1_317' title='bbox 2909 4302 3201 4376; x_wconf 78' lang='lat' dir='ltr'><strong>quorum</strong></span> 
     </span>
     <span class='ocr_line' id='line_1_38' title="bbox 644 4370 3207 4462; baseline 0.002 -24"><span class='ocrx_word' id='word_1_318' title='bbox 644 4370 822 4439; x_wconf 90' lang='lat' dir='ltr'><strong>iram</strong></span> <span class='ocrx_word' id='word_1_319' title='bbox 853 4392 1088 4440; x_wconf 87' lang='lat' dir='ltr'><strong>vereor</strong></span> <span class='ocrx_word' id='word_1_320' title='bbox 1118 4393 1204 4441; x_wconf 90' lang='lat' dir='ltr'><strong>ne</strong></span> <span class='ocrx_word' id='word_1_321' title='bbox 1240 4371 1581 4442; x_wconf 89' lang='lat' dir='ltr'><strong>incurras.</strong></span> <span class='ocrx_word' id='word_1_322' title='bbox 1619 4375 1974 4442; x_wconf 86' lang='lat' dir='ltr'><strong>Revertere</strong></span> <span class='ocrx_word' id='word_1_323' title='bbox 2010 4371 2231 4462; x_wconf 84' lang='lat' dir='ltr'><strong>magis</strong></span> <span class='ocrx_word' id='word_1_324' title='bbox 2264 4371 2351 4442; x_wconf 89' lang='lat' dir='ltr'><strong>ad</strong></span> <span class='ocrx_word' id='word_1_325' title='bbox 2391 4371 2681 4442; x_wconf 89' lang='lat' dir='ltr'><strong>domum</strong></span> <span class='ocrx_word' id='word_1_326' title='bbox 2724 4385 2977 4458; x_wconf 78' lang='lat' dir='ltr'><strong>tuam,</strong></span> <span class='ocrx_word' id='word_1_327' title='bbox 3024 4390 3098 4448; x_wconf 83' lang='lat' dir='ltr'><strong>et</strong></span> <span class='ocrx_word' id='word_1_328' title='bbox 3126 4372 3207 4443; x_wconf 81' lang='lat' dir='ltr'><strong>di·</strong></span> 
     </span>
     <span class='ocr_line' id='line_1_39' title="bbox 648 4457 3208 4552; baseline 0.003 -25"><span class='ocrx_word' id='word_1_329' title='bbox 648 4457 843 4528; x_wconf 87' lang='lat' dir='ltr'><strong>mitte</strong></span> <span class='ocrx_word' id='word_1_330' title='bbox 887 4458 1068 4530; x_wconf 90' lang='lat' dir='ltr'><strong>hanc</strong></span> <span class='ocrx_word' id='word_1_331' title='bbox 1106 4459 1477 4535; x_wconf 83' lang='lat' dir='ltr'><strong>nefandam</strong></span> <span class='ocrx_word' id='word_1_332' title='bbox 1507 4515 1525 4545; x_wconf 89' lang='lat'>‚</span> <span class='ocrx_word' id='word_1_333' title='bbox 1578 4481 1756 4549; x_wconf 89' lang='lat' dir='ltr'><strong>quae</strong></span> <span class='ocrx_word' id='word_1_334' title='bbox 1804 4460 2167 4534; x_wconf 86' lang='lat' dir='ltr'><strong>maleficiis</strong></span> <span class='ocrx_word' id='word_1_335' title='bbox 2216 4473 2279 4532; x_wconf 93' lang='lat' dir='ltr'><strong>te</strong></span> <span class='ocrx_word' id='word_1_336' title='bbox 2325 4472 2390 4531; x_wconf 90' lang='lat' dir='ltr'><strong>et</strong></span> <span class='ocrx_word' id='word_1_337' title='bbox 2439 4459 2676 4552; x_wconf 88' lang='lat' dir='ltr'><strong>plures</strong></span> <span class='ocrx_word' id='word_1_338' title='bbox 2723 4459 3147 4538; x_wconf 77' lang='lat' dir='ltr'><strong>demutavit</strong></span> <span class='ocrx_word' id='word_1_339' title='bbox 3180 4482 3208 4528; x_wconf 74' lang='lat' dir='ltr'><strong>a</strong></span> 
     </span>
    </p>
   </div>
   <div class='ocr_carea' id='block_1_7' title="bbox 3259 975 3266 2173">
    <p class='ocr_par' dir='ltr' id='par_1_9' title="bbox 3259 975 3266 2173">
     <span class='ocr_line' id='line_1_40' title="bbox 3259 975 3266 2173; baseline 0 0"><span class='ocrx_word' id='word_1_340' title='bbox 3259 975 3266 2173; x_wconf 95' lang='lat' dir='ltr'><strong> </strong></span> 
     </span>
    </p>
   </div>
   <div class='ocr_carea' id='block_1_8' title="bbox 3257 2314 3269 4133">
    <p class='ocr_par' dir='ltr' id='par_1_10' title="bbox 3257 2314 3269 4133">
     <span class='ocr_line' id='line_1_41' title="bbox 3257 2314 3269 4133; baseline 0 0"><span class='ocrx_word' id='word_1_341' title='bbox 3257 2314 3269 4133; x_wconf 95' lang='lat' dir='ltr'><strong> </strong></span> 
     </span>
    </p>
   </div>
  </div>
 </body>
</html>
