3308 5004
698 322 828 388 392
1278 341 1355 387 nn
1403 339 1668 388 insum
1715 338 2036 387 suessam
2082 338 2145 385 n.
2199 338 2265 385 n.
2319 338 2373 385 J.
2428 337 2485 386 c.
2861 320 3046 386 AUG.
3088 320 3157 385 ⁴6

600 424 878 495 virtutis
904 423 1163 515 effigies
1196 448 1209 492 :
1248 425 1583 512 adjiciens
1612 425 1821 495 etiam
1849 446 2159 504 causam,
2193 445 2440 515 nempe
2465 423 2648 493 filiae
2669 423 3150 505 calamitatem,

604 526 672 583 et
702 513 987 584 omnino
1036 536 1286 606 rogans
1316 526 1382 583 et
1415 514 1704 594 instans,
1745 535 1829 584 ne
1875 513 2322 583 frustraretur
2364 513 2713 603 petitione.
2780 511 2894 582 Illi
2943 525 3154 583 autem

604 602 912 672 Persicos
943 625 1167 673 mores
1214 616 1571 693 susceptos
1617 603 1972 684 habenteS,
2011 614 2078 672 et
2115 602 2453 684 timenteS,
2497 623 2582 671 ne
2621 606 2768 672 Rex
2802 606 3154 671 Persarum

607 690 804 761 vellet
851 713 1091 761 eorum
1132 692 1309 762 vires
1356 690 1515 762 dolo
1563 692 1937 782 surripere,
1992 702 2058 761 et
2105 703 2443 772 caventes,
2498 712 2584 761 ne
2636 711 2800 760 eam
2852 690 2922 759 in
2972 690 3156 781 cujus

605 792 798 850 erant
839 780 1086 860 tutela,
1137 796 1204 851 et
1249 802 1427 868 quae
1479 802 1595 850 eos
1642 780 1977 851 beneficio
2031 779 2394 858 afficiebat,
2454 779 2861 869 perderent,
2919 801 3041 848 nec
3083 799 3152 848 eo

605 881 958 959 praetextu
991 869 1233 939 initam
1284 890 1524 960 pacem
1578 869 1939 951 solverent,
1992 869 2280 959 capiunt
2324 867 2700 938 consilium
2749 867 3056 959 prudens
3097 879 3153 937 et

602 957 703 1028 eis
731 957 923 1028 utile.
977 962 1143 1028 Cum
1199 958 1429 1045 itaque
1475 958 1762 1028 omnino
1794 957 2179 1046 aequalem,
2238 969 2326 1038 et,
2370 957 2598 1044 quoad
2646 957 2808 1044 ejus
2856 957 3004 1026 fieri
3052 977 3151 1046 po-

605 1047 757 1128 tuit,
789 1045 1087 1117 similem
1119 1068 1255 1118 non
1289 1046 1595 1137 depictae
1620 1046 1961 1138 depictam
1990 1046 2415 1117 effinxissent
2443 1046 2859 1137 imaginem,
2886 1045 3148 1115 mittunt

604 1135 691 1204 ad
728 1157 888 1208 eum
922 1136 1046 1222 qui
1133 1136 1391 1205 etierat.
1445 1141 1812 1222 Postquam
1847 1147 2077 1205 autem
2112 1135 2394 1206 fuerunt
2434 1135 2611 1204 intra
2652 1134 2837 1205 fines
2873 1133 3146 1205 Persidis

601 1224 652 1293 ii
703 1228 821 1311 qui
877 1158 1251 1294 afferebant
1297 1223 1671 1315 imaginem
1706 1280 1722 1307 ,
1778 1225 2007 1295 statim
2058 1246 2180 1315 per
2226 1223 2441 1293 filiam
2498 1223 2708 1315 Regis
2761 1222 3150 1292 exclamavit

604 1312 895 1384 daemon
932 1367 947 1393 ‚
1000 1334 1073 1383 se
1128 1313 1358 1383 statim
1406 1314 1752 1383 exiturum
1786 1368 1802 1394 ,
1860 1326 1926 1383 et
1965 1325 2395 1383 mutaturum
2458 1335 2608 1382 esse
2668 1311 3144 1382 habitationem

604 1414 882 1492 propter
927 1401 1104 1488 ejus,
1159 1402 1279 1489 qui
1329 1403 1534 1484 venit,
1592 1402 1988 1493 potentiam,
2043 1403 2102 1471 si
2138 1401 2340 1471 modo
2391 1414 2800 1480 revertatur,
2840 1421 3015 1488 quae
3043 1421 3142 1498 ac·-

606 1491 853 1559 cersita
903 1489 1055 1571 fuit,
1111 1491 1363 1581 imago,
1422 1503 1488 1561 et
1541 1513 1676 1560 non
1734 1491 2241 1582 appropinquet
2295 1493 2565 1581 regiae,
2631 1511 2866 1574 neque
2911 1487 3142 1558 civitati

604 1583 991 1648 Persarum.
1045 1579 1238 1662 Quod
1288 1602 1326 1648 a
1360 1584 1540 1669 Rege
1573 1601 1990 1670 magnopere
2020 1579 2498 1660 contendebat,
2538 1591 2603 1649 et
2632 1581 2724 1650 ab
2758 1600 2841 1648 eo
2882 1575 3144 1668 supplex

605 1667 893 1758 petebat.
948 1673 1114 1738 Cum
1168 1673 1304 1738 Rex
1351 1680 1577 1738 autem
1629 1682 1806 1739 esset
1855 1667 2245 1760 pollicitus,
2298 1690 2574 1757 egresso
2629 1690 2667 1737 e
2724 1665 2962 1769 puella
3007 1665 3142 1733 dae-

601 1778 823 1838 mone,
878 1768 944 1826 et
992 1756 1195 1857 Regis
1244 1756 1387 1826 filia
1435 1757 1709 1827 sanitati
1760 1758 2095 1838 restituta,
2150 1758 2465 1837 Chosroe,
2522 1757 2669 1827 sive
2720 1754 3011 1857 implere
3045 1774 3140 1853 vo·

599 1844 752 1914 lens
801 1845 1160 1915 daemonis
1211 1845 1631 1934 petitionem,
1673 1858 1738 1915 et
1770 1846 2181 1916 confirmare
2209 1846 2392 1933 quod
2423 1858 2565 1916 erat
2599 1845 2982 1937 pollicum,
3017 1861 3138 1911 sive

598 1933 773 2022 ejus,
827 1933 950 2021 qui
1000 1933 1336 2015 veniebat,
1388 1935 1841 2004 extimescens
1884 1935 2254 2026 potentiam
2311 1947 2585 2036 propter
2644 1934 2873 2003 malos
2919 1944 2982 2001 et
3015 1950 3139 1999 sce-

598 2019 804 2092 lestos
854 2043 1017 2092 suos
1068 2044 1312 2105 mores,
1370 2023 1556 2092 misit
1584 2023 1706 2111 qui
1730 2024 2080 2114 juberent,
2120 2037 2195 2093 ut
2243 2024 2409 2093 ha'ec
2440 2045 2675 2114 imago
2711 2032 3136 2092 reverteretur

601 2110 671 2178 in
726 2131 921 2179 suam
967 2110 1306 2180 civitatem
1339 2166 1355 2193 ,
1416 2133 1453 2182 e
1507 2134 1642 2199 qua
1677 2112 1949 2194 exierat,
1995 2113 2282 2202 adjectis
2320 2135 2358 2181 a
2411 2134 2482 2181 se
2537 2113 2778 2182 missis
2830 2109 3024 2181 donis
3066 2102 3134 2174 ad

602 2219 717 2269 eos
764 2199 1064 2286 quieam
1118 2200 1469 2270 miserant.
1516 2206 1723 2270 Erant
1768 2223 1930 2292 ergo
1977 2201 2164 2292 apud
2213 2201 2591 2271 Edessenos
2642 2202 2782 2269 hae
2830 2197 3132 2291 pretiosae

605 2309 792 2378 opes,
849 2288 1236 2370 thesaurus,
1289 2290 1411 2376 qui
1459 2311 1596 2358 non
1648 2302 1867 2379 potest
1911 2290 2275 2369 exinaniri,
2330 2290 2559 2380 imago
2608 2289 2734 2358 illa
2783 2283 3129 2378 primaria,

601 2390 666 2447 et
716 2398 848 2446 non
902 2376 1193 2467 depicta,
1247 2400 1423 2466 quae
1470 2400 1745 2469 semper
1791 2378 1877 2448 ab
1923 2379 2023 2451 eis
2070 2380 2564 2460 honorabatur,
2600 2392 2668 2449 et
2697 2399 2819 2448 eos
2853 2373 3126 2444 vicissim

604 2465 1051 2536 custodiebat.
1639 2505 1647 2517 ·

692 2557 729 2641 ξ
779 2560 939 2625 22.
993 2560 1354 2643 Postquam
1399 2569 1624 2626 autem
1663 2557 1747 2626 ad
1785 2557 1963 2626 hanc
1994 2557 2276 2626 urbium
2314 2557 2624 2648 reginam
2657 2555 2966 2641 undique
2992 2568 3131 2619 con-

602 2643 972 2724 fluxerunt,
1024 2666 1203 2731 quae
1235 2657 1398 2714 sunt
1423 2645 1684 2735 optima
1714 2657 1779 2715 et
1809 2645 2301 2736 pulcherrima,
2345 2659 2628 2733 eratque
2665 2645 2779 2715 Dei
2815 2641 3123 2712 voluntas.

603 2731 781 2801 hanc
810 2754 1083 2819 quoque
1117 2755 1382 2803 sacram
1436 2733 1809 2824 imaginem
1865 2733 1975 2803 hic
2024 2733 2303 2802 recondi
2350 2757 2511 2804 cum
2554 2735 2715 2804 aliis
2766 2726 3123 2802 thesauris:

603 2825 978 2902 RomanuS,
1032 2822 1154 2908 qui
1201 2834 1345 2891 erat
1392 2826 1857 2892 Romanorum
1910 2822 2240 2892 dominus
2300 2823 2622 2912 imperii,
2679 2821 2983 2892 studium
3026 2809 3128 2911 at}-

601 2908 812 2989 hibet,
866 2923 942 2978 ut
989 2931 1111 2999 per
1140 2910 1369 3000 ipsum
1422 2911 1775 2981 civitatum
1832 2911 2065 3001 regina
2107 2911 2285 2980 hanc
2324 2925 2818 2999 consequatur.
2863 2907 3126 3006 Diversts

602 3017 759 3064 vero
808 2997 1235 3087 temporibus
1284 2999 1565 3068 mittens
1613 3000 1962 3079 Edessam,
2017 3000 2308 3090 petebat,
2362 3011 2440 3069 ut
2486 3023 2564 3070 ea
2613 3022 2778 3071 cum
2826 2988 3120 3087 Epistola,

599 3105 806 3170 quam
861 3086 1192 3158 Dominus
1235 3110 1359 3157 sua
1402 3111 1614 3158 manu
1662 3089 2054 3177 scripserat,
2109 3089 2191 3158 ad
2229 3111 2386 3158 eum
2427 3089 2854 3159 mitteretur:
2903 3094 3126 3171 etpro-

600 3173 932 3254 mittebat,
987 3197 1058 3244 se
1106 3187 1344 3245 contra
1390 3177 1490 3246 eis
1537 3176 1861 3246 daturum
1914 3178 1981 3245 in
2038 3177 2538 3268 permutatione
2588 3183 3122 3269 Saracenosnu·

598 3282 790 3347 wmero
837 3261 1192 3345 ducentos,
1236 3276 1301 3333 et
1333 3266 1596 3354 argenti
1649 3266 1901 3355 signati
1949 3266 2316 3336 duodecim
2371 3266 2613 3336 millia.
2669 3265 2985 3335 Edesseni
3016 3273 3121 3323 au-

604 3361 734 3418 tem
804 3350 1123 3421 dicebant
1184 3353 1318 3422 sibi
1382 3375 1515 3422 non
1581 3354 2015 3436 conducere,
2080 3377 2245 3425 suae
2305 3355 2600 3425 civitatis
2667 3350 3007 3425 custodem
3065 3348 3120 3407 et

600 3441 1166 3510 conservatricem
1219 3455 1500 3531 argento
1532 3454 1596 3511 et
1630 3443 2031 3513 hominibus
2081 3443 2487 3514 mortalibus
2520 3454 2934 3535 permutare.
2975 3437 3120 3502 Cum

600 3539 824 3601 autem
865 3528 978 3598 ille
1009 3550 1210 3618 saepe
1248 3529 1542 3686 petendo
1589 3530 1895 3612 instaret,
1932 3531 2029 3600 illi
2063 3554 2219 3602 vero
2253 3555 2456 3622 saepe
2492 3554 2728 3624 preces
2768 3523 3113 3615 rejicerent,

600 3615 870 3684 tandem
897 3617 1115 3687 sexies
1147 3618 1236 3686 mi
1274 3618 1514 3689 lesimo
1545 3619 2230 3711 quadringentesimo
2262 3602 3117 3713 quinquagesimosecupdo

593 3726 779 3774 anno
803 3705 890 3775 ab
925 3706 1189 3797 origine
1226 3706 1492 3788 mundi,
1525 3708 1714 3778 misit
1751 3714 2026 3779 Ameras
2055 3709 2464 3790 EdessenuS,
2504 3731 2756 3801 rogans
2795 3717 2867 3775 ut
2888 3703 3117 3782 scripta

593 3794 909 3863 cautione
947 3817 1066 3886 per
1112 3817 1397 3865 aureum
1433 3797 1900 3888 signaculum,
1954 3799 2135 3886 quod
2185 3798 2463 3868 haberet
2511 3799 2922 3892 firmitatem,
2966 3780 3117 3881 fide*

582 3882 862 3972 juberet
909 3884 1304 3975 imperator,
1362 3906 1493 3956 non
1547 3908 1698 3957 esse
1747 3892 2212 3958 Romanorum
2265 3888 2602 3958 exercitus
2652 3881 2976 3955 hostiliter
3024 3887 3115 3936 111-

590 3993 876 4042 vasuros
923 3985 1219 4060 quatuor
1265 3974 1615 4045 civitates:
1669 3975 1825 4045 dico
1872 3988 2098 4045 autem
2155 3976 2452 4046 Rhocam
2482 4030 2502 4057 ,
2557 3996 2767 4064 quam
2818 3986 2933 4036 vox
2976 3960 3113 4028 bar-

591 4061 755 4129 bara
804 4074 997 4132 vocat
1059 4062 1429 4146 Edessam,
1487 4065 1774 4134 Charam
1809 4120 1824 4147 ,
1880 4070 2149 4135 Sarotze
2213 4079 2279 4136 et
2327 4071 2722 4135 Samosata:
2784 4071 2990 4151 neque
3040 4059 3109 4111 81

589 4169 822 4217 eorum
876 4151 1062 4242 agris
1114 4152 1403 4242 praedas
1448 4175 1598 4223 esse
1646 4165 1946 4234 acturos,
2001 4166 2119 4224 aut
2165 4175 2282 4224 eos
2329 4154 2451 4242 qui
2490 4155 2560 4223 in
2611 4153 2750 4223 illis
2794 4140 3097 4215 habitant,

595 4236 1001 4309 redacturus
1049 4242 1119 4309 in
1169 4241 1682 4332 captivitatem:
1737 4243 2106 4312 tradendos
2156 4256 2384 4313 autem
2436 4265 2586 4313 esse
2634 4239 2761 4312 sibi
2800 4233 3102 4324 ducentos

592 4327 968 4398 Saracenos
1015 4350 1095 4397 ex
1142 4330 1677 4412 contribulibus,
1731 4353 1891 4401 cum
1939 4354 2041 4413 ea,
2094 4353 2271 4419 quae
2334 4331 2529 4421 prius
2582 4331 2710 4401 fuit
2767 4326 3096 4414 promissa,

594 4414 974 4498 quantitate
1038 4419 1394 4506 pecuniae.
1461 4419 1653 4501 Quod
1715 4421 1776 4489 si
1844 4419 2139 4501 faceret,
2217 4420 2420 4492 sciret
2480 4442 2553 4490 se
2613 4418 2698 4490 ad
2762 4429 2909 4483 eum
2971 4409 3101 4467 <³⁵⁸⁰
