3308 5004
701 298 833 368 696
1170 315 1251 363 nt
1295 313 1351 362 s,
1403 312 1763 368 Aususrnto
1808 312 2010 362 muse.
2061 310 2139 362 ιτ
2186 313 2359 362 accc.
2411 312 2592 362 noer.
2834 295 3037 364 ΔΗΕ.
3083 299 3162 364 28

611 398 1244 476 innumerabilibus
1285 398 1589 470 infandis
1640 397 1842 469 malis
1896 398 1979 470 de
2032 397 2315 487 opulata
2350 409 2474 479 est,
2517 397 2693 472 nulli
2729 400 2958 482 sexui,
2995 399 3160 472 nulli

612 511 905 584 parcens
952 488 1179 569 aetati,
1238 510 1362 560 nec
1410 488 1585 578 ipsis
1614 487 1730 558 Dei
1779 509 1971 557 sacer
2022 486 2253 557 otibus
2304 485 2402 557 vel
2441 487 2800 569 ministris,
2835 511 2971 559 nec
3005 489 3165 579 ipsis

612 577 1060 650 ecclesiarum
1093 577 1546 660 ornamentis,
1601 598 1724 649 seu
1774 576 2273 657 instrumentiS,
2302 574 2405 645 vel
2454 576 2816 647 aedificiis,
2875 583 2962 648 Et
2991 577 3162 649 hanc

609 666 1106 740 ferocissimam
1152 666 1452 736 hostium
1497 666 1995 755 grassationem
2030 677 2095 734 et
2145 665 2588 735 vastationem
2628 665 2744 735 ille
2777 666 3001 737 homo
3033 669 3158 744 Dei.

611 759 678 826 et
722 754 969 827 factam
1037 754 1250 826 fuisse
1305 766 1371 825 et
1422 754 1597 835 fieri,
1653 775 1788 823 non
1840 767 1916 824 ut
1960 754 2209 823 caeteri
2281 754 2645 833 homines,
2698 755 3053 826 sentiebat
3111 769 3164 827 et

610 843 992 946 cogitabat:
1063 843 1179 916 sed
1228 843 1439 914 altius
1484 857 1549 913 et
1590 842 2005 934 profundius
2050 865 2200 939 eam
2262 842 2733 919 considerans,
2786 858 2856 913 et
2913 845 2991 914 in
3047 845 3161 915 hac

611 955 1002 1004 ammarum
1044 933 1409 1023 praecipue
1457 932 1555 1002 vel
1613 930 1941 1022 pericula,
1999 931 2097 1001 vel
2135 945 2404 1003 -mortes
2454 932 2905 1021 praevidenS,
2973 933 3163 1004 solito

613 1021 916 1114 amplius
953 1021 1314 1112 (quoniam
1364 1033 1438 1090 ut
1479 1020 1812 1110 scriptum
1861 1033 1987 1090 est:
2049 1020 2180 1103 Qui
2241 1021 2528 1110 apponit
2573 1021 2977 1102 scientiam,
3046 1046 3153 1114 ap-

612 1111 807 1205 ponit
844 1109 1176 1192 dolorem,
1226 1122 1314 1186 et.
1368 1114 1492 1179 Cor
1538 1108 1958 1199 intelligens,
2024 1109 2224 1197 quasi
2274 1110 2456 1180 tinea
2503 1110 2830 1198 ossibus)
2883 1110 3160 1182 fuerunt

611 1200 675 1270 ei
725 1199 1074 1289 lacrymae
1125 1220 1339 1290 panes
1385 1197 1496 1270 die
1557 1220 1637 1267 ac
1690 1211 1923 1278 nocte,
1976 1198 2623 1286 amarissimamque
2672 1215 2737 1269 et
2785 1197 3154 1288 lugubrem

666 1311 780 1358 rae
812 1288 1096 1358 caeteris
1145 1309 1310 1359 suae
1359 1287 1728 1358 senectutis
1753 1286 1903 1444 fam
1962 1308 2132 1378 pene
2179 1300 2548 1356 extremam
2598 1287 2904 1360 ducebat
2949 1312 3036 1358 ac
3073 1304 3158 1359 to-

640 1377 874 1448 erabat
909 1376 1140 1448 vitam.
1177 1375 1459 1446 Videbat
1490 1376 1673 1445 enim
1702 1375 1744 1444 il
1779 1397 1815 1444 e
1847 1376 2054 1446 homo
2075 1376 2187 1445 Dei
2221 1376 2528 1446 civitates
2558 1376 2823 1448 excidio
2857 1378 3155 1467 perditas

612 1467 869 1559 pariter
915 1489 1071 1538 cum
1125 1465 1484 1546 aedificiis,
1540 1464 1857 1533 villarum
1914 1487 2000 1533 ue
2049 1464 2462 1535 habitatores
2509 1465 2682 1536 alios
2715 1465 2964 1537 hostili
3009 1489 3156 1535 nece

614 1555 970 1635 extinctos,
1015 1554 1185 1624 alios
1233 1553 1568 1644 effugatos
1609 1566 1815 1640 atque
1909 1554 2233 1644 ispersos‚
2288 1554 2627 1624 Ecclesias
2678 1555 3149 1626 sacerdotibus

608 1666 689 1714 ac
740 1644 1078 1714 ministris
1110 1643 1496 1724 destitutas,
1533 1642 1972 1732 virginesque
2017 1665 2250 1712 sacras
2286 1657 2351 1713 et
2390 1665 2701 1730 quosque
2728 1645 3153 1715 continentes

611 1732 872 1820 ubique
911 1731 1318 1822 dissipatos:
1352 1743 1418 1800 et
1458 1732 1524 1800 in
1571 1731 1679 1801 his
1711 1729 1885 1800 alios
1932 1730 2260 1801 defecisse
2310 1733 2687 1811 tormentis,
2722 1732 2903 1802 alios
2935 1732 3150 1823 gladio

616 1821 1068 1911 interemptos
1114 1843 1302 1891 esse:
1356 1820 1528 1890 alios
1576 1820 1646 1889 in
1698 1820 2107 1910 captivitate,
2167 1820 2428 1910 perdita
2467 1820 2685 1890 animi
2730 1835 2797 1890 et
2853 1823 3150 1911 corporis

619 1910 1012 2000 integritate
1042 1931 1120 1979 ac
1153 1909 1335 1990 fidei,
1383 1907 1564 1978 malo
1590 1931 1776 1977 more
1807 1932 1884 1978 ac
1915 1908 2092 1978 duro
2116 1909 2431 1979 hostibus
2455 1909 2822 1979 deservire:
2863 1910 3146 2000 hymnos

626 1999 742 2067 Dei
794 2012 859 2066 et
907 1996 1147 2067 laudes
1175 1998 1262 2067 ab
1309 1996 1618 2067 ecclesiis
1665 1996 2035 2088 deperisse,
2075 1998 2387 2068 aedificia
2414 1997 2865 2068 ecclesiarum
2917 2022 3146 2086 quam·

678 2086 954 2157 lurimis
995 2085 1161 2157 locis
1208 2085 1490 2175 ignibus
1538 2099 1971 2156 concremata
2019 2107 2213 2157 esse:
2266 2086 2602 2156 solemnia
2640 2110 2943 2175 quoque,
2984 2108 3143 2175 quae

620 2109 756 2248 Beo
785 2174 1145 2257 debentur,
1184 2175 1269 2245 de
1303 2175 1601 2266 propriis
1628 2173 1796 2245 locis
1824 2174 2188 2244 defecisse:
2233 2175 2572 2247 sacrificia
2596 2199 2678 2245 ac
2728 2191 3140 2246 sacramenta

620 2263 854 2334 divina
904 2262 1002 2334 vel
1042 2285 1176 2333 non
1226 2265 1490 2352 quaeri,
1544 2263 1643 2332 vel
1686 2265 2039 2350 quaerenti
2085 2264 2204 2351 qui
2256 2264 2501 2344 tradat,
2536 2287 2670 2334 non
2724 2264 2924 2335 facile
2964 2285 3137 2354 repe-

612 2353 734 2423 riri
769 2376 783 2420 =
841 2353 907 2422 in
948 2353 1135 2442 ipsas
1170 2353 1505 2423 montium
1559 2352 1788 2442 sylvas
1827 2365 1891 2422 et
1923 2375 2252 2423 cavernas
2288 2367 2634 2443 petrarum
2680 2366 2745 2423 et
2785 2354 3132 2444 speluncas

610 2441 1109 2534 confugientes,
1164 2441 1264 2513 v'el
1313 2441 1396 2513 ad
1450 2463 1924 2601 quascumque
1964 2442 2431 2513 munitiones:
2485 2442 2659 2513 alios
2707 2442 2909 2514 fuisse
2930 2462 3124 2529 expu-

611 2546 857 2624 gnatos
884 2545 948 2601 et
981 2531 1394 2613 interfectos,
1429 2554 1467 2601 a
1502 2532 1602 2601 ios
1636 2532 2042 2602 necessariis
2068 2530 2558 2603 sustentaculis
2589 2532 3108 2626 evolutos‚atque

608 2621 934 2711 privatOS‚
974 2636 1047 2691 ut
1080 2621 1257 2690 fame
1285 2620 1864 2713 contabescerent:
1902 2620 2224 2710 ipsosque
2247 2620 2692 2691 ecclesiarum
2733 2629 3105 2711 praepositos

606 2722 673 2781 et
719 2709 1028 2791 clericoS‚
1080 2709 1202 2797 qui
1260 2707 1430 2780 forte
1488 2709 1598 2779 Dei
1640 2708 1972 2779 beneficio
2024 2710 2120 2779 vel
2170 2731 2286 2779 eos
2344 2732 2478 2780 non
2557 2710 2982 2786 incurreram,
3015 2701 3109 2772 vel

609 2798 1044 2868 incurrentes
1091 2809 1467 2879 evaserant,
1524 2799 1730 2869 rebus
1777 2797 2105 2868 omnibus
2154 2799 2528 2889 expoliatos
2575 2812 2779 2886 atque
2825 2795 3114 2872 nudatos,

606 2887 1097 2987 egentissimos
1135 2887 1554 2969 mendicare,
1609 2909 1734 2957 nec
1782 2886 1868 2956 iis
1916 2887 2243 2958 omnibus
2289 2886 2374 2957 ad
2408 2887 2667 2970 omnia,
2714 2887 2963 2975 quibus
3001 2881 3120 2954 sut-

606 2976 836 3046 ctendi
877 2988 1128 3056 essent,
1182 2976 1532 3046 subveniri
1565 2998 1788 3066 posse.

694 3066 912 3151 §8¹1
942 3064 1057 3133 Vix
1077 3077 1211 3135 tres
1234 3065 1659 3155 superstiteS,
1685 3088 1763 3135 ex
1786 3063 2436 3146 innumerabilibus,
2458 3063 2784 3136 ecclesias
2803 3059 3112 3224 {uidebat}

608 3153 1238 3243 Carthaginensem,
1292 3154 1806 3244 Hipponensem
1855 3168 1920 3223 et
1966 3155 2362 3234 cirtensem,
2417 3176 2594 3241 quae
2645 3153 2758 3222 Dei
2875 3148 3121 3224 eneficio

603 3242 870 3311 excisae
904 3264 1041 3311 non
1091 3253 1274 3322 sunt,
1318 3255 1382 3311 et
1411 3264 1648 3313 earum
1707 3256 2110 3333 permanent
2156 3242 2486 3323 civitates.
2539 3256 2604 3312 et
2638 3241 2884 3313 divino
2931 3257 2990 3313 et
3009 3241 3120 3310 hu·

608 3352 816 3400 mano
864 3329 1074 3400 fultae
1130 3330 1497 3421 praesidio,
1553 3332 1709 3401 licet
1757 3344 1909 3421 post
1953 3332 2108 3419 ejus
2152 3332 2416 3402 obitum
2467 3332 2637 3402 urbs
2683 3328 3136 3422 Hipponensis

605 3418 854 3489 incolis
902 3418 1248 3499 destituta,
1286 3421 1373 3491 ab
1415 3420 1729 3491 hostibus
1776 3420 1981 3490 fuerit
2013 3435 2466 3491 concremata.
2514 3426 2591 3491 Et
2636 3441 2709 3489 se
2760 3420 2945 3490 inter
2992 3421 3137 3490 haec

606 3507 789 3577 mala
840 3506 954 3579 ille
1006 3508 1211 3580 homo
1245 3509 1358 3577 Dei
1421 3508 1793 3597 cujusdam
1846 3509 2176 3598 sapientis
2224 3510 2562 3580 sententia
2625 3509 3134 3587 consolabatur,

600 3595 944 3666 dicentis:
990 3601 1135 3669 Non
1184 3597 1309 3666 erit
1362 3619 1679 3689 magnus,
1727 3620 2057 3687 magnum
2113 3613 2383 3686 putans,
2436 3597 2616 3686 quod
2654 3597 2925 3669 cadunt
2974 3598 3146 3688 ligna

597 3699 664 3756 et
702 3685 990 3776 lapideS,
1043 3701 1108 3756 et
1143 3686 1537 3756 moriuntur
1586 3687 1930 3757 mortales.
1989 3691 2168 3757 Haec
2213 3709 2376 3777 ergo
2424 3686 2660 3757 omnia
2708 3686 2850 3767 ille,
2892 3702 2973 3757 ut
3015 3698 3148 3756 erat

599 3774 761 3853 alte,
781 3776 1080 3864 sapiens,
1137 3775 1444 3862 quotidie
1492 3776 1788 3846 ubertim
1830 3776 2056 3845 flebat.
2101 3777 2538 3863 Accrevitque
2599 3777 3041 3848 moeroribus
3092 3785 3152 3845 et

606 3861 1219 3933 lamentationibus
1266 3865 1441 3952 ejuS,
1495 3879 1571 3935 ut
1598 3865 1801 3936 etiam
1838 3865 2068 3934 adhuc
2106 3887 2184 3934 eo
2217 3865 2281 3932 in
2309 3887 2436 3935 suo
2485 3876 2666 3935 statu
2706 3865 3146 3943 consistente,

600 3952 689 4022 ad
737 3952 1048 4024 eamdem
1087 3952 1635 4043 Hipponensium
1671 3953 2029 4043 regionum
2056 3953 2396 4024 civitatem
2432 3953 2519 4023 ab
2558 3953 2798 4022 iisdem
2838 3952 3153 4024 hostibus

601 4042 952 4111 veniretur
1025 4041 1505 4111 obsidendam.
1559 4045 1893 4125 Quoniam
1941 4042 2008 4110 in
2081 4043 2232 4132 ejus
2306 4055 2469 4112 tunc
2537 4041 2942 4115 defensione
3016 4054 3157 4115 erat

578 4130 1016 4201 'constitutus
1055 4135 1294 4201 Comes
1339 4130 1622 4219 quidam
1660 4128 2077 4211 Bonifacius,
2126 4153 2285 4202 cum
2337 4130 2739 4201 Gotthorum
2795 4130 3154 4219 quondam

599 4216 990 4288 foederatus
1036 4219 1362 4300 exercitu,
1406 4241 1614 4306 quam
1667 4219 1909 4289 urbem
1963 4219 2176 4289 ferme
2223 4219 2742 4306 quatuordecim
2795 4219 3153 4290 mensibus

602 4306 1003 4376 conclusam
1071 4307 1510 4377 obsederunt.
1563 4313 1726 4378 Nam
1779 4321 1843 4377 et
1891 4307 2055 4380 litus
2106 4308 2206 4379 illi
2258 4309 2606 4379 marinum
2658 4308 3154 4379 interclusione

606 4394 1080 4465 abstulerunt:
1154 4401 1301 4479 Quo
1370 4396 1574 4467 etiam
1649 4398 1915 4487 nosipsi
1992 4397 2077 4467 de
2153 4396 2378 4467 vicino
2439 4419 2601 4469 cum
2674 4397 2833 4467 aliis
2899 4396 3156 4468 nostris
