<?xml version="1.0" encoding="UTF-8"?>
<!DOCTYPE html PUBLIC "-//W3C//DTD XHTML 1.0 Transitional//EN"
    "http://www.w3.org/TR/xhtml1/DTD/xhtml1-transitional.dtd">
<html xmlns="http://www.w3.org/1999/xhtml" xml:lang="en" lang="en">
 <head>
  <title>
</title>
<meta http-equiv="Content-Type" content="text/html;charset=utf-8" />
  <meta name='ocr-system' content='tesseract 3.04.00' />
  <meta name='ocr-capabilities' content='ocr_page ocr_carea ocr_par ocr_line ocrx_word'/>
</head>
<body>
  <div class='ocr_page' id='page_1' title='image "./historiaeseuvit01lippgoog_0445.png"; bbox 0 0 3308 5004; ppageno 0'>
   <div class='ocr_carea' id='block_1_1' title="bbox 209 320 2654 396">
    <p class='ocr_par' dir='ltr' id='par_1_1' title="bbox 209 320 2654 396">
     <span class='ocr_line' id='line_1_1' title="bbox 209 320 2654 396; baseline 0.004 -9"><span class='ocrx_word' id='word_1_1' title='bbox 209 320 397 387; x_wconf 76' lang='lat' dir='ltr'>AUG.</span> <span class='ocrx_word' id='word_1_2' title='bbox 450 321 537 387; x_wconf 77' lang='lat'>20</span> <span class='ocrx_word' id='word_1_3' title='bbox 864 339 943 387; x_wconf 78' lang='lat' dir='ltr'>nx</span> <span class='ocrx_word' id='word_1_4' title='bbox 991 339 1047 386; x_wconf 86' lang='lat' dir='ltr'>S.</span> <span class='ocrx_word' id='word_1_5' title='bbox 1104 336 1473 388; x_wconf 58' lang='lat' dir='ltr'>salussam</span> <span class='ocrx_word' id='word_1_6' title='bbox 1521 341 1765 390; x_wconf 65' lang='lat' dir='ltr'>Anaua</span> <span class='ocrx_word' id='word_1_7' title='bbox 1811 342 2084 392; x_wconf 69' lang='lat' dir='ltr'>stunt.</span> <span class='ocrx_word' id='word_1_8' title='bbox 2534 329 2654 396; x_wconf 65' lang='lat'>434</span> 
     </span>
    </p>
   </div>
   <div class='ocr_carea' id='block_1_2' title="bbox 158 422 2762 4513">
    <p class='ocr_par' dir='ltr' id='par_1_2' title="bbox 205 422 2761 1932">
     <span class='ocr_line' id='line_1_2' title="bbox 207 422 2753 519; baseline 0.003 -25"><span class='ocrx_word' id='word_1_9' title='bbox 207 423 297 494; x_wconf 90' lang='lat' dir='ltr'>ad</span> <span class='ocrx_word' id='word_1_10' title='bbox 348 422 802 505; x_wconf 91' lang='lat' dir='ltr'>coenobium,</span> <span class='ocrx_word' id='word_1_11' title='bbox 867 436 943 494; x_wconf 90' lang='lat' dir='ltr'>ut</span> <span class='ocrx_word' id='word_1_12' title='bbox 1003 422 1508 495; x_wconf 76' lang='lat' dir='ltr'><strong>solemnitatem</strong></span> <span class='ocrx_word' id='word_1_13' title='bbox 1569 425 1966 497; x_wconf 78' lang='lat' dir='ltr'>celebraret.</span> <span class='ocrx_word' id='word_1_14' title='bbox 2022 427 2150 500; x_wconf 90' lang='lat' dir='ltr'>Ubi</span> <span class='ocrx_word' id='word_1_15' title='bbox 2214 428 2301 499; x_wconf 92' lang='lat' dir='ltr'>ad</span> <span class='ocrx_word' id='word_1_16' title='bbox 2367 430 2753 519; x_wconf 77' lang='lat' dir='ltr'>sequanam</span> 
     </span>
     <span class='ocr_line' id='line_1_3' title="bbox 209 510 2752 608; baseline 0.004 -27"><span class='ocrx_word' id='word_1_17' title='bbox 209 525 493 583; x_wconf 90' lang='lat' dir='ltr'>ventum</span> <span class='ocrx_word' id='word_1_18' title='bbox 546 523 670 592; x_wconf 89' lang='lat' dir='ltr'>est,</span> <span class='ocrx_word' id='word_1_19' title='bbox 733 534 894 582; x_wconf 90' lang='lat' dir='ltr'>cum</span> <span class='ocrx_word' id='word_1_20' title='bbox 947 510 1278 584; x_wconf 82' lang='lat' dir='ltr'>fratribus</span> <span class='ocrx_word' id='word_1_21' title='bbox 1332 513 1690 604; x_wconf 86' lang='lat' dir='ltr'>ingressus</span> <span class='ocrx_word' id='word_1_22' title='bbox 1750 526 1854 585; x_wconf 86' lang='lat' dir='ltr'>est</span> <span class='ocrx_word' id='word_1_23' title='bbox 1911 515 1983 585; x_wconf 88' lang='lat' dir='ltr'>in</span> <span class='ocrx_word' id='word_1_24' title='bbox 2049 516 2488 600; x_wconf 90' lang='lat' dir='ltr'>naviculam,</span> <span class='ocrx_word' id='word_1_25' title='bbox 2553 520 2752 608; x_wconf 91' lang='lat' dir='ltr'>equis</span> 
     </span>
     <span class='ocr_line' id='line_1_4' title="bbox 208 599 2752 700; baseline 0.004 -29"><span class='ocrx_word' id='word_1_26' title='bbox 208 601 281 671; x_wconf 92' lang='lat' dir='ltr'>in</span> <span class='ocrx_word' id='word_1_27' title='bbox 334 601 614 692; x_wconf 85' lang='lat' dir='ltr'>pascuis</span> <span class='ocrx_word' id='word_1_28' title='bbox 661 599 1030 672; x_wconf 76' lang='lat' dir='ltr'>derelictis,</span> <span class='ocrx_word' id='word_1_29' title='bbox 1082 606 1290 673; x_wconf 90' lang='lat' dir='ltr'>Porro</span> <span class='ocrx_word' id='word_1_30' title='bbox 1336 601 1620 691; x_wconf 87' lang='lat' dir='ltr'>quidam</span> <span class='ocrx_word' id='word_1_31' title='bbox 1672 603 1878 695; x_wconf 84' lang='lat' dir='ltr'>Regis</span> <span class='ocrx_word' id='word_1_32' title='bbox 1926 603 2325 676; x_wconf 83' lang='lat' dir='ltr'>forestarius</span> <span class='ocrx_word' id='word_1_33' title='bbox 2384 620 2752 700; x_wconf 89' lang='lat' dir='ltr'>conspecto</span> 
     </span>
     <span class='ocr_line' id='line_1_5' title="bbox 205 689 2750 784; baseline 0.003 -24"><span class='ocrx_word' id='word_1_34' title='bbox 205 711 412 777; x_wconf 89' lang='lat' dir='ltr'>equo,</span> <span class='ocrx_word' id='word_1_35' title='bbox 464 689 579 760; x_wconf 91' lang='lat' dir='ltr'>cui</span> <span class='ocrx_word' id='word_1_36' title='bbox 627 690 733 759; x_wconf 92' lang='lat' dir='ltr'>vir</span> <span class='ocrx_word' id='word_1_37' title='bbox 778 702 1061 761; x_wconf 91' lang='lat' dir='ltr'>sanctus</span> <span class='ocrx_word' id='word_1_38' title='bbox 1107 691 1494 774; x_wconf 88' lang='lat' dir='ltr'>insederat,</span> <span class='ocrx_word' id='word_1_39' title='bbox 1550 690 1749 762; x_wconf 90' lang='lat' dir='ltr'>illum</span> <span class='ocrx_word' id='word_1_40' title='bbox 1798 691 2049 783; x_wconf 81' lang='lat' dir='ltr'>abegit.</span> <span class='ocrx_word' id='word_1_41' title='bbox 2102 699 2471 784; x_wconf 89' lang='lat' dir='ltr'>Postquam</span> <span class='ocrx_word' id='word_1_42' title='bbox 2520 709 2750 767; x_wconf 89' lang='lat' dir='ltr'>autem</span> 
     </span>
     <span class='ocr_line' id='line_1_6' title="bbox 206 777 2759 870; baseline 0.002 -21"><span class='ocrx_word' id='word_1_43' title='bbox 206 777 522 850; x_wconf 86' lang='lat' dir='ltr'>cubitum</span> <span class='ocrx_word' id='word_1_44' title='bbox 560 778 711 860; x_wconf 91' lang='lat' dir='ltr'>ivit,</span> <span class='ocrx_word' id='word_1_45' title='bbox 768 791 1046 870; x_wconf 85' lang='lat' dir='ltr'>repente</span> <span class='ocrx_word' id='word_1_46' title='bbox 1091 801 1458 870; x_wconf 82' lang='lat' dir='ltr'>exurgens,</span> <span class='ocrx_word' id='word_1_47' title='bbox 1514 779 1697 851; x_wconf 88' lang='lat' dir='ltr'>videt</span> <span class='ocrx_word' id='word_1_48' title='bbox 1744 793 1952 852; x_wconf 88' lang='lat' dir='ltr'>totam</span> <span class='ocrx_word' id='word_1_49' title='bbox 1993 781 2275 852; x_wconf 91' lang='lat' dir='ltr'>domum</span> <span class='ocrx_word' id='word_1_50' title='bbox 2319 806 2517 854; x_wconf 91' lang='lat' dir='ltr'>suam</span> <span class='ocrx_word' id='word_1_51' title='bbox 2558 786 2759 856; x_wconf 90' lang='lat' dir='ltr'>flam-</span> 
     </span>
     <span class='ocr_line' id='line_1_7' title="bbox 208 866 2756 963; baseline 0.003 -26"><span class='ocrx_word' id='word_1_52' title='bbox 208 867 346 938; x_wconf 87' lang='lat' dir='ltr'>mis</span> <span class='ocrx_word' id='word_1_53' title='bbox 389 866 783 938; x_wconf 88' lang='lat' dir='ltr'>exitialibus</span> <span class='ocrx_word' id='word_1_54' title='bbox 842 869 1294 960; x_wconf 86' lang='lat' dir='ltr'>conflagrare.</span> <span class='ocrx_word' id='word_1_55' title='bbox 1349 873 1517 939; x_wconf 92' lang='lat' dir='ltr'>Cum</span> <span class='ocrx_word' id='word_1_56' title='bbox 1583 890 1741 940; x_wconf 91' lang='lat' dir='ltr'>vero</span> <span class='ocrx_word' id='word_1_57' title='bbox 1807 892 1980 941; x_wconf 88' lang='lat' dir='ltr'>uxor</span> <span class='ocrx_word' id='word_1_58' title='bbox 2039 872 2192 963; x_wconf 77' lang='lat' dir='ltr'>eJus</span> <span class='ocrx_word' id='word_1_59' title='bbox 2251 871 2567 943; x_wconf 84' lang='lat' dir='ltr'>flammas</span> <span class='ocrx_word' id='word_1_60' title='bbox 2616 895 2756 944; x_wconf 90' lang='lat' dir='ltr'>non</span> 
     </span>
     <span class='ocr_line' id='line_1_8' title="bbox 212 955 2752 1062; baseline 0.002 -36"><span class='ocrx_word' id='word_1_61' title='bbox 212 955 494 1039; x_wconf 88' lang='lat' dir='ltr'>videret,</span> <span class='ocrx_word' id='word_1_62' title='bbox 545 970 610 1027; x_wconf 90' lang='lat' dir='ltr'>et</span> <span class='ocrx_word' id='word_1_63' title='bbox 657 978 816 1027; x_wconf 90' lang='lat' dir='ltr'>eum</span> <span class='ocrx_word' id='word_1_64' title='bbox 868 957 1152 1028; x_wconf 89' lang='lat' dir='ltr'>anxium</span> <span class='ocrx_word' id='word_1_65' title='bbox 1199 969 1530 1040; x_wconf 87' lang='lat' dir='ltr'>cerneret,</span> <span class='ocrx_word' id='word_1_66' title='bbox 1585 957 1816 1029; x_wconf 90' lang='lat' dir='ltr'>subito</span> <span class='ocrx_word' id='word_1_67' title='bbox 1861 958 2067 1030; x_wconf 87' lang='lat' dir='ltr'>etiam</span> <span class='ocrx_word' id='word_1_68' title='bbox 2118 961 2268 1062; x_wconf 91' lang='lat' dir='ltr'>ipsa</span> <span class='ocrx_word' id='word_1_69' title='bbox 2324 960 2514 1044; x_wconf 86' lang='lat' dir='ltr'>vidit,</span> <span class='ocrx_word' id='word_1_70' title='bbox 2567 962 2752 1051; x_wconf 94' lang='lat' dir='ltr'>quod</span> 
     </span>
     <span class='ocr_line' id='line_1_9' title="bbox 213 1044 2760 1138; baseline 0.003 -23"><span class='ocrx_word' id='word_1_71' title='bbox 213 1045 411 1136; x_wconf 90' lang='lat' dir='ltr'>prius</span> <span class='ocrx_word' id='word_1_72' title='bbox 457 1066 594 1117; x_wconf 88' lang='lat' dir='ltr'>non</span> <span class='ocrx_word' id='word_1_73' title='bbox 648 1044 931 1129; x_wconf 88' lang='lat' dir='ltr'>viderat,</span> <span class='ocrx_word' id='word_1_74' title='bbox 966 1046 1324 1137; x_wconf 90' lang='lat' dir='ltr'>coepitque</span> <span class='ocrx_word' id='word_1_75' title='bbox 1373 1046 1785 1138; x_wconf 87' lang='lat' dir='ltr'>percontari,</span> <span class='ocrx_word' id='word_1_76' title='bbox 1839 1070 2007 1118; x_wconf 90' lang='lat' dir='ltr'>num</span> <span class='ocrx_word' id='word_1_77' title='bbox 2056 1048 2223 1137; x_wconf 78' lang='lat' dir='ltr'>quid</span> <span class='ocrx_word' id='word_1_78' title='bbox 2271 1070 2309 1120; x_wconf 91' lang='lat' dir='ltr'>e</span> <span class='ocrx_word' id='word_1_79' title='bbox 2365 1048 2572 1122; x_wconf 89' lang='lat' dir='ltr'>rebus</span> <span class='ocrx_word' id='word_1_80' title='bbox 2618 1072 2760 1121; x_wconf 90' lang='lat' dir='ltr'>ser-</span> 
     </span>
     <span class='ocr_line' id='line_1_10' title="bbox 210 1133 2756 1226; baseline 0.003 -25"><span class='ocrx_word' id='word_1_81' title='bbox 210 1155 454 1204; x_wconf 87' lang='lat' dir='ltr'>vorum</span> <span class='ocrx_word' id='word_1_82' title='bbox 505 1133 623 1205; x_wconf 90' lang='lat' dir='ltr'>Dei</span> <span class='ocrx_word' id='word_1_83' title='bbox 671 1156 794 1226; x_wconf 90' lang='lat' dir='ltr'>per</span> <span class='ocrx_word' id='word_1_84' title='bbox 838 1133 1153 1205; x_wconf 88' lang='lat' dir='ltr'>fraudem</span> <span class='ocrx_word' id='word_1_85' title='bbox 1214 1134 1347 1207; x_wconf 88' lang='lat' dir='ltr'>sibi</span> <span class='ocrx_word' id='word_1_86' title='bbox 1395 1135 1847 1208; x_wconf 86' lang='lat' dir='ltr'>vendicasset.</span> <span class='ocrx_word' id='word_1_87' title='bbox 1900 1136 2029 1208; x_wconf 92' lang='lat' dir='ltr'>Illo</span> <span class='ocrx_word' id='word_1_88' title='bbox 2075 1159 2246 1221; x_wconf 90' lang='lat' dir='ltr'>rem,</span> <span class='ocrx_word' id='word_1_89' title='bbox 2299 1150 2376 1209; x_wconf 96' lang='lat' dir='ltr'>ut</span> <span class='ocrx_word' id='word_1_90' title='bbox 2420 1149 2587 1221; x_wconf 90' lang='lat' dir='ltr'>erat,</span> <span class='ocrx_word' id='word_1_91' title='bbox 2639 1160 2756 1209; x_wconf 92' lang='lat' dir='ltr'>ex-</span> 
     </span>
     <span class='ocr_line' id='line_1_11' title="bbox 209 1222 2761 1324; baseline 0.003 -33"><span class='ocrx_word' id='word_1_92' title='bbox 209 1235 552 1313; x_wconf 86' lang='lat' dir='ltr'>ponente,</span> <span class='ocrx_word' id='word_1_93' title='bbox 605 1222 810 1294; x_wconf 90' lang='lat' dir='ltr'>ambo</span> <span class='ocrx_word' id='word_1_94' title='bbox 866 1223 1128 1324; x_wconf 86' lang='lat' dir='ltr'>pariter</span> <span class='ocrx_word' id='word_1_95' title='bbox 1173 1223 1438 1294; x_wconf 89' lang='lat' dir='ltr'>nullam</span> <span class='ocrx_word' id='word_1_96' title='bbox 1507 1223 1641 1296; x_wconf 91' lang='lat' dir='ltr'>sibi</span> <span class='ocrx_word' id='word_1_97' title='bbox 1706 1223 1956 1295; x_wconf 91' lang='lat' dir='ltr'>dedere</span> <span class='ocrx_word' id='word_1_98' title='bbox 2014 1226 2320 1315; x_wconf 90' lang='lat' dir='ltr'>requiem</span> <span class='ocrx_word' id='word_1_99' title='bbox 2360 1282 2375 1309; x_wconf 92' lang='lat'>,</span> <span class='ocrx_word' id='word_1_100' title='bbox 2429 1227 2645 1299; x_wconf 92' lang='lat' dir='ltr'>donec</span> <span class='ocrx_word' id='word_1_101' title='bbox 2693 1240 2761 1299; x_wconf 88' lang='lat' dir='ltr'>et</span> 
     </span>
     <span class='ocr_line' id='line_1_12' title="bbox 208 1311 2750 1406; baseline 0.002 -24"><span class='ocrx_word' id='word_1_102' title='bbox 208 1332 433 1399; x_wconf 88' lang='lat' dir='ltr'>equus</span> <span class='ocrx_word' id='word_1_103' title='bbox 478 1324 655 1383; x_wconf 90' lang='lat' dir='ltr'>esset</span> <span class='ocrx_word' id='word_1_104' title='bbox 690 1311 1023 1394; x_wconf 88' lang='lat' dir='ltr'>redd1tus,</span> <span class='ocrx_word' id='word_1_105' title='bbox 1059 1322 1125 1382; x_wconf 88' lang='lat' dir='ltr'>et</span> <span class='ocrx_word' id='word_1_106' title='bbox 1152 1325 1432 1404; x_wconf 87' lang='lat' dir='ltr'>accepta</span> <span class='ocrx_word' id='word_1_107' title='bbox 1478 1313 1895 1404; x_wconf 78' lang='lat' dir='ltr'>poenitentia</span> <span class='ocrx_word' id='word_1_108' title='bbox 1937 1315 2206 1387; x_wconf 91' lang='lat' dir='ltr'>veniam</span> <span class='ocrx_word' id='word_1_109' title='bbox 2241 1316 2750 1406; x_wconf 86' lang='lat' dir='ltr'>impetrassent.</span> 
     </span>
     <span class='ocr_line' id='line_1_13' title="bbox 208 1400 2753 1493; baseline 0.001 -23"><span class='ocrx_word' id='word_1_110' title='bbox 208 1400 589 1472; x_wconf 81' lang='lat' dir='ltr'>Monachus</span> <span class='ocrx_word' id='word_1_111' title='bbox 644 1400 955 1487; x_wconf 91' lang='lat' dir='ltr'>quidam,</span> <span class='ocrx_word' id='word_1_112' title='bbox 1008 1401 1122 1470; x_wconf 90' lang='lat' dir='ltr'>cui</span> <span class='ocrx_word' id='word_1_113' title='bbox 1161 1413 1307 1471; x_wconf 87' lang='lat' dir='ltr'>erat</span> <span class='ocrx_word' id='word_1_114' title='bbox 1354 1423 1478 1493; x_wconf 89' lang='lat' dir='ltr'>pro</span> <span class='ocrx_word' id='word_1_115' title='bbox 1528 1424 1716 1473; x_wconf 88' lang='lat' dir='ltr'>more</span> <span class='ocrx_word' id='word_1_116' title='bbox 1764 1425 1843 1474; x_wconf 93' lang='lat' dir='ltr'>ae</span> <span class='ocrx_word' id='word_1_117' title='bbox 1899 1416 2197 1475; x_wconf 88' lang='lat' dir='ltr'>rotorum</span> <span class='ocrx_word' id='word_1_118' title='bbox 2248 1426 2414 1475; x_wconf 89' lang='lat' dir='ltr'>cura</span> <span class='ocrx_word' id='word_1_119' title='bbox 2463 1403 2753 1475; x_wconf 92' lang='lat' dir='ltr'>deman-</span> 
     </span>
     <span class='ocr_line' id='line_1_14' title="bbox 207 1488 2755 1574; baseline 0.002 -16"><span class='ocrx_word' id='word_1_120' title='bbox 207 1488 394 1571; x_wconf 88' lang='lat' dir='ltr'>data,</span> <span class='ocrx_word' id='word_1_121' title='bbox 434 1512 595 1560; x_wconf 90' lang='lat' dir='ltr'>cum</span> <span class='ocrx_word' id='word_1_122' title='bbox 635 1489 919 1560; x_wconf 89' lang='lat' dir='ltr'>adversa</span> <span class='ocrx_word' id='word_1_123' title='bbox 970 1489 1281 1561; x_wconf 88' lang='lat' dir='ltr'>laborare</span> <span class='ocrx_word' id='word_1_124' title='bbox 1328 1490 1720 1562; x_wconf 91' lang='lat' dir='ltr'>valetudine</span> <span class='ocrx_word' id='word_1_125' title='bbox 1769 1492 1830 1560; x_wconf 92' lang='lat' dir='ltr'>vi</span> <span class='ocrx_word' id='word_1_126' title='bbox 1884 1503 2138 1574; x_wconf 86' lang='lat' dir='ltr'>eretur,</span> <span class='ocrx_word' id='word_1_127' title='bbox 2192 1492 2294 1563; x_wconf 90' lang='lat' dir='ltr'>vir</span> <span class='ocrx_word' id='word_1_128' title='bbox 2350 1493 2459 1563; x_wconf 85' lang='lat' dir='ltr'>Dei</span> <span class='ocrx_word' id='word_1_129' title='bbox 2511 1493 2634 1565; x_wconf 91' lang='lat' dir='ltr'>ubi</span> <span class='ocrx_word' id='word_1_130' title='bbox 2683 1492 2755 1563; x_wconf 89' lang='lat' dir='ltr'>id</span> 
     </span>
     <span class='ocr_line' id='line_1_15' title="bbox 207 1577 2758 1672; baseline 0.001 -24"><span class='ocrx_word' id='word_1_131' title='bbox 207 1577 505 1659; x_wconf 86' lang='lat' dir='ltr'>rescivit,</span> <span class='ocrx_word' id='word_1_132' title='bbox 557 1577 653 1648; x_wconf 88' lang='lat' dir='ltr'>ait</span> <span class='ocrx_word' id='word_1_133' title='bbox 697 1577 787 1648; x_wconf 87' lang='lat' dir='ltr'>ad</span> <span class='ocrx_word' id='word_1_134' title='bbox 834 1600 1044 1649; x_wconf 85' lang='lat' dir='ltr'>eum:</span> <span class='ocrx_word' id='word_1_135' title='bbox 1098 1602 1136 1647; x_wconf 86' lang='lat'><strong>«</strong></span> <span class='ocrx_word' id='word_1_136' title='bbox 1169 1578 1431 1650; x_wconf 89' lang='lat' dir='ltr'>Habeto</span> <span class='ocrx_word' id='word_1_137' title='bbox 1477 1579 1712 1661; x_wconf 86' lang='lat' dir='ltr'>fldem,</span> <span class='ocrx_word' id='word_1_138' title='bbox 1763 1591 1828 1650; x_wconf 90' lang='lat' dir='ltr'>et</span> <span class='ocrx_word' id='word_1_139' title='bbox 1874 1581 2172 1672; x_wconf 83' lang='lat' dir='ltr'>aegrotis</span> <span class='ocrx_word' id='word_1_140' title='bbox 2214 1582 2542 1665; x_wconf 89' lang='lat' dir='ltr'>serviens,</span> <span class='ocrx_word' id='word_1_141' title='bbox 2580 1580 2758 1652; x_wconf 89' lang='lat' dir='ltr'>liber</span> 
     </span>
     <span class='ocr_line' id='line_1_16' title="bbox 207 1666 2758 1762; baseline 0.002 -26"><span class='ocrx_word' id='word_1_142' title='bbox 207 1679 354 1737; x_wconf 86' lang='lat' dir='ltr'>esto</span> <span class='ocrx_word' id='word_1_143' title='bbox 416 1666 504 1736; x_wconf 93' lang='lat' dir='ltr'>ab</span> <span class='ocrx_word' id='word_1_144' title='bbox 560 1666 690 1737; x_wconf 88' lang='lat' dir='ltr'>hac</span> <span class='ocrx_word' id='word_1_145' title='bbox 738 1667 1162 1737; x_wconf 85' lang='lat' dir='ltr'>infirmitate.</span> <span class='ocrx_word' id='word_1_146' title='bbox 1210 1695 1235 1730; x_wconf 71' lang='grc' dir='ltr'><strong><em>ι</em></strong></span> <span class='ocrx_word' id='word_1_147' title='bbox 1291 1666 1722 1755; x_wconf 89' lang='lat' dir='ltr'>Simulatque</span> <span class='ocrx_word' id='word_1_148' title='bbox 1785 1669 2049 1740; x_wconf 89' lang='lat' dir='ltr'>audivit</span> <span class='ocrx_word' id='word_1_149' title='bbox 2111 1670 2482 1741; x_wconf 85' lang='lat' dir='ltr'>&#39;ussionem</span> <span class='ocrx_word' id='word_1_150' title='bbox 2542 1671 2758 1762; x_wconf 90' lang='lat' dir='ltr'>patris</span> 
     </span>
     <span class='ocr_line' id='line_1_17' title="bbox 209 1755 2759 1838; baseline 0.001 -13"><span class='ocrx_word' id='word_1_151' title='bbox 209 1755 621 1837; x_wconf 90' lang='lat' dir='ltr'>monachus,</span> <span class='ocrx_word' id='word_1_152' title='bbox 677 1755 919 1826; x_wconf 90' lang='lat' dir='ltr'>morbo</span> <span class='ocrx_word' id='word_1_153' title='bbox 964 1755 1360 1838; x_wconf 88' lang='lat' dir='ltr'>absolutus,</span> <span class='ocrx_word' id='word_1_154' title='bbox 1416 1756 1503 1827; x_wconf 91' lang='lat' dir='ltr'>ad</span> <span class='ocrx_word' id='word_1_155' title='bbox 1558 1756 1848 1828; x_wconf 84' lang='lat' dir='ltr'>fratrum</span> <span class='ocrx_word' id='word_1_156' title='bbox 1899 1757 2079 1828; x_wconf 90' lang='lat' dir='ltr'>male</span> <span class='ocrx_word' id='word_1_157' title='bbox 2160 1758 2513 1830; x_wconf 89' lang='lat' dir='ltr'>abentium</span> <span class='ocrx_word' id='word_1_158' title='bbox 2554 1758 2759 1828; x_wconf 90' lang='lat' dir='ltr'>mini-</span> 
     </span>
     <span class='ocr_line' id='line_1_18' title="bbox 207 1844 1605 1932; baseline -0.001 -18"><span class='ocrx_word' id='word_1_159' title='bbox 207 1844 418 1914; x_wconf 88' lang='lat' dir='ltr'>steria</span> <span class='ocrx_word' id='word_1_160' title='bbox 457 1866 530 1915; x_wconf 90' lang='lat' dir='ltr'>se</span> <span class='ocrx_word' id='word_1_161' title='bbox 566 1844 885 1914; x_wconf 87' lang='lat' dir='ltr'>contulit.</span> <span class='ocrx_word' id='word_1_162' title='bbox 1601 1928 1605 1932; x_wconf 89' lang='lat'>.</span> 
     </span>
    </p>

    <p class='ocr_par' dir='ltr' id='par_1_3' title="bbox 158 1933 2762 3624">
     <span class='ocr_line' id='line_1_19' title="bbox 297 1933 2757 2027; baseline 0 -22"><span class='ocrx_word' id='word_1_163' title='bbox 297 1934 336 2021; x_wconf 69' lang='grc' dir='ltr'>ἓ</span> <span class='ocrx_word' id='word_1_164' title='bbox 382 1938 530 2005; x_wconf 74' lang='lat' dir='ltr'>m.</span> <span class='ocrx_word' id='word_1_165' title='bbox 584 1933 1157 2005; x_wconf 84' lang='lat' dir='ltr'>Proficiscebatur</span> <span class='ocrx_word' id='word_1_166' title='bbox 1196 1933 1613 2021; x_wconf 88' lang='lat' dir='ltr'>quandoque</span> <span class='ocrx_word' id='word_1_167' title='bbox 1660 1934 1766 2004; x_wconf 90' lang='lat' dir='ltr'>vir</span> <span class='ocrx_word' id='word_1_168' title='bbox 1798 1946 2082 2006; x_wconf 89' lang='lat' dir='ltr'>sanctus</span> <span class='ocrx_word' id='word_1_169' title='bbox 2110 1935 2296 2027; x_wconf 92' lang='lat' dir='ltr'>apud</span> <span class='ocrx_word' id='word_1_170' title='bbox 2331 1941 2591 2007; x_wconf 90' lang='lat' dir='ltr'>Isaram</span> <span class='ocrx_word' id='word_1_171' title='bbox 2630 1936 2757 2006; x_wconf 89' lang='lat' dir='ltr'>flu-</span> 
     </span>
     <span class='ocr_line' id='line_1_20' title="bbox 207 2021 2759 2113; baseline 0.002 -22"><span class='ocrx_word' id='word_1_172' title='bbox 207 2021 398 2093; x_wconf 90' lang='lat' dir='ltr'>vium</span> <span class='ocrx_word' id='word_1_173' title='bbox 432 2075 448 2103; x_wconf 95' lang='lat'>,</span> <span class='ocrx_word' id='word_1_174' title='bbox 494 2034 561 2093; x_wconf 89' lang='lat' dir='ltr'>et</span> <span class='ocrx_word' id='word_1_175' title='bbox 606 2043 766 2092; x_wconf 88' lang='lat' dir='ltr'>cum</span> <span class='ocrx_word' id='word_1_176' title='bbox 825 2027 1295 2094; x_wconf 87' lang='lat' dir='ltr'>Romanorum</span> <span class='ocrx_word' id='word_1_177' title='bbox 1362 2021 1701 2113; x_wconf 85' lang='lat' dir='ltr'>attigisset</span> <span class='ocrx_word' id='word_1_178' title='bbox 1751 2036 2050 2112; x_wconf 88' lang='lat' dir='ltr'>portum,</span> <span class='ocrx_word' id='word_1_179' title='bbox 2105 2047 2239 2095; x_wconf 90' lang='lat' dir='ltr'>non</span> <span class='ocrx_word' id='word_1_180' title='bbox 2292 2024 2567 2095; x_wconf 87' lang='lat' dir='ltr'>invento</span> <span class='ocrx_word' id='word_1_181' title='bbox 2614 2024 2759 2095; x_wconf 90' lang='lat' dir='ltr'>illic</span> 
     </span>
     <span class='ocr_line' id='line_1_21' title="bbox 208 2109 2755 2211; baseline 0.002 -32"><span class='ocrx_word' id='word_1_182' title='bbox 208 2109 509 2211; x_wconf 83' lang='lat' dir='ltr'>navigio,</span> <span class='ocrx_word' id='word_1_183' title='bbox 561 2109 647 2181; x_wconf 92' lang='lat' dir='ltr'>ad</span> <span class='ocrx_word' id='word_1_184' title='bbox 698 2110 1051 2203; x_wconf 90' lang='lat' dir='ltr'>supplices</span> <span class='ocrx_word' id='word_1_185' title='bbox 1087 2133 1322 2202; x_wconf 90' lang='lat' dir='ltr'>preces</span> <span class='ocrx_word' id='word_1_186' title='bbox 1367 2133 1442 2182; x_wconf 91' lang='lat' dir='ltr'>se</span> <span class='ocrx_word' id='word_1_187' title='bbox 1493 2112 1881 2201; x_wconf 89' lang='lat' dir='ltr'>prostravit.</span> <span class='ocrx_word' id='word_1_188' title='bbox 1935 2117 2240 2204; x_wconf 86' lang='lat' dir='ltr'>Surgens</span> <span class='ocrx_word' id='word_1_189' title='bbox 2289 2113 2448 2184; x_wconf 90' lang='lat' dir='ltr'>inde</span> <span class='ocrx_word' id='word_1_190' title='bbox 2478 2137 2518 2183; x_wconf 91' lang='lat' dir='ltr'>a</span> <span class='ocrx_word' id='word_1_191' title='bbox 2552 2125 2755 2196; x_wconf 88' lang='lat' dir='ltr'>terra,</span> 
     </span>
     <span class='ocr_line' id='line_1_22' title="bbox 208 2199 2759 2273; baseline 0.001 -3"><span class='ocrx_word' id='word_1_192' title='bbox 208 2205 429 2270; x_wconf 75' lang='lat' dir='ltr'>cernit</span> <span class='ocrx_word' id='word_1_193' title='bbox 460 2199 849 2270; x_wconf 89' lang='lat' dir='ltr'>naviculam</span> <span class='ocrx_word' id='word_1_194' title='bbox 882 2223 924 2270; x_wconf 92' lang='lat' dir='ltr'>a</span> <span class='ocrx_word' id='word_1_195' title='bbox 955 2201 1244 2271; x_wconf 89' lang='lat' dir='ltr'>Domino</span> <span class='ocrx_word' id='word_1_196' title='bbox 1294 2200 1605 2272; x_wconf 91' lang='lat' dir='ltr'>missam.</span> <span class='ocrx_word' id='word_1_197' title='bbox 1641 2206 1719 2272; x_wconf 91' lang='lat' dir='ltr'>In</span> <span class='ocrx_word' id='word_1_198' title='bbox 1751 2223 1899 2271; x_wconf 89' lang='lat' dir='ltr'>eam</span> <span class='ocrx_word' id='word_1_199' title='bbox 1952 2224 2110 2271; x_wconf 91' lang='lat' dir='ltr'>cum</span> <span class='ocrx_word' id='word_1_200' title='bbox 2150 2201 2369 2273; x_wconf 89' lang='lat' dir='ltr'>multa</span> <span class='ocrx_word' id='word_1_201' title='bbox 2404 2203 2520 2273; x_wconf 90' lang='lat' dir='ltr'>Dei</span> <span class='ocrx_word' id='word_1_202' title='bbox 2554 2201 2759 2273; x_wconf 90' lang='lat' dir='ltr'>laude</span> 
     </span>
     <span class='ocr_line' id='line_1_23' title="bbox 208 2288 2758 2392; baseline 0.002 -35"><span class='ocrx_word' id='word_1_203' title='bbox 208 2289 591 2388; x_wconf 80' lang='lat' dir='ltr'>ingressuS‚</span> <span class='ocrx_word' id='word_1_204' title='bbox 630 2311 791 2358; x_wconf 90' lang='lat' dir='ltr'>cum</span> <span class='ocrx_word' id='word_1_205' title='bbox 843 2289 1048 2360; x_wconf 89' lang='lat' dir='ltr'>sociis</span> <span class='ocrx_word' id='word_1_206' title='bbox 1087 2288 1347 2359; x_wconf 86' lang='lat' dir='ltr'>flumen</span> <span class='ocrx_word' id='word_1_207' title='bbox 1400 2290 1805 2360; x_wconf 88' lang='lat' dir='ltr'>transmisit.</span> <span class='ocrx_word' id='word_1_208' title='bbox 1863 2289 2212 2374; x_wconf 88' lang='lat' dir='ltr'>Quaedam</span> <span class='ocrx_word' id='word_1_209' title='bbox 2263 2290 2586 2392; x_wconf 84' lang='lat' dir='ltr'>religiosa</span> <span class='ocrx_word' id='word_1_210' title='bbox 2623 2290 2758 2362; x_wconf 90' lang='lat' dir='ltr'>foe-</span> 
     </span>
     <span class='ocr_line' id='line_1_24' title="bbox 212 2376 2752 2469; baseline 0.002 -25"><span class='ocrx_word' id='word_1_211' title='bbox 212 2397 401 2447; x_wconf 78' lang='lat' dir='ltr'>mina</span> <span class='ocrx_word' id='word_1_212' title='bbox 432 2377 502 2447; x_wconf 93' lang='lat' dir='ltr'>in</span> <span class='ocrx_word' id='word_1_213' title='bbox 540 2376 701 2447; x_wconf 93' lang='lat' dir='ltr'>villa</span> <span class='ocrx_word' id='word_1_214' title='bbox 738 2378 1077 2448; x_wconf 89' lang='lat' dir='ltr'>Pinverno</span> <span class='ocrx_word' id='word_1_215' title='bbox 1118 2377 1341 2448; x_wconf 90' lang='lat' dir='ltr'>virum</span> <span class='ocrx_word' id='word_1_216' title='bbox 1386 2378 1503 2447; x_wconf 91' lang='lat' dir='ltr'>Dei</span> <span class='ocrx_word' id='word_1_217' title='bbox 1537 2379 1608 2447; x_wconf 89' lang='lat' dir='ltr'>in</span> <span class='ocrx_word' id='word_1_218' title='bbox 1638 2400 1768 2449; x_wconf 93' lang='lat' dir='ltr'>suo</span> <span class='ocrx_word' id='word_1_219' title='bbox 1796 2379 2058 2469; x_wconf 86' lang='lat' dir='ltr'>excepit</span> <span class='ocrx_word' id='word_1_220' title='bbox 2105 2378 2483 2462; x_wconf 76' lang='lat' dir='ltr'>domicilio,</span> <span class='ocrx_word' id='word_1_221' title='bbox 2517 2401 2752 2462; x_wconf 79' lang='lat' dir='ltr'>oranS,</span> 
     </span>
     <span class='ocr_line' id='line_1_25' title="bbox 209 2465 2758 2558; baseline 0.002 -23"><span class='ocrx_word' id='word_1_222' title='bbox 209 2477 288 2535; x_wconf 94' lang='lat' dir='ltr'>ut</span> <span class='ocrx_word' id='word_1_223' title='bbox 334 2465 405 2536; x_wconf 91' lang='lat' dir='ltr'>in</span> <span class='ocrx_word' id='word_1_224' title='bbox 440 2465 801 2539; x_wconf 90' lang='lat' dir='ltr'>cellarium</span> <span class='ocrx_word' id='word_1_225' title='bbox 863 2465 1256 2558; x_wconf 80' lang='lat' dir='ltr'>ingressuS,</span> <span class='ocrx_word' id='word_1_226' title='bbox 1315 2487 1432 2537; x_wconf 88' lang='lat' dir='ltr'>vas</span> <span class='ocrx_word' id='word_1_227' title='bbox 1481 2466 1823 2538; x_wconf 89' lang='lat' dir='ltr'>vinarium</span> <span class='ocrx_word' id='word_1_228' title='bbox 1874 2467 2350 2539; x_wconf 87' lang='lat' dir='ltr'>benediceret:</span> <span class='ocrx_word' id='word_1_229' title='bbox 2406 2467 2758 2557; x_wconf 89' lang='lat' dir='ltr'>simulque</span> 
     </span>
     <span class='ocr_line' id='line_1_26' title="bbox 208 2555 2760 2648; baseline 0.002 -25"><span class='ocrx_word' id='word_1_230' title='bbox 208 2555 367 2626; x_wconf 83' lang='lat' dir='ltr'>cibe</span> <span class='ocrx_word' id='word_1_231' title='bbox 412 2569 712 2646; x_wconf 90' lang='lat' dir='ltr'>sumpto,</span> <span class='ocrx_word' id='word_1_232' title='bbox 765 2577 846 2626; x_wconf 92' lang='lat' dir='ltr'>ea</span> <span class='ocrx_word' id='word_1_233' title='bbox 894 2567 1088 2627; x_wconf 91' lang='lat' dir='ltr'>nocte</span> <span class='ocrx_word' id='word_1_234' title='bbox 1126 2555 1313 2647; x_wconf 91' lang='lat' dir='ltr'>apud</span> <span class='ocrx_word' id='word_1_235' title='bbox 1347 2556 1568 2648; x_wconf 89' lang='lat' dir='ltr'>ipsam</span> <span class='ocrx_word' id='word_1_236' title='bbox 1623 2568 2078 2647; x_wconf 88' lang='lat' dir='ltr'>permaneret.</span> <span class='ocrx_word' id='word_1_237' title='bbox 2120 2558 2427 2629; x_wconf 81' lang='lat' dir='ltr'>Assensit</span> <span class='ocrx_word' id='word_1_238' title='bbox 2464 2557 2568 2627; x_wconf 89' lang='lat' dir='ltr'>vir</span> <span class='ocrx_word' id='word_1_239' title='bbox 2601 2558 2760 2628; x_wconf 92' lang='lat' dir='ltr'>bea-</span> 
     </span>
     <span class='ocr_line' id='line_1_27' title="bbox 208 2643 2756 2738; baseline 0.001 -26"><span class='ocrx_word' id='word_1_240' title='bbox 208 2657 345 2726; x_wconf 87' lang='lat' dir='ltr'>tus,</span> <span class='ocrx_word' id='word_1_241' title='bbox 389 2655 455 2713; x_wconf 87' lang='lat' dir='ltr'>et</span> <span class='ocrx_word' id='word_1_242' title='bbox 503 2665 630 2734; x_wconf 89' lang='lat' dir='ltr'>pro</span> <span class='ocrx_word' id='word_1_243' title='bbox 676 2643 831 2732; x_wconf 88' lang='lat' dir='ltr'>ejus</span> <span class='ocrx_word' id='word_1_244' title='bbox 878 2644 1138 2716; x_wconf 91' lang='lat' dir='ltr'>honore</span> <span class='ocrx_word' id='word_1_245' title='bbox 1184 2645 1455 2715; x_wconf 88' lang='lat' dir='ltr'>cunctis</span> <span class='ocrx_word' id='word_1_246' title='bbox 1491 2645 1643 2735; x_wconf 87' lang='lat' dir='ltr'>ejus</span> <span class='ocrx_word' id='word_1_247' title='bbox 1674 2645 1926 2716; x_wconf 91' lang='lat' dir='ltr'>domus</span> <span class='ocrx_word' id='word_1_248' title='bbox 1959 2656 2103 2716; x_wconf 76' lang='lat' dir='ltr'>turn</span> <span class='ocrx_word' id='word_1_249' title='bbox 2140 2646 2557 2738; x_wconf 88' lang='lat' dir='ltr'>hospitibus,</span> <span class='ocrx_word' id='word_1_250' title='bbox 2611 2660 2756 2716; x_wconf 88' lang='lat' dir='ltr'>tum</span> 
     </span>
     <span class='ocr_line' id='line_1_28' title="bbox 206 2731 2755 2837; baseline 0.001 -36"><span class='ocrx_word' id='word_1_251' title='bbox 206 2731 739 2816; x_wconf 82' lang='lat' dir='ltr'>habitatoribuS,</span> <span class='ocrx_word' id='word_1_252' title='bbox 794 2732 1076 2825; x_wconf 85' lang='lat' dir='ltr'>largiter</span> <span class='ocrx_word' id='word_1_253' title='bbox 1122 2756 1201 2804; x_wconf 93' lang='lat' dir='ltr'>ex</span> <span class='ocrx_word' id='word_1_254' title='bbox 1250 2733 1370 2804; x_wconf 93' lang='lat' dir='ltr'>illo</span> <span class='ocrx_word' id='word_1_255' title='bbox 1416 2732 1575 2803; x_wconf 94' lang='lat' dir='ltr'>vino</span> <span class='ocrx_word' id='word_1_256' title='bbox 1625 2734 2046 2817; x_wconf 80' lang='lat' dir='ltr'>bibentibuS‚</span> <span class='ocrx_word' id='word_1_257' title='bbox 2134 2748 2447 2837; x_wconf 84' lang='lat' dir='ltr'>ostquam</span> <span class='ocrx_word' id='word_1_258' title='bbox 2484 2748 2755 2805; x_wconf 82' lang='lat' dir='ltr'>mature</span> 
     </span>
     <span class='ocr_line' id='line_1_29' title="bbox 207 2820 2757 2912; baseline 0.001 -22"><span class='ocrx_word' id='word_1_259' title='bbox 207 2820 326 2891; x_wconf 89' lang='lat' dir='ltr'>ille</span> <span class='ocrx_word' id='word_1_260' title='bbox 376 2820 538 2891; x_wconf 90' lang='lat' dir='ltr'>inde</span> <span class='ocrx_word' id='word_1_261' title='bbox 577 2821 882 2904; x_wconf 89' lang='lat' dir='ltr'>recessit,</span> <span class='ocrx_word' id='word_1_262' title='bbox 934 2821 1238 2894; x_wconf 89' lang='lat' dir='ltr'>foemina</span> <span class='ocrx_word' id='word_1_263' title='bbox 1285 2823 1356 2892; x_wconf 93' lang='lat' dir='ltr'>in</span> <span class='ocrx_word' id='word_1_264' title='bbox 1405 2822 1766 2894; x_wconf 89' lang='lat' dir='ltr'>cellarium</span> <span class='ocrx_word' id='word_1_265' title='bbox 1815 2823 2063 2894; x_wconf 90' lang='lat' dir='ltr'>descen</span> <span class='ocrx_word' id='word_1_266' title='bbox 2121 2823 2216 2906; x_wconf 90' lang='lat' dir='ltr'>it,</span> <span class='ocrx_word' id='word_1_267' title='bbox 2270 2823 2592 2912; x_wconf 78' lang='lat' dir='ltr'>idemque</span> <span class='ocrx_word' id='word_1_268' title='bbox 2637 2844 2757 2893; x_wconf 91' lang='lat' dir='ltr'>vas</span> 
     </span>
     <span class='ocr_line' id='line_1_30' title="bbox 206 2908 2759 3002; baseline 0.001 -23"><span class='ocrx_word' id='word_1_269' title='bbox 206 2908 380 2979; x_wconf 91' lang='lat' dir='ltr'>adeo</span> <span class='ocrx_word' id='word_1_270' title='bbox 427 2909 687 2981; x_wconf 91' lang='lat' dir='ltr'>invenit</span> <span class='ocrx_word' id='word_1_271' title='bbox 739 2910 1022 3002; x_wconf 91' lang='lat' dir='ltr'>plenum</span> <span class='ocrx_word' id='word_1_272' title='bbox 1067 2911 1248 2994; x_wconf 91' lang='lat' dir='ltr'>vino,</span> <span class='ocrx_word' id='word_1_273' title='bbox 1300 2922 1378 2982; x_wconf 88' lang='lat' dir='ltr'>ut</span> <span class='ocrx_word' id='word_1_274' title='bbox 1425 2911 1600 2981; x_wconf 89' lang='lat' dir='ltr'>nibil</span> <span class='ocrx_word' id='word_1_275' title='bbox 1649 2911 1809 2982; x_wconf 90' lang='lat' dir='ltr'>inde</span> <span class='ocrx_word' id='word_1_276' title='bbox 1856 2912 2183 2983; x_wconf 89' lang='lat' dir='ltr'>haustum</span> <span class='ocrx_word' id='word_1_277' title='bbox 2232 2910 2448 2982; x_wconf 84' lang='lat' dir='ltr'>fuisse</span> <span class='ocrx_word' id='word_1_278' title='bbox 2494 2911 2759 2982; x_wconf 91' lang='lat' dir='ltr'>videre-</span> 
     </span>
     <span class='ocr_line' id='line_1_31' title="bbox 158 2998 2762 3102; baseline 0 -33"><span class='ocrx_word' id='word_1_279' title='bbox 158 3011 345 3069; x_wconf 59' lang='lat' dir='ltr'>‘tur.</span> <span class='ocrx_word' id='word_1_280' title='bbox 398 2998 729 3070; x_wconf 88' lang='lat' dir='ltr'>Cellarius</span> <span class='ocrx_word' id='word_1_281' title='bbox 778 3000 907 3070; x_wconf 90' lang='lat' dir='ltr'>viri</span> <span class='ocrx_word' id='word_1_282' title='bbox 970 3000 1088 3071; x_wconf 92' lang='lat' dir='ltr'>Dei</span> <span class='ocrx_word' id='word_1_283' title='bbox 1133 3022 1171 3071; x_wconf 92' lang='lat' dir='ltr'>e</span> <span class='ocrx_word' id='word_1_284' title='bbox 1235 3000 1515 3090; x_wconf 89' lang='lat' dir='ltr'>pustula</span> <span class='ocrx_word' id='word_1_285' title='bbox 1575 2999 1749 3071; x_wconf 90' lang='lat' dir='ltr'>adeo</span> <span class='ocrx_word' id='word_1_286' title='bbox 1804 2999 2211 3082; x_wconf 91' lang='lat' dir='ltr'>laborabat,</span> <span class='ocrx_word' id='word_1_287' title='bbox 2263 3014 2343 3072; x_wconf 93' lang='lat' dir='ltr'>ut</span> <span class='ocrx_word' id='word_1_288' title='bbox 2371 3000 2517 3102; x_wconf 80' lang='lat' dir='ltr'>jam</span> <span class='ocrx_word' id='word_1_289' title='bbox 2582 3000 2762 3070; x_wconf 89' lang='lat' dir='ltr'>mori</span> 
     </span>
     <span class='ocr_line' id='line_1_32' title="bbox 205 3088 2755 3181; baseline 0.001 -25"><span class='ocrx_word' id='word_1_290' title='bbox 205 3099 624 3158; x_wconf 81' lang='lat' dir='ltr'>cerneretur.</span> <span class='ocrx_word' id='word_1_291' title='bbox 678 3088 874 3160; x_wconf 89' lang='lat' dir='ltr'>Venit</span> <span class='ocrx_word' id='word_1_292' title='bbox 921 3088 1008 3159; x_wconf 91' lang='lat' dir='ltr'>ad</span> <span class='ocrx_word' id='word_1_293' title='bbox 1055 3110 1219 3160; x_wconf 92' lang='lat' dir='ltr'>eum</span> <span class='ocrx_word' id='word_1_294' title='bbox 1268 3088 1372 3158; x_wconf 91' lang='lat' dir='ltr'>vir</span> <span class='ocrx_word' id='word_1_295' title='bbox 1404 3100 1709 3171; x_wconf 88' lang='lat' dir='ltr'>sanctus,</span> <span class='ocrx_word' id='word_1_296' title='bbox 1745 3088 2294 3161; x_wconf 88' lang='lat' dir='ltr'>benedictionem</span> <span class='ocrx_word' id='word_1_297' title='bbox 2329 3111 2391 3159; x_wconf 81' lang='lat' dir='ltr'>ei</span> <span class='ocrx_word' id='word_1_298' title='bbox 2426 3089 2755 3181; x_wconf 85' lang='lat' dir='ltr'>impertit,</span> 
     </span>
     <span class='ocr_line' id='line_1_33' title="bbox 206 3175 2760 3269; baseline 0.001 -23"><span class='ocrx_word' id='word_1_299' title='bbox 206 3175 467 3248; x_wconf 90' lang='lat' dir='ltr'>vulnus</span> <span class='ocrx_word' id='word_1_300' title='bbox 514 3175 675 3247; x_wconf 92' lang='lat' dir='ltr'>ilico</span> <span class='ocrx_word' id='word_1_301' title='bbox 723 3176 795 3247; x_wconf 91' lang='lat' dir='ltr'>in</span> <span class='ocrx_word' id='word_1_302' title='bbox 843 3198 918 3247; x_wconf 90' lang='lat' dir='ltr'>se</span> <span class='ocrx_word' id='word_1_303' title='bbox 965 3178 1115 3269; x_wconf 90' lang='lat' dir='ltr'>ipso</span> <span class='ocrx_word' id='word_1_304' title='bbox 1175 3177 1503 3259; x_wconf 89' lang='lat' dir='ltr'>tabescit,</span> <span class='ocrx_word' id='word_1_305' title='bbox 1546 3190 1613 3249; x_wconf 90' lang='lat' dir='ltr'>et</span> <span class='ocrx_word' id='word_1_306' title='bbox 1666 3178 1838 3248; x_wconf 86' lang='lat' dir='ltr'>citra</span> <span class='ocrx_word' id='word_1_307' title='bbox 1882 3177 2028 3248; x_wconf 91' lang='lat' dir='ltr'>ulla</span> <span class='ocrx_word' id='word_1_308' title='bbox 2089 3178 2397 3249; x_wconf 90' lang='lat' dir='ltr'>medicae</span> <span class='ocrx_word' id='word_1_309' title='bbox 2443 3178 2611 3249; x_wconf 91' lang='lat' dir='ltr'>artis</span> <span class='ocrx_word' id='word_1_310' title='bbox 2656 3176 2760 3248; x_wconf 88' lang='lat' dir='ltr'>fo-</span> 
     </span>
     <span class='ocr_line' id='line_1_34' title="bbox 206 3265 2757 3356; baseline 0.002 -22"><span class='ocrx_word' id='word_1_311' title='bbox 206 3277 463 3346; x_wconf 87' lang='lat' dir='ltr'>menta,</span> <span class='ocrx_word' id='word_1_312' title='bbox 518 3265 725 3336; x_wconf 91' lang='lat' dir='ltr'>homo</span> <span class='ocrx_word' id='word_1_313' title='bbox 774 3278 956 3336; x_wconf 87' lang='lat' dir='ltr'>totus</span> <span class='ocrx_word' id='word_1_314' title='bbox 1003 3266 1081 3337; x_wconf 80' lang='lat' dir='ltr'>fit</span> <span class='ocrx_word' id='word_1_315' title='bbox 1127 3289 1365 3338; x_wconf 86' lang='lat' dir='ltr'>sanus.</span> <span class='ocrx_word' id='word_1_316' title='bbox 1416 3266 1792 3356; x_wconf 87' lang='lat' dir='ltr'>Navigante</span> <span class='ocrx_word' id='word_1_317' title='bbox 1840 3265 1960 3337; x_wconf 89' lang='lat' dir='ltr'>illo</span> <span class='ocrx_word' id='word_1_318' title='bbox 2006 3267 2079 3335; x_wconf 89' lang='lat' dir='ltr'>in</span> <span class='ocrx_word' id='word_1_319' title='bbox 2130 3272 2470 3356; x_wconf 88' lang='lat' dir='ltr'>Sequana,</span> <span class='ocrx_word' id='word_1_320' title='bbox 2508 3289 2590 3338; x_wconf 88' lang='lat' dir='ltr'>ex</span> <span class='ocrx_word' id='word_1_321' title='bbox 2623 3266 2757 3338; x_wconf 91' lang='lat' dir='ltr'>im-</span> 
     </span>
     <span class='ocr_line' id='line_1_35' title="bbox 207 3352 2758 3446; baseline 0.001 -24"><span class='ocrx_word' id='word_1_322' title='bbox 207 3352 479 3424; x_wconf 89' lang='lat' dir='ltr'>modica</span> <span class='ocrx_word' id='word_1_323' title='bbox 515 3365 913 3445; x_wconf 88' lang='lat' dir='ltr'>tempestate</span> <span class='ocrx_word' id='word_1_324' title='bbox 960 3377 1318 3426; x_wconf 91' lang='lat' dir='ltr'>summum</span> <span class='ocrx_word' id='word_1_325' title='bbox 1370 3354 1665 3426; x_wconf 90' lang='lat' dir='ltr'>navibus</span> <span class='ocrx_word' id='word_1_326' title='bbox 1715 3355 2102 3446; x_wconf 89' lang='lat' dir='ltr'>periculum</span> <span class='ocrx_word' id='word_1_327' title='bbox 2154 3356 2519 3427; x_wconf 86' lang='lat' dir='ltr'>imminere</span> <span class='ocrx_word' id='word_1_328' title='bbox 2564 3355 2758 3425; x_wconf 91' lang='lat' dir='ltr'>vide-</span> 
     </span>
     <span class='ocr_line' id='line_1_36' title="bbox 204 3440 2755 3527; baseline 0.002 -17"><span class='ocrx_word' id='word_1_329' title='bbox 204 3440 436 3513; x_wconf 90' lang='lat' dir='ltr'>batur.</span> <span class='ocrx_word' id='word_1_330' title='bbox 490 3447 649 3513; x_wconf 89' lang='lat' dir='ltr'>Orat</span> <span class='ocrx_word' id='word_1_331' title='bbox 696 3442 800 3512; x_wconf 91' lang='lat' dir='ltr'>vir</span> <span class='ocrx_word' id='word_1_332' title='bbox 834 3442 973 3523; x_wconf 88' lang='lat' dir='ltr'>Dei,</span> <span class='ocrx_word' id='word_1_333' title='bbox 1019 3455 1085 3513; x_wconf 88' lang='lat' dir='ltr'>et</span> <span class='ocrx_word' id='word_1_334' title='bbox 1130 3464 1310 3525; x_wconf 87' lang='lat' dir='ltr'>ecce,</span> <span class='ocrx_word' id='word_1_335' title='bbox 1367 3443 1661 3515; x_wconf 88' lang='lat' dir='ltr'>caeteris</span> <span class='ocrx_word' id='word_1_336' title='bbox 1707 3444 2003 3514; x_wconf 91' lang='lat' dir='ltr'>navibus</span> <span class='ocrx_word' id='word_1_337' title='bbox 2050 3444 2569 3516; x_wconf 87' lang='lat' dir='ltr'>remanentibus</span> <span class='ocrx_word' id='word_1_338' title='bbox 2602 3500 2618 3527; x_wconf 97' lang='lat'>,</span> <span class='ocrx_word' id='word_1_339' title='bbox 2668 3466 2755 3515; x_wconf 88' lang='lat' dir='ltr'>ea</span> 
     </span>
     <span class='ocr_line' id='line_1_37' title="bbox 205 3530 2255 3624; baseline 0.001 -24"><span class='ocrx_word' id='word_1_340' title='bbox 205 3530 377 3613; x_wconf 93' lang='lat' dir='ltr'>sola,</span> <span class='ocrx_word' id='word_1_341' title='bbox 421 3552 598 3619; x_wconf 89' lang='lat' dir='ltr'>quae</span> <span class='ocrx_word' id='word_1_342' title='bbox 628 3530 829 3601; x_wconf 92' lang='lat' dir='ltr'>illum</span> <span class='ocrx_word' id='word_1_343' title='bbox 866 3530 1177 3614; x_wconf 88' lang='lat' dir='ltr'>vehebat,</span> <span class='ocrx_word' id='word_1_344' title='bbox 1213 3531 1299 3601; x_wconf 92' lang='lat' dir='ltr'>ad</span> <span class='ocrx_word' id='word_1_345' title='bbox 1339 3531 1503 3603; x_wconf 91' lang='lat' dir='ltr'>litus</span> <span class='ocrx_word' id='word_1_346' title='bbox 1534 3531 1933 3624; x_wconf 89' lang='lat' dir='ltr'>appellitur.</span> <span class='ocrx_word' id='word_1_347' title='bbox 2247 3576 2255 3584; x_wconf 88' lang='lat'>-</span> 
     </span>
    </p>

    <p class='ocr_par' dir='ltr' id='par_1_4' title="bbox 202 3620 2757 4513">
     <span class='ocr_line' id='line_1_38' title="bbox 294 3620 2756 3711; baseline 0 -18"><span class='ocrx_word' id='word_1_348' title='bbox 294 3621 333 3708; x_wconf 69' lang='grc' dir='ltr'>ἓ</span> <span class='ocrx_word' id='word_1_349' title='bbox 378 3624 512 3694; x_wconf 69' lang='lat'>1¹2.</span> <span class='ocrx_word' id='word_1_350' title='bbox 567 3620 838 3691; x_wconf 89' lang='lat' dir='ltr'>Solebat</span> <span class='ocrx_word' id='word_1_351' title='bbox 869 3620 974 3689; x_wconf 89' lang='lat' dir='ltr'>vir</span> <span class='ocrx_word' id='word_1_352' title='bbox 1006 3620 1165 3711; x_wconf 91' lang='lat' dir='ltr'>pius</span> <span class='ocrx_word' id='word_1_353' title='bbox 1194 3620 1282 3692; x_wconf 92' lang='lat' dir='ltr'>ob</span> <span class='ocrx_word' id='word_1_354' title='bbox 1305 3620 1704 3692; x_wconf 91' lang='lat' dir='ltr'>animarum</span> <span class='ocrx_word' id='word_1_355' title='bbox 1737 3621 2118 3697; x_wconf 89' lang='lat' dir='ltr'>curandam</span> <span class='ocrx_word' id='word_1_356' title='bbox 2153 3621 2471 3703; x_wconf 89' lang='lat' dir='ltr'>salutem,</span> <span class='ocrx_word' id='word_1_357' title='bbox 2508 3620 2756 3693; x_wconf 88' lang='lat' dir='ltr'>fratres</span> 
     </span>
     <span class='ocr_line' id='line_1_39' title="bbox 204 3708 2749 3800; baseline 0.001 -23"><span class='ocrx_word' id='word_1_358' title='bbox 204 3729 242 3777; x_wconf 91' lang='lat' dir='ltr'>e</span> <span class='ocrx_word' id='word_1_359' title='bbox 263 3708 681 3780; x_wconf 89' lang='lat' dir='ltr'>monasterio</span> <span class='ocrx_word' id='word_1_360' title='bbox 696 3708 1041 3800; x_wconf 88' lang='lat' dir='ltr'>ablegare,</span> <span class='ocrx_word' id='word_1_361' title='bbox 1066 3721 1142 3780; x_wconf 87' lang='lat' dir='ltr'>ut</span> <span class='ocrx_word' id='word_1_362' title='bbox 1164 3709 1312 3779; x_wconf 90' lang='lat' dir='ltr'>suis</span> <span class='ocrx_word' id='word_1_363' title='bbox 1336 3709 1927 3781; x_wconf 88' lang='lat' dir='ltr'>exhortationibus</span> <span class='ocrx_word' id='word_1_364' title='bbox 1947 3709 2266 3781; x_wconf 91' lang='lat' dir='ltr'>homines</span> <span class='ocrx_word' id='word_1_365' title='bbox 2292 3711 2749 3783; x_wconf 87' lang='lat' dir='ltr'>instituerent.</span> 
     </span>
     <span class='ocr_line' id='line_1_40' title="bbox 202 3796 2756 3891; baseline 0.001 -25"><span class='ocrx_word' id='word_1_366' title='bbox 202 3800 445 3885; x_wconf 90' lang='lat' dir='ltr'>Itaque</span> <span class='ocrx_word' id='word_1_367' title='bbox 468 3798 911 3869; x_wconf 87' lang='lat' dir='ltr'>confluebant</span> <span class='ocrx_word' id='word_1_368' title='bbox 934 3796 1020 3868; x_wconf 91' lang='lat' dir='ltr'>ad</span> <span class='ocrx_word' id='word_1_369' title='bbox 1051 3818 1211 3870; x_wconf 88' lang='lat' dir='ltr'>eum</span> <span class='ocrx_word' id='word_1_370' title='bbox 1245 3798 1375 3868; x_wconf 90' lang='lat' dir='ltr'>viri</span> <span class='ocrx_word' id='word_1_371' title='bbox 1408 3797 1677 3869; x_wconf 91' lang='lat' dir='ltr'>nobiles</span> <span class='ocrx_word' id='word_1_372' title='bbox 1701 3810 1768 3868; x_wconf 87' lang='lat' dir='ltr'>et</span> <span class='ocrx_word' id='word_1_373' title='bbox 1801 3810 2131 3889; x_wconf 89' lang='lat' dir='ltr'>potentes,</span> <span class='ocrx_word' id='word_1_374' title='bbox 2171 3800 2586 3891; x_wconf 91' lang='lat' dir='ltr'>propriaque</span> <span class='ocrx_word' id='word_1_375' title='bbox 2616 3797 2756 3868; x_wconf 93' lang='lat' dir='ltr'>cal-</span> 
     </span>
     <span class='ocr_line' id='line_1_41' title="bbox 202 3885 2757 3976; baseline 0 -21"><span class='ocrx_word' id='word_1_376' title='bbox 202 3898 358 3957; x_wconf 89' lang='lat' dir='ltr'>cata</span> <span class='ocrx_word' id='word_1_377' title='bbox 396 3885 767 3969; x_wconf 87' lang='lat' dir='ltr'>voluntate,</span> <span class='ocrx_word' id='word_1_378' title='bbox 822 3887 1071 3959; x_wconf 88' lang='lat' dir='ltr'>Christi</span> <span class='ocrx_word' id='word_1_379' title='bbox 1101 3887 1377 3958; x_wconf 91' lang='lat' dir='ltr'>servitio</span> <span class='ocrx_word' id='word_1_380' title='bbox 1407 3909 1481 3959; x_wconf 91' lang='lat' dir='ltr'>se</span> <span class='ocrx_word' id='word_1_381' title='bbox 1510 3887 1740 3958; x_wconf 90' lang='lat' dir='ltr'>manci</span> <span class='ocrx_word' id='word_1_382' title='bbox 1793 3887 2025 3958; x_wconf 92' lang='lat' dir='ltr'>abant.</span> <span class='ocrx_word' id='word_1_383' title='bbox 2064 3891 2373 3976; x_wconf 91' lang='lat' dir='ltr'>Cumque</span> <span class='ocrx_word' id='word_1_384' title='bbox 2410 3888 2480 3958; x_wconf 92' lang='lat' dir='ltr'>in</span> <span class='ocrx_word' id='word_1_385' title='bbox 2519 3908 2757 3957; x_wconf 91' lang='lat' dir='ltr'>mona-</span> 
     </span>
     <span class='ocr_line' id='line_1_42' title="bbox 205 3972 2750 4076; baseline -0.001 -30"><span class='ocrx_word' id='word_1_386' title='bbox 205 3974 413 4046; x_wconf 90' lang='lat' dir='ltr'>sterio</span> <span class='ocrx_word' id='word_1_387' title='bbox 460 3975 747 4045; x_wconf 85' lang='lat' dir='ltr'>fratrum</span> <span class='ocrx_word' id='word_1_388' title='bbox 806 3997 1144 4047; x_wconf 88' lang='lat' dir='ltr'>numerus</span> <span class='ocrx_word' id='word_1_389' title='bbox 1190 3975 1590 4049; x_wconf 88' lang='lat' dir='ltr'>increvisset</span> <span class='ocrx_word' id='word_1_390' title='bbox 1621 4031 1637 4058; x_wconf 93' lang='lat'>,</span> <span class='ocrx_word' id='word_1_391' title='bbox 1691 3998 1732 4046; x_wconf 93' lang='lat' dir='ltr'>a</span> <span class='ocrx_word' id='word_1_392' title='bbox 1764 3974 1878 4046; x_wconf 90' lang='lat' dir='ltr'>iud</span> <span class='ocrx_word' id='word_1_393' title='bbox 1930 3975 2337 4047; x_wconf 90' lang='lat' dir='ltr'>coenobium</span> <span class='ocrx_word' id='word_1_394' title='bbox 2399 3972 2750 4076; x_wconf 74' lang='lat' dir='ltr'>condidit,</span> 
     </span>
     <span class='ocr_line' id='line_1_43' title="bbox 205 4063 2755 4151; baseline -0 -17"><span class='ocrx_word' id='word_1_395' title='bbox 205 4063 391 4151; x_wconf 90' lang='lat' dir='ltr'>quod</span> <span class='ocrx_word' id='word_1_396' title='bbox 423 4063 828 4136; x_wconf 89' lang='lat' dir='ltr'>Pauliacum</span> <span class='ocrx_word' id='word_1_397' title='bbox 878 4075 1144 4147; x_wconf 88' lang='lat' dir='ltr'>vocant,</span> <span class='ocrx_word' id='word_1_398' title='bbox 1177 4064 1446 4135; x_wconf 90' lang='lat' dir='ltr'>decimo</span> <span class='ocrx_word' id='word_1_399' title='bbox 1474 4064 1803 4136; x_wconf 90' lang='lat' dir='ltr'>milliario</span> <span class='ocrx_word' id='word_1_400' title='bbox 1833 4087 1876 4135; x_wconf 92' lang='lat' dir='ltr'>a</span> <span class='ocrx_word' id='word_1_401' title='bbox 1922 4065 2377 4136; x_wconf 83' lang='lat' dir='ltr'>Gemmetico:</span> <span class='ocrx_word' id='word_1_402' title='bbox 2429 4074 2634 4151; x_wconf 87' lang='lat' dir='ltr'>atque</span> <span class='ocrx_word' id='word_1_403' title='bbox 2679 4085 2755 4133; x_wconf 87' lang='lat' dir='ltr'>m</span> 
     </span>
     <span class='ocr_line' id='line_1_44' title="bbox 204 4151 2754 4245; baseline 0 -21"><span class='ocrx_word' id='word_1_404' title='bbox 204 4174 286 4224; x_wconf 89' lang='lat' dir='ltr'>eo</span> <span class='ocrx_word' id='word_1_405' title='bbox 311 4152 624 4225; x_wconf 86' lang='lat' dir='ltr'>habitare</span> <span class='ocrx_word' id='word_1_406' title='bbox 660 4152 878 4226; x_wconf 88' lang='lat' dir='ltr'>voluit</span> <span class='ocrx_word' id='word_1_407' title='bbox 908 4165 1185 4224; x_wconf 87' lang='lat' dir='ltr'>sanctas</span> <span class='ocrx_word' id='word_1_408' title='bbox 1215 4152 1575 4237; x_wconf 89' lang='lat' dir='ltr'>foeminas,</span> <span class='ocrx_word' id='word_1_409' title='bbox 1611 4153 1874 4242; x_wconf 91' lang='lat' dir='ltr'>quibus</span> <span class='ocrx_word' id='word_1_410' title='bbox 1915 4151 2240 4245; x_wconf 89' lang='lat' dir='ltr'>praefecit</span> <span class='ocrx_word' id='word_1_411' title='bbox 2272 4164 2556 4223; x_wconf 87' lang='lat' dir='ltr'>matrem</span> <span class='ocrx_word' id='word_1_412' title='bbox 2591 4174 2754 4243; x_wconf 91' lang='lat' dir='ltr'>pru·</span> 
     </span>
     <span class='ocr_line' id='line_1_45' title="bbox 204 4240 2755 4330; baseline 0 -19"><span class='ocrx_word' id='word_1_413' title='bbox 204 4240 708 4325; x_wconf 89' lang='lat' dir='ltr'>dentissimam,</span> <span class='ocrx_word' id='word_1_414' title='bbox 743 4242 997 4315; x_wconf 89' lang='lat' dir='ltr'>illustri</span> <span class='ocrx_word' id='word_1_415' title='bbox 1042 4240 1309 4313; x_wconf 73' lang='lat' dir='ltr'>familia</span> <span class='ocrx_word' id='word_1_416' title='bbox 1355 4252 1576 4313; x_wconf 88' lang='lat' dir='ltr'>ortam</span> <span class='ocrx_word' id='word_1_417' title='bbox 1613 4241 2194 4314; x_wconf 82' lang='lat' dir='ltr'>Austrebertbam.</span> <span class='ocrx_word' id='word_1_418' title='bbox 2235 4240 2446 4313; x_wconf 81' lang='lat' dir='ltr'>Multa</span> <span class='ocrx_word' id='word_1_419' title='bbox 2476 4261 2755 4330; x_wconf 90' lang='lat' dir='ltr'>quoque</span> 
     </span>
     <span class='ocr_line' id='line_1_46' title="bbox 206 4329 2750 4423; baseline 0.001 -24"><span class='ocrx_word' id='word_1_420' title='bbox 206 4329 346 4401; x_wconf 89' lang='lat' dir='ltr'>alia</span> <span class='ocrx_word' id='word_1_421' title='bbox 368 4330 518 4418; x_wconf 84' lang='lat' dir='ltr'>ejus</span> <span class='ocrx_word' id='word_1_422' title='bbox 544 4330 857 4423; x_wconf 88' lang='lat' dir='ltr'>exemplo</span> <span class='ocrx_word' id='word_1_423' title='bbox 879 4342 1277 4405; x_wconf 87' lang='lat' dir='ltr'>constructa</span> <span class='ocrx_word' id='word_1_424' title='bbox 1314 4342 1479 4402; x_wconf 88' lang='lat' dir='ltr'>sunt</span> <span class='ocrx_word' id='word_1_425' title='bbox 1509 4331 1924 4401; x_wconf 90' lang='lat' dir='ltr'>monasteria</span> <span class='ocrx_word' id='word_1_426' title='bbox 1956 4331 2027 4401; x_wconf 92' lang='lat' dir='ltr'>in</span> <span class='ocrx_word' id='word_1_427' title='bbox 2067 4330 2404 4403; x_wconf 86' lang='lat' dir='ltr'>Neustria.</span> <span class='ocrx_word' id='word_1_428' title='bbox 2438 4334 2750 4422; x_wconf 86' lang='lat' dir='ltr'>Longum</span> 
     </span>
     <span class='ocr_line' id='line_1_47' title="bbox 207 4418 2749 4513; baseline -0 -24"><span class='ocrx_word' id='word_1_429' title='bbox 207 4432 311 4492; x_wconf 91' lang='lat' dir='ltr'>est</span> <span class='ocrx_word' id='word_1_430' title='bbox 331 4441 653 4493; x_wconf 89' lang='lat' dir='ltr'>enarrare</span> <span class='ocrx_word' id='word_1_431' title='bbox 679 4443 801 4513; x_wconf 92' lang='lat' dir='ltr'>per</span> <span class='ocrx_word' id='word_1_432' title='bbox 822 4420 1135 4493; x_wconf 90' lang='lat' dir='ltr'>ordinem</span> <span class='ocrx_word' id='word_1_433' title='bbox 1167 4418 1472 4513; x_wconf 87' lang='lat' dir='ltr'>singula,</span> <span class='ocrx_word' id='word_1_434' title='bbox 1498 4430 1977 4511; x_wconf 89' lang='lat' dir='ltr'>quantumque</span> <span class='ocrx_word' id='word_1_435' title='bbox 1998 4420 2151 4512; x_wconf 88' lang='lat' dir='ltr'>ejus</span> <span class='ocrx_word' id='word_1_436' title='bbox 2173 4420 2410 4513; x_wconf 91' lang='lat' dir='ltr'>opinio</span> <span class='ocrx_word' id='word_1_437' title='bbox 2435 4418 2749 4501; x_wconf 88' lang='lat' dir='ltr'>creverit,</span> 
     </span>
    </p>
   </div>
  </div>
 </body>
</html>
