3308 5004
711 340 840 407 348
1237 356 1316 403 na
1361 355 1668 404 Assunr'r.
1724 355 2007 404 anAriss.
2060 354 2231 405 vnto.
2284 351 2528 403 nam:
2838 334 3025 402 AUG.
3084 334 3182 400 ⁴5

619 459 798 527 quae
852 437 941 508 sit
984 437 1047 507 ei
1099 447 1251 506 nota
1299 448 1367 506 et
1410 434 1800 506 familiaris.
1855 436 1923 507 Si
1971 458 2133 539 ergo
2183 456 2361 524 quae
2409 435 2607 524 prius
2652 433 2933 523 quidem
2982 432 3189 503 dicta

622 540 807 607 sunt,
860 525 1047 597 omni
1097 525 1313 594 animi
1365 525 1627 616 impetu
1676 524 2296 596 declinaverimus:
2351 524 2634 594 virtutes
2693 534 2921 593 autem
2971 522 3184 592 omni

621 614 854 686 studio
900 613 1387 694 dilexerimus,
1439 626 1504 683 et
1551 635 1668 685 eas
1717 613 2171 685 habuerimus
2220 613 2420 684 nobis
2465 612 2842 683 familiares
2876 667 2891 695 ,
2943 610 3189 702 veniet

619 703 1010 792 frequenter
1073 701 1172 772 ad·
1208 723 1372 772 suos
1426 701 1773 784 famulos,
1826 704 2138 773 omnium
2211 704 2550 773 bonorum
2607 712 2874 772 coetum
2927 721 3185 770 secum

621 792 829 863 simul
879 792 1275 862 attrahens:
1328 803 1394 861 et
1440 792 1785 862 Christum
1837 814 2039 862 suum
2094 789 2360 871 filium,
2415 802 2482 860 et
2527 792 2839 861 omnium
2912 795 3182 880 Regem

619 894 685 951 et
734 882 1098 951 Dominum
1147 882 1288 950 una
1324 883 1652 960 assumet,
1708 892 1783 949 ut
1825 880 1893 949 in
1949 880 2199 951 nostris
2231 880 2560 950 cordibus
2608 879 2992 950 inhabitet:
3048 878 3185 947 Cui

619 969 861 1062 gloria,
914 992 1074 1041 cum
1127 974 1320 1039 Patre
1365 980 1431 1038 et
1470 969 1740 1039 vivifico
1775 968 2058 1060 Spiritu,
2111 970 2183 1038 in
2225 968 2458 1039 secula
2500 967 2917 1038 seculorum.

513 1076 546 1114 Q

1192 1213 1527 1316 SERMO
1598 1214 1691 1314 Β.
1768 1213 2074 1313 ΡΕΤΒΙ
2155 1212 2584 1313 ΒΑΜΙΑΝΙ

705 1400 843 1480 DE
899 1400 1402 1482 AssUMPT.
1465 1400 1639 1478 nm
1694 1395 2283 1477 eanTmms
2334 1397 2614 1476 vffle.
2656 1395 3081 1476 ΜΑΒῑΑΕ

709 1598 746 1684 ξ
793 1601 870 1669 1.
922 1595 1047 1666 Hic
1086 1607 1303 1666 totum
1354 1595 1676 1665 decurrat
1724 1592 2133 1684 ingenium,
2186 1605 2251 1663 et
2298 1615 2551 1663 aureus
2599 1613 2826 1663 sermo
2874 1606 3015 1663 tota
3064 1614 3184 1663 re-

619 1684 845 1755 luceat
894 1685 1268 1774 majestate.
1343 1682 1741 1753 Voluntaria
1805 1682 1947 1752 oris
2009 1682 2221 1752 nostri
2292 1682 2721 1772 beneplacita
2781 1681 2915 1751 sibi
2962 1681 3185 1751 faciat

710 1774 911 1843 nitrix
963 1773 1100 1854 Dei,
1148 1772 1435 1843 Domina
1485 1771 1775 1853 mundi,
1829 1770 2000 1841 coeli
2051 1771 2334 1863 Regina.
2397 1776 2555 1862 Ipsa
2603 1792 2882 1842 sensum
2934 1783 3177 1851 acuat,

672 1862 872 1953 irigat
919 1861 1203 1952 stylum,
1241 1874 1306 1932 et
1341 1861 1432 1930 lin
1489 1883 1648 1930 uam
1691 1860 2012 1951 pauperis
2060 1859 2433 1930 venustiori
2484 1871 2833 1951 respergat
2863 1858 3174 1946 eloquio.

619 1950 925 2021 Illustret
954 1950 1176 2020 lucem
1214 1950 1392 2020 hanc
1463 1950 1699 2020 umine
1745 1948 2046 2030 clariori,
2081 1961 2146 2019 et
2174 1971 2302 2019 suo
2333 1950 2696 2018 conventui
2730 1969 2931 2018 suam
2968 1969 3183 2038 prae-

622 2039 911 2110 sentiam
962 2039 1217 2110 donare
1250 2039 1595 2130 dignetur.
1651 2037 1987 2109 Sublimis
2035 2038 2162 2107 ista
2212 2037 2383 2117 dies,
2420 2049 2486 2107 et
2520 2036 2970 2124 splendidiori
3013 2036 3182 2106 Sole

622 2127 1085 2218 refulguranS,
1138 2129 1207 2197 in
1256 2150 1389 2215 qua
1441 2128 1643 2218 Virgo
1692 2127 1944 2217 regalis
1991 2125 2076 2196 ad
2126 2127 2453 2197 thronum
2503 2126 2616 2194 Dei
2669 2127 2883 2195 Patris
2938 2126 3181 2196 evehi-

621 2230 755 2296 tur,
799 2228 865 2286 et
895 2217 962 2285 in
996 2217 1017 2285 i
1074 2216 1218 2286 sius
1250 2216 1599 2286 Trinitatis
1631 2214 1793 2286 sede
1828 2216 2147 2305 reposita,
2187 2227 2504 2284 naturam
2541 2214 2742 2283 etiam
2771 2213 3177 2304 Angelicam

620 2305 915 2376 solicitat
954 2239 1069 2375 atiJ
1077 2304 1474 2375 videndum.
1520 2310 1683 2375 Tota
1708 2304 2266 2396 conglomeratur
2304 2303 2715 2394 Angelorum
2753 2302 3173 2390 frequentia,

618 2407 697 2464 ut
744 2393 968 2464 videat
1016 2394 1349 2484 Reginam
1400 2393 1746 2463 sedentem
1800 2416 1839 2463 a
1898 2393 2153 2464 dextris
2206 2394 2473 2463 Domini
2529 2393 2883 2472 virtutum,
2928 2392 2995 2459 in
3054 2414 3180 2461 ve·

620 2483 785 2554 stitu
825 2482 1177 2565 deaurato,
1233 2483 1300 2553 in
1357 2505 1640 2586 corpore
1681 2504 1952 2574 semper
1991 2482 2460 2564 immaculato,
2504 2480 3001 2552 circumdatam
3057 2504 3182 2551 va-

620 2573 879 2653 rietate,
919 2573 1248 2643 virtutum
1295 2572 1802 2663 multiplicitate
1839 2571 2261 2641 distinctam.

707 2664 745 2752 §
796 2667 884 2734 2.
939 2666 1119 2734 Haec
1176 2673 1278 2732 est
1324 2661 1445 2731 illa
1500 2660 1648 2730 dies
1684 2716 1699 2742 ‚
1757 2681 1935 2748 quae
1981 2660 2329 2730 coelorum
2394 2658 2710 2730 officinas
2774 2658 3180 2730 sublimiori

667 2751 875 2820 audio
923 2750 1339 2833 cumulavit,
1385 2771 1620 2818 annua
1677 2747 1963 2830 mundo,
2018 2748 2293 2839 Angelis
2340 2749 2694 2830 continua,
2751 2749 3181 2820 continuans

619 2775 935 2909 {omines
994 2839 1307 2930 Angelis,
1357 2851 1428 2907 et
1473 2842 1565 2908 An
1619 2837 1763 2908 elos
1813 2835 2217 2907 hominibus
2264 2836 2444 2908 felici
2491 2837 2951 2908 foederatione
2996 2858 3180 2907 con-

609 2929 939 3019 jungens.
995 2931 1268 2997 Intuere
1317 2927 1593 2997 mentali
1650 2948 1735 2996 us
1780 2924 2005 2996 oculis
2044 2924 2291 2994 Filium
2343 2925 2863 3006 ascendentem,
2917 2937 2983 2995 et
3020 2930 3179 2994 Ma-

622 3032 788 3086 trem
828 3028 1283 3107 assumptam,
1312 3027 1379 3084 et
1402 3015 1664 3086 videbis
1698 3013 1959 3101 aliquid
1988 3012 2434 3085 excellentius
2466 3015 2535 3084 in
2573 3014 2977 3084 ascensione
3008 3014 3179 3085 Filii

620 3104 966 3174 exhiberi:
1018 3118 1084 3173 et
1128 3103 1390 3190 aliquid
1458 3103 1828 3195 gloriosius
1876 3104 1944 3171 in
2004 3103 2480 3195 assumptione
2528 3103 2828 3194 Virginis
2876 3102 3180 3173 demon-

621 3192 848 3262 strari.
903 3193 1219 3262 Ascendit
1265 3192 1446 3262 enim
1500 3191 1806 3262 Salvator
1845 3191 1916 3283 in
1949 3191 2217 3261 coelum
2264 3194 2698 3282 potestativae
2731 3192 3001 3261 virtutis
3033 3191 3183 3260 im·-

625 3280 836 3372 perio,
876 3281 1057 3351 sicut
1098 3280 1430 3351 Dominus
1475 3294 1541 3349 et
1587 3292 1872 3360 creator,
1927 3279 2341 3370 Angelorum
2391 3281 2756 3351 comitatus
2803 3279 3174 3367 obsequio,

624 3389 758 3439 non
822 3369 1078 3439 auxilio
1124 3368 1366 3440 fultus.
1420 3374 1788 3456 Assumpta
1834 3379 1937 3437 est
1985 3370 2195 3439 Maria
2245 3369 2312 3437 in
2364 3369 2633 3439 coelum
2667 3424 2682 3450 ,
2735 3368 2855 3438 sed
2905 3368 3179 3461 gratiae

621 3457 1047 3527 sublevantis
1083 3457 1376 3547 judicio,
1430 3456 1923 3526 comitantibus
1960 3470 2028 3526 et
2073 3457 2570 3528 auxiliantibus
2598 3457 2896 3549 Angelis,
2949 3479 3172 3546 quam

622 3544 1025 3617 sublevabat
1072 3546 1292 3636 gratia
1322 3600 1343 3627 ,
1399 3566 1536 3615 non
1589 3556 1858 3615 natura.
1914 3545 2075 3616 Ideo
2121 3545 2269 3616 dies
2333 3546 2501 3618 haec
2548 3547 2941 3638 Assumptio
2974 3602 2989 3628 ,
3030 3546 3174 3618 illa

618 3635 940 3707 Ascensio
1001 3647 1326 3716 vocatur,
1378 3655 1535 3704 cum
1605 3633 1798 3704 aliud
1861 3635 1949 3705 sit
2012 3637 2333 3725 potentia,
2386 3635 2575 3706 aliud
2636 3635 3165 3717 misericordia,

622 3723 986 3812 solumque
1044 3723 1170 3794 soli
1220 3723 1309 3793 sit
1364 3723 1798 3825 privilegium
1854 3724 2148 3793 Creatori
2210 3737 2529 3795 naturam
2593 3746 2819 3794 rerum
2888 3725 3173 3815 propria

622 3824 949 3905 potestate
974 3812 1405 3903 supergredi.
1451 3816 1591 3882 Hoc
1624 3825 1727 3881 est
1755 3811 1924 3881 illud
1962 3812 2431 3895 excellentiuS,
2510 3812 2644 3883 uod
2676 3812 2811 3882 sibi
2853 3813 3172 3884 vendicat

619 3923 830 3994 super
867 3914 1250 3973 creaturam
1287 3904 1580 3981 Creator,
1633 3900 1756 3970 ubi
1788 3901 2009 3971 etiam
2052 3904 2451 3992 superabun
2506 3923 2632 3971 ans
2671 3912 2737 3971 et
2784 3901 3168 3993 singularis

618 3991 837 4083 gratia
875 4011 1007 4061 non
1052 3991 1300 4062 audeat
1338 3989 1717 4082 adspirare.

706 4083 743 4168 ξ
790 4083 882 4151 8.
938 4079 1066 4150 Sed
1102 4080 1160 4152 si
1207 4077 1576 4170 diligenter
1622 4078 2062 4149 attendamus
2110 4078 2581 4150 ascensionem
2618 4079 2793 4161 Filii,
2838 4092 2903 4149 et
2935 4079 3169 4150 Matris

619 4170 1161 4259 assumptionem
1194 4224 1210 4250 ,
1267 4168 1698 4238 inveniemus
1756 4166 2051 4257 profecto
2099 4167 2361 4256 aliquid
2409 4167 2591 4255 quod
2644 4190 2770 4238 nos
2819 4169 3167 4239 invenisse

668 4256 1109 4330 audebimus.
1161 4256 1571 4329 Ascendenti
1598 4256 1860 4358 quippe
1888 4256 2174 4326 Domino
2204 4278 2475 4347 egressa
2507 4269 2609 4327 est
2633 4257 2902 4327 obviam
2938 4257 3168 4328 omnis

622 4367 640 4413 ι
677 4343 740 4414 la
780 4345 1134 4416 beatorum
1212 4345 1583 4434 spirituum
1621 4344 1921 4437 gloriosa
1971 4345 2281 4425 societaS,
2318 4346 2598 4432 quando
2632 4360 2918 4416 naturae
2957 4367 3165 4436 supe—

623 4433 786 4503 riori
826 4434 1148 4525 praetulit
1181 4433 1600 4517 inferiorem,
1639 4446 1707 4504 et
1739 4433 2251 4505 inconvertibili
2301 4447 2729 4505 sacramento
2761 4447 3161 4526 susceptum

507 2132 540 2145 ,-
