3308 5004
664 303 791 370 ⁴02
1191 317 1273 366 nx
1317 317 1570 368 mrum.
1624 317 1685 366 s.
1738 317 2048 368 surum
2094 315 2495 368 raoromr.
2841 297 3014 365 mss.
3042 296 3078 365 3

574 421 727 478 meo
774 416 1221 476 monumen-to
1269 423 1443 473 novo
1488 402 1563 472 in
1610 401 1938 473 Orientali
1988 403 2185 474 theca
2212 457 2231 484 ,
2295 415 2363 473 et
2429 400 2742 494 praecepi
2789 401 2973 482 meis,
3012 410 3081 471 ut

571 513 1052 583 quaecumque
1099 491 1484 563 necessaria
1528 503 1727 563 erant
1774 513 1896 583 pro
1924 491 2076 582 ejus
2115 491 2421 583 planctu,
2465 490 2553 561 de
2591 512 2740 562 meo
2768 489 3016 560 darent.

659 585 699 684 fi
743 588 830 656 4.
883 587 1039 672 Ipse
1083 582 1287 652 etiam
1339 580 1671 651 dominus
1696 580 2112 653 Nicodemus
2160 580 2230 650 in
2262 580 2400 650 alia
2431 580 2628 652 theca
2676 579 2931 671 positus
2968 590 3079 659 est,

572 693 692 759 qut
744 671 929 741 venit
959 670 1042 740 ad
1096 670 1513 741 Salvatorem
1545 675 1786 740 Jesum
1840 683 2059 752 nocte,
2101 682 2169 740 et
2200 670 2660 742 catechizatus
2710 681 2812 740 est
2868 667 2950 738 ab
2990 685 3082 747 eo,

550 760 868 831 -audiens
898 784 915 828 ε
949 761 1100 831 Nisi
1126 761 1277 853 quis
1321 769 1599 830 renatus
1626 760 1837 849 suerit
1879 782 1972 830 ew
2017 782 2202 852 aqua
2245 769 2311 830 et
2354 761 2617 862 Spiritu
2662 761 2920 838 Sancto,
2975 777 3091 856 ηυνξ

562 859 783 941 potest
807 851 1066 920 intrare
1098 851 1167 919 in
1196 870 1484 940 regnum
1507 851 1865 918 coelorum.
1899 853 1978 920 Et
2011 848 2183 931 iens,
2221 847 2605 939 baptizatus
2651 861 2756 920 est
2788 869 2830 916 a
2866 844 3090 917 Christi

571 937 963 1030 discipulis.
1001 943 1080 1008 Et
1124 948 1615 1029 cognoscentes
1644 935 1919 1018 Judaei,
1971 950 2382 1008 amoverunt
2424 959 2582 1007 eum
2633 959 2675 1006 a
2721 934 3092 1026 principatu

571 1049 723 1108 suo,
775 1040 841 1097 et
887 1026 1638 1098 anathematizaverunt
1666 1047 1854 1108 eum,
1894 1026 2075 1097 etde
2102 1027 2373 1097 civitate
2417 1025 2888 1096 exiliaverunt.
2921 1027 3090 1120 Tunc

569 1137 697 1206 ego
746 1115 1102 1198 Gamaliel,
1153 1116 1355 1203 quasi
1412 1115 1959 1205 persecutionem
1997 1138 2122 1206 pro
2168 1115 2434 1186 Christo
2486 1136 2807 1205 passum,
2861 1107 3092 1182 sustuli

568 1226 728 1276 eum
790 1206 861 1275 in
914 1225 1148 1276 meum
1197 1227 1488 1294 agrum,
1540 1216 1607 1272 et
1667 1203 1811 1274 alui
1857 1217 1925 1274 et
1982 1205 2219 1275 vestivi
2276 1226 2499 1292 usque
2544 1203 2632 1274 ad
2683 1203 2887 1273 finem
2935 1199 3092 1268 vitae

570 1295 745 1384 ejus,
799 1308 865 1364 et
894 1292 1298 1393 defunctum
1332 1292 1711 1364 honorifice
1743 1293 2024 1384 sepelivi
2034 1293 2237 1394 juxta
2265 1293 2629 1363 dominum
2663 1290 3089 1388 Stephanum.

573 1383 904 1453 Similiter
947 1395 1015 1451 et
1058 1381 1309 1453 Abtbas
1339 1382 1527 1452 filius
1576 1404 1773 1454 meus
1819 1382 2337 1463 dilectissimus,
2377 1383 2503 1470 qui
2554 1403 2823 1452 mecum
2858 1380 3095 1467 baptis·

571 1493 764 1541 mum
817 1471 1062 1541 Christi
1093 1470 1357 1562 accepit
1388 1471 1475 1541 ab
1503 1471 1658 1562 ejus
1690 1470 1865 1542 disci
1919 1472 2082 1551 ulis,
2114 1472 2357 1562 viginti
2398 1491 2742 1541 annorum
2791 1468 3090 1545 existens,

569 1572 729 1632 ante
780 1581 890 1629 me
930 1572 1245 1631 mortuus
1295 1573 1419 1641 est,
1473 1559 1543 1628 in
1598 1561 1791 1629 tertia
1841 1494 2036 1630 tgeca
2093 1559 2450 1631 excelsiori
2488 1560 2699 1650 jacet,
2752 1559 2824 1628 in
2870 1577 3001 1644 qua
3040 1564 3097 1623 et

570 1670 697 1739 ego
723 1648 872 1739 ipse
906 1660 1139 1739 postea
1171 1647 1566 1730 defunctuS,
1605 1671 1762 1720 sum
1810 1648 2210 1740 applicitus,
2264 1655 2408 1718 Mea
2453 1669 2614 1719 vero
2644 1669 2845 1720 uxor.
2895 1643 3095 1715 Ethna

570 1737 836 1807 hahens
883 1758 1159 1818 nomen,
1210 1749 1276 1807 et
1323 1737 1673 1808 Sedemias
1725 1739 2227 1841 primogenitus
2278 1758 2498 1817 meus,
2537 1737 2708 1825 quia
2752 1734 3100 1805 noluerunt

567 1847 721 1897 esse
768 1826 1016 1896 Christi
1064 1826 1226 1896 fidei
1250 1826 1575 1908 cultores»,
1628 1827 1701 1897 in
1733 1826 1870 1898 alia
1917 1827 2080 1898 villa
2129 1828 2371 1898 matris
2408 1847 2578 1897 suae
2624 1824 2877 1917 sepulti
2924 1830 3093 1901 sunt,

572 1914 702 1985 hoc
735 1926 861 1995 est,
916 1915 989 1985 in
1021 1915 1594 2005 capharsemelia.

659 2007 695 2091 ἓ
740 2008 827 2077 5.
883 2004 1305 2095 Interrogavi
1364 2015 1592 2075 autem
1657 2025 1782 2095 ego
1823 2004 2114 2075 humilis
2161 2004 2512 2074 Lucianus
2561 2004 2940 2103 presbyter,
3003 1995 3100 2066 di·

569 2114 770 2162 cens:
830 2093 957 2163 Ubi
1006 2115 1122 2163 vos
1181 2093 1646 2180 quaeremus?
1692 2094 1823 2176 Qui
1870 2093 2075 2163 dixit:
2132 2099 2208 2163 In
2267 2092 2493 2164 medio
2539 2105 2866 2182 proastio,
2930 2083 3099 2175 quod

569 2192 790 2339 Botest
839 2180 1153 2271 intelligi,
1206 2182 1657 2263 suburbano,
1714 2183 2069 2271 proximus
2116 2182 2200 2251 de
2250 2181 2411 2252 villa
2456 2205 2498 2252 a
2547 2203 2645 2263 er,
2689 2181 2813 2268 qui
2863 2177 3103 2247 dicitur

626 2270 954 2371 elagabri,
1000 2270 1067 2341 id
1117 2281 1241 2352 est,
1297 2270 1599 2341 virorum
1650 2271 1790 2340 Dei.
1843 2276 1921 2341 Et
1978 2270 2331 2361 evigilavi,
2397 2284 2466 2341 et
2557 2287 2922 2361 eprecatus
2958 2283 3101 2335 sum

571 2363 965 2440 Domlnum,
1017 2359 1278 2430 dicens:
1317 2383 1355 2427 «
1381 2360 1667 2429 Domine
1709 2361 1873 2431 ‚lesu
1919 2360 2203 2440 Christe,
2249 2360 2308 2429 si
2350 2371 2453 2431 est
2477 2360 2646 2429 haec
2690 2358 2865 2427 visio
2902 2377 2978 2425 ex
3024 2363 3101 2431 te,

565 2459 631 2518 et
683 2470 814 2518 non
866 2461 967 2521 est
1017 2449 1273 2531 illusio,
1325 2447 1432 2520 fac
1472 2460 1547 2519 ut
1591 2449 1843 2521 iterum
1885 2462 1950 2519 et
1974 2449 2169 2520 tertio
2217 2459 2546 2540 appareat
2594 2448 2800 2528 mihi,
2846 2439 3108 2534 quando

566 2538 670 2607 vis
714 2550 781 2609 et
825 2538 1171 2626 quomodo
1208 2539 1384 2615 visa>
1414 2539 1617 2629 Coepi
1650 2561 1814 2629 ergo
1856 2539 2197 2628 jejunare,
2233 2553 2297 2609 et
2336 2540 2557 2610 siccas
2603 2559 2806 2608 escas
2853 2550 3109 2605 sumere

566 2648 790 2713 usque
838 2628 920 2697 ad
956 2627 1163 2698 aliam
1213 2632 1653 2699 Parasceven.
1708 2633 1785 2698 Et
1819 2627 2067 2698 iterum
2118 2628 2447 2699 dominus
2494 2625 2834 2698 Gamaliel
2884 2620 3109 2693 eadem

566 2714 1028 2787 similitudine
1073 2716 1451 2804 eodemque
1498 2717 1848 2787 schemate
1912 2717 2236 2807 apparuit
2284 2715 2493 2796 mihi,
2550 2715 2741 2786 sicut
2779 2715 2853 2784 in
2905 2711 3114 2801 prima

566 2803 853 2884 visione,
908 2805 1189 2875 dicens:
1233 2810 1456 2888 Quare
1508 2805 1866 2897 neglexisti
1920 2806 2054 2880 ire,
2104 2818 2171 2874 et
2215 2805 2446 2875 dicere
2492 2817 2739 2875 sancto
2788 2802 3114 2905 Episcopo

563 2891 864 2992 loanni?
908 2898 988 2962 Et
1034 2915 1160 2985 ego
1208 2893 1576 2995 respondi:
1616 2917 1653 2962 «
1690 2893 1919 2964 Timui
1966 2893 2247 2963 domine
2307 2916 2459 2963 mox
2510 2893 2609 2962 ire
2654 2915 2706 2963 a
2755 2912 2980 2983 prima
3025 2885 3115 2954 vi-

568 3002 786 3063 sione,
821 2993 887 3052 et
932 2982 1100 3052 haec
1133 3003 1489 3063 nunciare,
1525 3005 1609 3052 ne
1646 2982 1913 3052 viderer
1943 2982 2264 3054 seductor
2291 3003 2466 3053 esse.
2510 2986 2937 3073 Deprecatus
2969 2994 3114 3075 sutn

566 3082 825 3150 autem,
895 3082 975 3141 ut
1019 3072 1077 3140 si
1126 3092 1167 3140 a
1215 3071 1502 3141 Domino
1550 3071 1810 3142 missus
1857 3070 2107 3141 fuisses
2166 3071 2253 3140 ad
2306 3093 2453 3153 me,
2505 3071 2746 3141 denuo
2798 3091 2878 3139 ac
2934 3078 3116 3137 tertio

564 3160 940 3248 appareres
966 3159 1211 3228 mihi.»
1253 3159 1428 3229 Dixit
1452 3171 1681 3230 autem
1715 3158 1801 3229 ad
1836 3181 1968 3229 me:
1996 3160 2388 3247 Acquiesce,
2425 3160 2818 3247 acquiesce,
2856 3154 3118 3254 acquie-

568 3267 685 3315 sce
736 3247 954 3329 mihi,
1004 3261 1070 3318 et
1117 3248 1364 3318 iterum
1423 3248 1520 3318 ait
1590 3248 1802 3318 mihi:
1856 3250 2194 3331 Quoniam
2257 3249 2607 3336 requisisti
2670 3248 2766 3319 de
2814 3243 3116 3333 reliquiis

562 3334 1034 3435 singulorum,
1072 3336 1418 3424 quomodo
1448 3348 1515 3407 et
1561 3336 1683 3406 ubi
1718 3338 1980 3438 positae
2003 3338 2183 3408 sint:
2219 3359 2491 3426 appone
2532 3358 2850 3417 sensum,
2883 3347 2950 3406 et
2976 3330 3118 3401 vide

565 3422 692 3492 <1111
744 3436 958 3504 enter,
991 3446 1170 3512 quae
1198 3424 1659 3495 ostenduntur
1686 3426 1833 3496 nbi.
1872 3431 1951 3496 Et
1981 3426 2161 3496 dixi:
2188 3426 2407 3496 Etiam
2440 3426 2749 3496 domine.
2787 3432 2865 3496 Et
2897 3422 3115 3495 statim

566 3447 798 3582 attuqit
842 3527 1139 3599 quatuor
1185 3513 1516 3595 calathoS‚
1571 3526 1706 3586 tres
1752 3537 2024 3598 aureos,
2074 3528 2144 3585 et
2190 3538 2410 3585 unum
2461 3525 2901 3605 argenteum.
2966 3517 3118 3580 Tres

564 3622 806 3671 eorum
860 3601 1045 3691 pleni
1094 3616 1291 3673 erant
1338 3603 1545 3674 rosis:
1590 3603 1731 3674 duo
1770 3605 1966 3674 albas
2015 3626 2228 3684 rosas,
2267 3604 2507 3674 tertius
2542 3604 2981 3674 rubicundas
3003 3601 3118 3670 ha·

452 3762 458 3769 ,
565 3689 793 3770 hebai,
829 3690 1082 3763 coloris
1130 3693 1518 3782 sanguinei.
1573 3697 1873 3775 Quartus
1925 3714 2078 3763 vero
2124 3693 2465 3772 calathuS,
2520 3692 2642 3779 qui
2676 3705 2828 3762 erat
2876 3709 3118 3779 argen-

565 3790 741 3879 teus,
782 3779 1030 3871 plenus
1076 3794 1221 3851 erat
1254 3803 1455 3850 croco
1503 3782 1676 3854 bene
1706 3781 1955 3862 olente,
1998 3794 2064 3852 et
2108 3782 2335 3882 posuit
2359 3803 2476 3851 eos
2510 3794 2669 3850 ante
2705 3803 2843 3852 me.
2901 3785 2978 3849 Et
3001 3796 3121 3867 ego

564 3867 711 3937 dixi
755 3868 865 3938 ei:
910 3868 1086 3953 Quid
1137 3881 1302 3939 sunt
1350 3870 1486 3952 isti,
1549 3870 1885 3941 domine?
1931 3881 1997 3940 et
2053 3869 2226 3940 dixit
2276 3870 2489 3940 mihi:
2544 3869 2850 3961 Lipsana
2899 3884 3123 3938 nostra

565 3970 753 4027 sunt.
800 3959 930 4058 Qui
964 3958 1214 4029 rubeas
1261 3959 1466 4029 habet
1514 3980 1746 4040 rosas,
1799 3960 1949 4051 ipse
2002 3973 2105 4030 est
2150 3958 2480 4029 dominus
2532 3959 2953 4048 StephanuS‚
3006 3952 3122 4041 qui

566 4066 609 4113 a
635 4044 892 4117 dextrls
921 4048 1186 4139 positus
1212 4048 1430 4119 estad
1461 4049 1803 4119 Orientem
1838 4048 1927 4118 ab
1957 4047 2243 4119 introitu
2270 4048 2725 4118 monumenti.
2762 4045 3125 4118 Secundus

566 4130 906 4216 calathus,
960 4137 1290 4208 dominus
1337 4136 1753 4208 Nicodemus
1784 4149 1946 4219 est,
1995 4137 2214 4208 ositus
2243 4147 2486 4208 contra
2531 4136 2815 4206 ostium.
2858 4135 3126 4205 Tertius

567 4219 883 4322 calathus
931 4225 1045 4295 ille
1077 4238 1471 4317 argenteus,
1504 4239 1607 4296 est
1639 4225 1891 4297 Abibas
1979 4226 2113 4296 lius
2145 4247 2341 4297 meus
2373 4225 2459 4294 de
2487 4237 2678 4295 utero
2717 4222 3122 4301 testimonii,

568 4308 640 4379 id
688 4323 810 4391 est,
863 4312 1146 4384 iteratus
1206 4315 1274 4385 in
1326 4313 1522 4404 lege,
1574 4327 1641 4386 et
1689 4314 2179 4385 immaculatus
2226 4336 2309 4384 ex
2361 4327 2555 4385 utero
2617 4314 2865 4383 matris
2914 4333 3123 4389 suae,

574 4400 866 4470 excessit
891 4422 931 4470 e
973 4402 1258 4474 mundo:
1304 4415 1667 4495 propterea
1699 4403 1769 4472 in
1806 4403 2333 4474 similitudinem
2361 4402 2632 4494 argenti
2670 4398 3133 4472 mundissimi
