3308 5004
763 355 891 418 628
1361 369 1438 417 ot
1486 369 1542 416 s.
1596 366 1904 416 moovmo
1951 345 2112 415 aisn
2157 366 2537 417 ramnonun
2875 344 3099 412 Anu.
3151 343 3240 406 25
3285 357 3286 368 ¹

657 455 846 525 —dum
895 452 1030 525 non
1066 453 1387 525 abhorret
1416 475 1458 522 a
1488 451 1665 523 cibis
1690 451 1814 540 qui
1846 451 2018 542 ipsis
2049 450 2557 543 superfuerant.
2595 450 2776 521 Vidit
2800 447 3244 538 quandoque

672 566 895 613 unum
935 565 1018 613 ex
1065 543 1285 612 tribus
1319 540 1459 611 illis
1491 540 1954 631 pauperrimis
1987 562 2122 610 non
2172 540 2348 611 bene
2375 541 2717 611 edentem.
2757 538 2986 608 lussit
3024 537 3046 606 i
3111 537 3244 605 ‘tur

675 633 838 723 pius
875 645 941 703 et
978 630 1267 702 humilis
1300 635 1440 702 Rex
1479 629 1838 701 scutellam
1870 629 2004 701 sibi
2035 630 2482 721 propositam,
2517 649 2681 700 cum
2708 628 2865 699 cibo
2897 625 3000 696 ad
3036 627 3065 695 i
3101 625 3239 725 lum

678 742 911 793 senem
960 718 1253 790 deferri:
1304 740 1618 808 eamque,
1669 739 1830 788 cum
1881 718 2048 789 satis
2079 717 2197 787 ille
2230 717 2661 799 comedisset,
2712 715 2798 786 ad
2847 736 2922 786 se
2963 714 3236 784 referri.

676 815 780 880 Ita
828 809 1186 891 nimirum,
1235 820 1315 878 ut
1358 807 1645 877 interior
1689 806 1908 876 animi
1954 807 2106 898 ejus
2152 807 2514 877 humilitas
2562 806 2635 876 in
2677 805 2895 876 solius
2960 804 3103 874 Dei
3145 825 3242 873 ee-
3285 853 3286 876 1

562 957 567 964 .
678 899 885 969 debat
928 898 1293 968 honorem:
1344 897 1438 967 ita
1485 896 1777 966 exterior
1823 916 2097 966 morum
2143 907 2210 965 et
2256 896 2537 966 habitus
2588 892 2924 966 modestia
3000 904 3078 964 et
3127 893 3239 961 hu·
3285 899 3286 972 ξ

677 987 959 1068 militas,
1011 985 1282 1056 cunctis
1328 984 1738 1056 mortalibus
1776 995 2038 1087 poterat
2081 1005 2233 1054 esse
2263 985 2538 1056 virtutis
2572 983 3158 1055 incitamentum.

765 1078 804 1163 §
848 1081 925 1149 θ’.
978 1080 1369 1166 Purpurea,
1424 1086 1545 1144 aut
1590 1072 1817 1155 viridi,
1869 1086 1993 1143 aut
2037 1072 2295 1161 alioqui
2346 1074 2637 1164 pretiosa
2687 1085 2874 1142 veste
2926 1071 3055 1141 vel
3109 1071 3234 1162 pel·

680 1164 868 1236 libus
912 1163 1120 1233 variis
1164 1176 1232 1233 et
1275 1163 1514 1253 magni
1565 1162 1810 1254 pretii,
1864 1161 2139 1232 nolebat
2201 1162 2357 1244 uti,
2429 1162 2722 1231 maxime
2771 1171 3232 1251 posteaquam

678 1253 989 1344 primum
1036 1273 1075 1322 e
1122 1251 1290 1323 locis
1351 1251 1834 1322 transmarinis
1880 1249 2105 1321 rediit.
2167 1250 2353 1320 Fidei
2417 1250 3006 1341 propagationem
3066 1271 3232 1319 sum·

680 1362 961 1432 mopere
1008 1340 1301 1411 sitiebat.
1353 1344 1591 1428 ltaque
1635 1340 1696 1410 si
1743 1338 1911 1427 quid
1946 1340 2035 1410 ab
2068 1339 2630 1427 Inquisitoribus,
2667 1337 2860 1427 quod
2896 1338 3002 1408 ad
3044 1337 3228 1408 fidem

680 1430 1072 1587 pertineret,
1116 1442 1293 1499 esset
1322 1428 1408 1497 ad
1443 1451 1600 1498 eum
1653 1428 1972 1509 relatum,
2015 1427 2111 1511 id,
2150 1428 2307 1499 aliis
2355 1428 2647 1519 negotiis
2675 1427 3038 1498 omnibus
3075 1440 3229 1518 post·

733 1518 960 1600 abitiS,
1002 1518 1370 1600 audiebat,
1421 1531 1488 1587 et
1533 1517 1751 1587 instar
1799 1517 2125 1597 PhineeS,
2186 1537 2435 1608 magno
2481 1516 2625 1587 zelo
2673 1516 2740 1584 in
2793 1516 3226 1586 Christianae

682 1607 848 1677 fidei
879 1606 1237 1678 violatores
1269 1605 1877 1676 animadvertebat.
1914 1605 2090 1675 Civis
2116 1605 2402 1693 quidam
2453 1604 2870 1675 Parisiensis
2911 1605 3225 1696 blasphe-

683 1696 866 1766 miae
913 1716 1094 1776 reuS,
1143 1694 1260 1764 illo
1300 1695 1605 1786 jubente,
1663 1694 1966 1765 cauterio
2014 1694 2084 1763 in
2136 1694 2340 1765 labiis
2386 1695 2663 1764 inustus
2708 1692 2874 1763 suit.
2912 1698 3023 1764 Ea
3065 1694 3221 1763 enim

683 1806 904 1875 poena
951 1784 1222 1854 decreta
1267 1795 1412 1853 erat
1456 1783 1544 1854 ab
1590 1783 1766 1874 ipso,
1819 1784 1890 1851 in
1938 1804 2055 1853 eos
2084 1783 2206 1870 qui
2239 1782 2565 1853 scelerate
2588 1781 2919 1871 jurarent
2959 1797 3038 1853 et
3072 1782 3222 1851 blas·

682 1874 1113 1964 phemarent.
1166 1877 1327 1941 Earn
1379 1893 1521 1943 rem
1569 1893 1732 1942 cum
1785 1871 2094 1962 plerique
2140 1885 2548 1962 carperent,
2598 1885 2667 1941 et
2714 1892 2963 1962 regem
3014 1886 3221 1961 tyran-

688 1960 876 2030 nidis
935 1960 1466 2041 insimularent,
1518 1959 1636 2031 ille
1696 1960 1837 2031 ait:
1892 1983 1928 2027 «
1984 1960 2314 2048 Equidem
2380 1961 2449 2029 in
2521 1961 2698 2031 meis
2749 1959 2972 2031 labiis
3026 1961 3217 2029 libens

686 2048 1028 2140 eJusmodi
1099 2050 1518 2120 inustionem
1576 2062 1906 2139 perpetuo
1969 2048 2226 2119 seram:
2299 2062 2565 2120 tantum
2613 2060 2691 2118 ut
2759 2049 2998 2139 impia
3050 2051 3215 2139 jura·

686 2152 916 2208 menta
961 2160 998 2207 e
1032 2159 1241 2229 regno
1290 2159 1440 2207 meo
1487 2139 1687 2239 profli
1738 2151 1964 2209 entur.
2013 2163 2048 2205 »
2101 2139 2405 2209 Decrevit
2435 2137 2863 2226 quandoque
2912 2139 3078 2229 pius
3105 2142 3214 2207 Rex

685 2228 1044 2317 septennio
1092 2226 1539 2318 peregrinari,
1590 2238 1658 2296 et
1730 2248 1854 2297 oca
1899 2239 2140 2297 sancta
2185 2227 2504 2298 invisere.
2545 2227 2740 2296 Venit
2773 2225 3006 2318 igitur
3033 2233 3214 2296 Peru·

686 2315 1006 2417 ‘sium-ad
1056 2320 1123 2385 S.
1176 2314 1532 2417 Aegidiufn
1585 2317 2120 2417 Franciscanum
2171 2315 2391 2385 instar
2425 2316 2752 2406 pauperis
2785 2315 3133 2472 pereffrini
3161 2323 3211 2381 et

686 2417 927 2496 ignoti,
962 2427 1104 2474 una
1135 2428 1296 2474 cum
1338 2425 1545 2475 socus
1601 2426 1767 2475 suns.
1815 2408 2109 2475 Ostiario
2153 2415 2383 2474 autem
2435 2417 2840 2474 monaster-11
2883 2425 2949 2472 ιη
2999 2413 3209 2471 icante

684 2492 990 2595 Aegidio,
1035 2494 1476 2585 peregrinum
1530 2494 1902 2582 quemdam
1955 2493 2179 2585 ipsius
2224 2505 2537 2585 expetere
2583 2492 2993 2590 colloquium
3021 2546 3037 2570 ,
3091 2487 3203 2558 ille

684 2584 938 2673 splritu
975 2583 1259 2653 docente
1291 2604 1676 2674 agnoscens
1702 2583 1861 2671 quis
1896 2596 2093 2663 esset,
2141 2589 2426 2672 propere
2458 2583 2784 2664 accurrit,
2842 2592 3202 2671 pariterque

684 2671 884 2749 flexis
916 2673 1234 2762 genibuS,
1275 2671 1345 2740 in
1378 2684 1659 2742 mutuos
1698 2685 1911 2742 ruunt
1956 2671 2312 2763 amplexus
2339 2683 2405 2741 et
2441 2672 2704 2751 oscula,
2765 2670 2885 2740 sed
2915 2666 3072 2738 nihil
3112 2666 3204 2735 lo·

687 2772 1024 2849 quuntur,
1061 2782 1220 2831 curn
1256 2760 1531 2847 utrique
1563 2760 1847 2830 alterius
1883 2781 2001 2829 cor
2036 2763 2314 2851 pateret.
2507 2745 2529 2783 '

732 2872 735 2875 ·
776 2851 814 2936 ξ
859 2852 942 2921 S.
995 2854 1185 2919 Anno
1234 2847 1478 2919 salutis
1526 2848 1896 2918 millesimo
1943 2848 2417 2919 ducentesimo
2455 2848 3216 2940 quadmgesimooctavo
3285 2926 3286 2933 χ

689 2943 865 3007 Crux
902 2938 937 2971 ¹*
984 2937 1513 3037 praedicabatur
1543 2936 1611 3006 in
1665 2935 1997 3007 dioecesis
2043 2936 2466 3007 Coloniensis
2515 2959 2714 3038 pagO,
2767 2958 2978 3024 quem
3025 2935 3218 3026 vulgo
3285 2992 3286 3001 ,

688 3024 1192 3096 Bedonfrisium
1242 3037 1509 3121 vocant.
1562 3026 1669 3096 Ibi
1717 3038 1861 3096 turn
1915 3047 2148 3095 mense
2195 3026 2373 3115 Majo
2418 3025 2589 3096 feria
2640 3038 2827 3096 sexta
2862 3038 3026 3095 ante
3067 3030 3220 3096 Pen-

690 3127 987 3184 tecosten
1038 3129 1174 3184 tres
1204 3118 1453 3184 Cruces
1478 3114 1889 3186 visebantur
1919 3115 1989 3183 in
2023 3118 2203 3196 aere,
2238 3137 2381 3184 una
2413 3113 2710 3184 candida
2759 3136 3009 3184 versus
3033 3118 3084 3184 A
3130 3114 3224 3184 ui·

693 3202 946 3280 ionem,
991 3202 1200 3273 altera
1247 3202 1556 3292 ejusdem
1609 3202 1860 3272 coloris
1906 3202 1993 3272 ad
2040 3208 2359 3273 Austrum
2396 3227 2411 3270 ε
2465 3203 2660 3273 tertia
2707 3203 2943 3273 colore
3145 3203 3220 3280 io,

692 3291 765 3358 in
804 3301 943 3378 qua
980 3292 1389 3361 cernebatur
1434 3288 1753 3393 suspensi
1803 3292 2105 3362 hominis
2150 3291 2411 3383 effigies
2456 3293 2755 3364 extensis
2800 3291 3226 3373 brachiissset
3285 3320 3286 3331 ¹

689 3379 912 3468 capite
942 3379 1295 3461 inclinato,
1332 3393 1634 3468 atquem
1671 3402 1920 3449 manus
1948 3393 2015 3450 et
2048 3380 2254 3471 pedes
2300 3382 2451 3469 ejus
2498 3380 2724 3450 adacti
2772 3379 2980 3450 clavi.
3009 3384 3228 3469 anue

690 3467 996 3537 medium
1047 3469 1319 3539 tenebat
1364 3469 1542 3539 inter
1586 3468 1760 3539 alias
1808 3468 2080 3551 locum,
2138 3471 2206 3539 in
2256 3470 2511 3557 quibus
2572 3468 2778 3538 nulla
2822 3471 3231 3541 cernebatur

691 3556 997 3629 hominis
1044 3557 1290 3658 figura.
1344 3558 1488 3628 Alio
1534 3570 1841 3648 ternpore
1878 3558 1947 3626 in
1985 3559 2344 3629 Enchusen
2382 3557 2715 3648 Phrysiae
2754 3557 3052 3649 oppidu,
3081 3579 3226 3631 eum

688 3644 835 3715 illic
883 3645 1391 3735 praedicaretur
1438 3652 1634 3729 Crux,
1687 3647 1823 3716 alia
1871 3648 2108 3718 Crucis
2153 3648 2375 3717 forma
2414 3646 2609 3735 juxta
2642 3646 2858 3718 solem
2912 3644 3230 3739 apparuit

690 3733 916 3804 colore
945 3734 1283 3817 caerule0‚
1319 3757 1529 3825 quam
1567 3736 1768 3807 multi
1797 3735 2139 3807 viderunt.
2183 3741 2259 3805 In
2297 3736 2712 3825 Trajectensi
2740 3756 3032 3825 quoque
3061 3737 3229 3811 dioe-

691 3824 831 3895 cesi
880 3824 950 3893 in
1006 3828 1325 3904 Doccum,
1377 3824 1499 3894 ubi
1548 3829 1612 3894 S.
1668 3823 2059 3895 Bonisacius
2108 3838 2367 3915 martyr
2414 3824 2808 3895 trucidatus
2853 3823 3017 3905 fuit,
3071 3831 3229 3898 Crux

691 3912 838 3983 visa
885 3925 987 3985 est
1034 3914 1105 3982 in
1154 3912 1466 4003 ejusdem
1519 3913 1843 4004 martyris
1890 3913 2060 4005 festo
2107 3914 2220 3984 die
2253 3969 2270 3996 ,
2322 3914 2570 4006 ingens
2617 3935 2787 3984 sane
2829 3928 2902 3985 et
2933 3914 3093 3986 albi
3130 3937 3228 3988 eo-

690 4001 900 4084 loriS,
956 4002 1240 4093 perinde
1285 4001 1427 4072 acsi
1477 4001 1653 4072 trabi
1701 4001 1913 4073 altera
1963 4002 2147 4073 trabs
2198 4003 2636 4074 transversim
2686 4002 3080 4076 artificiooe
3109 4004 3226 4077 im·

692 4103 892 4249 Recta
937 4105 1137 4162 esset.
1190 4090 1574 4163 Credantur
1619 4103 1847 4161 autem
1886 4089 1994 4163 bis
2027 4092 2434 4183 apparuisse
2468 4097 2740 4173 Cruces,
2777 4112 2868 4162 ne
2896 4094 3077 4181 quis
3099 4112 3226 4167 m-

747 4179 959 4269 igeret
988 4180 1073 4250 de
1120 4182 1346 4271 prima
1378 4179 1848 4271 apparitione:
1901 4192 2105 4268 atque
2140 4181 2234 4251 ita
2258 4181 2510 4252 factum
2545 4194 2670 4262 est,
2705 4195 2788 4253 ut
2810 4180 3224 4256 coloniam

698 4268 1048 4357 provincia
1088 4269 1173 4339 ad
1215 4281 1549 4340 trecentas
1584 4267 1722 4338 fere
1771 4290 1977 4341 naves
2009 4282 2392 4361 appararet.

782 4359 819 4444 ξ
856 4361 952 4425 9.
986 4364 1176 4428 Anno
1200 4358 1445 4429 Christi
1473 4357 1843 4429 millesimo
1871 4357 2344 4430 ducentesimo
2371 4359 2550 4448 quad
2563 4360 3214 4457 ragesimosepn‘mo.

749 4473 774 4501 *¹
802 4472 991 4517 Scilicet
1010 4475 1365 4565 crucigerorum
1385 4474 1435 4518 in
1453 4473 1694 4519 orientem
1713 4474 1948 4528 expeditio
1966 4474 2257 4521 vindicandis
2279 4478 2613 4520 Saracenorum
2628 4476 3033 4529 potestne-Loth
3046 4476 3218 4525 ω
