3308 5004
191 346 340 413 Λυσι.
383 346 423 412 2
838 363 919 411 nr.
964 362 1022 410 s.
1074 360 1404 410 Atruonso
1451 362 1520 410 ι.
1572 365 1651 411 π
1698 364 1954 413 ueomo
2494 349 2579 414 63

188 446 471 537 impulsu,
522 446 591 515 in
645 444 972 536 Deiparae
1018 447 1320 537 Virginis
1383 447 1717 537 templum
1770 469 1843 518 se
1889 448 2199 529 confert;
2254 450 2487 538 ibique
2517 472 2665 521 coe·

188 536 305 607 lesti
345 558 605 627 semper
651 535 957 606 claritate
1005 535 1500 616 circumdatus,
1560 542 1689 606 Deo
1738 550 1951 607 totum
1989 561 2061 608 se
2098 541 2468 630 mancipat,
2512 562 2667 629 pro·-

190 625 416 695 mittens
483 624 744 694 mundo
809 646 882 694 se
940 625 1542 706 renuntiaturum;
1610 638 1676 695 et
1740 626 1812 695 in
1876 628 2354 716 promissionis
2414 629 2667 720 pignus

189 735 396 787 ensem.
436 713 617 801 quod
667 725 814 783 erat
862 712 1237 784 nobilitatis
1270 716 1566 805 insigne,
1607 714 1693 783 ad
1725 716 2026 804 Virginis
2052 739 2241 787 aram
2277 716 2660 806 suspendit.

186 807 323 874 Haec
366 801 535 872 facta
583 802 742 871 sunl
790 802 858 871 in
909 802 1193 873 ecclesia
1230 809 1300 873 B.
1356 802 1605 872 Mariae
1652 803 1738 872 de
1786 805 2112 885 Mercede,
2151 805 2668 896 Redemptionis

186 891 613 980 Captivorum3
664 891 866 978 quasi
914 891 1149 960 divina
1197 892 1627 962 Providentia
1687 892 2082 983 significare
2136 894 2503 977 voluisset,
2557 893 2669 964 Al-

179 980 475 1069 phonsum
527 979 774 1049 exhinc
810 980 1001 1069 operi
1049 980 1563 1072 Redemptionis
1592 1035 1609 1061 ,
1665 1003 1786 1070 per
1834 982 2320 1052 instituendam
2373 989 2503 1053 Con
2561 1005 2670 1052 re-

178 1069 474 1157 gationem
528 1073 626 1139 Ss.
683 1068 1183 1160 Redemptoris,
1238 1083 1452 1141 totum
1488 1083 1962 1140 consecratum
1997 1072 2105 1140 iri.
2158 1071 2284 1140 Illa
2326 1093 2479 1141 vero
2569 1072 2668 1142 ies

174 1158 265 1226 Dei
306 1156 602 1238 famulo,
653 1156 991 1245 quamdiu
1055 1158 1259 1239 vixit,
1313 1180 1583 1316 semAEer
1629 1158 1761 1228 fuit
1812 1159 2105 1229 maxime
2147 1160 2660 1245 memorabilis,

172 1267 292 1315 eam
338 1246 689 1316 humiliter
727 1268 894 1316 suae
925 1248 1391 1317 conversionis
1490 1248 1619 1315 iem
1656 1247 2005 1338 appellare
2035 1247 2334 1319 solebat:
2391 1271 2512 1318 nec
2547 1249 2669 1317 im·

170 1335 398 1416 merito,
442 1347 608 1405 tunc
655 1335 840 1404 enim
890 1335 1286 1405 omnimode
1332 1358 1406 1405 se
1460 1338 1583 1404 Deo
1618 1334 2011 1405 devoverat.
2047 1337 2326 1426 Cognita
2376 1338 2478 1406 via
2527 1359 2669 1425 qua

167 1422 275 1492 sibi
310 1435 479 1494 esset
510 1422 1013 1494 ambulandum
1065 1424 1458 1515 Alphonsus
1493 1423 1560 1493 in
1599 1447 1749 1494 eam
1787 1425 2104 1494 alacriter
2148 1438 2249 1494 est
2280 1426 2660 1515 ingressuS.

165 1511 397 1602 Quippe
425 1512 878 1582 constitutum
931 1512 1224 1583 habebat
1257 1513 1714 1583 sacerdotium
1769 1514 1966 1594 inire,
2005 1526 2068 1582 et
2103 1513 2346 1584 Christi
2381 1514 2666 1584 Redem-

163 1602 346 1689 ptoris
393 1601 679 1689 vestigia
732 1601 1026 1682 sectari,
1082 1601 1469 1690 redemptor
1526 1602 1674 1692 ipse
1721 1602 2112 1672 animarum
2178 1604 2479 1672 futurus,
2536 1603 2664 1673 Sed

162 1688 409 1759 difficile
454 1689 650 1759 dictu
696 1701 819 1770 est,
866 1689 933 1758 in
975 1702 1140 1776 quot
1189 1703 1253 1760 et
1292 1701 1588 1777 quantas
1626 1689 1781 1778 ejus
1832 1693 2256 1780 propositum
2300 1692 2670 1762 incurrerit

157 1777 593 1847 difficultates.
632 1782 847 1858 Pater,
886 1779 1003 1865 qui
1040 1778 1299 1849 saeculi
1348 1778 1643 1848 honores
1686 1779 1827 1848 filio
1867 1780 2251 1880 appetebat,
2300 1780 2468 1849 nihil
2528 1802 2666 1851 non

159 1867 427 1948 tentavit,
469 1888 658 1935 nunc
707 1866 1083 1944 blanditiis,
1141 1889 1325 1937 nunc
1377 1867 1583 1937 minis
1614 1922 1630 1949 ,
1683 1889 1821 1954 quo
1867 1890 2018 1959 ejus
2067 1868 2435 1938 consilium
2480 1869 2669 1940 labe·

158 1954 431 2026 lactaret.
488 1955 733 2025 Omnia
782 1969 1007 2026 tamen
1061 1956 1333 2026 heroico
1380 1956 1613 2025 animo
1665 1979 2002 2047 superans
2065 1957 2455 2047 Alphonsus
2487 2013 2502 2037 ,
2556 1957 2669 2027 die

156 2048 224 2112 23
265 2045 573 2115 Octobris
620 2044 786 2113 anni
834 2066 1190 2126 unccxxm,
1261 2044 1647 2114 clericalem
1700 2058 1948 2116 vestem
2026 2045 2292 2127 induit,
2345 2059 2546 2133 atque
2595 2047 2664 2115 in

153 2146 372 2202 sortem
427 2132 701 2203 Domini
763 2146 1121 2223 cooptatus
1181 2147 1305 2204 est.
1378 2138 1687 2220 Cumque
1734 2136 1992 2224 optime
2044 2149 2320 2215 nosset,
2373 2157 2414 2203 a
2463 2134 2667 2204 labiis

154 2221 561 2293 sacerdotum
614 2222 872 2309 requiri
918 2223 1274 2292 scientiam
1306 2277 1321 2303 ,
1374 2221 1457 2291 ad
1510 2245 1745 2292 sacrae
1802 2223 2180 2313 theologiae
2234 2223 2540 2294 studium
2595 2244 2668 2294 se

154 2311 566 2396 potissimum
603 2310 962 2400 applicuit.
1001 2317 1146 2394 Qua
1181 2312 1248 2380 in
1285 2310 1658 2401 disciplina
1694 2323 1824 2381 tam
1866 2311 2151 2381 feliciter
2190 2325 2496 2381 versatus
2534 2324 2659 2393 est,

151 2409 230 2478 ut,
276 2399 515 2490 elapso
544 2399 652 2470 vix
686 2399 999 2481 triennio,
1044 2399 1126 2469 ad
1164 2399 1398 2469 omnia
1440 2400 1816 2489 apostolica
1854 2400 2232 2470 ministeria
2261 2400 2666 2490 aptissimus

146 2485 582 2573 judicaretur.
635 2493 882 2572 Quare,
936 2489 1125 2559 nulla
1167 2489 1566 2580 interposita
1600 2491 1817 2569 mora,
1865 2489 2185 2559 sacerdos
2224 2501 2667 2560 consecratus

150 2592 271 2656 est;
320 2579 774 2669 primumque
823 2582 889 2647 S.
950 2579 1191 2648 Missae
1245 2579 1663 2648 sacrificium
1708 2577 2075 2648 celebravit
2120 2577 2437 2679 Neapoli,
2477 2600 2663 2647 sera-

151 2664 345 2754 phicis
377 2667 773 2754 liquescens
803 2665 1192 2748 ardoribus,
1219 2689 1480 2737 annum
1511 2689 1549 2736 a
1643 2689 1725 2736 ns
1750 2668 1988 2737 aetatis
2011 2688 2174 2737 suae
2202 2668 2659 2756 trigesimum.

215 2757 370 2912 ἥδ.
424 2756 601 2839 Quis
661 2755 905 2824 exinde
964 2756 1310 2846 Alphonso
1362 2689 1636 2825 vivenffi
1694 2755 1939 2825 modus
2006 2754 2253 2837 fuerit,
2311 2777 2430 2845 per
2488 2754 2664 2825 duos

147 2844 225 2911 sci
255 2844 378 2914 icet
425 2865 699 2925 annOS,
750 2866 924 2932 quos
976 2846 1332 2934 presbyter
1389 2844 1765 2914 saecularis
1813 2867 1891 2914 ac
1950 2843 2215 2914 Sodalis
2281 2848 2666 2935 congrega-

147 2931 325 3003 tionis
369 2957 411 3002 a
460 2932 911 3023 Propaganda
966 2934 1125 3003 Fide
1172 2933 1451 3024 Neapoli
1502 2933 1853 3023 transegit,
1908 2933 2197 3002 solemni
2248 2953 2560 3002 sermone
2590 2933 2663 3003 in

146 3019 311 3091 Bulla
356 3023 515 3111 ejus
565 3022 1110 3091 Canonizationis
1171 3021 1579 3091 declaratur.
1648 3022 1757 3090 Sic
1815 3022 1998 3090 enim
2057 3021 2362 3108 loquitur
2414 3025 2666 3113 Grego-

148 3108 268 3178 rius
310 3116 451 3181 xvl
490 3115 826 3180 Summus
858 3110 1163 3180 Pontifex
1194 3135 1207 3178 :
1263 3134 1300 3177 «
1335 3111 1559 3181 Sacris
1590 3110 1966 3181 Ordinibus
1998 3110 2310 3180 initiatus
2339 3132 2419 3179 ac
2453 3133 2666 3179 sacer·

148 3194 288 3268 dotii
335 3200 604 3270 honore
645 3198 1038 3289 insignitus,
1078 3199 1163 3268 ad
1198 3199 1310 3268 Dei
1345 3199 1634 3299 gloriam
1677 3221 2199 3287 quaquaversus
2228 3198 2665 3299 amplifican-

147 3284 304 3369 dam,
340 3289 425 3358 ad
466 3286 835 3357 inserenda
875 3288 1128 3358 animis
1177 3288 1536 3358 hominum
1591 3288 1918 3357 virtutum
1958 3289 2246 3368 semina,
2279 3301 2666 3376 st1rpesque

149 3374 434 3446 vitiorum
480 3375 874 3447 evellendas
924 3389 1105 3446 totus
1152 3376 1492 3447 incubuit.
1545 3381 1957 3446 Persuasum
1996 3399 2151 3445 cum
2187 3377 2489 3456 haberet,
2546 3397 2668 3444 ne-

149 3463 372 3533 minem
430 3465 642 3556 plane
687 3486 767 3534 ex
812 3465 1207 3556 apostolicis
1258 3465 1610 3535 laboribus
1662 3465 1939 3534 uberem
1989 3463 2287 3535 fructum
2328 3485 2476 3534 esse
2510 3485 2664 3554 per-

151 3566 514 3642 cepturum,
561 3554 697 3623 nisi
743 3566 807 3623 et
853 3554 1093 3624 doceat
1119 3567 1186 3624 et
1213 3553 1463 3624 faciat:
1517 3553 1690 3623 illud
1725 3553 2047 3642 inprimis
2092 3554 2479 3644 urgendum
2531 3553 2665 3624 sibi

150 3644 535 3731 proposuit,
615 3655 692 3712 ut
755 3643 1167 3733 omnigenae
1235 3643 1506 3713 virtutis
1574 3643 1896 3713 exercitio
1950 3643 2258 3733 seipsum
2318 3642 2666 3712 exhiberet

154 3738 449 3819 tanquam
524 3731 915 3801 ministrum
987 3732 1102 3801 Dei
1165 3744 1232 3801 et
1299 3732 1845 3823 dispensatorem
1922 3731 2406 3821 mysteriorum
2478 3731 2655 3820 ejus,

154 3819 461 3891 castitatis
514 3820 873 3899 nimirum,
911 3842 1119 3908 quam
1170 3819 1437 3890 dudum
1475 3833 1744 3890 voverat
1781 3826 1933 3900 Deo,
1979 3833 2207 3892 custos
2238 3841 2508 3910 semper
2536 3817 2668 3889 fuit

154 3908 732 3990 retinentissimus,
796 3909 866 3978 id
923 3909 1200 3981 assidue
1257 3922 1482 3980 mente
1537 3922 1836 3996 actuque
1886 3912 2194 4000 corporis
2242 3907 2665 3978 contendens

153 3997 343 4080 unice,
374 4012 453 4069 ut
477 4020 633 4068 eam
668 3999 755 4068 ab
784 3999 974 4067 omni
1007 3998 1210 4101 plane
1235 3997 1388 4067 labe
1418 3999 1755 4100 integram
1785 4011 2119 4068 servaret:
2166 3997 2346 4084 quod
2377 4009 2452 4066 ut
2479 4008 2665 4067 certo

159 4100 653 4175 assequeretur,
707 4087 1068 4158 Genitricis
1116 4088 1231 4157 Dei
1297 4087 1637 4177 praesidio
1698 4087 1887 4156 illam
1943 4086 2233 4157 fidenter
2286 4085 2658 4156 commisit.

160 4173 286 4243 ’lam
342 4176 738 4247 vehementi
796 4177 1053 4246 amoris
1111 4177 1374 4266 impetu
1424 4176 1494 4245 in
1545 4180 1756 4246 Deum
1828 4174 2173 4245 ferebatur
2206 4230 2221 4256 ,
2289 4175 2539 4244 mentis
2588 4186 2666 4244 ut

164 4262 338 4361 aciem
376 4267 446 4334 in
500 4288 663 4335 eum
714 4278 1042 4357 perpetuo
1091 4264 1503 4347 intenderit,
1556 4287 1636 4335 ac
1687 4263 1859 4334 nihil
1911 4264 2096 4333 aliud
2140 4263 2385 4332 habere
2422 4263 2491 4331 in
2544 4263 2666 4333 de-

166 4342 303 4446 liciis
349 4355 544 4426 visus
591 4353 796 4424 suerit
828 4409 844 4436 ,
896 4376 1105 4442 quam
1168 4353 1253 4423 de
1301 4354 1419 4423 illo
1486 4354 1787 4445 cogitare
1843 4375 1923 4422 ac
1972 4353 2184 4440 loqui.
2248 4357 2413 4422 Cum
2479 4364 2664 4421 tanto

166 4434 341 4510 divini
386 4445 648 4514 amoris
696 4457 888 4514 aestu
937 4443 1442 4526 incenderetur,
1495 4443 1695 4513 facile
1724 4442 2021 4531 quisque
2067 4440 2410 4534 intelligit,
2447 4462 2664 4529 quam
