3308 5004
192 338 338 405 ΔΗΕ.
388 338 412 403 l
989 353 1069 400 nn
1117 352 1175 400 s.
1227 351 1504 401 anniano
1549 352 1832 403 accuso
2519 338 2606 405 47

191 461 467 531 magnum
518 438 717 510 nobis
749 436 1154 525 relinquens
1178 437 1501 508 solatium
1542 450 1747 526 atque
1778 438 2178 519 consilium,
2220 460 2340 527 per
2380 439 2474 521 id,
2508 439 2693 528 quud

194 529 606 618 insemetipsa
651 548 859 617 opere
892 526 1239 616 passionis
1290 526 1626 616 probavit.
1663 528 1853 610 Quod
1905 528 2072 599 filiis
2107 528 2330 598 valido
2377 550 2698 600 sermone

197 628 594 708 persuaserat,
646 629 726 687 ut
768 615 1209 687 corroborata
1266 616 1529 698 anima,
1580 629 1647 686 et
1693 617 1982 688 sublimi
2040 637 2250 688 sensu
2306 617 2645 689 instructa
2674 672 2693 702 ,

196 706 387 776 audeat
429 727 668 776 omnes
702 703 973 806 ingredi
1024 705 1406 795 passioneS,
1438 716 1504 775 et
1540 705 1778 776 omnia
1808 706 1950 776 sive
1986 718 2509 789 tormentorum,
2549 707 2694 779 sive

190 794 622 866 discriminum
681 793 1063 865 vistbiltum
1106 794 1290 864 -dura
1339 807 1805 865 contemnere.
1871 795 2043 878 Quis
2088 796 2273 865 enim
2329 797 2453 877 vir,
2516 817 2697 883 quae

188 883 413 966 mulier,
446 883 607 971 quis
643 883 899 964 senior,
953 894 1075 952 aut
1130 884 1291 971 quis
1333 883 1659 973 juvenis,
1725 882 2086 954 decaetero
2150 884 2419 954 veniam
2526 885 2698 956 ossit

181 974 472 1064 accipere,
504 982 627 1042 aut
664 972 1172 1043 excusationem
1211 972 1463 1042 babere
1497 971 1893 1073 fragilitatis
1924 971 2181 1054 carniS,
2211 985 2279 1043 et
2309 973 2461 1043 timi
2514 973 2698 1043 itatis

179 1061 503 1143 humanae,
542 1062 607 1131 si
638 1074 915 1151 propter
939 1060 1287 1133 christum
1323 1061 1460 1132 sibi
1487 1061 1798 1151 pericula
1827 1061 2053 1132 videat
2102 1060 2375 1131 inferri:
2413 1061 2697 1150 quando

176 1148 391 1222 mulier
442 1162 791 1221 senectute
839 1148 1188 1231 confecta,
1254 1160 1319 1219 et
1361 1162 1708 1221 tantorum
1767 1150 2075 1221 filiorum
2129 1162 2369 1232 mater,
2422 1162 2489 1222 et
2535 1162 2695 1222 ante

174 1250 407 1329 tempus
450 1238 712 1331 gratiae
765 1258 1177 1330 congressa,
1248 1238 1587 1310 sustinuit
1654 1239 1895 1310 multis
1963 1239 2270 1309 virorum
2322 1261 2446 1330 per
2510 1239 2694 1310 idem

175 1339 408 1419 tempus
456 1339 643 1399 metu
674 1327 918 1398 mortis
967 1328 1321 1409 inclinatis
1370 1328 1439 1397 in
1490 1327 1855 1418 sacrilegia
1890 1327 2244 1420 perfidiae,
2288 1328 2588 1399 necdum
2620 1328 2694 1397 in

174 1417 407 1485 Domini
445 1416 818 1488 salvatoris
863 1415 1164 1487 adventu
1201 1415 1500 1487 extincto
1550 1430 1855 1506 peccam,
1893 1438 2115 1505 neque
2152 1431 2368 1488 morte
2402 1417 2691 1499 devicta,

172 1505 347 1577 tantis
389 1505 647 1576 animis
679 1518 744 1575 et
793 1516 978 1575 tanta
1013 1506 1280 1587 virtute,
1337 1517 1562 1576 tantas
1613 1519 1892 1597 propter
1935 1509 2141 1576 Deum
2189 1527 2445 1597 poenas
2483 1505 2696 1577 susti-

172 1594 379 1665 nuisse
422 1593 758 1675 cernitur,
809 1606 876 1665 et
913 1595 1158 1666 vicisse
1187 1616 1269 1664 co
1322 1595 1654 1677 noscitur,
1704 1608 1781 1666 ut
1817 1594 2286 1686 evangelicam
2341 1595 2699 1686 perfectio-

170 1702 298 1751 nem
345 1683 413 1754 in
465 1683 896 1773 temporibus
930 1682 1101 1774 legis
1132 1683 1277 1775 imp
1309 1683 1565 1753 everit?

234 1773 454 1872 512.
512 1772 705 1843 Unde
752 1772 921 1843 haec
959 1794 1122 1863 ergo
1177 1772 1411 1842 omnia
1450 1772 1870 1862 cogitantes,
1922 1786 1989 1843 et
2037 1771 2388 1854 mulieres,
2439 1787 2506 1843 et
2536 1771 2693 1855 viri,

162 1869 217 1959 et
233 1881 540 1950 juvenes,
560 1873 629 1931 et
656 1881 877 1943 senes,
907 1860 1300 1951 exemplum
1333 1862 1578 1952 agonis
1613 1862 1848 1962 hujus,
1880 1873 2370 1949 tantorumque
2396 1860 2464 1931 in
2501 1860 2694 1945 filiis,

160 1969 215 2016 tn
250 1960 456 2020 matre
505 1950 996 2032 luctaminum,
1042 1950 1224 2021 sicut
1264 1950 1333 2020 iu
1387 1951 1648 2031 tabula,
1695 1965 1787 2020 ita
1827 1951 1900 2023 in
1935 1949 2144 2020 corde
2186 1962 2408 2021 vestro
2436 1949 2698 2021 descri-

164 2036 299 2117 bite,
339 2038 624 2108 assidua
674 2039 1033 2110 vobiscum
1073 2040 1556 2110 exercitatione
1613 2038 2070 2125 meditamini.
2119 2044 2365 2109 Contra
2415 2060 2696 2112 omnem

161 2125 610 2215 spiritualium
659 2127 1104 2198 inimicorum
1170 2142 1596 2199 armaturam
1648 2128 1842 2199 illius
1893 2127 2293 2219 patientiam
2349 2148 2697 2219 propona-

165 2235 295 2313 mus
321 2216 407 2286 ad
451 2216 747 2287 invictae
797 2216 1071 2288 virtutis
1116 2216 1538 2317 exemplum,
1577 2229 1654 2287 ut
1701 2218 1908 2288 isthic
1942 2217 2375 2291 aemulantes
2422 2215 2696 2287 fortitu-

161 2300 363 2375 dinem
396 2317 800 2377 sanctorum
835 2304 1141 2385 illorum,
1176 2305 1500 2377 similiter
1529 2306 1673 2375 illic
1700 2328 1940 2376 eorum
1982 2328 2310 2377 coronam
2342 2306 2696 2396 possimus

162 2390 453 2483 adipisci.
506 2398 849 2477 Quantam
885 2394 992 2463 illi
1038 2394 1438 2485 patientiam
1466 2395 1535 2465 in
1569 2395 1899 2486 periculis
1938 2395 2424 2485 corporalibus
2464 2408 2696 2466 osten-

162 2477 404 2566 derunt,
455 2496 717 2555 tantam
766 2504 899 2554 nos
958 2483 1026 2553 in
1083 2483 1526 2574 passionibus
1602 2483 2124 2556 irrationalibus
2187 2481 2693 2555 continentiam

162 2567 736 2668 demonstremus:
790 2571 859 2642 id
909 2584 1013 2643 est
1056 2586 1296 2644 contra
1345 2573 1518 2644 iram
1568 2586 1634 2644 et
1682 2573 2068 2654 avaritiam,
2124 2573 2225 2642 vel
2261 2572 2495 2643 inanis
2542 2571 2696 2663 glo-

162 2678 277 2728 riae
297 2661 1207 2752 concupiscentiam-divino
1240 2662 1484 2732 timore
1513 2662 1788 2742 muniti,
1830 2662 2155 2733 sensibus
2188 2673 2687 2752 repugnantes,

160 2759 214 2846 et
248 2751 539 2821 consilia
568 2749 828 2821 diaboli
860 2749 1291 2822 destruentes
1322 2752 1391 2822 in
1421 2752 1644 2823 nobis.
1685 2751 1753 2821 Si
1777 2751 1964 2821 enim
1995 2750 2462 2841 cupiditatum
2498 2749 2697 2841 ignes
2769 2823 2776 2830 ,

162 2838 555 2934 picei-imus:
599 2838 781 2916 sicut
826 2838 931 2909 illi
970 2839 1362 2930 tyrannidis
1411 2840 1640 2931 ignem
1685 2839 2019 2919 vicerunt,
2067 2839 2449 2929 poterimus
2488 2839 2694 2928 juxta

164 2944 325 3012 ipsos
364 2940 432 2997 et
492 2939 791 2998 matrem
838 2948 1104 3010 eorum,
1169 2929 1321 3020 pari
1366 2929 1588 3019 gloria
1660 2927 2018 3000 constituti
2085 2927 2355 3000 similes
2423 2927 2692 2998 haberi.

161 3014 374 3085 Potens
412 3030 660 3088 autem
699 3029 805 3088 est
836 3021 1015 3092 Deus
1059 3030 1139 3087 ut
1184 3028 1481 3108 praestet
1526 3040 1657 3088 nos
1695 3038 1937 3089 omnes
1972 3038 2095 3108 per
2136 3017 2452 3087 eamdem
2486 3015 2697 3090 fidem

163 3101 232 3170 ad
274 3125 507 3193 parem
548 3103 847 3196 gloriam
898 3106 1301 3196 pervenire:
1356 3129 1480 3197 per
1514 3106 1931 3178 ‘charitatem
1971 3119 2039 3177 et
2084 3107 2378 3197 gratiam
2421 3104 2696 3176 Domini

164 3193 346 3263 nostri
389 3200 567 3272 Jesu
605 3193 878 3276 Christi,
919 3215 1041 3286 per
1085 3217 1290 3283 quem
1341 3208 1408 3265 et
1438 3217 1599 3266 cum
1646 3217 1789 3283 quo
1823 3206 1929 3266 est
1975 3200 2109 3266 Deo
2138 3194 2321 3265 Patri
2371 3214 2691 3284 regnum,

164 3277 372 3439 {lquor-ia,
404 3303 583 3441 cur}
633 3283 896 3373 Spiritu
943 3287 1215 3368 Sancto,
1268 3295 1333 3354 et
1380 3306 1571 3356 nunc
1616 3297 1688 3355 et
1731 3305 2028 3375 semper,
2083 3297 2150 3354 et
2197 3283 2267 3354 in
2319 3283 2555 3356 secula
2588 3302 2697 3354 se-

255 3390 475 3456 orum,
589 3393 773 3444 men.

706 3615 945 3718 VITA
1010 3616 1109 3718 B.
1180 3610 1610 3719 FRIARDl
1686 3614 2125 3719 RECLUSI

233 3851 507 3904 accron
556 3856 615 3905 s.
668 3853 989 3905 cascoaio
1035 3855 1418 3910 ruuonmsr.
1466 3835 1584 3904 lib.
1626 3835 1711 3904 dc
1756 3836 1900 3905 Vita
1948 3837 2255 3914 Pam,
2297 3855 2447 3925 cap.
2494 3837 2603 3902 to,

606 3995 931 4066 &ravit
972 4012 1154 4055 anno
1195 3999 1314 4055 577
1353 4028 1433 4040 --
1472 3998 1530 4056 E
1568 3993 1926 4055 Britannia
1966 3995 2241 4054 mneri-

234 4173 269 4259 ὅ
307 4180 382 4250 1.
436 4177 640 4250 Multi
677 4178 988 4267 variique
1034 4191 1199 4249 sunt
1235 4178 1520 4269 gradus,
1574 4199 1698 4271 per
1744 4199 1921 4266 quos
1952 4177 2038 4247 ad
2079 4176 2430 4247 coelorum
2481 4196 2699 4267 regna

154 4266 658 4353 ·9nnscenditur,
702 4267 788 4340 de
831 4266 1116 4356 quibus,
1167 4268 1543 4358 utopinor,
1582 4278 1651 4338 et
1679 4267 1889 4338 David
1936 4266 2130 4347 dicit,
2171 4266 2334 4354 quia
2367 4286 2701 4336 ascensus

182 4364 234 4415 ln
264 4355 458 4426 corde
497 4357 758 4448 posuit.
789 4357 1243 4448 Accipiuntur
1270 4378 1434 4448 ergo
1482 4357 1555 4426 hi
1652 4356 1888 4438 radus,
1926 4355 2358 4426 diversorum
2407 4374 2697 4445 operum

187 4434 247 4505 td
283 4443 546 4517 cultum
593 4445 908 4517 divinum
963 4446 1351 4537 profectus:
1407 4458 1474 4516 et
1521 4445 1764 4517 nulus
1809 4446 1882 4516 in
1942 4445 2051 4518 bis
2114 4465 2430 4536 gressum
2481 4443 2699 4534 figere
