3308 5004
795 320 937 384 -cto
1749 279 1756 284 ’
2911 317 3056 388 luc..
3087 322 3143 385 2⁶

1258 631 1347 734 s,
1430 629 2032 733 Amitinum
2100 561 2715 735 marmiun

1451 891 1531 938 An
1578 890 1788 940 monz
1833 873 2082 940 r'axvm.
2135 890 2524 942 nascmr'run

1607 1089 1749 1145 Sub
1789 1089 1905 1148 fin.
1950 1089 2058 1146 111
2098 1090 2378 1148 saeculi.

809 1321 1006 1412 Apud
1038 1322 1278 1392 urbem
1332 1321 1589 1404 Italiae,
1634 1344 1812 1411 quae
1842 1326 2251 1414 Bergomum
2285 1323 2562 1405 dicitur,
2602 1323 2822 1393 natale
2851 1321 3032 1392 saneti
3058 1317 3140 1388 Ale-

722 1411 970 1481 xandri
1034 1410 1354 1506 mar-tyris
1403 1411 1534 1481 sub
1583 1411 1996 1481 Maximiano
2045 1417 2349 1482 Caesare.
2416 1413 2548 1496 Qui
2608 1434 2767 1483 cum
2834 1422 2986 1482 esset
3023 1407 3139 1476 miles

723 1521 912 1571 unus
958 1521 996 1568 e
1041 1498 1308 1591 legione
1353 1500 1852 1582 Thebaeorum,
1899 1500 2328 1574 Christianus
2357 1500 2581 1573 factus
2612 1513 2739 1571 est.
2788 1499 3039 1570 Audiens
3069 1496 3137 1565 hoc

726 1588 1181 1658 Maximianus
1230 1601 1381 1679 post
1428 1587 1575 1659 dies
1606 1588 2033 1678 quindecim,
2087 1590 2366 1660 mittens
2411 1589 2772 1660 accersivit
2807 1610 2966 1670 eum,
2993 1584 3136 1683 dicens

724 1677 819 1746 ei:
871 1681 998 1746 Pro
1046 1676 1238 1746 nulla
1286 1699 1357 1747 re
1403 1677 1539 1747 alia
1588 1679 1814 1748 vocavi
1869 1691 1953 1760 te,
2007 1679 2146 1750 nisi
2190 1692 2270 1750 ut
2315 1679 2688 1750 sacrifices.
2740 1675 3007 1768 Comperi
3028 1692 3133 1742 emm

725 1778 789 1835 te
837 1764 1426 1852 derelinquentem
1460 1766 1624 1837 deos
1654 1780 1924 1839 nostros
1981 1766 2446 1839 Christianum
2504 1790 2658 1840 esse
2704 1766 3038 1838 factum.sst
3067 1761 3133 1829 hoc
3169 1787 3186 1806 υ

726 1853 991 1935 dicens»,
1047 1855 1241 1943 petiit
1284 1854 1418 1926 sibi
1468 1877 1805 1926 mensam.
1874 1858 2103 1944 anue
2167 1858 2480 1948 apposita
2541 1869 2607 1927 et
2674 1854 3132 1926 linteaminecoe
3185 1861 3186 1928 ξ

729 1955 961 2033 perta,
1013 1942 1236 2033 coepit
1281 1965 1481 2035 agere
1537 1967 1695 2014 cum
1755 1946 1954 2015 beato
2011 1945 2411 2027 Alexandm,
2473 1959 2552 2016 ut
2610 1945 3008 2015 sacrificaret.
3037 1942 3130 2006 San-
3185 1967 3186 1984 π

728 2042 882 2100 ctus
928 2030 1305 2101 Alexander
1350 2032 1435 2103 ad
1485 2033 1754 2104 coelum
1788 2033 2209 2124 adspicienS,
2247 2033 2458 2105 dixit:
2497 2056 2534 2101 «
2567 2039 2782 2123 Atque
2816 2032 3027 2128 utinam
3050 2038 3128 2094 tan·
3185 2073 3186 2104 ;

728 2132 868 2189 tam
919 2120 1091 2189 mihi
1141 2125 1316 2192 Deus
1362 2123 1650 2213 gratiam
1703 2121 1942 2205 daret,
1995 2124 2116 2211 qui
2165 2135 2415 2194 cuncta
2467 2145 2588 2215 per
2632 2123 2862 2193 Jesum
2912 2119 3123 2204 Christum
3185 2135 3186 2156 ¹

729 2208 1241 2299 postulantibus
1288 2223 1629 2301 praestat,
1689 2224 1762 2281 ut
1813 2233 2080 2301 possem
2131 2226 2197 2284 et
2261 2225 2450 2282 tuam
2518 2210 2923 2281 voluntatem
2970 2204 3028 2276 ad
3063 2205 3120 2268 D&
3185 2235 3186 2288 1

726 2298 1151 2388 agnitionem
1198 2311 1612 2379 convertere,
1667 2312 1732 2369 et
1779 2300 2227 2386 vanissimam
2277 2301 2478 2371 istam
2530 2299 3120 2371 incredulitatemate
3185 2293 3186 2352 i

723 2401 1048 2457 avertere.
1104 2387 1230 2457 Sed
1282 2402 1357 2459 tu
1402 2388 1685 2476 quidem
1736 2388 2122 2464 insanabile
2169 2388 2384 2461 habes
2432 2389 2701 2460 malum
2733 2443 2748 2472 ,
2817 2402 2879 2466 et
2928 2387 3113 2480 vetuqffle
3185 2395 3186 2426 ³

724 2474 890 2547 huic
940 2475 1221 2547 vanitati
1268 2477 1650 2548 adhaerens
1699 2477 1975 2548 credere
2022 2501 2157 2549 non
2208 2478 2350 2550 vis:
2406 2484 2506 2548 Me
2553 2490 2788 2550 autem
2836 2462 3101 2548 vocamine,

726 2565 849 2652 qui
896 2588 976 2636 ex
1022 2565 1347 2657 gentibus
1393 2567 1478 2636 ad
1532 2588 1731 2639 suam
1783 2568 2071 2657 gratiam
2120 2567 2286 2638 olim
2336 2588 2577 2638 vocare
2644 2565 2955 2660 promisit.
2992 2562 3107 2626 Parce

727 2654 1036 2726 consiliis
1086 2654 1221 2725 tuis
1268 2655 1656 2736 diabolicis,
1711 2655 1964 2747 plange
2008 2668 2073 2725 et
2118 2677 2457 2748 cognosce
2502 2669 2703 2727 actus
2732 2668 2881 2727 tuos
2913 2646 3113 2723 malos,et

727 2742 928 2812 crede
977 2744 1047 2812 in
1101 2748 1311 2815 Deum
1362 2745 1590 2815 vivum
1639 2745 1761 2831 qui
1810 2745 1964 2815 fecit
2010 2745 2267 2814 omnia.
2317 2768 2352 2812 »
2402 2752 2590 2815 Tunc
2662 2742 3039 2815 Maximianus
3070 2724 3118 2794 fid

729 2843 986 2901 tantam
1037 2832 1184 2934 ejus
1232 2832 1559 2904 fiduciam
1610 2846 2020 2914 commotuS‚
2061 2833 2276 2923 jussit
2321 2834 2785 2918 adstantibuS,
2834 2844 2901 2903 ut
2924 2828 2986 2899 de
3005 2835 3124 2918 app&

728 2920 859 2990 sito
905 2919 1246 2991 sacrificio
1277 2922 1489 2993 invito
1517 2922 1579 2991 ei
1612 2922 1958 3003 offerrent,
2003 2920 2353 3023 applicitis
2391 2924 2679 2994 armatis
2719 2931 2978 2994 econtra.
2999 2916 3048 2981 At
3065 2902 3126 2974 dle

726 3007 1172 3080 beatissimus
1220 3010 1654 3081 confundens
1702 3010 1961 3101 regiam
2011 3010 2493 3098 iniquitatem,
2566 3026 2632 3082 et
2698 3012 2845 3102 ejus
2902 3004 3130 3099 praecepta
3185 3060 3186 3077 2

729 3096 867 3166 fide
912 3109 1221 3167 armatus
1265 3113 1740 3182 contemnens,
1792 3099 1979 3169 calce
2020 3121 2332 3170 mensam
2368 3101 2735 3191 percussit,
2780 3099 3131 3190 evertenqeam

728 3204 890 3254 cum
943 3186 1273 3257 omnibus
1319 3188 1679 3279 appositis.
1730 3187 2103 3258 Iracundia
2151 3188 2455 3279 repletus
2502 3189 2972 3264 Maximianus,
3008 3178 3132 3276 JJ¹⁵⁵¹¹
3185 3268 3186 3271 ,

728 3294 889 3373 eum
938 3274 1115 3344 tradi
1163 3275 1287 3344 uni
1332 3299 1411 3347 ex
1453 3276 1815 3359 ministris,
1852 3277 1976 3365 qui
2007 3278 2367 3368 evaginato
2402 3278 2659 3369 gladi0,
2702 3277 2878 3350 stetit
2904 3261 3131 3372 stuptdussv

729 3361 931 3431 ser1re
979 3384 1113 3432 non
1163 3364 1419 3434 valens,
1475 3365 1594 3435 Cui
1644 3365 2146 3437 Maximianus:
2198 3367 2438 3437 Adhuc
2488 3382 2627 3438 stas
2683 3366 2856 3437 male
2897 3348 3136 3430 mdessslt

731 3449 849 3519 ille
897 3452 1292 3542 respondit:
1347 3458 1564 3546 Caput
1608 3454 1761 3540 ejus
1808 3455 1987 3526 sicut
2037 3476 2235 3526 mons
2282 3467 2385 3526 est
2431 3467 2588 3526 ante
2639 3478 2750 3526 me
2779 3511 2794 3537 ,
2850 3449 3000 3523 unde
3030 3449 3136 3510 ῑοῑῑις

728 3541 1205 3612 contremisco.
1259 3549 1448 3612 Tunc
1489 3542 1946 3613 Maximianus
1979 3543 2261 3614 tradidit
2297 3565 2458 3615 eum
2490 3544 2673 3627 aliis,
2711 3556 2788 3616 ut
2815 3536 3135 3613 occideretur·

728 3628 995 3699 Gaudio
1041 3630 1271 3719 itaque
1318 3630 1618 3722 repletus
1668 3644 1950 3722 martyr,
2003 3653 2255 3720 aquam
2311 3633 2525 3724 petiit,
2576 3647 2644 3727 eit
2686 3650 2919 3703 manus
2944 3612 3137 3716 suaqb·

728 3718 856 3788 vit:
911 3719 1330 3808 flectensque
1377 3741 1627 3811 genua,
1680 3732 1746 3791 et
1790 3722 2122 3791 cervicem
2175 3722 2245 3791 in
2298 3735 2475 3793 terra
2521 3722 2912 3800 humilianS,
2942 3715 3138 3786 cranone

726 3806 883 3877 fusa
928 3807 1015 3877 ad
1066 3809 1458 3891 Dominum,
1511 3809 2036 3880 animadversus
2081 3824 2205 3883 est.
2251 3817 2406 3883 Post
2444 3811 2708 3901 aliquot
2737 3810 2876 3880 dies
2914 3792 3138 3893 quaedam

728 3910 1046 3967 matrona
1071 3898 1484 3980 castissima,
1524 3898 1803 3970 nomine
1834 3904 2038 3970 Grata
2055 3900 2113 3982 ⁴,
2148 3900 2426 3992 collegit
2457 3923 2713 3992 corpus
2738 3900 2899 3990 ejus
2934 3882 3138 3978 etpostut

724 3983 901 4054 illud
955 3986 1026 4055 in
1080 3986 1426 4077 praediolo
1475 4009 1601 4059 suo
1646 4010 1782 4059 non
1835 3989 2038 4080 longe
2084 4010 2124 4058 a
2175 4011 2374 4060 muro
2420 3989 2715 4060 civitatis
2762 3986 3134 4076 Bergomensss-

730 4074 943 4164 Cujus
991 4077 1219 4166 passio
1268 4076 1608 4167 completa
1653 4090 1779 4159 est,
1833 4079 2123 4169 septimo
2173 4078 2446 4149 Calend.
2487 4075 2923 4171 Septembris.

785 4288 807 4311 ·
827 4290 894 4329 De
916 4286 960 4329 S.
982 4289 1123 4327 Grata
1143 4286 1322 4339 egimus
1343 4299 1450 4331 eum
1469 4289 1707 4339 martyrol.
1729 4291 1858 4331 Rom.
1881 4289 1927 4331 in
1949 4292 2154 4342 append.
2172 4292 2232 4333 ad
2255 4300 2463 4335 mensem
2485 4291 2676 4342 trojum.
2692 4301 2736 4343 p.
2754 4288 2863 4331 πῖθ’.
