3308 5004
154 338 342 405 Auo.
392 332 433 402 6
951 357 1030 403 mi
1076 355 1576 405 TnAnsrrennAT.
1629 355 1878 405 cnmsn
2486 341 2612 407 489

153 447 367 526 Quem
403 440 704 531 ligabis?
742 444 958 524 Quem
1008 440 1288 512 solves?
1335 442 1406 511 Si
1440 441 1551 512 hic
1587 442 2071 524 manserimuS,
2121 442 2499 515 cessabunt
2544 466 2694 514 om-

152 532 269 601 nia
319 551 496 617 quae
542 528 726 599 dicta
774 543 938 599 sunt
987 553 1107 620 per
1156 530 1552 621 Prophetas.

237 623 275 708 ξ
324 624 418 690 θ.
474 618 650 688 Dixit
698 640 982 689 rursus:
1036 622 1399 689 Faciamus
1461 621 1569 689 liic
1601 620 1739 688 tria
1795 619 2263 690 tabernacula.-
2308 623 2433 691 tibi
2470 644 2701 703 unum,

149 718 214 778 et
245 710 416 778 Masi
442 730 679 789 unum,
717 719 779 777 et
811 710 1005 778 Eliae
1036 731 1270 778 unum.
1318 709 1551 778 Simon
1605 708 1864 778 missus
1913 721 2015 779 est
2061 709 2143 778 ad
2196 710 2702 780 aedificandam

151 798 221 865 in
275 796 543 866 mundo
576 797 974 877 Ecclesiam,
1028 810 1094 867 et
1139 797 1340 867 faciet
1386 797 1456 865 in
1502 809 1734 866 monte
1764 797 2254 867 tabernacula?
2294 800 2490 870 Modo
2518 800 2705 869 enim

148 886 398 955 Jesum
435 884 742 956 humane
788 885 1201 955 attendebat.
1258 891 1334 955 Et
1366 907 1554 955 nunc
1611 885 1918 974 seipsum
1968 885 2257 955 collocat
2303 911 2463 958 cum
2528 893 2710 957 Mose

155 988 222 1044 et
263 973 436 1044 Elia.
491 974 658 1044 Ilico
706 988 935 1044 autem
985 974 1045 1043 ei
1095 974 1415 1055 ostendit,
1468 996 1540 1045 se
1574 995 1710 1043 non
1763 996 1939 1064 opus
1980 974 2232 1045 habere
2276 977 2428 1066 ejus
2485 976 2708 1047 taber-

160 1062 432 1132 naculo.
489 1067 647 1154 Ipse
692 1064 875 1132 enim
907 1076 1075 1142 erat,
1131 1064 1253 1151 qui
1309 1063 1624 1153 patribus
1679 1063 1830 1220 effus
1878 1062 2127 1134 fecerat
2182 1064 2706 1135 tabernaculum

162 1151 368 1220 nubis
417 1152 488 1220 in
539 1151 936 1224 solitudine.
1013 1152 1123 1221 Eis
1187 1153 1371 1221 enim
1435 1151 1665 1222 adhuc
1741 1153 2204 1238 oquentibus,
2258 1176 2414 1224 ecce
2480 1152 2710 1223 lucida

160 1241 382 1311 nubes
429 1262 546 1310 eos
594 1240 1053 1310 adumbravit.
1108 1240 1333 1323 Vides,
1388 1242 1651 1322 Simon,
1682 1240 2207 1311 tabernaculum
2251 1243 2399 1312 sine
2432 1242 2711 1313 labore?

155 1329 713 1409 tabernaculum,
766 1328 949 1417 quod
1002 1342 1186 1399 arcet
1217 1342 1507 1411 aestum,
1546 1341 1614 1398 et
1646 1351 1782 1399 non
1834 1329 2036 1401 habet
2069 1332 2430 1402 tenebras?
2485 1332 2710 1402 taber—

151 1417 516 1498 naculum,
553 1417 737 1504 quod
772 1417 1079 1507 fulgurat
1125 1431 1190 1489 et
1240 1417 1677 1506 resplendet?

243 1511 281 1594 ἓ
326 1512 405 1579 2.
480 1506 996 1576 Admirantibus
1043 1522 1269 1577 autem
1321 1506 1732 1597 discipulis,
1794 1528 1950 1576 ecce
2005 1529 2153 1587 vox,
2206 1529 2384 1595 quae
2432 1531 2470 1577 a
2519 1514 2712 1580 Patre

152 1596 397 1677 extitit,
440 1618 479 1665 e
527 1595 710 1664 nube
754 1609 856 1664 est
902 1597 1161 1677 audita,
1216 1596 1495 1665 dicens:
1528 1598 1653 1665 Hic
1703 1607 1800 1665 est
1825 1598 2013 1686 filius
2062 1619 2249 1666 meus
2282 1599 2587 1678 dilectus,
2638 1600 2709 1667 in

152 1709 285 1775 quo
325 1686 504 1754 milti
551 1685 708 1755 bene
737 1688 1156 1776 complacui:
1199 1688 1419 1776 ipsum
1453 1685 1709 1754 audite.
1750 1689 1916 1754 Cum
1946 1706 2107 1755 voce
2141 1686 2359 1756 Patris
2394 1709 2708 1758 reversus

153 1785 256 1842 est
290 1779 511 1843 Moses
544 1773 614 1842 in
645 1773 871 1844 locum
900 1796 1133 1855 suum,
1171 1788 1236 1844 et
1267 1774 1446 1843 Elias
1492 1795 1805 1842 reversus
1839 1787 1940 1844 est
1971 1774 2039 1842 in
2083 1775 2432 1864 regionem
2477 1797 2704 1856 suam,

150 1876 215 1932 et
262 1860 567 1952 Apostoli
667 1863 815 1932 roni
849 1862 1247 1933 ceciderunt
1281 1863 1349 1932 in
1395 1875 1670 1942 terram,
1706 1874 1771 1931 et
1816 1867 2019 1933 Jesus
2052 1865 2235 1933 stetit
2283 1862 2497 1945 solus,
2532 1885 2704 1952 quo-

150 1952 342 2021 niam
399 1972 522 2021 vox
573 1950 614 2019 il
652 1974 689 2019 a
735 1952 805 2020 in
876 1951 994 2021 illo
1054 1952 1199 2021 solo
1266 1949 1708 2040 implebatur.
1737 1951 2116 2042 Fugiebant
2163 1951 2538 2042 Prophetae
2572 2008 2587 2033 ,
2642 1965 2708 2024 et

148 2039 460 2132 Apostoli
509 2041 579 2109 in
639 2052 884 2110 terram
935 2040 1375 2122 ceciderunt:
1428 2040 1759 2126 quoniam
1827 2062 1946 2109 vox
1998 2040 2215 2110 Patris
2266 2062 2397 2109 non
2460 2042 2551 2110 im
2612 2040 2706 2111 le-

150 2129 363 2198 batur
410 2129 481 2197 in
522 2128 624 2197 eis
653 2183 668 2208 ,
719 2150 896 2216 quae
953 2128 1210 2198 ferebat
1269 2128 1738 2199 testimonium
1774 2183 1789 2208 ,
1861 2128 2140 2199 dicens:
2194 2130 2320 2199 Hic
2368 2143 2471 2200 est
2519 2131 2566 2201 fi
2601 2132 2708 2201 ius

149 2239 356 2288 meus
389 2216 707 2299 dilectus,
763 2219 830 2285 in
881 2239 1019 2304 quo
1071 2217 1240 2287 mihi
1290 2217 1462 2287 bene
1493 2216 1924 2306 complacui:
1967 2218 2195 2307 ipsum
2245 2219 2501 2288 audite.

238 2307 279 2393 ξ
328 2308 410 2377 S.
467 2306 706 2375 Docuit
751 2327 868 2376 eos
908 2311 1101 2375 Pater
1148 2307 1363 2376 fuisse
1412 2306 1763 2395 impletam
1818 2308 2021 2376 Mosis
2069 2306 2656 2396 dispensationem
2686 2362 2702 2389 ,

145 2408 215 2465 et
254 2395 349 2463 ab
387 2395 489 2464 eis
519 2416 668 2464 esse
700 2394 1141 2465 ‘audiendum
1194 2394 1443 2464 filium.
1489 2395 1611 2465 llle
1667 2395 1851 2463 enim
1905 2408 2253 2482 tamquam
2313 2418 2550 2467 servus
2611 2395 2710 2464 lo—

146 2497 362 2554 cutus
411 2482 565 2566 fuit,
619 2506 795 2572 quae
831 2484 1077 2575 jussus
1119 2483 1383 2554 suerat:
1437 2498 1500 2554 et
1546 2505 1626 2554 ea
1684 2483 2128 2575 praedicavit,
2181 2508 2358 2574 quae
2405 2486 2468 2555 ei
2523 2484 2709 2554 dicta

146 2572 467 2643 fuerant:
503 2588 569 2643 et
616 2595 856 2643 omnes
904 2573 1138 2643 itidem
1190 2573 1589 2660 Prophetae,
1646 2573 1865 2642 donec
1908 2574 2238 2653 venisset,
2292 2575 2372 2653 is,
2437 2575 2552 2644 cui
2602 2596 2708 2643 re-

148 2662 459 2752 positum
508 2681 632 2742 es·,
688 2684 933 2751 nempe
977 2662 1199 2742 lesus,
1244 2662 1364 2750 qui
1412 2676 1513 2733 est
1565 2663 1920 2745 Dominus,
1961 2684 2096 2734 non
2141 2684 2423 2733 servus:
2482 2663 2707 2732 Domi-

148 2772 357 2830 nans,
409 2763 476 2819 et
510 2772 644 2821 non
689 2772 938 2841 parens
985 2752 1315 2839 imperio:
1356 2750 1729 2842 legislator,
1772 2764 1838 2820 et
1868 2772 2000 2821 non
2033 2751 2114 2832 is,
2161 2751 2275 2821 cui
2330 2751 2433 2820 lex
2473 2752 2700 2821 datur:

145 2838 369 2920 filius,
409 2861 546 2911 non
598 2861 828 2909 verna:
884 2844 1156 2921 natura,
1218 2854 1283 2910 et
1333 2861 1466 2909 non
1516 2839 1910 2928 adoptione.
1972 2840 2308 2929 Apostolis
2358 2841 2589 2927 itaque
2639 2839 2709 2910 id

145 2927 333 3015 quod
386 2940 532 2997 erat
569 2928 973 3003 obscurum.
1025 2929 1247 2998 effecit
1280 2930 1570 2998 Paterin
1605 2941 1835 2998 monte
1886 2929 2353 2999 manifestum.
2407 2930 2538 3012 Qui
2579 2943 2703 3010 est,

148 3038 308 3085 eum
345 3017 471 3103 qui
519 3030 645 3097 est,
700 3016 1069 3107 significat.
1125 3023 1319 3087 Pater
1366 3019 1609 3117 aperit,
1663 3031 1729 3086 et
1775 3017 2081 3088 declarat
2128 3018 2380 3088 filium.

234 3106 272 3192 ξ
318 3110 421 3175 9.
477 3105 566 3174 Ad
603 3106 785 3175 hanc
828 3128 1086 3186 vocem,
1126 3106 1423 3196 Apostoli
1465 3106 1663 3195 proni
1703 3106 2102 3177 ceciderunt
2133 3108 2202 3176 in
2242 3121 2519 3177 terram.
2554 3111 2709 3176 Erat

148 3195 336 3263 enim
393 3195 654 3264 tonitru
686 3194 1012 3265 terribile.
1048 3196 1510 3278 Quamobrem
1550 3216 1710 3264 voce
1757 3196 1907 3284 ejus
1958 3209 2132 3267 terra
2184 3195 2488 3276 tremuit,
2540 3209 2606 3264 et
2663 3195 2714 3264 ii

151 3283 556 3353 ceciderunt
588 3284 657 3352 in
696 3297 972 3353 terram.
1011 3283 1320 3353 Ostendit
1355 3284 1455 3353 eis
1496 3288 1760 3353 Patrem
1795 3285 2417 3375 appropinquasse,
2458 3296 2523 3353 et
2550 3305 2711 3354 eum

147 3393 429 3441 vocasse
463 3371 715 3442 filium.
772 3377 939 3441 Voce
988 3395 1114 3441 sua
1160 3395 1276 3442 eos
1309 3374 1513 3442 etiam
1547 3373 1887 3442 excitavit.
1944 3372 2300 3456 Quomodo
2343 3372 2529 3442 enim
2584 3394 2708 3442 vox

151 3463 369 3533 Patris
417 3482 537 3530 eos
565 3460 835 3550 dejecit,
875 3461 976 3530 sic
1005 3461 1208 3530 etiam
1248 3483 1373 3531 vox
1406 3461 1535 3530 filii
1585 3463 1653 3531 in
1687 3463 1934 3533 virtute
1980 3483 2149 3533 suae
2173 3460 2556 3531 divinitatis
2596 3482 2714 3533 eos

150 3547 298 3620 fecit
351 3571 682 3639 surgere:
734 3571 911 3636 quae
948 3549 1231 3637 quidem
1281 3572 1441 3620 cum
1494 3551 1563 3619 in
1601 3551 1752 3640 ejus
1801 3572 2008 3621 carne
2057 3550 2342 3630 habitet,
2394 3561 2461 3620 et
2515 3551 2584 3619 in
2634 3571 2714 3619 ea

149 3638 235 3706 sit
277 3638 484 3709 unita
534 3637 1083 3720 immutabiliter,
1138 3640 1344 3709 ambo
1395 3639 1462 3708 in
1511 3662 1650 3710 una
1705 3640 2060 3730 hypostasi
2108 3652 2176 3709 et
2224 3661 2368 3709 una
2416 3660 2713 3730 persona

150 3726 517 3798 inconfuse
559 3741 838 3796 manent
884 3727 1058 3797 citra
1103 3727 1542 3799 divisionem.
1597 3734 1741 3800 Non
1789 3730 2002 3809 enim,
2065 3729 2248 3798 sicut
2295 3734 2538 3808 MoseS,
2595 3728 2716 3797 de-

156 3836 349 3888 corus
404 3816 539 3885 fuit
599 3816 1060 3886 extrinsecus:
1116 3816 1235 3886 sed
1289 3830 1637 3904 tamquam
1707 3823 1907 3899 DeuS,
1965 3816 2273 3908 fulgebat
2335 3818 2403 3885 in
2465 3815 2707 3907 gloria.

167 3905 366 3976 Moses
418 3904 607 3975 enim
659 3904 857 3974 faciei
922 3906 1074 3995 ejus
1147 3908 1580 3996 apparitione
1637 3920 1895 3977 unctus
1973 3906 2103 3976 fuit
2171 3906 2460 3975 decore:
2512 3909 2715 3974 ,lesus

167 4006 375 4064 autem
443 4005 586 4064 toto
633 4016 760 4064 suo
822 4016 1154 4081 corpore,
1217 4007 1571 4083 tamquam
1622 3996 1732 4067 Sol
1783 3996 1933 4067 suis
1982 3994 2223 4076 radiis,
2281 3992 2713 4086 resplenduit

162 4078 365 4168 gloria
419 4103 595 4153 suae
632 4082 1038 4153 divinitatis.

244 4171 282 4256 ξ
318 4176 480 4245 ίθ.
539 4170 871 4241 Clamavit
898 4185 1127 4242 autem
1164 4177 1390 4242 Pater:
1425 4173 1552 4243 Hic
1590 4186 1691 4245 est
1725 4172 1915 4243 filius
1956 4192 2151 4242 meus
2189 4171 2513 4252 dilectus,
2551 4191 2714 4240 eum

156 4257 425 4329 audite:
481 4282 625 4329 non
675 4281 747 4329 se
800 4276 1103 4331 aratusa
1142 4260 1361 4350 gloria
1401 4261 1530 4331 filii
1562 4261 1967 4332 divinitatis.
2023 4266 2168 4331 Una
2218 4272 2319 4331 est
2354 4260 2545 4331 enim
2590 4282 2712 4330 na-

152 4350 306 4417 tura
349 4354 556 4420 Pater
584 4362 651 4419 et
682 4350 751 4417 Fi
785 4350 895 4419 ius
933 4372 1093 4419 cum
1139 4354 1384 4420 Sancto
1420 4351 1703 4441 Spiritu,
1759 4373 1898 4421 una
1941 4362 2044 4421 est
2090 4355 2548 4421 Personarum
2601 4372 2720 4440 po-

144 4437 370 4521 tentia,
426 4451 496 4510 et
548 4459 693 4508 una
736 4439 1056 4521 essentia,
1109 4452 1175 4509 et
1214 4461 1433 4509 unum
1476 4461 1766 4530 regnum
1802 4495 1817 4523 ,
1879 4453 1943 4511 et
1997 4439 2066 4510 in
2125 4461 2340 4510 unam
2394 4438 2719 4508 clamavit
