3308 5004
170 342 330 411 Atto.
386 342 415 408 l
857 359 937 407 »Β
982 357 1246 408 ωιτιεκιε
1290 359 1369 407 ιη
1414 359 1643 408 cumo
1692 360 1749 407 s,
1793 360 1975 408 mm
2535 346 2616 410 ⁴5

173 460 519 532 antequam
598 466 849 534 passus
925 456 1081 525 est,
1133 456 1199 514 et
1264 456 1415 533 post
1466 444 2035 515 resurrectionem
2069 499 2085 524 ,
2142 456 2279 515 tam
2356 466 2493 516 non
2559 469 2706 517 cre·

175 535 369 611 dente,
421 555 639 620 quam
690 533 1009 604 credente
1055 531 1408 622 discipulo
1456 532 1599 614 illo,
1633 539 1841 604 Jesus
1881 533 2187 624 perfecit.
2224 539 2415 618 Quae
2468 536 2704 606 omnia

164 645 283 693 non
346 622 610 692 frustra
660 622 752 692 ita
814 622 923 692 dis
974 622 1443 692 ensabantur:
1497 622 1618 693 sed
1663 622 2054 712 (quantum
2121 623 2429 693 hominis
2477 637 2708 695 mente

156 710 645 802 comprehendi
695 644 972 801 potestg
1015 710 1221 782 modo
1268 710 1573 801 Apostoli
1611 711 1982 782 remissum
2034 722 2101 781 et
2138 712 2498 783 infirmum
2551 713 2704 784 ani-

165 823 338 871 mum
390 800 658 871 Christo
707 801 858 891 ipso
890 812 1281 871 recreante:
1316 800 1521 870 modo
1554 812 1902 870 austeram
1936 812 2003 869 et
2048 799 2299 870 duram
2334 802 2489 893 ejus
2514 824 2706 872 men-

159 901 276 959 tem
314 889 639 970 leniente,
690 902 754 958 et
809 903 1102 976 utraque
1157 911 1230 958 re
1279 888 1478 958 illum
1537 888 1847 968 docente,
1912 910 2134 978 neque
2194 890 2457 978 aliquid
2507 892 2692 973 sibi,

154 978 326 1067 quod
370 977 685 1048 humana
730 978 1133 1049 infirmitate
1165 979 1395 1068 majus
1440 978 1554 1057 sit,
1609 977 1969 1067 polliceri:
2025 999 2247 1066 neque
2294 980 2531 1050 animo
2583 980 2705 1050 de-

155 1067 376 1139 cidere
422 1079 489 1137 et
535 1069 1134 1157 obstupescentem
1185 1067 1488 1147 horrere,
1514 1089 1653 1154 quo
1693 1079 2000 1157 tempore
2037 1069 2394 1157 oportebat
2444 1069 2510 1138 in
2539 1092 2704 1139 cru·

154 1157 450 1227 ciatibus
498 1155 924 1247 perferendis
972 1178 1135 1227 cum
1201 1161 1302 1226 Ma
1358 1156 1525 1225 istro
1577 1156 2139 1236 communicare,
2191 1170 2257 1226 et
2305 1157 2700 1228 servitutem

156 1244 496 1342 discipulo
543 1247 1061 1316 convenientem
1110 1259 1300 1315 osten
1356 1266 1510 1316 ere:
1575 1243 1695 1314 sed
1758 1245 1939 1315 intra
1987 1245 2483 1316 mediocritatis
2528 1246 2704 1316 fines

155 1347 571 1420 conststere,
627 1346 703 1404 ut
748 1348 815 1404 et
860 1334 948 1404 ab
1000 1334 1507 1405 inconsiderato
1575 1333 1867 1416 fervore,
1927 1348 1995 1406 et
2040 1334 2129 1406 ab
2179 1334 2432 1405 humili
2499 1348 2705 1423 atquc

155 1423 413 1513 abjecta
465 1423 829 1493 timiditate
879 1423 1131 1514 pariter
1169 1423 1475 1493 distaret.

236 1515 275 1599 ξ
320 1516 473 1584 19.
523 1517 663 1603 Ego
715 1534 868 1582 vero
903 1534 1035 1582 non
1089 1511 1370 1582 verebor
1418 1513 1547 1582 hoc
1594 1511 1682 1581 de
1729 1512 1850 1582 illo
1914 1511 2170 1593 dicere,
2273 1511 2408 1581 uod
2461 1512 2652 1583 testis
2682 1566 2698 1594 ,

154 1613 230 1672 ut
262 1601 409 1691 ipse
442 1600 560 1681 ait,
627 1601 877 1672 Christi
926 1601 1331 1691 passionum
1391 1601 1835 1690 agnoscitur,
1887 1613 1954 1670 et
1999 1602 2152 1691 ejus
2274 1602 2481 1683 oriae,
2526 1623 2706 1689 quae

156 1689 519 1760 revelanda
564 1702 689 1770 est,
742 1692 1333 1760 communicator:
1386 1691 1718 1778 quoniam
1769 1689 1857 1759 ad
1905 1711 2024 1759 eos
2085 1696 2171 1759 Ju
2227 1712 2386 1760 aeos
2433 1691 2553 1778 qui
2601 1690 2708 1759 di·-

153 1781 371 1869 spersi
418 1792 641 1860 erant,
697 1792 1157 1869 congruentes
1203 1792 1271 1849 et
1315 1779 1590 1850 divinas
1638 1779 2149 1849 admonitiones
2201 1801 2321 1869 per
2379 1779 2708 1870 epistolas

154 1868 456 1958 scripsit,
524 1867 783 1956 quibus
828 1868 1232 1939 charitatem
1282 1880 1348 1938 et
1394 1867 1822 1938 Christianae
1878 1867 2040 1938 fidei
2105 1868 2703 1939 confirmationem

151 1957 523 2048 suggessit,
577 1956 964 2044 Christique
994 1957 1366 2027 adventum
1411 1957 1699 2027 omnino
1746 1955 2059 2027 futurum
2110 1958 2373 2046 sperari
2421 1957 2701 2039 docuit,

149 2069 227 2116 ac
264 2048 339 2115 in
393 2045 529 2116 illis
579 2046 747 2135 ipsis
779 2058 845 2116 et
890 2068 974 2117 ex
1019 2047 1150 2116 hoc
1187 2046 1631 2117 tabernaculo
1674 2068 1800 2116 nos
1850 2046 2270 2138 migraturos
2307 2068 2456 2117 esse
2508 2068 2708 2137 prae-

146 2134 375 2205 dixit:
417 2155 625 2221 eaque
674 2135 938 2205 ratione
984 2135 1071 2205 ad
1120 2134 1379 2215 zelum,
1442 2148 1508 2205 et
1556 2135 1953 2204 divinorum
2005 2147 2529 2226 praeceptorum
2583 2136 2708 2206 ob-

146 2222 607 2293 servationem
650 2225 971 2314 nosipsos
1021 2224 1245 2325 magis
1283 2224 1552 2305 excitat,
1601 2224 1902 2311 facitque
1937 2237 2017 2294 ut
2064 2224 2329 2312 maj0re
2378 2236 2566 2295 metu
2628 2248 2707 2294 ac

149 2326 413 2382 terrore
442 2311 855 2394 afficiamur,
909 2312 1187 2394 diluvii,
1220 2325 1285 2383 et
1329 2334 1568 2384 eorum
1602 2314 2037 2403 angelorum,
2069 2314 2188 2400 qui
2227 2325 2703 2403 peccaverunt,

149 2400 754 2473 condemnationis
799 2401 1197 2492 exemplum
1245 2401 1577 2483 afferenS,
1621 2425 1798 2490 quos
1835 2413 1900 2471 et
1949 2401 2018 2470 in
2052 2413 2346 2472 tartarea
2393 2401 2541 2471 loca
2586 2402 2709 2471 de-

156 2505 378 2562 trusos
422 2488 644 2561 fuisse
668 2489 983 2562 affirmat.
1021 2490 1117 2561 Ad
1151 2491 1319 2562 haec
1348 2504 1414 2561 et
1451 2491 1743 2561 alterum
1784 2490 2033 2561 Christi
2073 2490 2442 2561 adventum
2493 2490 2711 2582 signi-

153 2576 327 2660 ficat,
361 2601 515 2666 quo
554 2591 856 2669 tempore
887 2580 1114 2652 coelos
1149 2581 1557 2651 transituros
1603 2580 1798 2662 dicit,
1833 2592 1899 2650 et
1944 2580 2284 2649 elementa
2326 2581 2477 2670 ipsa
2525 2602 2712 2649 com-

146 2667 465 2738 burenda
516 2667 931 2739 dissolutum
967 2671 1075 2739 iri.
1113 2674 1314 2740 Hunc
1360 2669 1772 2759 Unigenitus
1801 2668 1916 2738 Dei
1948 2667 2161 2739 Filius
2202 2669 2478 2739 beatum
2510 2690 2710 2758 prae-

151 2756 429 2853 dicavit.
460 2762 668 2829 Hunc
708 2763 887 2830 Deus
911 2759 1060 2849 ipse
1097 2780 1177 2829 ac
1221 2764 1415 2829 Pater
1449 2761 1708 2828 corona
1745 2757 2049 2827 donavit.
2087 2761 2288 2827 Hunc
2320 2757 2710 2828 Paracletus

149 2844 456 2933 Spiritus
499 2859 821 2918 sanctum
858 2847 1179 2929 reddidit,
1217 2861 1284 2917 et
1313 2849 1857 2918 instrumentum
1903 2845 2251 2933 quoddam
2297 2844 2572 2916 divinas
2601 2868 2710 2916 res

146 2932 431 3024 spirans
457 2936 706 3007 effecit.
762 2940 960 3006 Hunc
1007 2936 1333 3007 coelestes
1365 2935 1783 3038 Angelorum
1845 2934 2128 3006 ordines
2166 2934 2702 3017 collaudarunt,

148 3037 212 3092 et
256 3024 738 3113 Apostolorum
771 3025 1028 3096 chorus
1069 3025 1266 3096 valde
1302 3025 1715 3103 admiratus,
1757 3037 2112 3112 tamquam
2159 3048 2238 3094 os
2285 3045 2520 3104 suum,
2558 3045 2710 3093 am-

151 3109 474 3200 plexatus
512 3128 616 3183 est
659 3138 736 3185 ac
768 3115 1163 3186 celebravit.
1217 3119 1442 3194 Hunc,
1493 3114 1615 3201 qui
1646 3112 1915 3185 Christo
1946 3113 2415 3193 crediderunt,
2458 3113 2710 3183 ducem

146 3210 212 3268 et
260 3201 677 3292 magistrum
710 3218 1096 3292 sequentes,
1140 3204 1225 3274 ad
1266 3203 1699 3273 infidelitatis
1746 3202 2070 3293 scopulos
2133 3224 2268 3271 non
2318 3201 2704 3271 offendunt.

146 3292 354 3360 Hunc
398 3289 488 3360 ad
541 3292 803 3362 coelum
853 3314 1079 3381 usque
1128 3293 1672 3383 pervenientem,
1727 3303 1793 3362 et
1842 3291 2039 3362 valde
2088 3290 2427 3362 illustrem
2496 3290 2710 3381 spiri-

146 3377 364 3448 tualis
414 3381 689 3451 Israelis
735 3381 1164 3464 columnam,
1215 3393 1282 3452 et
1327 3381 1724 3452 animarum
1778 3380 1847 3449 in
1908 3379 2240 3472 perfidiae
2289 3379 2535 3470 pelago
2573 3380 2709 3449 flu-

140 3467 537 3539 ctuantium
614 3470 1150 3560 gubernatorem
1224 3470 1692 3562 appellamus.
1771 3475 1975 3541 Hunc
2022 3482 2100 3539 ut
2167 3471 2467 3540 umbrae
2533 3468 2709 3559 legis

137 3555 586 3645 expulsorem
653 3558 851 3630 valde
932 3560 1382 3652 honoramus.
1434 3561 1706 3647 Quique
1754 3580 1880 3629 nos
1954 3558 2039 3629 ad
2115 3558 2428 3629 veritatis
2468 3558 2707 3628 lumen

141 3644 681 3726 traduxit,·eum
733 3648 1064 3721 laudibus
1093 3662 1298 3738 atque
1343 3649 1626 3738 hymnis
1727 3649 2192 3738 rosequimur.

230 3737 272 3822 ὅ
328 3740 499 3808 ²1).
578 3741 745 3807 Vere
792 3737 909 3807 hic
954 3751 1056 3809 est
1118 3738 1597 3829 Apostolorum
1711 3750 2218 3818 rmamentum,
2268 3746 2337 3805 et
2395 3746 2710 3806 sacratus

136 3823 505 3896 coelorum
556 3827 910 3917 magister,
941 3849 1355 3898 arcanorum
1391 3827 1754 3917 interpres,
1787 3826 2183 3897 nutantium
2233 3823 2706 3905 confirmator,

137 3911 388 4003 lapsos
432 3913 732 4004 erigenS,
782 3915 1027 3988 firmos
1077 3938 1534 3996 conservans,
1589 3915 2049 4006 poenitentiae
2112 3914 2255 3986 dux
2301 3911 2711 3983 ardentissi-

138 4024 336 4074 mus:
391 4007 633 4074 Petrus
677 4004 977 4094 denique
1024 4028 1135 4076 ma
1192 4027 1359 4075 num
1395 4003 1570 4075 illud
1618 4004 1809 4075 orbis
1849 4016 2188 4075 terrarum
2239 4000 2703 4082 miraculum,

138 4092 497 4164 Ecclesiae
521 4093 828 4183 jactatio,
861 4095 1143 4185 discipu
1169 4116 1367 4165 orum
1404 4093 1641 4175 decus,
1664 4106 1731 4163 et
1759 4115 2000 4164 eorum
2028 4092 2147 4180 qui
2171 4103 2350 4161 recte
2370 4090 2705 4173 sentiunt,

136 4196 672 4264 ornamentum,
709 4183 1208 4274 ‘theologorum
1249 4182 1720 4274 pulchritudo,
1741 4183 1990 4253 Christi
2013 4204 2115 4262 oe,
2139 4203 2336 4251 mens
2366 4180 2707 4261 coelestis,

137 4270 504 4343 Trinitatis
557 4272 1012 4361 purissimum
1053 4272 1600 4353 tabernaculum,
1646 4272 2003 4362 lapsorum
2054 4269 2553 4350 reconciliator,
2593 4270 2713 4340 ho-

141 4374 340 4431 neste
390 4361 770 4432 viventium
846 4362 1133 4443 ductor,
1206 4374 1386 4433 recte
1446 4361 1875 4432 currentium
1943 4373 2463 4451 propugnator,
2517 4357 2712 4457 omni

140 4449 430 4523 coelesti
462 4463 531 4521 et
570 4449 879 4523 humana
926 4451 1157 4535 laude,
1211 4451 1404 4522 omni
1453 4450 1822 4541 praeconio
1868 4449 2354 4541 dignissimus.
2407 4448 2618 4538 Cujus
2649 4468 2712 4518 st
