3308 5004
27 382 220 448 Aac.
277 382 361 447 30
623 308 624 313 A
1130 364 1134 368 ’
1919 362 1929 371 ’
2269 480 2278 489 ¹
2375 388 2491 453 74⁴

1081 636 1082 643 ψ
1147 501 1477 675 vm

165 821 247 923 S.
297 819 719 923 BONONH
798 821 1235 923 ABBATlS
1303 822 1740 924 MONAST.
1792 821 2467 924 LUCEDIENSlS

744 1080 913 1139 QUOD
957 1082 1072 1130 1:3⁹1·
1117 1081 1185 1132 IN
1239 1081 1408 1131 AGRO
1455 1080 1878 1131 VERCELLRNSI

26 1280 211 1338 QUAM
253 1280 337 1327 Ex
382 1276 631 1326 DUOBUS
694 1275 1057 1338 conlcmus,
1130 1277 1394 1334 QUORUM
1456 1278 1657 1326 ALTER
1700 1278 1868 1326 APUD
1929 1276 2278 1329 CANoNtcos
2345 1277 2586 1327 cumt-

122 1387 346 1435 DRALIS
392 1381 750 1445 ECCLESME,
805 1385 1005 1433 ALTER
1050 1384 1218 1433 APUD
1263 1381 1605 1434 uomcnos
1653 1385 1711 1433 S.
1755 1386 2064 1435 STEPHANI
2113 1385 2429 1435 BONONIAE
2477 1386 2592 1435 As-

124 1492 473 1551 SERVATUR,
525 1492 1039 1540 ILLUSTRISSIMUS
1086 1492 1162 1539 131·
1208 1492 1791 1541 REVERENDISSIHUS
1837 1490 2213 1541 CARDINALIS
2261 1494 2337 1540 ET
2385 1491 2587 1541 EPISC·

124 1599 542 1651 BONONlENSIS
571 1599 839 1646 GABRIEL
863 1597 1226 1647 PALAEOTUS
1273 1600 1355 1645 AD
1400 1598 1518 1647 Nos
1563 1598 1953 1647 EXSCRIPTAH
1981 1600 2174 1661 HISIT,
2210 1599 2380 1648 UNDE
2427 1600 2581 1659 EAM,

125 1708 207 1755 DE
238 1706 584 1756 SENTENTIA
610 1672 811 1768 NtmL,
838 1705 919 1753 AT
952 1704 1194 1753 STYLtm
1222 1705 1631 1763 AMQUANTUn
1666 1706 2091 1766 an‘rAMlts,
2126 1705 2579 1754 Excssnpsmus.

833 1885 959 1945 ob.
1005 1899 1186 1943 anno
1214 1888 1382 1942 1026
1423 1915 1502 1925 —-
1539 1887 1785 1946 Italus.

127 2072 165 2157 ξ
211 2076 289 2143 1.
342 2074 590 2139 Beatus
628 2068 979 2139 Bononius
1006 2068 1041 2105 *
1073 2069 1382 2139 Bononia
1413 2069 1782 2151 oriundu3‚
1818 2092 1976 2139 cum
2009 2069 2217 2140 vitam
2256 2070 2589 2161 sapientis

27 2158 344 2231 hominis
382 2158 625 2228 mortis
662 2180 812 2228 esse
847 2158 1358 2228 meditationem
1405 2158 1695 2260 legendo
1728 2158 2108 2240 didicisset,
2148 2159 2326 2228 serio
2362 2160 2490 2230 hoc
2529 2174 2593 2230 et

26 2270 244 2349 saepe
276 2247 461 2337 apud
505 2247 821 2317 animum
867 2245 1166 2328 volvens»,
1204 2269 1244 2316 a
1283 2247 1531 2338 primis
1572 2248 1803 2318 statim
1852 2247 2056 2317 annis
2098 2247 2344 2316 mundi
2380 2248 2592 2338 hujus

32 2335 313 2406 deliciis
361 2336 740 2424 repudiatis
788 2336 856 2404 in
903 2340 968 2405 S.
1030 2336 1360 2427 Stephani
1416 2336 1939 2417 monasterium,
1980 2335 2164 2423 quod
2213 2349 2314 2406 est
2372 2341 2589 2405 Bono-

39 2424 253 2506 niae,
319 2446 391 2494 se
429 2424 738 2506 abdidit,
781 2437 859 2493 ut
899 2423 1133 2499 seculo
1179 2424 1458 2495 excluso
1510 2436 1575 2493 et
1632 2423 1895 2493 mundo
1953 2436 2270 2493 mortuus
2327 2425 2591 2494 Christo

36 2528 230 2584 totus
283 2514 576 2584 viveret:
633 2513 807 2583 nihil
859 2513 1117 2584 interea
1167 2514 1366 2605 pensi
1413 2513 1700 2594 habens,
1755 2534 1932 2600 quae
1980 2513 2299 2583 homines
2355 2514 2456 2583 vel
2496 2514 2595 2584 lo-

32 2616 470 2690 querentur,
524 2601 628 2672 vel
680 2603 1056 2684 sentirent,
1110 2604 1370 2692 quippe
1417 2602 1537 2689 qui
1587 2600 1865 2693 legerat,
1918 2602 2217 2693 primam
2269 2604 2591 2673 monachi
2660 2689 2663 2692 Ι

27 2692 365 2761 virtutem
414 2714 563 2762 esse
595 2747 611 2774 ,
665 2691 1028 2762 hominum
1062 2691 1334 2782 judicia
1388 2702 1827 2761 contemnere
1862 2745 1878 2772 ‚
1931 2690 2013 2760 ed
2063 2689 2235 2759 illud
2288 2693 2592 2781 Apostoli

21 2801 313 2869 semper
360 2780 694 2850 memoria
742 2793 1090 2871 repetere:
1142 2782 1223 2850 Si
1257 2779 1476 2849 adhuc
1505 2780 1883 2850 hominibus
1925 2783 2287 2870 placerem,
2347 2782 2599 2852 Christi

21 2891 272 2939 servus
317 2891 448 2938 non
493 2891 699 2938 essem
734 2869 919 2959 (Gal.
971 2868 1049 2959 1).
1102 2873 1180 2938 In
1235 2868 1353 2938 illo
1410 2885 1635 2941 autem
1696 2874 1762 2939 S.
1818 2875 1926 2940 Ste
1981 2868 2144 2938 hani
2175 2869 2592 2939 monasterio

22 2979 202 3029 cum
247 2956 317 3025 in
354 2970 752 3027 sanctarum
791 2959 1122 3028 virtutum
1173 2956 1584 3045 divinaeque
1615 2971 1935 3047 contemp
1968 2956 2219 3028 ationis
2254 2957 2589 3048 piissimis

18 3045 377 3117 exercitiis
434 3046 732 3115 multum
787 3069 908 3136 per
953 3045 1220 3133 aliquot
1266 3068 1492 3115 annos
1535 3046 1980 3137 profecisset,
2033 3046 2118 3116 ad
2180 3046 2584 3136 perfectiora

20 3135 456 3205 charismata
490 3135 938 3215 contendens,
978 3134 1226 3225 patria,
1262 3135 1527 3215 amici3‚
1565 3135 1795 3216 domo,
1830 3135 2164 3223 urbisque
2203 3134 2589 3223 frequentia

22 3222 325 3293 desertis
355 3275 370 3304 ,
439 3223 808 3313 Babylonis
856 3222 1140 3313 Aegypti
1189 3222 1633 3293 solitudinem
1688 3224 1911 3306 adiit,
1963 3237 2042 3295 ut
2086 3224 2459 3325 asperioris
2513 3247 2593 3295 ac

23 3311 341 3382 durioris
389 3311 566 3382 vitae
613 3311 807 3381 freno
855 3332 1110 3402 corpus
1160 3313 1454 3404 perfecte
1500 3312 1897 3394 edomaret,
1958 3336 2039 3382 ac
2081 3313 2361 3404 spiritui
2400 3313 2596 3384 obse-

22 3421 259 3490 quens
309 3398 514 3490 plane
569 3400 905 3470 redderet.
1049 3445 1058 3452 -

122 3491 159 3577 ξ
211 3494 299 3561 2.
353 3488 589 3558 Evenit
619 3500 848 3558 autem
882 3488 1106 3559 famae
1138 3501 1203 3559 et
1231 3490 1562 3562 virtutum
1593 3491 1746 3580 ejus
1780 3490 2159 3582 fragrantia
2185 3489 2270 3559 ad
2305 3491 2593 3582 Aegypti

26 3577 300 3647 incolas
337 3577 773 3668 pervadente,
828 3590 906 3648 ut
952 3600 1030 3649 ea
1072 3579 1254 3670 capti
1303 3602 1382 3650 ac
1430 3579 1700 3649 deliniti
1756 3584 1893 3670 Aeg
1946 3580 2068 3671 ptii
2119 3601 2460 3670 procereS,
2515 3603 2594 3648 ac

26 3665 261 3758 potior
307 3690 471 3757 pars
520 3666 761 3758 populi
796 3667 881 3737 ad
914 3690 1081 3738 eum
1111 3690 1345 3738 amore
1384 3692 1463 3738 ac
1512 3667 1857 3760 singulari
1936 3668 2364 3738 enevolentia
2397 3690 2590 3737 com-

29 3754 509 3844 plectendum,
566 3756 1002 3826 vehementer
1056 3756 1553 3828 incitarentur:
1606 3759 1703 3827 ita
1741 3758 2020 3846 quidem
2066 3770 2144 3827 ut
2194 3769 2590 3847 potestatem

28 3844 364 3927 facerent,
418 3868 497 3915 ea
545 3844 697 3915 istis
743 3845 814 3914 in
867 3845 1040 3915 locis
1095 3846 1527 3929 instituendi,
1581 3867 1760 3935 quae
1809 3847 1894 3916 ad
1937 3845 2294 3936 religionis
2328 3858 2594 3915 restau-

28 3933 369 4003 rationem
403 3934 764 4004 barbarica
788 3933 1053 4005 feritate
1082 3934 1560 4006 conculcatam
1596 3935 1936 4027 pertinere
1961 3935 2364 4006 censuisset.
2399 3934 2593 4017 Quod

30 4043 199 4089 cum
236 4021 625 4111 frequenter
670 4035 1021 4113 urgerent,
1076 4025 1358 4114 gavisus
1408 4026 1570 4114 pius
1620 4037 1835 4116 pater,
1872 4036 1938 4093 et
1966 4030 2123 4106 Dec,
2180 4024 2299 4110 qui
2334 4023 2594 4093 feroces

31 4109 490 4182 barbarorum
541 4125 802 4182 mentes
865 4112 1012 4181 miti
1067 4127 1299 4194 asset,
1369 4115 1662 4205 gratiam
1727 4112 2084 4194 referens,
2154 4114 2588 4182 occasionem

34 4208 300 4269 tantam
351 4201 638 4272 minime
705 4201 838 4273 sibi
888 4202 1072 4292 negi
1126 4201 1376 4272 endam
1435 4213 1627 4272 ratus
1662 4257 1677 4283 ,
1744 4202 1937 4294 operi
1998 4200 2240 4272 sedulo
2292 4201 2582 4281 institit,

29 4287 346 4447 primum
394 4289 626 4361 diruta
669 4290 908 4360 multis
956 4289 1025 4359 in
1105 4291 1250 4361 ocis
1301 4291 1556 4382 templa
1588 4303 2011 4372 restaurans,
2051 4304 2116 4361 et
2147 4303 2301 4381 post
2320 4292 2589 4381 jactum

85 4398 166 4447 oc
214 4377 549 4449 virtutum
601 4401 886 4450 suarum
937 4379 1140 4469 quasi
1191 4379 1554 4470 spirituale
1592 4379 2127 4450 fundamentum
2170 4377 2590 4450 monasteria

85 4504 107 4526 ⁶
139 4503 229 4545 Vel
250 4505 474 4544 Bolonm.
