3308 5004
88 317 302 416 AUG.
355 349 441 415 29
733 367 799 416 uz
846 367 1041 416 nsro
1081 368 1417 417 nscozur.
1470 369 1528 417 s.
1578 369 1807 420 somn.
1859 372 2042 420 nur.
2453 358 2583 425 707

88 465 185 522 ut
222 453 548 539 utrinque
577 465 758 522 esset
787 451 1148 524 Zacharias
1196 453 1518 524 sacerdos
1567 453 1629 523 le
1683 455 1964 526 itimus:
2019 451 2664 532 Vocabaturautem

89 541 495 643 Eli-sabeth..
540 541 653 643 Eis
714 563 870 612 vero
920 563 1048 613 suo
1096 543 1489 614 testimonio
1546 477 1789 614 tribuit
1827 544 2171 633 justitiam
2222 561 2381 617 ante
2428 549 2670 619 oculos

88 636 251 700 Dei.
306 635 466 720 Ipsa
512 651 697 700 emm
748 645 849 700 est
895 652 1000 712 ea,
1052 653 1230 718 quae
1274 645 1377 703 est
1425 654 1583 701 vera
1618 633 1940 722 justitia:
1994 634 2558 723 quandoquidem
2600 639 2667 710 ei

88 718 235 791 soli
287 731 523 809 aperta
571 731 736 789 sunt
782 719 990 789 corda
1040 719 1432 791 hominum.
1477 726 1555 790 Et
1587 721 1771 808 quod
1809 724 1875 791 in
1912 723 2240 793 omnibus
2278 726 2434 812 ejus
2468 748 2667 796 man-

88 808 287 878 datis
312 821 377 878 et
399 809 1021 898 justificationibus
1053 809 1494 880 ambularent
1531 811 1700 879 citra
1740 813 2373 902 reprehensionem.
2405 819 2665 896 Quam-

89 920 315 984 quam
366 911 596 967 autem
664 910 894 968 essent
942 911 1128 968 tanta
1176 900 1425 970 virtute
1473 899 1813 989 praediti,
1866 923 1982 971 eos
2030 913 2259 972 tamen
2322 902 2492 972 dicit
2551 925 2668 972 ca·-
2741 901 2748 908 ’

88 987 330 1056 ruisse
381 986 660 1056 liberis:
715 987 899 1074 quod
947 1000 1093 1057 erat
1140 989 1393 1077 probro
1444 988 1810 1071 veteribus,
1867 1010 2001 1060 non
2054 988 2199 1060 leve
2244 1004 2311 1060 et
2357 1005 2668 1061 contem-

84 1075 439 1156 nendum,
494 1075 610 1146 sed
662 1076 957 1146 aliorum
993 1076 1306 1147 omnium
1352 1077 1868 1168 gravissimum.
1914 1077 2105 1160 Quod
2140 1080 2421 1167 quidem
2468 1081 2663 1150 vobis

87 1187 363 1255 magno
405 1164 608 1235 debet
653 1186 803 1234 esse
850 1164 1118 1246 solatio,
1171 1166 1599 1255 quicumque
1646 1168 1869 1237 bonae
1913 1167 2196 1255 quidem
2250 1169 2425 1238 vitae
2473 1169 2666 1239 vobis

82 1254 269 1325 estis
307 1253 608 1323 conscii:
663 1275 868 1342 saepe
916 1276 1075 1326 vero
1119 1255 1315 1326 vobis
1366 1256 1601 1326 minus
1657 1276 1917 1345 aequae
1961 1270 2027 1326 et
2086 1279 2454 1349 prosperae
2503 1280 2666 1330 suc-

82 1344 363 1415 cedunt
404 1364 510 1413 res
544 1343 913 1413 humanae.

188 1436 230 1520 §
278 1436 370 1503 8.
424 1432 601 1502 Huic
649 1446 876 1503 autem
928 1432 1334 1510 Zachariae.
1390 1432 1558 1502 dum
1610 1433 2022 1504 sacerdotali
2084 1456 2374 1506 munere
2420 1435 2666 1525 funge-

84 1537 317 1600 retur,
354 1521 580 1590 visum
618 1542 768 1591 esse
801 1521 969 1591 dicit
997 1521 1328 1612 Angelum
1383 1522 1652 1591 Domini
1689 1537 1980 1593 stantem
2018 1545 2054 1592 a
2096 1524 2355 1595 dextris
2393 1524 2657 1595 altaris.

85 1612 481 1701 Cujusnam
520 1623 747 1679 autem
784 1610 1074 1681 altaris?
1120 1611 1417 1681 Incensi.
1458 1617 1615 1681 Erat
1646 1613 1832 1681 enim
1870 1612 2162 1682 alterum
2196 1613 2655 1684 oblationum.

81 1707 174 1771 Et
226 1699 622 1769 Zachariam
664 1699 946 1787 quidem
1002 1698 1171 1769 illuc
1222 1700 1444 1770 solum
1497 1700 1798 1770 subiisse
1847 1701 1914 1770 in
1971 1702 2120 1792 ipsa
2164 1702 2332 1772 hora
2364 1703 2655 1785 incensi,

84 1803 312 1860 totam
339 1802 566 1857 autem
606 1787 844 1879 populi
883 1788 1400 1859 multitudinem
1433 1788 1644 1858 fuisse
1700 1801 1908 1869 extra,
1958 1804 2262 1860 utentem
2320 1793 2653 1862 oratione.

85 1877 520 1949 conturbato
569 1898 728 1946 vero
781 1890 845 1946 et
895 1875 1375 1967 perterrefacto
1421 1878 1745 1948 Zacharia
1799 1893 2075 1969 propter
2123 1881 2600 1969 spectaculum
2635 1935 2650 1961 ,

83 1966 436 2056 Angelum
473 1966 535 2035 ei
571 1965 947 2036 solventem
1001 1979 1286 2045 metum,
1320 1966 1589 2036 dixisse
1620 1993 1634 2033 τ
1689 1968 1839 2037 Noli
1888 1969 2151 2050 timere,
2187 1969 2466 2060 auditae
2496 1981 2662 2039 sunt

80 2057 286 2125 enim
342 2075 576 2143 preces
627 2067 803 2124 tuae.
841 2060 930 2124 Te
962 2067 1189 2125 autem
1233 2055 1447 2126 fuisse
1476 2056 1892 2126 ⁴exauditum
1931 2059 2261 2147 probatur
2292 2112 2307 2140 ,
2362 2057 2545 2146 quod
2596 2071 2664 2128 et

86 2144 190 2214 sit
243 2144 364 2213 tibi
415 2144 802 2233 promissus
852 2144 1065 2226 filius,
1117 2156 1184 2214 et
1229 2144 1700 2234 significetur,
1754 2146 2343 2232 quemadmodum
2408 2149 2493 2216 sit
2546 2169 2660 2217 vo-

84 2232 395 2311 candus,
448 2244 514 2301 et
560 2233 744 2320 quod
798 2246 1074 2323 propter
1118 2234 1271 2322 ejus
1317 2246 1544 2303 ortum
1600 2234 2040 2322 praedicatur
2099 2235 2460 2326 gaudium.
2526 2235 2655 2305 Sed

82 2321 297 2410 quid,
340 2322 589 2391 dixerit
640 2322 986 2411 quispiam
1022 2375 1038 2402 ,
1092 2335 1193 2391 est
1239 2344 1697 2423 consequen3‚
1754 2336 1829 2393 ut
1878 2323 2016 2405 ille,
2069 2325 2189 2409 qui
2246 2345 2366 2411 pro
2418 2323 2659 2413 populi

81 2411 399 2501 peccatis
451 2411 852 2490 intercedit,
906 2411 1203 2499 accipiat
1266 2412 1797 2501 promissionem
1828 2466 1844 2492 ‚
1896 2410 2040 2481 fore
2089 2426 2164 2481 ut
2210 2413 2275 2481 ei
2328 2427 2654 2482 nascatur

80 2499 348 2570 filius?
396 2505 508 2571 Est
546 2516 727 2571 certe
776 2497 972 2569 valde
1000 2514 1538 2570 consentaneum
1575 2513 1640 2570 et
1691 2501 2127 2570 conveniens.
2183 2505 2350 2572 Nam
2402 2501 2520 2587 qui
2570 2501 2658 2570 ab

78 2590 215 2660 illo
263 2603 409 2659 erat
448 2589 963 2679 suscipiendus,
1004 2590 1062 2659 is
1108 2601 1254 2660 erat
1300 2589 1577 2658 futurus
1611 2611 1858 2679 praeco
1888 2589 2075 2680 agni,
2113 2590 2236 2678 qui
2288 2589 2465 2660 tollit
2502 2612 2657 2681 pec-

79 2692 329 2750 catum
370 2678 615 2747 mundi
650 2703 664 2742 ε
716 2678 1305 2766 quemadmodum
1345 2677 1611 2767 illeipse
1661 2678 1939 2749 clamat.

178 2770 220 2853 ξ
272 2772 354 2838 ιι.
410 2772 743 2837 Futurum
796 2780 1022 2838 autem
1074 2789 1232 2837 eum
1275 2788 1602 2857 magnum
1646 2766 1998 2855 praedicit,
2035 2786 2171 2835 non
2207 2766 2489 2854 quidem
2525 2767 2648 2838 ab·

79 2855 340 2934 solute,
394 2855 510 2924 sed
564 2877 793 2925 coram
840 2857 1163 2925 Domino:
1210 2855 1399 2925 Sicut
1426 2856 1632 2924 etiam
1678 2856 1865 2945 ipsos
1899 2868 2213 2946 parentes
2247 2857 2444 2946 prius
2477 2855 2652 2927 dixit

66 2946 318 3035 justos
365 2965 514 3013 esse
559 2966 791 3014 coram
848 2950 997 3014 Deo.
1053 2949 1130 3013 In
1181 2966 1483 3031 quonam
1535 2957 1764 3014 autem
1817 2945 2048 3034 ipsum
2099 2944 2241 3014 fore
2312 2967 2644 3034 magnum

76 3030 264 3102 dicit
312 3031 591 3102 divinus
641 3036 913 3103 Lucas?
960 3039 1134 3103 Num
1184 3033 1471 3102 omnino
1520 3032 1587 3100 in
1640 3033 2072 3103 abundantia
2121 3032 2472 3124 spiritus?
2520 3039 2648 3103 Ne-

78 3143 229 3209 que
277 3121 462 3189 enim
512 3121 786 3192 divinae
833 3122 1094 3212 gratiae
1140 3142 1298 3190 eum
1351 3121 1575 3191 solum
1626 3122 1797 3191 dicit
1842 3121 2154 3192 futurum
2258 3121 2647 3213 articipem.

80 3210 221 3280 Sed
278 3209 675 3298 replebitur,
731 3211 978 3298 inquit,
1035 3210 1296 3299 Spiritu
1347 3215 1616 3291 Sancto,
1669 3224 1736 3280 et
1785 3233 1920 3280 non
1978 3222 2127 3301 post
2166 3145 2445 3298 aliquod
2486 3225 2654 3281 tem-

82 3323 224 3390 pus
256 3352 271 3377 ‚
326 3320 548 3386 neque
595 3323 754 3370 cum
806 3299 889 3369 ad
944 3298 1246 3387 aliquam
1301 3300 1683 3390 pervenerit
1730 3314 2063 3370 aetatem:
2116 3300 2233 3369 sed
2293 3300 2525 3370 adhuc
2582 3301 2652 3369 in

77 3401 289 3458 utero
338 3388 602 3457 matris,
656 3388 847 3471 Quod
900 3402 1128 3458 autem
1180 3388 1308 3457 erit
1356 3390 1508 3478 ejus
1558 3411 1865 3472 munuS,
1918 3401 1984 3459 et
2039 3389 2375 3476 quidnam
2442 3391 2651 3480 aget?

80 3478 618 3547 conversionem
675 3476 1047 3546 multorum
1098 3476 1401 3547 filiorum
1456 3478 1666 3548 Israel
1718 3478 1801 3547 ad
1860 3479 2226 3549 Dominum
2284 3483 2492 3547 Deum
2537 3498 2652 3548 eo·-

81 3588 271 3637 rum.
327 3566 513 3636 Adde
560 3565 763 3635 etiam
818 3566 1151 3654 reliquam
1209 3566 1701 3647 laudationem,
1759 3590 1799 3637 o
1848 3572 1941 3636 An
1997 3566 2122 3636 ele.
2179 3573 2259 3637 Et
2290 3568 2654 3658 praecedet

80 3678 316 3725 coram
363 3678 437 3725 eo
486 3652 557 3725 in
601 3656 851 3746 spiritu.
882 3666 945 3726 et
974 3657 1225 3726 virtute
1256 3658 1472 3726 Eliae.
1509 3662 1678 3726 Nam
1715 3656 1895 3725 sicut
1932 3591 2045 3725 iile
2073 3655 2203 3725 erit
2237 3676 2652 3745 praecursor

81 3744 378 3813 secundi
428 3745 765 3814 adventus
813 3745 1085 3825 Christi,
1139 3745 1230 3814 ita
1283 3745 1395 3815 hic
1441 3744 1571 3814 fuit
1613 3745 1845 3835 primi,
1936 3745 2037 3815 ari
2074 3746 2345 3826 virtute,
2392 3757 2456 3813 et
2500 3743 2650 3832 pari

83 3846 442 3919 potestate,
494 3846 560 3903 et
605 3832 842 3903 eodem
894 3833 1169 3924 spiritu.
1225 3839 1301 3903 Et
1348 3846 1694 3905 convertet
1741 3856 1861 3904 cor
1910 3857 1952 3903 a
2002 3847 2274 3923 patrum
2313 3833 2396 3901 ad
2435 3833 2644 3903 filios.

88 3921 263 4000 Quid
317 3922 748 4015 significans,
805 3923 937 3992 nisi
984 3923 1170 4011 quod
1198 3922 1518 4003 efficeret,
1554 3935 1631 3992 ut
1659 3923 1904 3993 Judaei
1944 3925 2259 4012 parerent
2291 3921 2649 3993 doctrinae

88 4011 620 4096 Apostolorum?
666 4013 748 4081 Hi
798 4012 984 4081 enim
1034 4024 1231 4083 erant
1278 4012 1556 4082 illorum
1611 4011 1739 4080 filii
1788 4013 2198 4104 cognatione
2246 4012 2643 4101 sanguinis:

89 4115 382 4180 quorum
433 4102 638 4171 etiam
694 4101 1101 4191 prudentiae
1150 4102 1279 4170 visi
1327 4115 1493 4172 sunt
1537 4101 1841 4183 obedire,
1897 4102 2016 4190 qui
2057 4115 2219 4172 tunc
2260 4114 2458 4171 erant
2498 4101 2649 4171 ino·-

90 4182 464 4284 bedientes.
518 4196 610 4259 Eo
657 4191 842 4259 enim
879 4190 1113 4259 tendit
1158 4190 1361 4272 illud,
1415 4202 1480 4259 et
1531 4212 1775 4281 parare
1827 4192 2115 4261 Domino
2201 4190 2492 4291 opulum
2527 4212 2646 4260 co-

94 4293 365 4359 piosum
394 4302 407 4347 :
462 4301 712 4370 nempe
743 4278 953 4368 quod,
991 4292 1071 4349 ut
1104 4278 1405 4370 populus
1434 4279 1775 4351 Iudaicus
1809 4282 2078 4370 pareret
2107 4213 2397 4361 Christo,
2436 4278 2648 4349 etiam

88 4375 458 4465 antequam
510 4368 818 4438 Christus
866 4382 1250 4459 appareret,
1304 4368 1392 4438 ab
1438 4368 1703 4439 Joanne
1749 4369 2016 4464 scilicet
2067 4368 2275 4440 fuerit
2333 4381 2644 4460 paratus»,

87 4462 154 4520 et
184 4473 338 4544 ejus
369 4456 652 4548 linguae
687 4457 945 4550 praeda
984 4458 1208 4529 factus
1237 4457 1467 4529 fuerit.
