3308 5004
156 364 304 432 Ans.
344 368 379 431 5
835 385 916 433 m:
961 384 1017 432 s.
1072 383 1375 433 oswanno
1423 382 1696 435 aaaron.
1749 386 1908 434 anon
2432 369 2563 435 ⁴77

156 468 327 569 pretio
353 471 435 542 ab
481 493 560 542 eo
606 472 837 543 sedem
883 470 1274 542 Londoniae
1305 470 1623 553 civitatis,
1677 472 1966 562 ejusque
1998 471 2383 563 Episcopus
2431 493 2653 560 usque

149 556 394 628 advitae
423 582 590 631 suae
637 561 1013 631 terminum
1066 559 1343 630 mansit.
1398 561 1646 647 Sicque
1694 560 2047 651 provincia
2095 561 2652 632 Occidentalium

147 649 440 718 Saxonum
495 661 802 740 tempore
852 670 984 720 non
1039 670 1259 737 pauco
1308 648 1570 736 absque
1632 647 1952 719 Praesule
2016 648 2171 719 fuit.
2244 655 2398 733 Quo
2444 650 2650 720 etiam

149 743 572 825 tempore-Rex
605 737 953 826 praefatus
983 737 1206 827 ipsius
1237 737 1462 826 gentis
1495 738 1929 828 gravissimis
1978 740 2174 828 regni
2216 739 2331 808 sui
2378 738 2656 809 damnis

147 824 500 912 saepissime
545 827 633 897 ab
681 826 997 898 hostibus
1044 825 1363 904 afflictus,
1418 825 1695 895 tandem
1747 825 1831 895 ad
1890 827 2292 896 memoriam
2353 827 2646 907 reduxit,

149 911 290 1011 quod
332 936 534 997 eum,
589 938 795 1004 quem
864 914 1087 1005 pridie
1136 914 1426 1005 perfidia
1475 935 1688 1003 regno
1736 914 2126 1005 depulerit,
2181 916 2355 984 fides
2418 916 2652 1005 agnita

154 996 349 1071 Christi
391 1004 463 1073 in
514 1027 550 1073 r
642 1026 805 1074 num
856 1003 1291 1073 revocaverit.
1338 1002 1816 1091 Intellexitque
1864 1003 2049 1091 quod
2092 1004 2297 1073 etiam
2338 1017 2506 1074 tunc
2536 1005 2653 1073 de-

149 1087 572 1248 stitutadponti
628 1115 705 1164 ce
756 1092 1109 1184 provincia
1141 1146 1156 1175 ‚
1212 1105 1392 1164 recte
1455 1092 1712 1183 pariter
1772 1092 2009 1162 divino
2067 1091 2276 1162 fuerit
2327 1092 2652 1163 destituta

148 1196 327 1263 praest
379 1203 468 1252 ιο.

209 1268 413 1352 Ma.
472 1271 650 1343 Misit
697 1291 772 1358 er
820 1292 861 1340 o
923 1269 1286 1361 legatarios
1335 1270 1405 1338 in
1473 1269 1766 1340 Galliam
1816 1270 1900 1340 ad
1952 1270 2375 1360 Agilbertum
2414 1325 2434 1351 ‚
2485 1268 2651 1339 sub-

145 1353 315 1426 missa
360 1358 558 1429 illum
610 1359 778 1430 satis
808 1359 1075 1429 actione
1123 1358 1526 1449 deprecans,
1582 1358 1669 1428 ad
1700 1358 2177 1449 episcopatum
2222 1380 2388 1429 suae
2426 1358 2650 1448 gentis

144 1441 343 1541 redire.
395 1452 476 1517 At
524 1448 637 1518 ille
687 1469 758 1517 se
803 1469 1167 1527 excusans,
1218 1460 1284 1516 et
1333 1447 1563 1518 venire
1613 1469 1749 1517 non
1792 1469 1989 1538 posse
2023 1460 2444 1528 contestanS,
2486 1446 2647 1535 quia

141 1548 501 1626 episcopatu
551 1537 868 1627 propriae
914 1537 1209 1606 civitatis
1257 1558 1337 1606 ac
1386 1536 1757 1626 parochiae
1818 1548 2163 1606 teneretur
2226 1535 2647 1606 adstrictus:

142 1637 204 1686 ne
232 1633 442 1694 tamen
493 1627 741 1695 obnixe
777 1626 1028 1715 petenti
1078 1624 1174 1693 nil
1225 1623 1427 1695 ferret
1473 1625 1763 1706 auxilii,
1823 1625 2011 1694 misit
2061 1647 2185 1716 pro
2235 1647 2305 1694 se
2339 1623 2459 1693 illo
2494 1645 2650 1726 pre-

139 1704 451 1796 sbyterum
502 1713 973 1785 Eleutherium
1025 1726 1339 1804 nepotem
1391 1735 1625 1794 suum,
1683 1713 1804 1800 qui
1852 1713 1939 1795 ei,
1996 1713 2054 1782 si
2107 1713 2329 1794 vellet,
2369 1713 2650 1782 ordina-

140 1808 290 1898 retur
318 1802 722 1893 Episcopus,
774 1803 1036 1884 dicens,
1074 1802 1258 1890 quod
1297 1804 1444 1892 ipse
1489 1822 1648 1871 eum
1702 1801 1993 1892 dignum
2046 1823 2196 1871 esse
2244 1801 2651 1892 episcopatu

131 1885 461 1966 Judncaret.
499 1897 646 1975 Quo
674 1891 1051 1962 honorifice
1081 1914 1118 1961 a
1156 1891 1412 1982 populo
1444 1901 1508 1960 et
1541 1912 1581 1959 a
1610 1896 1794 1980 Rege
1842 1903 2186 1979 suscepto,
2233 1902 2652 1980 rogaverunt

137 1972 556 2071 Theodorum,
602 1994 766 2051 tunc
799 1980 1403 2070 Archiepiscopum
1451 1979 1983 2049 Dorovernensis
2017 1979 2383 2061 Ecclesiae,
2417 1979 2649 2069 ipsum

135 2063 242 2132 sibi
267 2069 645 2139 Antistitem
696 2069 1108 2140 consecrari.
1147 2069 1275 2152 Qui
1306 2079 1773 2150 consecratus,
1812 2068 1882 2136 in
1920 2069 2070 2159 ipsa
2110 2067 2380 2139 civitate
2414 2066 2652 2139 multis

132 2155 303 2225 annis
335 2159 812 2248 episcopatum
847 2158 1282 2228 Gevissorum
1319 2179 1399 2226 ex
1438 2156 1770 2248 synodica
1803 2157 2160 2227 sanctione
2190 2157 2378 2228 solus
2412 2155 2652 2226 sedulo

133 2242 575 2316 moderamine
621 2247 856 2337 gessit.

198 2332 408 2415 §1ss
482 2335 812 2426 Regnavit
870 2347 1097 2405 autem
1162 2333 1517 2405 Oswaldus
1578 2340 1716 2405 Rex
1788 2333 2423 2405 christianissimus
2469 2333 2647 2404 Nord

131 2416 567 2514 Bumbrorum
614 2445 851 2494 novem
887 2424 1113 2507 annis,
1151 2435 1605 2493 annumerato
1654 2422 1776 2492 illo
1824 2445 2030 2505 anne,
2084 2445 2290 2512 quem
2323 2436 2389 2491 et
2418 2421 2650 2491 feralis

125 2510 415 2596 1mpietas
451 2515 658 2604 Regis
705 2514 1085 2595 Britonum,
1138 2527 1204 2583 et
1240 2514 1585 2603 apostasia
1626 2512 1912 2582 demens
1947 2518 2208 2602 Regum
2246 2511 2644 2602 Anglorum‚

126 2591 569 2673 detestabilem
602 2602 873 2673 fecerat.
930 2602 1308 2689 Siquidem,
1352 2614 1429 2671 ut
1486 2623 1699 2691 supra
1738 2600 2152 2682 docuimuS,
2198 2622 2339 2669 uno
2388 2600 2644 2682 animo,

123 2689 557 2779 omniumque
602 2713 943 2762 consensu
988 2691 1337 2761 firmatum
1387 2702 1513 2771 est,
1565 2704 1643 2761 ut
1690 2711 1940 2760 nomen
1976 2702 2042 2760 et
2099 2689 2434 2759 memoria
2490 2709 2652 2777 apo-

125 2783 428 2849 statatum
482 2779 569 2851 de
614 2780 926 2871 catalogo
974 2785 1239 2870 Regum
1292 2779 1836 2850 Christianorum
1890 2801 2178 2870 prorsus
2228 2776 2489 2847 aboleri
2538 2775 2654 2846 de·

123 2856 305 2948 beret,
344 2890 572 2957 neque
603 2869 858 2957 aliquis
906 2889 1115 2959 regno
1162 2889 1398 2937 eorum
1450 2890 1681 2938 annus
1727 2868 2066 2938 adnotari.
2125 2871 2272 2950 Quo
2313 2865 2653 2957 completo

124 2967 437 3026 annorum
510 2957 910 3039 curriculo,
973 2958 1247 3028 occisus
1305 2969 1454 3039 est,
1522 2957 1894 3028 commisso
1955 2956 2147 3048 gravi
2199 2954 2511 3046 praelio,
2566 2955 2653 3025 ab

122 3041 325 3113 eadem
362 3058 571 3137 gente
612 3068 905 3138 pagana,
959 3067 1367 3137 paganoque
1415 3052 1510 3117 Re
1559 3068 1597 3116 e
1636 3046 2070 3126 Merciorum,
2109 3067 2148 3113 a
2178 3066 2314 3132 quo
2348 3055 2414 3114 et
2460 3064 2655 3133 prae-

126 3124 413 3203 deeessor
461 3134 619 3224 ejus
681 3134 1001 3206 Edwinus
1068 3156 1298 3224 perem
1355 3148 1466 3205 tus
1552 3147 1789 3217 uerat,
1862 3136 1930 3204 in
1984 3133 2176 3215 locu,
2230 3133 2352 3221 qui
2411 3132 2656 3224 lingua

126 3219 478 3310 Anglorum
531 3236 976 3314 nuncupatur
1024 3222 1305 3294 Maserfe
1339 3224 1404 3293 th
1441 3278 1456 3305 ,
1523 3244 1705 3293 anno
1761 3223 2001 3293 aetatis
2048 3244 2215 3293 suae
2266 3221 2654 3312 trigesimo·

126 3323 348 3392 octavo,
402 3312 521 3381 die
567 3313 811 3401 quinto
860 3313 1118 3384 mensis
1166 3313 1478 3402 Augusti.
1532 3312 1749 3400 Cujus
1780 3324 2039 3399 quanta
2075 3310 2245 3381 fides
2280 3310 2350 3379 in
2404 3315 2644 3390 Deum,

129 3411 268 3477 quae
304 3400 582 3471 devotio
632 3402 881 3473 mentis
915 3401 1141 3483 suerit,
1175 3402 1379 3470 etiam
1415 3413 1566 3491 post
1599 3412 1883 3471 mortem
1917 3400 2253 3471 virtutum
2290 3397 2648 3470 miraculis

132 3480 362 3574 claruit.
431 3495 746 3579 Namque
792 3491 864 3559 in
916 3489 1107 3572 loeo,
1160 3488 1285 3559 ubi
1345 3511 1472 3579 pro
1520 3490 1743 3580 patria
1807 3489 2153 3559 dimicans
2185 3543 2201 3570 ,
2256 3510 2296 3557 a
2333 3487 2648 3578 -paganis

136 3576 499 3649 mterfectus
546 3592 671 3661 est,
727 3600 946 3666 usque
992 3578 1196 3649 hodie
1244 3579 1570 3648 sanitates
1620 3578 2058 3648 infirmorum
2122 3590 2187 3647 et
2235 3576 2596 3646 hominum
2626 3629 2641 3656 ,

138 3670 180 3751 ἓὶ
209 3685 539 3753 pecorum
587 3668 920 3739 celebrari
969 3689 1103 3739 non
1155 3666 1507 3739 desinunt.
1563 3666 1756 3737 Unde
1788 3666 2117 3769 contigit,
2179 3677 2254 3736 ut
2296 3665 2643 3756 pulverem

142 3763 346 3838 lpsum,
401 3756 531 3826 ubi
579 3778 836 3847 corpus
864 3758 1015 3848 ejus
1060 3757 1132 3826 in
1175 3770 1424 3827 terram
1457 3756 1740 3836 corruit,
1795 3755 1997 3826 multi
2031 3756 2439 3836 auferentes,
2477 3764 2543 3823 et
2574 3753 2645 3821 in

144 3853 336 3938 aquam
369 3846 750 3927 mittentes,
781 3847 929 3916 suis
954 3866 1077 3936 per
1101 3846 1229 3916 hoc
1260 3845 1563 3915 infirmis
1589 3845 1888 3915 multum
1920 3843 2267 3914 commodi
2298 3844 2641 3912 afferrent.

148 3923 232 4002 Qu
254 3932 580 4005 videlicet
612 3957 760 4005 mos
792 3932 962 4005 adeo
994 3935 1359 4016 increbuit,
1413 3946 1491 4004 ut
1537 3932 1874 4025 paulatim
1906 3931 2135 4003 ablata
2164 3931 2410 4002 exinde
2442 3943 2642 4031 terra,

149 4006 339 4091 fossam
383 4022 481 4093 ad
523 4044 918 4095 mensuram
954 4035 1256 4096 staturae
1293 4023 1514 4094 virilis
1544 4023 1752 4093 altam
1787 4021 2184 4092 reddiderit.
2217 4025 2347 4091 Nec
2389 4040 2650 4089 miran-

154 4095 286 4189 dum,
327 4110 400 4181 in
439 4111 596 4182 loco
637 4112 877 4183 mortis
911 4112 1102 4183 illius
1151 4112 1468 4183 infirmos
1499 4112 1757 4193 sanari,
1801 4111 1922 4199 qui
1961 4131 2233 4201 semper
2262 4164 2278 4191 ,
2334 4107 2504 4177 dum
2557 4107 2651 4175 vi-

151 4204 316 4281 vem,
380 4200 693 4272 infirmis
746 4216 812 4273 et
867 4202 1295 4292 pauperibus
1350 4200 1734 4283 consulere,
1786 4212 1852 4270 et
1906 4198 2378 4289 eleemosynas
2429 4196 2642 4278 dare,

151 4292 243 4364 ⁰l¹0
340 4312 436 4360 ue
487 4289 665 4361 ferre
712 4312 848 4360 non
898 4290 1233 4362 cessabat.
1287 4294 1364 4359 Et
1410 4289 1629 4360 multa
1678 4288 1958 4377 quidem
2011 4288 2081 4357 in
2133 4287 2280 4357 loco
2327 4285 2492 4365 illo,
2545 4285 2647 4357 vel

147 4360 305 4460 depu
335 4400 505 4449 vere
552 4378 682 4449 loci
730 4379 923 4450 illius
968 4379 1148 4450 facta
1195 4379 1524 4449 virtutum
1578 4377 1915 4449 miracula
1978 4387 2301 4447 narrant:
2356 4374 2471 4445 sed
2525 4398 2650 4445 nos

146 4450 250 4527 <¹¹10
284 4477 587 4550 tantum,
630 4489 808 4556 quae
840 4491 881 4539 a
916 4468 1298 4557 maj0ribus
1331 4467 1752 4551 audivimuS,
1807 4466 2056 4538 referre
2085 4466 2252 4536 satis
2290 4465 2645 4536 duximus.

259 4588 508 4646 surius
523 4618 548 4633 ·
574 4586 736 4648 Vitae
760 4586 869 4650 SS.
893 4618 918 4633 ·
937 4587 1064 4647 Vol.
1106 4584 1261 4647 vm.
2417 4585 2488 4643 12
