3308 5004
754 347 881 414 594
1348 365 1429 413 nn
1474 364 1533 413 S.
1583 363 1882 414 aunone
1928 362 2129 413 msc.
2181 361 2546 414 amnone.
2901 345 3086 412 AUG.
3124 347 3188 411 24

562 519 569 529 ,
663 446 1032 538 discipulis
1075 447 1229 535 ejus
1274 448 1423 519 visa
1467 460 1597 520 est.
1651 448 1780 520 Sed
1819 450 1989 537 quia
2027 449 2097 517 in
2139 447 2631 519 coenobiorum
2665 448 3088 519 mentionem
3107 448 3189 518 in·

664 537 991 619 cidimuS‚
1043 550 1516 628 opportunum
1569 538 2019 619 arbitramur,
2071 550 2155 607 ut
2196 535 2788 625 quemadmodum
2836 535 3063 618 locus,
3095 537 3191 624 qui

665 648 856 697 nunc
903 629 1082 696 Crux
1129 631 1195 697 S.
1248 625 1557 698 Audoeni
1605 625 1885 708 dicitur,
1939 626 2269 718 primitus
2306 625 2370 695 ei
2399 638 2717 697 ostensus
2745 638 2874 706 est,
2917 624 3193 697 hocloco

665 735 1323 786 commemoremus,

606 805 613 812 ’
752 806 970 892 5²1.
1016 808 1183 873 Cum
1218 815 1526 894 tempore
1554 803 1859 892 quodam
1897 802 2533 893 parochiam-suam
2569 802 3042 888 praedicando
3074 824 3194 892 per·

663 891 1008 973 lustraret,
1060 903 1128 963 et
1175 914 1298 981 per
1345 893 1772 984 huncipsum
1821 891 2052 963 locum
2104 891 2234 962 iter
2278 904 2513 984 ageret
2574 892 2647 973 ⁸,
2719 914 2945 963 curru
3003 904 3193 961 vectus

660 981 832 1073 (non
879 981 1070 1050 enim
1122 994 1387 1072 poterat
1433 982 1650 1052 nimio
1699 980 1925 1052 fessus
1972 980 2188 1061 senio,
2214 981 2362 1072 jam
2404 1002 2582 1070 equo
2616 980 2826 1070 vehi),
2871 980 3075 1062 muli,
3101 979 3194 1067 qui

661 1090 947 1141 currum
1000 1069 1387 1152 trahebant,
1440 1071 1670 1142 subito
1719 1069 2109 1141 substitere.
2163 1074 2473 1158 Cumque
2526 1069 2772 1160 auriga
2804 1069 3192 1160 flagelloeos

661 1170 941 1249 urgeret
985 1156 1073 1228 ad
1127 1158 1669 1247 procedendum,
1722 1157 1915 1228 nullo
1965 1157 2169 1230 modo
2223 1158 2389 1229 inde
2442 1179 2560 1231 eos
2610 1159 2833 1250 potuit
2881 1177 3189 1229 amovere.

664 1246 981 1318 Sentiens
1028 1257 1261 1317 autem
1311 1248 1416 1317 vir
1461 1248 1617 1329 Dei,
1673 1269 1808 1317 non
1860 1247 2011 1317 sine
2060 1258 2234 1318 nutu
2291 1246 2528 1318 divino
2572 1247 2915 1318 animalia
2958 1266 3192 1317 manere

664 1335 975 1416 immota,
1027 1334 1391 1407 confestim
1439 1357 1724 1408 sursum
1770 1336 2015 1406 erectis
2065 1335 2479 1417 luminibus,
2535 1335 2704 1407 vidit
2741 1337 2995 1407 Crucis
3031 1334 3192 1406 vexil-

663 1423 839 1505 lum,
894 1423 1114 1494 multo
1163 1423 1529 1515 splendore
1577 1424 1712 1495 late
1757 1423 2292 1495 circumfusum.
2343 1429 2658 1512 Cumque
2705 1426 3009 1495 Domino
3049 1445 3189 1494 reve-

665 1512 849 1583 lante
907 1511 1342 1604 intelligeret,
1401 1535 1560 1584 eum
1616 1512 1846 1585 locum
1899 1535 2029 1585 suo
2077 1512 2276 1584 illum
2327 1514 2602 1584 servitio
2649 1525 2714 1585 et
2756 1514 2995 1586 cultui
3027 1513 3191 1583 desti·

666 1622 891 1685 nasse,
928 1622 1085 1671 mox
1118 1601 1423 1674 reductis
1448 1601 1693 1685 oculis,
1728 1603 2068 1692 conspicit
2092 1602 2446 1673 hominem
2477 1602 2854 1691 quemdam
2885 1615 3184 1673 arantem.

661 1694 950 1780 Accepto
995 1711 1162 1782 ergo
1208 1691 1359 1780 ejus
1405 1690 1715 1771 stimulO,
1764 1690 2060 1781 figuram
2099 1696 2166 1762 S.
2205 1692 2443 1761 Crucis
2472 1690 2704 1772 efficit,
2741 1695 2976 1779 eaque
3014 1704 3188 1761 terrae

665 1778 898 1854 infixa,
950 1791 1017 1849 et
1064 1793 1461 1849 sanctorum
1515 1779 1827 1868 reliquiis
1873 1781 1936 1849 ei
1977 1780 2346 1870 impositis,
2384 1779 2700 1851 discedit.
2746 1781 2909 1852 Sole
2947 1779 3104 1850 inde
3127 1778 3185 1846 ad

663 1888 1020 1957 vesperam
1072 1880 1289 1937 terras
1336 1867 1794 1955 relinquente,
1836 1866 2166 1939 columna
2206 1869 2411 1960 ignea
2439 1869 2513 1938 in
2548 1890 2629 1939 eo
2664 1869 2818 1939 loco
2855 1891 2988 1960 per
3021 1880 3185 1939 totam

663 1969 933 2025 noctem
985 1955 1131 2026 visa
1175 1967 1278 2026 est
1325 1968 1512 2026 tanto
1560 1956 1955 2048 splendore,
1993 1970 2070 2028 ut
2103 1957 2272 2028 solis
2309 1958 2688 2028 claritatem
2724 1958 3012 2029 vincere
3041 1955 3186 2025 vide-

664 2055 877 2114 retur.
932 2048 1063 2114 Nec
1109 2066 1190 2114 ea
1238 2044 1325 2114 ab
1371 2066 1515 2115 uno
1561 2045 1731 2127 solu,
1784 2046 1906 2116 sed
1953 2068 1996 2115 a
2063 2047 2272 2117 totius
2336 2047 2731 2137 provinciae
2805 2045 3184 2117 hominibus

662 2145 1032 2221 conspecta
1055 2145 1182 2205 est.
1226 2138 1459 2221 Itaque
1487 2135 1822 2204 confluxit
1849 2156 1929 2204 eo
1967 2135 2334 2205 hominum
2363 2135 2756 2216 multitudo,
2779 2134 3181 2208 offerentium

664 2225 797 2291 Deo
831 2233 982 2291 vota
1022 2241 1186 2293 sua:
1224 2222 1654 2312 diversisque
1684 2223 1907 2294 affecti
1946 2224 2229 2304 morbis,
2270 2223 2414 2295 illic
2449 2224 2812 2317 pristinam
2848 2224 3179 2295 sanitatem

662 2323 1184 2398 recuperarunt.
1239 2316 1316 2381 In
1366 2334 1507 2400 quo
1551 2312 1757 2382 etiam
1810 2312 1958 2382 loco
2017 2312 2408 2384 Leutfridus
2462 2313 2823 2384 ecclesiam
2880 2310 3174 2386 condidit,

710 2420 841 2468 uae
886 2399 956 2468 in
1009 2403 1074 2470 S.
1129 2400 1369 2470 Crucis
1415 2413 1481 2471 et
1529 2400 2089 2472 reverendissimi
2135 2402 2445 2472 ,audoeni
2495 2401 2846 2472 Pontificis
2884 2402 3176 2472 honorem

659 2420 976 2559 dedicata
1022 2500 1164 2560 est:
1220 2489 1342 2560 ubi
1390 2488 1732 2579 hodieque
1781 2491 2106 2561 monachi
2169 2513 2305 2562 non
2371 2491 2581 2583 pauci
2645 2489 2731 2561 ad
2793 2490 3179 2562 monasticae

659 2577 942 2668 regulae
978 2579 1278 2668 praescri
1336 2593 1480 2649 tum
1519 2584 1651 2650 Deo
1685 2580 2014 2649 serviunt.

608 2756 613 2761 ᾖ
747 2670 785 2755 ξ
838 2672 998 2739 ⁸².
1050 2672 1183 2737 Nec
1231 2667 1408 2738 ilud
1458 2668 1640 2739 intra
1687 2668 1943 2738 silentii
1980 2668 2279 2740 latebras
2317 2668 2719 2739 abdendum
2751 2680 2884 2751 est,
2925 2667 3096 2759 quod
3115 2664 3178 2734 de

657 2777 738 2826 eo
784 2768 1051 2825 certum
1099 2767 1165 2825 et
1212 2769 1643 2846 compertum
1696 2758 2060 2829 habemus.
2115 2762 2251 2827 Iter
2279 2757 2401 2827 illo
2438 2757 2740 2846 quodam
2776 2757 2898 2828 die
2935 2782 3048 2850 per
3074 2761 3179 2825 Ro—

658 2844 1179 2935 thomagensem
1216 2845 1600 2934 paroeciam
1631 2845 1949 2928 faciente,
1989 2846 2079 2916 ad
2106 2845 2478 2935 quemdam
2509 2846 2737 2917 locum
2774 2849 2986 2927 venit,
3025 2840 3176 2915 haud

658 2932 898 3023 procul
948 2955 988 3002 a
1037 2934 1355 3021 sequana
1400 2934 1612 3004 fluvio
1659 2934 1843 3026 apud
1899 2933 2201 3006 insulam
2249 2934 2727 3005 Belcionacam
2769 2932 3168 3027 (Batiqmlk)

656 3022 895 3090 situm.
949 3020 1054 3090 Ibi
1104 3043 1258 3093 vero
1306 3022 1673 3113 paululum
1724 3046 1797 3093 se
1843 3024 2017 3094 dixit
2079 3022 2249 3094 velle
2297 3024 2674 3112 quiescere,
2733 3023 2973 3095 divino
3013 3014 3173 3091 haud

655 3108 869 3179 dubie
900 3110 1232 3180 instinctu
1258 3112 1340 3181 ad
1355 3112 1682 3183 monitus.
1720 3116 2026 3201 Cumque
2055 3125 2293 3183 sancto
2319 3134 2565 3203 sopore
2596 3125 2776 3183 esset
2806 3127 3172 3205 oppressus,

659 3197 1001 3288 Angelicis
1047 3211 1149 3269 est
1193 3199 1559 3287 colloquiis
1606 3199 1885 3281 fruitus,
1930 3214 2136 3289 atque
2192 3202 2261 3271 in
2317 3199 2583 3284 eodem,
2618 3222 2757 3288 quo
2788 3198 3174 3289 quiescebat,

659 3285 832 3367 loco,
872 3299 950 3357 ut
994 3287 1065 3355 in
1101 3288 1282 3358 beati
1322 3291 1845 3379 protomartyris
1890 3294 1998 3360 Ste
2050 3290 2216 3361 hani
2267 3291 2594 3360 honorem
2628 3288 3000 3362 basilicam
3027 3285 3183 3360 aedi·
3249 3336 3250 3345 η

659 3374 919 3452 ficaret,
971 3375 1391 3447 admonitus
1445 3379 1783 3449 Accersito
1829 3378 1985 3448 dein
2042 3401 2079 3449 e
2119 3379 2471 3461 AnsbertO,
2516 3380 2639 3467 qui
2668 3400 2791 3470 per
2831 3380 2905 3450 id
2944 3392 3181 3467 tempus

663 3464 1096 3534 Fontanellae
1120 3467 1455 3548 coenobii,
1487 3467 1557 3536 in
1587 3468 1791 3557 cujus
1821 3468 2159 3538 territorio
2188 3467 2382 3540 locus
2409 3468 2525 3539 ille
2557 3490 2706 3538 esse
2747 3469 3043 3550 videtur,
3082 3465 3182 3536 Ab·
3249 3470 3250 3511 3

662 3553 787 3622 bas
823 3566 992 3635 erat,
1043 3556 1196 3644 eJus
1243 3555 1582 3626 Ecclesiae
1628 3557 2131 3628 construendae
2177 3557 2241 3627 ei
2289 3580 2374 3627 ne
2423 3558 2639 3628 otium
2682 3556 2899 3627 dedit.
2942 3564 3011 3629 Is
3053 3572 3181 3625 vero
3249 3634 3250 3649 χ

657 3641 1032 3714 clarissimi
1078 3644 1429 3715 Pontificis
1477 3645 1650 3717 votis
1698 3645 1956 3727 favens,
2012 3667 2280 3716 sacram
2331 3647 2376 3717 il
2412 3648 2474 3717 ic
2520 3646 2912 3728 aediculam
2966 3644 3183 3735 exiguo
3249 3668 3250 3673 ¹

657 3731 965 3818 quidem,
1018 3744 1097 3802 ut
1143 3754 1291 3804 sese
1338 3733 1545 3803 habet
1589 3734 1724 3804 loci
1773 3736 1971 3817 situs,
2024 3735 2142 3805 sed
2192 3734 2487 3826 eleganti
2537 3747 2763 3806 tamen
2822 3757 3056 3826 opere,
3102 3732 3182 3802 fa·

657 3820 1065 3891 bricandam
1112 3823 1400 3892 curavit.
1455 3828 1662 3893 Porro
1699 3825 1994 3894 eximius
2028 3834 2262 3914 pastor
2292 3837 2357 3895 et
2386 3825 2708 3917 egregius
2739 3823 3047 3895 Pontifex
3073 3826 3182 3892 Au·
3249 3842 3250 3893 ἕ

654 3907 922 3980 ἀοὲηιιε
951 3909 1459 3981 xenodochium
1494 3933 1876 4012 pauperum
1913 3913 2001 3982 ob
2043 3914 2444 3983 memoriam
2474 3914 2779 3984 nominis
2806 3914 2920 3985 sui
2951 3908 3180 4005 sempi7

657 4008 923 4067 ternam
955 3999 1217 4070 ibidem
1251 4000 1571 4081 instituit,
1610 4024 1691 4070 ac
1725 4002 2221 4092 patrimonium
2251 4001 2632 4090 quoddam,
2672 4003 2786 4073 cui
2836 4000 3179 4094 Childriaci
3249 4048 3250 4053 ,

598 4132 603 4136 -
656 4086 1070 4158 vocabulum
1095 4100 1221 4169 est,
1261 4090 1331 4157 in
1362 4090 1667 4159 Dunensi
1697 4112 1873 4181 pago
1901 4090 2136 4173 situm,
2172 4092 2598 4182 pauperibus
2622 4091 2776 4183 ejus
2800 4085 3180 4162 xenodochii

656 4176 955 4266 gratuita
1000 4176 1424 4269 benignitate
1474 4178 1765 4269 largitus
1813 4191 1936 4261 est,
1990 4180 2219 4250 sciens
2267 4180 2630 4271 scriptum,
2685 4202 2837 4251 eam
2887 4175 3178 4251 haeredi·

661 4275 865 4334 tatem
908 4266 1080 4334 bene
1112 4266 1415 4347 recondi,
1453 4288 1631 4353 quae
1673 4272 1804 4337 Deo
1836 4268 2120 4340 custode
2159 4282 2490 4339 servetur.

717 4481 743 4507 ⁸
771 4478 874 4520 Non
895 4480 1031 4529 longe
1052 4480 1109 4523 ab
1129 4478 1300 4531 oppido
1319 4483 1543 4528 Loncium,
1565 4480 1611 4525 in
1629 4481 1783 4527 Dioec.
1804 4482 2075 4527 Ebroicensi
2102 4484 2329 4537 (Em-eux).
