3308 5004
694 330 782 397 30
1209 345 1290 393 ιιιι
1336 343 1432 393 ss.
1485 341 1684 392 ramo
1729 342 1950 393 Arosr.
2003 344 2080 391 ιιι·
2127 341 2356 392 nora.
2404 342 2552 391 scut
2885 325 3072 393 Auo.
3124 326 3150 391 l

603 433 731 504 tibi
788 430 941 501 dari
990 430 1139 502 vis?
1190 432 1286 499 An
1348 449 1484 498 non
1548 428 1810 520 gratias
1865 441 2154 499 acturus
2199 449 2427 509 esseS‚
2480 428 2540 498 si
2590 448 2730 497 una
2777 450 2936 498 cum
2994 429 3162 502 filiis

604 522 853 592 viduae
900 518 1352 590 comederes?
1397 523 1494 587 Tu
1547 517 1649 588 vis
1702 539 1952 607 panem
2003 516 2390 592 comedere.
2441 530 2508 588 et
2552 516 2702 608 ejus
2752 517 2933 589 lilios
2977 518 3162 590 fame

605 610 892 683 necari?
938 608 1116 690 Scio,
1170 607 1398 695 inquit
1446 606 1654 687 Elias,
1698 629 1910 695 quam
1960 607 2245 698 copiosa
2291 606 2384 677 sit
2434 606 2704 677 Domini
2737 607 2871 677 mei
2907 607 3159 678 libera—

603 700 784 771 litas.
846 703 1029 769 Haec
1089 697 1231 767 ille.
1270 696 1492 767 Vidua
1525 717 1709 778 vero,
1765 717 1901 767 non
1951 696 2106 787 ejus
2137 717 2460 767 sermone
2496 695 2884 785 obstupuit,
2939 718 3165 785 neque

605 790 739 861 tale
768 787 1130 878 quippiam
1167 784 1552 856 absurdum
1603 784 1953 876 cogitavit,
2006 796 2129 855 aut
2177 785 2392 855 dixit:
2430 790 2531 854 Tu
2576 805 2676 865 es,
2726 786 2852 872 qui
2906 784 3162 857 famem

576 879 786 949 hanc
816 876 1139 958 intulisti,
1190 888 1258 946 et
1293 896 1373 944 ex
1412 872 1726 960 reliquiis
1779 872 2240 969 hujus-famis
2271 896 2312 944 a
2360 896 2471 944 me
2521 874 2773 943 nutriri
2806 874 3167 966 postulas?

601 972 745 1040 Non
787 964 994 1036 dixit:
1048 970 1214 1034 Tam
1268 985 1374 1032 ma
1435 984 1599 1031 nam·
1643 962 1834 1033 orbis
1875 978 2214 1034 terrarum
2262 977 2528 1054 partem
2578 975 3160 1056 praetergressus,

603 1056 687 1128 ad
742 1077 852 1126 me
902 1054 1175 1135 venisti,
1228 1065 1305 1122 ut
1355 1052 1400 1121 Ιι
1454 1072 1609 1121 eros
1667 1074 1856 1122 meos
1895 1051 2077 1123 fame
2142 1073 2671 1142 corrumperes,
2725 1053 2876 1143 ipse
2921 1066 3168 1123 auctor

602 1145 813 1216 famis
858 1142 1205 1214 existens?
1235 1139 1418 1211 Nihil
1470 1140 1603 1209 tale
1650 1140 1845 1222 dixit,
1899 1142 2015 1213 sed
2075 1142 2418 1212 Abraham
2457 1140 2655 1212 illum
2709 1141 2999 1221 imitata,
3054 1142 3168 1211 in-

604 1256 840 1338 gressa
865 1245 970 1303 est
996 1231 1313 1311 domum,
1348 1243 1415 1299 et
1463 1228 1624 1298 fecit
1670 1230 1852 1300 sicut
1899 1253 1940 1301 a
1993 1230 2330 1332 Propheta
2364 1230 2627 1301 dictum
2664 1229 2910 1300 fuerat.
2945 1231 3168 1315 Quin-

603 1344 821 1393 immo
867 1321 1114 1391 licebat
1141 1319 1367 1388 videre
1399 1318 1679 1387 viduam
1722 1318 1913 1389 illam
1958 1341 2181 1412 magis
2216 1341 2425 1407 quam
2480 1318 2864 1401 Abraham,
2920 1320 3166 1411 hospi—

607 1411 889 1483 talitatis
937 1420 1312 1480 amantem.
1358 1407 1484 1477 Ille
1513 1407 1698 1476 enim
1736 1430 1896 1478 cum
1946 1424 2126 1479 esset
2166 1408 2501 1500 locuples,
2533 1409 2827 1499 Angelos
2860 1410 3163 1501 hospitio

606 1499 913 1590 accepit:
950 1510 1021 1568 at
1053 1497 1221 1567 haec
1256 1510 1408 1588 post
1456 1494 1710 1566 famem
1757 1510 2045 1567 mortem
2087 1511 2482 1588 expectans,
2531 1497 2938 1587 Prophetam
2972 1520 3169 1569 acce-

656 1588 731 1658 it.
785 1592 1026 1675 Itaque
1074 1585 1305 1656 videre
1354 1585 1553 1656 licuit
1587 1599 1905 1656 naturam
1956 1601 2452 1677 contemptam,
2505 1599 2572 1658 et
2621 1586 3165 1678 hospitalitatem

606 1612 1042 1748 Bonoratam.
1096 1674 1371 1766 Licebat
1418 1673 1648 1744 videre
1715 1676 1868 1776 ejus
1929 1676 2192 1746 viscera
2246 1676 2571 1778 projecta,
2631 1689 2698 1746 et
2753 1676 3166 1767 Prophetam

605 1777 1039 1857 susceptum,
1077 1787 1237 1834 cum
1281 1764 1619 1855 integram
1673 1764 1975 1835 filiorum
2032 1764 2552 1835 multitudinem
2604 1765 2925 1854 sepulcro
2968 1788 3169 1836 man-

605 1855 817 1926 davit.
872 1860 1222 1938 Quantum
1270 1853 1455 1923 enim
1500 1852 1628 1922 suit
1678 1854 1747 1923 in
1821 1854 2069 1923 viduae
2122 1855 2500 1946 proposito,
2545 1875 2789 1924 omnes
2834 1856 2986 1946 ejus
3033 1854 3169 1923 filii

607 1944 863 2103 {nortui
905 1956 1091 2013 sunt.
1133 1941 1410 2013 Sed-*Dei
1462 1941 1887 2033 benignitate
1917 1942 2175 2014 factum
2220 1956 2344 2024 est,
2391 1957 2469 2013 ut
2502 1943 2805 2013 viverent
2851 1956 2919 2015 et
2965 1945 3167 2013 inco-

637 2054 833 2104 umes
880 2044 1132 2102 essent.

694 2124 732 2209 ξ
779 2127 921 2194 u.
973 2119 1214 2192 Nescio
1260 2131 1464 2199 certe,
1521 2120 1781 2205 quibus
1846 2122 2070 2190 verbis
2118 2120 2332 2211 hujus
2379 2120 2627 2190 viduae
2675 2121 2918 2193 laudes
2967 2143 3166 2191 com-

607 2210 1062 2369 prehendam,
1116 2208 1713 2297 quemadmodum
1786 2211 2084 2300 seipsam
2157 2224 2224 2279 et
2281 2210 2462 2281 filios
2524 2210 3039 2301 contempserit,
3092 2224 3163 2280 et

659 2298 1099 2389 ospitalitatis
1147 2297 1455 2369 studium
1509 2313 1744 2367 secuta
1794 2297 2033 2369 fuerit:
2085 2298 2681 2386 quemadmodum
2709 2301 2860 2390 ejus
2912 2313 3163 2369 natura

608 2409 744 2458 non
796 2388 1115 2468 tabuerit,
1158 2399 1225 2465 et
1258 2388 1519 2457 viscera
1551 2408 1687 2456 non
1724 2387 2063 2458 dissoluta
2113 2389 2274 2469 sint,
2316 2410 2476 2458 cum
2511 2387 2765 2458 videret
2813 2390 3160 2478 integram

605 2476 910 2548 filiorum
963 2475 1478 2547 multitudinem
1520 2476 1817 2565 jamjam
1867 2476 2050 2548 fame
2082 2478 2487 2568 perituram.
2524 2478 2654 2548 Sed
2686 2477 2806 2549 illa
2837 2477 3160 2548 animum

607 2589 854 2658 gerens
902 2567 1232 2638 omnibus
1281 2566 1392 2636 his
1439 2566 1645 2636 rebus
1679 2569 2135 2658 superiorem,
2170 2567 2435 2657 accepit
2477 2567 2880 2656 Prophetam
2922 2568 3163 2668 hospi-

609 2657 725 2728 tio.
762 2661 928 2727 Cum
964 2677 1123 2727 vero
1158 2655 1495 2746 Propheta
1524 2655 1675 2744 ipse
1708 2677 1955 2746 panem
1986 2657 2362 2746 accepisset
2385 2669 2450 2726 et
2489 2656 2924 2736 comedisset,
2958 2656 3159 2726 detn-

606 2767 771 2836 ceps
821 2744 1203 2834 mercedem
1254 2744 1596 2814 retribuit.
1634 2745 2139 2834 Hospitalitatis
2185 2759 2561 2816 sementem
2613 2744 2825 2814 vidua
2867 2745 3149 2835 sparsit,

607 2847 675 2903 et
719 2834 947 2904 statim
997 2835 1591 2919 florentem-atque
1620 2836 1973 2923 copiosam
2011 2834 2501 2925 hospitalitatis
2531 2855 2822 2904 messem
2850 2833 3153 2924 collegit.

610 2921 789 3005 Quid
837 2923 1022 2991 enim
1072 2921 1256 2992 Elias
1303 2921 1399 2990 ait
1447 2922 1743 2992 viduae?
1787 2923 1963 2992 Vivit
2016 2923 2382 2994 Dominus:
2426 2922 2680 3013 hydria
2718 2922 2982 2992 farinae
3014 2944 3154 2993 non

609 3009 905 3091 deficiet,
956 3023 1023 3079 et
1070 3010 1387 3101 lecythus
1433 3010 1566 3080 olei
1608 3033 1746 3081 non
1784 3011 2265 3083 imminuetur.
2314 3017 2517 3082 Facta
2562 3025 2665 3082 est
2714 3012 2962 3082 viduae
2994 3011 3160 3082 dex-

611 3110 753 3169 tera
802 3098 1125 3180 torcular,
1177 3111 1244 3169 et
1291 3099 1575 3169 sinistra
1622 3099 1802 3169 facta
1838 3113 1941 3171 est
1976 3123 2161 3183 area,
2214 3115 2279 3172 et
2340 3100 2530 3170 mani
2587 3101 2688 3170 uli
2725 3100 3030 3171 fructum
3081 3102 3155 3171 in

611 3187 759 3278 ipsa
801 3187 1201 3258 necessitate
1244 3187 1633 3269 reddenteS,
1672 3212 1752 3258 ac
1798 3201 2073 3280 propter
2120 3190 2495 3280 Prophetae
2577 3189 2711 3261 icta
2746 3190 3020 3260 viduam
3072 3190 3159 3259 il-

612 3276 748 3346 lam
801 3275 1203 3346 nutrientes».
1257 3276 1585 3347 Torcular
1634 3290 1698 3348 et
1732 3300 1893 3349 area
1938 3279 2175 3349 effecta
2230 3293 2334 3349 est
2379 3279 2632 3349 domus
2678 3278 2951 3350 viduae.
3007 3283 3157 3350 Non

610 3365 857 3448 imber,
909 3387 1045 3435 non
1083 3363 1341 3456 pluvia,
1381 3387 1517 3435 non
1565 3388 1706 3449 ver,
1755 3389 1889 3437 non
1926 3377 2335 3451 a'utumnuS,
2378 3390 2512 3438 non
2563 3380 2812 3449 aestaS,
2857 3389 2993 3438 non
3037 3389 3158 3437 ae-

611 3466 784 3536 stuS,
841 3476 977 3525 non
1018 3466 1376 3524 ventorum
1411 3455 1535 3537 vis»,
1589 3478 1726 3526 non
1780 3470 2166 3547 temporum
2205 3458 2646 3537 mutationes,
2692 3456 2809 3526 sed
2864 3455 3153 3526 verbum

609 3564 829 3614 unum
862 3564 944 3613 ex
991 3542 1181 3613 illius
1208 3544 1586 3634 Prophetae
1618 3545 1956 3616 sententia
2004 3545 2377 3637 prolatum,
2412 3545 2885 3617 abundantem
2915 3567 3155 3616 rerum

608 3632 880 3723 copiam
931 3631 1176 3717 viduae
1209 3633 1678 3723 suppeditavit
1720 3633 1780 3702 ¹⁵.
2769 3681 2772 3684 -

780 3726 925 3795 15.
978 3725 1136 3792 Post
1180 3721 1349 3792 haec
1376 3723 1486 3813 (ut
1506 3722 1886 3793 orationem
1914 3722 2313 3814 concidam)
2338 3724 2510 3794 abiit
2538 3722 2733 3793 illinc
2772 3723 2860 3793 ad
2897 3728 3155 3814 Regem

606 3813 697 3881 Ac
751 3810 860 3881 ab.
907 3811 1142 3881 Dicam
1184 3810 1331 3898 ,iam
1386 3833 1572 3881 nunc
1618 3813 1771 3902 ejus
1821 3827 1999 3883 recte
2038 3812 2239 3895 facta,
2291 3825 2372 3885 ut
2406 3835 2568 3884 cum
2602 3824 3001 3903 peccantem
3050 3812 3158 3880 vi-

608 3899 820 3982 deriS,
867 3898 1099 3978 discas
1141 3921 1225 3970 ex
1274 3900 1390 3969 Dei
1437 3900 1660 3992 gratia
1708 3902 1890 3972 bona
1920 3902 2159 3972 omnia
2200 3901 2573 3993 proficisci.
2636 3900 2762 3971 Sed
2811 3900 3154 3988 quidnam

608 3988 795 4059 Eliae
840 3988 1012 4059 dixit
1071 3988 1346 4060 Achab?
1390 3994 1512 4068 Tu,
1581 3991 1831 4076 inquit,
1890 4013 1987 4072 es,
2047 3991 2170 4078 qui
2221 3991 2549 4081 pervertis
2608 3990 2974 4060 Israelem:
3028 3989 3155 4058 Cui

607 4076 796 4147 Elias
842 4078 1239 4169 respondit:
1289 4083 1434 4150 Non
1471 4101 1593 4170 eqo
1634 4080 1707 4148 id
1741 4081 1944 4168 facio,
1979 4081 2098 4151 sed
2129 4090 2226 4163 tu,
2257 4091 2322 4150 et
2352 4081 2587 4150 domus
2615 4083 2836 4170 patris
2866 4080 2991 4149 tui.
3044 4078 3158 4147 Vi-

605 4164 773 4237 disti
819 4166 1108 4237 liberam
1157 4167 1535 4258 Prophetae
1572 4169 1978 4251 orationem,
2005 4168 2597 4256 quemadmodum
2634 4173 2887 4259 Regem
2918 4169 3153 4257 ipsum

608 4254 1015 4346 redarguit?
1060 4260 1219 4327 Post
1242 4257 1415 4327 haec
1440 4279 1603 4327 cum
1644 4257 1909 4328 sederet
1937 4258 2009 4328 in
2052 4271 2308 4340 monte,
2346 4257 2533 4327 venit
2553 4257 2638 4327 ad
2678 4257 2911 4347 ipsum
2942 4256 3161 4340 Quin-

607 4345 1102 4436 quagenariuS,
1134 4359 1207 4417 et
1242 4345 1370 4417 ait:
1422 4350 1642 4417 Homo
1690 4348 1833 4435 Dei,
1884 4347 2248 4429 descende,
2301 4348 2470 4435 quia
2502 4351 2641 4418 Rex
2671 4357 2735 4417 te
2768 4357 2984 4416 vocat.
3031 4344 3158 4416 Cui

662 4472 690 4502 *
719 4473 975 4524 nucu-que
994 4482 1024 4516 a
1041 4472 1063 4526 ς
1082 4473 1121 4523 ο.
1140 4483 1197 4517 ex
1216 4475 1274 4525 sq
1287 4474 1401 4527 neg.
1418 4475 1526 4526 cap.
1546 4484 1662 4518 xvu.
1679 4472 1801 4519 Hinc
1828 4486 1916 4527 pro
1944 4484 2076 4527 seqq.
2094 4475 2291 4518 consule
2308 4475 2475 4526 capito
2493 4483 2615 4518 xvttt
2631 4472 2683 4516 et
2696 4482 2789 4516 xxx.
