3308 5004
133 355 319 423 AUG.
366 357 457 422 28
703 375 785 423 m:
828 373 889 422 s.
940 374 1299 425 Aneusnno
1344 374 1542 424 muso.
1580 374 1659 423 rr
1702 374 1877 425 πει.
1927 376 2106 427 noer.
2454 361 2581 429 677

132 460 400 529 civitate
445 458 918 550 Thagastensi,
969 458 1056 529 de
1122 481 1411 530 numero
1447 459 1859 542 curialium,
1905 463 2306 552 parentibus
2362 463 2671 535 honestis

130 560 195 619 et
223 547 631 619 Christianis
679 549 1079 639 progenitus
1124 561 1292 630 erat,
1349 549 1695 635 alitusque
1741 571 1826 618 ac
1870 550 2173 620 nutritus
2220 574 2456 622 eorum
2504 555 2672 637 eura

131 661 209 708 ao
256 635 616 727 diligentia
650 637 1145 728 impensisque,
1183 636 1615 707 secularibus
1664 636 1879 708 literis
1923 638 2242 709 eruditus
2303 643 2622 730 apprime
2649 699 2665 722 ,

130 726 455 798 omnibus
479 724 795 818 videlicet
841 724 1600 817 disciplinis‘imbutuS,
1634 748 1811 814 quas
1847 726 2162 797 liberales
2201 742 2466 801 vocant.
2502 735 2669 802 Nam

131 830 194 886 et
239 814 769 886 Grammaticam
815 815 1008 905 prius
1058 815 1126 884 in
1169 837 1297 886 sua
1336 815 1627 895 civitate,
1684 828 1751 885 et
1798 815 2230 886 Rhetoricam
2280 817 2351 886 in
2413 818 2673 890 Africae

134 905 352 995 eapite
400 903 807 993 Carthagine
843 915 1075 995 postea
1119 903 1375 974 docuit.
1417 904 1870 992 consequenti
1904 905 2107 975 etiam
2147 918 2451 997 tempore
2483 921 2672 980 trans

134 1015 318 1063 mare
365 993 433 1061 in
478 992 648 1062 urbe
696 998 951 1073 Roma,
1003 1003 1070 1062 et
1124 993 1307 1084 apud
1362 991 1819 1063 Mediolanum
1853 1048 1869 1076 ,
1923 994 2045 1064 ubi
2112 1005 2278 1063 tunc
2344 997 2672 1087 temporis

132 1082 576 1173 Imperatoris
624 1080 1082 1151 Valentiniani
1121 1081 1409 1152 minoris
1440 1082 1810 1152 comitatus
1847 1081 2070 1153 fuerat
2101 1084 2540 1156 constitutus.
2592 1090 2669 1154 In

129 1193 268 1259 qua
324 1170 499 1240 urbe
548 1181 715 1240 tunc
760 1170 1244 1261 Episcopatum
1296 1170 1868 1253 administrabat,
1921 1172 2445 1261 acceptissimus
2496 1179 2666 1256 Deo,

126 1273 189 1330 et
239 1260 311 1329 in
349 1259 629 1349 optimis
661 1258 825 1327 viris
876 1257 1472 1349 praeclarissimus
1519 1260 1840 1330 sacerdos
1886 1259 2181 1330 eximius
2239 1262 2665 1331 Ambrosius

126 1349 353 1440 Hujus
385 1349 638 1417 interea
681 1348 870 1417 verbi
938 1347 1049 1416 Dei
1100 1345 1589 1438 praedicatoris
1636 1348 2218 1436 frequentissimis
2265 1349 2336 1418 in
2381 1349 2673 1421 ecclesia

127 1436 719 1526 disputationibus
777 1435 1061 1508 adstans
1108 1438 1177 1505 in
1231 1436 1508 1527 populO,
1590 1437 1986 1508 intendebat
2034 1460 2420 1528 suspensus
2468 1452 2672 1527 atque

128 1526 401 1596 affixus.
447 1530 692 1595 Verum
726 1524 1103 1613 aliquando
1134 1525 1691 1596 Manichaeorum
1763 1526 1946 1617 apud
1988 1527 2467 1629 Carthaginem
2508 1528 2673 1599 ado-

129 1615 395 1686 lescens
424 1613 646 1685 fuerat
676 1635 907 1685 errore
951 1613 1304 1684 seductus:
1355 1626 1420 1684 et
1452 1614 1604 1685 ideo
1633 1616 1919 1710 caeteris
1959 1637 2362 1706 suspensior
2406 1614 2667 1698 aderat,

89 1727 214 1774 ·ne
244 1703 411 1793 quid
464 1702 564 1773 vel
600 1725 722 1804 pro
772 1704 945 1795 ipsa,
990 1702 1093 1772 vel
1144 1715 1380 1774 contra
1441 1703 1662 1794 ipsam
1717 1704 2054 1775 haeresim
2113 1705 2479 1790 diceretur.
2542 1706 2670 1775 Sed

129 1792 445 1885 provenit
505 1797 617 1861 Dei
668 1792 1053 1862 liberatoris
1104 1790 1511 1874 clementia,
1583 1792 1694 1863 sui
1760 1793 2134 1864 sacerdotis
2181 1793 2519 1864 Ambrosii
2554 1816 2674 1864 cor

129 1880 635 1978 pertractanti&
671 1892 1013 1952 utcontra
1052 1879 1250 1951 illum
1285 1902 1583 1951 errorem
1623 1881 2005 1952 incidentes
2041 1880 2211 1972 legis
2245 1882 2675 1952 solverentur

184 1969 593 2051 uaestiones,
651 1983 856 2058 atque
905 1971 999 2040 ita
1032 1968 1314 2040 edoctus
1370 1969 1625 2041 sensim
1685 1984 1891 2059 atque
1953 1971 2314 2062 paulatim,
2370 1971 2673 2041 haeresis

133 2058 153 2127 i
190 2059 255 2128 la
287 2058 721 2128 miseratione
753 2058 987 2127 divina
1020 2059 1174 2146 ejus
1203 2081 1282 2129 ex
1328 2059 1562 2128 animo
1603 2058 1807 2149 pulsa
1839 2072 1962 2131 est.
2017 2061 2474 2147 Protinusque
2527 2061 2675 2149 ipse

132 2148 204 2216 in
254 2147 388 2217 fide
420 2146 754 2217 catholica
796 2147 1245 2218 confirmatus
1291 2161 1426 2228 est,
1483 2148 1893 2239 proficiendi
1942 2149 2012 2218 in
2066 2148 2396 2238 religione
2450 2148 2672 2218 eidem

137 2237 393 2306 amoris
425 2236 628 2307 ardor
663 2248 894 2307 tantus
924 2236 1207 2305 innatus
1238 2248 1474 2317 est,·ut
1536 2236 2463 2326 propinquantibus'diebus
2514 2258 2676 2306 san-

133 2324 262 2395 ctis
297 2325 593 2395 Paschae
628 2324 871 2395 salutis
895 2343 1167 2412 (aquam
1205 2325 1603 2414 perciperet.
1643 2330 1722 2394 Et
1766 2325 2180 2408 factumest,
2216 2326 2448 2394 divina
2484 2347 2677 2414 prae-

131 2426 350 2485 stante
422 2414 914 2505 opitulatione,
992 2426 1069 2484 ut
1117 2434 1237 2505 per
1286 2413 1479 2482 illum
1535 2413 1737 2483 talem
1818 2435 1898 2483 ac
1965 2426 2229 2482 tantum
2301 2413 2675 2482 antistitem

132 2504 598 2585 Ambrosium,
653 2515 719 2573 et
765 2504 1149 2573 doctrinam
1202 2501 1572 2573 salutarem
1627 2501 1971 2573 Ecclesiae
2008 2500 2409 2584 catholicae,
2461 2515 2527 2573 et
2572 2501 2678 2572 di—

123 2593 285 2662 vina
333 2593 760 2683 Augustinus
812 2593 1188 2683 perciperet
1218 2602 1672 2661 sacramenta.
1817 2606 1826 2619 ·

216 2684 255 2769 §
306 2687 395 2752 ὓ.
452 2688 737 2768 Moxque
783 2703 862 2750 ex
910 2681 1178 2750 intimis
1224 2679 1453 2750 cordis
1504 2677 1832 2749 medullis
1880 2678 1963 2750 ad
2017 2683 2225 2749 Deum
2277 2701 2672 2760 conversus,

130 2791 327 2859 spem
399 2792 722 2845 omnem.
775 2792 985 2857 quam
1035 2769 1333 2839 habebat
1399 2768 1467 2835 in
1520 2766 1799 2850 seculo,
1869 2767 2279 2855 dereliquit,
2323 2768 2469 2857 jam
2538 2789 2677 2837 non

120 2878 433 2937 uxorem,
481 2878 613 2927 non
649 2857 829 2930 filios
868 2858 1123 2938 carnis,
1172 2878 1307 2925 non
1359 2854 1658 2936 divitiaS,
1696 2878 1830 2925 non
1883 2855 2177 2926 honores
2224 2855 2436 2926 seculi
2468 2879 2678 2944 quae-

127 2968 333 3015 rens:
388 2945 504 3015 sed
555 2946 684 3015 soli
737 2952 866 3016 Deo
913 2968 1070 3017 cum
1109 2946 1255 3015 suis
1304 2945 1558 3015 servire
1597 2944 1859 3023 statuit,
1900 2944 1967 3013 in
2013 2944 2130 3014 illo
2154 2957 2219 3015 et
2265 2968 2344 3014 ex
2378 2943 2498 3015 illo
2550 2967 2673 3035 pu-

124 3033 287 3103 sillo
320 3056 524 3124 grege
571 3057 719 3106 esse
767 3036 1076 3115 studenS,
1129 3056 1334 3121 quem
1390 3034 1722 3104 Dominus
1761 3032 2160 3121 alloquitur,
2205 3033 2492 3103 diceus:
2547 3039 2678 3106 Νο-

124 3127 249 3193 lite
298 3125 531 3192 timere
573 3125 871 3215 pusillus
956 3146 1112 3193 rem:
1177 3124 1495 3213 quoniam
1544 3124 1950 3213 complacuit
2010 3124 2206 3193 Patri
2245 3133 2462 3192 vestro
2514 3124 2679 3193 dare

118 3214 307 3282 vobis
363 3235 676 3303 regnum.-
764 3217 891 3281 Ven
942 3216 1030 3281 ite
1098 3234 1274 3302 quae
1308 3212 1713 3301 possidetis,
1793 3221 1856 3280 ec
1903 3212 2059 3281 date
2132 3215 2619 3302 eleemosynam
2657 3236 2677 3277 .-

122 3303 360 3371 Facite
390 3303 571 3370 vobis
596 3305 896 3372 sacculos
916 3302 1188 3393 quinon
1219 3311 1662 3380 veterascunt,
1702 3299 2094 3370 thesaurum
2117 3324 2249 3371 non
2269 3301 2679 3390 deficientem
2715 3298 2724 3305 ’

123 3392 196 3461 in
233 3391 462 3459 coelia.
504 3394 579 3458 Et
628 3389 827 3469 illud,
872 3388 1055 3477 quod
1109 3389 1349 3459 iterum
1401 3388 1568 3458 dicit
1617 3388 1973 3469 DominuS,
2013 3388 2192 3458 idem
2248 3388 2350 3457 vir
2396 3404 2679 3460 sanctus

125 3477 353 3548 facere
399 3479 730 3568 cupiens:
783 3480 863 3548 Si
902 3480 1004 3547 vis
1040 3501 1169 3581 per
1202 3488 1384 3547 ectus
1416 3501 1554 3547 esse
1594 3478 1804 3547 vende
1841 3480 2070 3548 omnia
2098 3500 2274 3569 quae
2330 3477 2553 3559 habes,
2616 3488 2680 3548 et

122 3569 213 3637 da
248 3568 688 3659 pauper-ibuit,
723 3576 785 3636 el
819 3567 1089 3636 habebis
1126 3578 1149 3636 t
1202 3589 1519 3637 esau-rum
1551 3567 1620 3635 in
1660 3568 1883 3647 coelz'S,
1932 3577 1995 3635 et
2032 3568 2206 3646 veni,
2240 3589 2515 3657 sequere
2541 3590 2674 3635 me:

124 3660 201 3725 Et
236 3678 450 3747 super
497 3655 656 3725 fidei
740 3653 1274 3726 fundamentum
1326 3655 1692 3725 aedificare
1739 3654 2165 3738 desiderans,
2231 3676 2369 3724 non
2425 3654 2615 3744 ligna
2647 3707 2669 3733 ‚

123 3743 431 3827 foenum,
486 3742 842 3834 stipulam,
888 3744 1006 3814 sed
1041 3767 1317 3826 aurum,
1363 3756 1725 3836 argentum
1776 3758 1840 3813 et
1891 3743 2158 3834 ¹lapides
2209 3743 2560 3833 pretiosos.
2604 3747 2678 3812 Et

125 3846 267 3905 erat
322 3848 484 3904 tunc
552 3834 755 3902 annis
808 3833 1025 3924 major
1084 3834 1390 3925 triginta,
1445 3832 1590 3903 sola
1652 3834 2023 3923 superstite
2079 3845 2334 3912 matre,
2390 3832 2677 3900 nomine

131 3922 415 4004 Monica,
472 3922 741 4009 sibique
787 3922 1222 4002 adhaerente,
1279 3935 1344 3993 et
1390 3921 1476 3991 de
1534 3933 1853 4011 suscepto
1923 3923 2073 4012 ejus
2137 3920 2483 4012 proposito
2534 3942 2678 3988 ser-

129 4009 352 4079 viendi
408 4017 559 4093 Deo,
612 4009 914 4100 amplius
1009 4033 1166 4080 uam
1209 4011 1295 4080 de
1340 4010 1572 4081 carnis
1623 4010 2028 4099 nepotibus,
2092 4008 2460 4080 exultante.
2502 4013 2673 4078 Nam

129 4097 279 4186 ejus
321 4113 530 4189 pater,
600 4099 918 4170 Patritius
1018 4102 1242 4182 ictus,
1310 4111 1506 4169 antea
1555 4099 1924 4169 defunctus
1983 4111 2154 4168 erat.
2220 4097 2679 4168 Renunciavit

128 4185 331 4255 etiam
380 4188 833 4269 scholasticis,
885 4210 1060 4276 quos
1099 4188 1526 4258 Rhetorieem
1581 4187 1907 4268 docebat,
1964 4199 2038 4257 ut
2086 4187 2218 4257 sibi
2263 4186 2677 4278 magistrum

130 4272 343 4345 alium
399 4277 851 4367 providerent,
905 4299 984 4347 eo
1010 4276 1192 4366 quod
1245 4278 1497 4346 servire
1534 4281 1663 4346 Deo
1700 4277 1847 4367 ipse
1879 4276 2316 4355 decrevisset.

220 4365 260 4452 ξ
303 4370 393 4437 8.
442 4371 532 4436 Ae
561 4365 819 4456 placuit
849 4366 937 4449 ei,
992 4376 1308 4457 percepta
1343 4365 1671 4455 baptismi
1718 4365 1962 4455 gratia,
1992 4387 2153 4441 cum
2206 4363 2363 4434 aliis
2410 4363 2678 4435 civibus

128 4464 196 4522 et
242 4456 483 4525 amicis
531 4455 700 4537 suiS,
755 4461 886 4525 Deo
920 4455 1176 4547 pariter
1223 4453 1704 4536 servientibuS,
1750 4453 1834 4523 ad
1869 4453 2159 4524 Africam
2212 4466 2278 4523 et
2321 4453 2672 4544 propriam
