3308 5004
282 348 469 415 AUG.
525 349 609 414 30
1093 370 1173 415 na
1221 369 1277 416 s.
1330 368 1583 418 amcino
1632 368 2033 418 conrtssonz
2622 354 2750 419 747

281 450 644 521 hominum
685 450 800 520 lon
858 450 1123 520 itudine
1151 438 1523 542 profunda,
1579 475 1651 523 se
1684 453 2085 524 calcabilem
2124 454 2304 545 patri
2325 453 2678 612 (praebuit,
2715 455 2837 543 qui

278 538 461 610 filios
507 538 783 609 dextera
858 543 1159 628 aevaque
1205 541 1573 630 arripiens,
1626 542 1779 613 sine
1826 541 2234 613 difficultate
2281 565 2322 612 a
2433 556 2682 613 terram
2735 565 2843 613 re·

281 627 501 710 duxit,
540 640 857 698 sanctum
890 650 1208 699 asserens
1248 629 1382 700 sibi
1431 630 1714 702 affuisse
1760 631 2131 701 Fiacrium.
2192 630 2384 714 Quod
2420 645 2499 702 ut
2547 631 2841 703 manife-

276 717 451 788 stius
501 729 782 807 pateret,
848 718 1030 788 sicut
1075 717 1161 788 de
1210 718 1540 809 pericuiQ
1594 720 1691 789 ita
1738 718 1822 789 de
1889 720 2169 801 morbo,
2235 742 2398 807 qu0,
2450 734 2529 791 ut
2575 721 2839 791 dictum

275 817 399 886 est,
437 804 564 875 diu
613 806 808 897 prius
842 806 1343 891 laboraverant,
1398 808 1465 876 in
1513 808 1666 899 ipso
1715 807 2006 878 articulo
2048 808 2318 878 liberati
2369 822 2553 879 sunt.

363 896 400 982 ἕ
448 901 544 966 6.
597 900 907 978 Quatuor
957 896 1149 986 pueri
1192 895 1595 967 balneantes
1644 919 1741 979 se,
1789 896 1978 989 apud
2042 897 2443 967 Noviomum
2494 897 2839 989 (Noyon)

276 982 345 1052 in
377 984 638 1053 flumen
678 988 867 1054 Isara
893 984 1106 1076 (Oise)
1145 985 1447 1068 nomine,
1489 985 1768 1058 fortuito
1803 986 2175 1068 submersi,
2210 998 2276 1056 et
2305 1008 2345 1055 a
2378 986 2842 1077 piscatoribus

275 1095 318 1142 a
365 1086 553 1144 sexta
600 1073 770 1143 hora
800 1096 1022 1163 usque
1054 1072 1139 1143 ad
1174 1073 1340 1144 solis
1378 1078 1717 1147 occasum'
1739 1074 2034 1163 quaesiti
2069 1096 2193 1144 nec
2224 1075 2506 1145 inventi:
2552 1075 2831 1145 tandem

275 1185 315 1231 a
354 1162 572 1231 mati-'e
620 1161 922 1232 duorum
987 1162 1293 1242 illorum.
1347 1185 1525 1251 quos
1572 1177 1863 1234 sanctus
1911 1164 2220 1233 Fiacrius
2268 1186 2309 1233 a
2357 1163 2839 1234 submersione

274 1261 340 1321 et
376 1250 615 1321 morbo
669 1251 932 1341 pridem
987 1251 1415 1335 liberaverat,
1470 1253 1829 1323 invocatus
1873 1265 2012 1335 est,
2063 1265 2130 1322 et
2176 1252 2264 1322 ab
2304 1274 2380 1321 ea
2431 1252 2833 1342 adjuratuS,

276 1352 351 1409 ut
379 1338 593 1409 simili
622 1339 797 1409 facto
844 1339 1230 1410 ostenderet
1268 1354 1609 1429 quantum
1640 1353 1867 1431 posset
1915 1341 2100 1431 apud
2139 1346 2379 1411 Deum.
2419 1346 2576 1412 Post
2614 1342 2841 1431 ipsius

280 1427 592 1499 mulieris
640 1430 1018 1499 orationem
1051 1484 1068 1512 ,
1130 1430 1361 1499 statim
1415 1430 1610 1521 pueri
1677 1442 2108 1501 emerserunt
2155 1431 2482 1499 viventes:
2536 1430 2842 1500 dicentes

277 1538 349 1586 se
375 1538 415 1586 a
446 1530 745 1605 quatuor
771 1518 1232 1589 daemonibus
1268 1518 1485 1589 fuisse
1520 1519 1788 1610 ligatos,
1825 1519 1943 1589 sed
1985 1541 2108 1609 per
2141 1531 2460 1589 sanctum
2494 1519 2838 1589 Fiacrium

278 1627 464 1675 nunc
515 1601 796 1678 solutos,
850 1606 1148 1690 Quidam
1198 1607 1284 1678 de
1346 1607 1686 1677 territorio
1736 1607 2181 1677 Ambianensi
2228 1607 2583 1699 (Amicus),
2642 1607 2841 1698 poly-

275 1717 447 1853 ssum
494 1697 696 1782 quasi
743 1718 949 1767 ovum
1000 1718 1212 1788 super
1262 1718 1508 1766 nasum
1547 1696 1837 1777 habens,
1890 1709 1966 1766 ut
2015 1718 2219 1767 anser
2256 1696 2572 1779 sibilanS‚
2612 1696 2843 1766 omni-

328 1806 547 1872 usque
597 1798 985 1855 monstrum
1048 1806 1433 1876 apparens,
1489 1785 1577 1855 ad
1642 1785 1874 1856 Sancti
1912 1786 2042 1855 Dei
2113 1785 2605 1855 monasterium
2673 1806 2842 1856 oon-

282 1872 529 1975 fluens,
570 1873 804 1962 ibique
850 1895 1080 1956 oranS,
1136 1873 1590 1963 obdormivit[:
1638 1896 1719 1944 ao
1767 1874 1999 1945 statim
2050 1897 2347 1965 surgens
2395 1886 2715 1944 sanatum
2768 1895 2843 1944 se

281 1975 563 2032 invenit.

372 2052 408 2139 ξ
453 2056 532 2123 ¹2.
587 2055 854 2142 Septem
894 2052 1239 2143 peregrini
1270 2051 1356 2122 de
1396 2058 1462 2123 S.
1520 2052 1846 2144 Dionysio
1871 2053 2241 2134 venientes,
2277 2076 2438 2122 cum
2468 2042 2602 2120 hon
2637 2049 2844 2141 longe

290 2154 518 2210 essent
550 2163 591 2210 a
640 2141 1053 2210 monasterio
1104 2145 1168 2211 S.
1223 2142 1493 2224 Fiacrii‚
1533 2141 1858 2213 dixerunt
1896 2155 2194 2229 quatuor
2236 2141 2529 2211 exiliis:
2586 2145 2840 2210 Eamus

287 2227 371 2298 ad
425 2240 738 2299 sanctum
807 2229 1180 2299 Fiacrium.
1258 2230 1526 2318 Reliqui
1584 2253 1743 2301 vero
1793 2243 1929 2300 tres
1991 2230 2353 2301 dixerunt:
2415 2234 2547 2298 Nos
2598 2228 2844 2298 viscosi

291 2338 426 2387 non
468 2339 736 2400 sumus,
797 2338 935 2387 non
977 2318 1317 2390 habemus
1380 2340 1660 2390 necesse
1709 2320 1808 2389 ire
1866 2318 1950 2388 ad
2002 2341 2188 2399 eum,
2241 2319 2390 2408 ipse
2439 2338 2572 2386 non
2640 2316 2846 2386 habet

287 2406 687 2498 peregrinos
717 2406 852 2476 nisi
893 2407 1219 2479 viscosos.
1252 2413 1558 2492 Quatuor
1588 2420 1819 2478 tamen
1847 2407 1931 2477 ad
1970 2412 2297 2477 Sanctum
2335 2404 2839 2488 incedentibuS‚

286 2508 420 2566 tres
477 2496 808 2587 praedicti
866 2519 982 2567 eos
1032 2496 1396 2568 irridentes
1470 2498 1750 2588 saepius
1816 2496 2248 2566 clamabant:
2303 2499 2399 2566 Ite
2448 2494 2695 2565 viscosi
2756 2494 2843 2596 ad

284 2584 630 2656 medicum
664 2585 1118 2658 viscosorum.
1170 2591 1301 2656 Nec
1333 2607 1562 2656 mora:
1599 2586 1788 2656 caeci
1820 2584 1979 2655 facti
2021 2598 2206 2666 sunt,
2239 2596 2304 2655 et
2333 2584 2591 2675 apertis
2616 2583 2842 2654 oculis

287 2673 462 2744 nihil
514 2674 857 2744 videbant.
916 2676 1343 2746 Poenitentes
1382 2675 1597 2766 igitur
1619 2673 2016 2746 clamabant
2062 2687 2213 2763 post
2244 2686 2540 2762 quatuor
2589 2673 2837 2755 sociOS,

282 2762 398 2847 qui
459 2762 544 2831 ad
596 2767 920 2833 Sanctum
983 2764 1095 2835 Dei
1153 2786 1274 2854 pro
1326 2765 1636 2834 arabant.
1688 2768 1766 2833 At
1814 2763 1916 2832 illi
1975 2776 2296 2855 putantes
2343 2785 2459 2833 eos
2507 2774 2584 2831 ut
2648 2761 2843 2850 prius

288 2849 599 2934 irridere,
654 2851 827 2942 ipsis
873 2874 1008 2922 non
1065 2854 1250 2922 inten
1308 2865 1535 2923 erunt.
1603 2852 1907 2923 Tandem
1962 2853 2230 2923 visitato
2286 2861 2522 2921 sancto
2571 2850 2836 2920 Fiacrio

283 2939 560 3020 reversi,
618 2940 1003 3030 praedictos
1045 2952 1179 3011 tres
1212 2942 1436 3011 socios
1485 2963 1649 3013 suos
1690 2941 2102 3010 invenerunt
2137 2963 2399 3020 caecOS,
2434 2960 2664 3008 errare
2761 2960 2835 3008 er

284 3048 508 3115 agros,
553 3032 1052 3118 cognoscentes
1101 3050 1258 3099 vero
1306 3029 1616 3131 eulpam,
1669 3051 1786 3100 eos
1821 3030 1903 3098 ad
1948 3042 2264 3100 sanctum
2318 3028 2657 3098 Fiacrium
2755 3049 2838 3095 u-

283 3128 575 3199 xerunt,
626 3131 692 3187 et
736 3140 894 3188 cum
973 3116 1146 3208 ipsis
1224 3122 1454 3188 Sancti
1532 3119 2077 3188 misericordiam
2128 3117 2605 3209 implorantes,
2659 3116 2843 3186 obti-

283 3217 584 3275 nuerunt
615 3207 715 3278 eis
764 3206 986 3275 visum
1052 3206 1341 3277 restitui.
1396 3213 1611 3277 Tanta
1667 3220 1893 3277 autem
1936 3206 2268 3295 quotidie,
2330 3205 2594 3275 meritis
2658 3205 2842 3274 beati

284 3292 699 3365 Confessoris
750 3306 1231 3386 perpetrantur
1262 3296 1333 3366 in
1377 3295 1668 3366 diversis
1730 3297 2040 3386 partibus
2084 3294 2447 3376 miracula,
2512 3293 2698 3382 quod
2758 3293 2842 3364 de

285 3381 582 3475 singulis
630 3405 766 3454 non
817 3395 919 3453 est
966 3396 1237 3456 nostrae
1285 3384 1763 3477 possibilitatis
1812 3386 2136 3456 scribere.
