3308 5004
694 322 823 387 586
1267 339 1346 387 mt
1393 339 1450 386 s.
1503 334 1805 386 annosae
1850 337 2048 387 ausc.
2099 335 2467 387 amnone.
2826 319 3030 386 Ave.
3081 321 3172 388 22

534 421 541 432 '
603 425 857 515 putari.
913 427 1060 492 Mox
1103 443 1289 513 ergo,
1337 435 1410 493 ut
1442 425 1816 513 pubescere
1848 437 2247 514 coeperunt,
2289 423 2593 514 primum
2624 420 2919 494 Clotario
2960 424 3171 514 Regi,

606 513 856 583 deinde
903 512 1280 603 Dagoberto
1321 512 1388 581 in
1440 513 1713 582 cunctis
1762 513 2020 582 inventi
2069 525 2234 583 sunt
2272 511 2677 613 gratissimi.
2732 511 2863 582 Sed
2913 511 3031 582 illi
3079 514 3178 582 ad

606 601 924 674 coelestia
975 600 1326 671 tendentes
1355 654 1376 682 ‚
1434 601 1612 671 inter
1661 601 1981 691 pestifera
2045 600 2294 671 mundi
2341 601 2553 691 hujus
2601 600 2876 690 negotia
2909 656 2930 681 ,
3004 601 3180 671 reli·

605 692 797 783 giosa
844 701 1117 780 semper
1182 690 1544 760 hominum
1576 704 1991 761 ⁴sanctorum
2055 691 2399 761 consortia
2463 690 2834 761 amabant:
2887 701 2956 760 et
3004 689 3180 761 licet

605 780 847 851 ordine
895 780 1186 861 diverso,
1225 790 1295 849 at
1327 779 1644 871 singulos
1678 793 1904 850 tamen
1943 779 2480 869 promissionum
2531 789 2636 849 est
2678 778 2967 851 effectus
2999 801 3182 849 con·

607 882 911 940 secutus,
1803 888 1830 909 ·

694 965 733 1039 ἓ
781 963 872 1030 8.
926 962 1235 1046 Namque
1286 957 1791 1048 primogenitus
1845 957 2010 1039 Ado,
2062 969 2315 1028 cuncta
2362 956 2611 1027 mundi
2657 956 2873 1027 hu‘us
2918 957 3177 1027 obsta-

603 1047 761 1118 cula
809 1062 1280 1127 contemnens,
1316 1048 1765 1137 semetipsum
1798 1047 2178 1137 abnegans,
2216 1060 2281 1116 et
2333 1045 2632 1137 propriis
2682 1067 2762 1115 vo
2795 1046 3182 1117 untatibus

605 1137 1026 1206 renuncians
1055 1188 1074 1216 ,
1130 1157 1211 1212 ex
1262 1135 1374 1207 Dei
1436 1134 1772 1206 beneficio
1833 1136 1903 1205 in
1953 1136 2200 1206 castris
2263 1135 2471 1225 Regis
2515 1135 2776 1205 aeterni
2823 1148 3180 1225 perpetuo

606 1225 905 1295 militare
928 1223 1157 1316 elegit:
1195 1223 1787 1312 monasticamque
1815 1237 2147 1315 appetens
2181 1224 2414 1303 vitam,
2454 1222 2872 1293 mortiferam
2907 1225 3178 1295 mundi

604 1313 818 1404 hujus
834 1313 1119 1383 calcavit
1139 1312 1855 1414 dutcedinemJtaque
1875 1313 2364 1383 monasterium
2386 1311 3150 1402 Lodariense(J0uarre

603 1403 691 1472 ad
734 1407 1079 1473 Matronae
1104 1403 1395 1472 fluvium
1440 1402 1791 1492 praeclare
1822 1402 2132 1473 condidit
2155 1402 2224 1471 in
2263 1402 2544 1494 proprio
2580 1400 2752 1482 solo,
2795 1401 2863 1470 in
2897 1423 3050 1488 quo
3075 1425 3127 1472 a

607 1491 1108 1582 praescriptum
1152 1490 1432 1581 regulae
1477 1491 1643 1561 almi
1688 1492 1902 1581 patris
1940 1491 2347 1561 Columbani
2397 1489 2698 1561 viverent
2744 1488 3021 1572 fratres,
3077 1491 3170 1561 ad

604 1602 755 1655 eam
808 1603 949 1650 rem
1003 1579 1374 1670 adjuvante
1418 1586 1577 1650 eum
1630 1579 2032 1650 beatissimo
2078 1601 2408 1670 germano
2455 1600 2581 1649 suo
2620 1577 2950 1649 Audoeno
2979 1603 3002 1647 ε
3057 1580 3175 1649 di-

607 1671 905 1757 tavitque
956 1668 1125 1738 illud
1183 1668 1392 1739 rebus
1436 1681 1502 1739 et
1534 1669 1786 1757 opibus
1825 1669 2193 1750 omnibuS,
2246 1682 2451 1756 atque
2501 1669 2705 1740 etiam
2755 1666 3176 1770 disciplinis

606 1757 1103 1829 Ecclesiasticis
1150 1757 1497 1829 instruxit.
1553 1757 1744 1828 Rado
1793 1779 1970 1838 vero,
2024 1759 2146 1846 qui
2193 1768 2574 1828 extremum
2633 1769 3020 1827 nativitatis
3059 1779 3175 1829 οι·-

606 1847 839 1916 dinem
892 1846 1210 1927 tenebat,
1268 1845 1746 1917 thesaurorum
1799 1846 2136 1937 regalium
2186 1865 2512 1917 summus
2560 1858 2967 1935 procurator
3004 1847 3176 1918 effe-

603 1948 761 2006 ctus
798 1949 952 2006 est:
1002 1957 1177 2023 quos
1226 1934 1342 2004 ille
1390 1936 1753 2006 thesauros
1774 1935 1965 2024 justo
1996 1936 2413 2027 dispensans
2444 1934 2710 2015 ordine,
2764 1934 3076 2005 fideliter
3103 1950 3172 2006 et

608 2024 990 2094 Christiane
1032 2024 1423 2095 custodivit.
1466 2029 1543 2093 In
1609 2025 1781 2115 ipsis
1828 2038 2056 2095 autem
2106 2024 2323 2095 seculi
2384 2023 2846 2114 dignitatibus
2898 2024 3169 2096 nibilo-

610 2113 843 2183 minus
882 2112 1015 2183 fuit
1059 2126 1335 2183 sanctae
1370 2112 1683 2204 religioni
1736 2112 2082 2195 subditus,
2127 2135 2292 2204 erga
2353 2113 2468 2182 Dei
2517 2124 2879 2203 praecepta
2920 2113 3167 2201 justus

606 2214 671 2270 et
702 2201 823 2271 reli
879 2203 1090 2281 iosus..
1130 2201 1496 2272 dilectione
1532 2202 1881 2284 amabilis,
1934 2201 2392 2291 eleemosynis
2441 2200 2726 2291 largus,
2781 2202 2851 2271 iu
2904 2203 3163 2273 militia

662 2292 802 2360 rori
862 2314 941 2361 us
977 2314 991 2358 :
1042 2290 1342 2378 denique
1383 2291 1572 2379 juste
1602 2312 1685 2360 ac
1721 2290 1829 2380 pie
1868 2291 2179 2372 vivendo,
2226 2291 2295 2360 in
2337 2289 2776 2360 demandatis
2810 2289 2992 2381 ipsis
3045 2313 3164 2383 pa-

636 2380 844 2450 atinis
890 2379 1220 2462 fascibuS,
1258 2379 1479 2450 fidum
1513 2402 1594 2450 ac
1634 2393 1994 2451 strenuum
2046 2402 2196 2451 sese
2242 2378 2639 2449 declaravit.

564 2506 570 2511 ·
694 2471 732 2557 ἓ
778 2472 864 2541 4.
918 2474 1125 2540 Porro
1171 2479 1453 2540 sanctus
1500 2468 1874 2541 Audoenus
1905 2469 1962 2551 ²⁶,
2001 2482 2459 2560 cognomento
2492 2467 2702 2550 Dado,
2745 2465 3163 2540 auricularii

608 2557 839 2629 locum
875 2572 940 2629 et
980 2580 1239 2629 munus
1282 2559 1350 2629 in
1402 2558 1564 2629 aula
1611 2559 1818 2649 Regis
1870 2558 2193 2629 obtinuit:
2230 2559 2532 2646 itemque
2577 2556 2665 2627 ad
2718 2556 3164 2658 obsignanda

606 2648 862 2738 scripta
907 2645 1013 2716 vel
1060 2647 1282 2717 edicta
1333 2647 1543 2738 regia,
1634 2669 1762 2718 uae
1796 2647 1884 2717 ab
1921 2648 2071 2737 ipso
2117 2647 2737 2722 conscribebantur
2768 2699 2785 2727 ,
2840 2646 3159 2737 sigillum

604 2735 707 2806 vel
742 2735 1083 2806 annulum
1136 2736 1341 2826 Regis
1373 2748 1570 2807 custo
1625 2737 1851 2806 iebat.‘
1882 2741 2039 2806 Erat
2072 2757 2229 2807 vero
2260 2757 2473 2807 sensu
2522 2733 2915 2827 profundus
2946 2790 2965 2816 ,
3014 2735 3161 2806 eit>

603 2826 769 2913 quio
807 2824 1153 2916 copiosus,
1204 2824 1497 2894 consilio
1548 2825 1900 2915 providus,
1944 2824 2215 2916 judicio
2246 2825 2505 2914 justus,
2542 2823 2856 2916 corporis
2887 2828 3150 2895 statura

604 2915 959 3005 procerus„
999 2912 1194 2982 vultu
1235 2912 1549 2993 decorus,
1591 2926 1658 2983 et
1702 2926 1860 2984 ante
1905 2914 2141 2985 omnia
2190 2914 2258 2982 in
2307 2913 2560 2984 Christi
2605 2912 2942 2984 charitate
2988 2911 3146 2980 fun—

603 3001 850 3072 datus:
906 3001 1076 3090 Regi
1125 3023 1280 3071 vero
1325 3002 1529 3071 etiam
1587 3002 1844 3072 charus
1877 3058 1893 3084 ‚
1946 3002 2355 3091 cunctisque
2390 3002 2831 3093 principibus
2862 3014 2922 3073 et
2961 2999 3141 3092 opti·

603 3090 908 3160 matibus
954 3090 1085 3159 fuit
1134 3089 1567 3160 venerabilis
1619 3091 1713 3161 Ad
1765 3091 1957 3161 illius
2014 3103 2260 3161 nutum
2309 3091 2548 3161 omnia
2589 3090 2832 3183 palatii
2881 3089 3148 3182 negotia

604 3180 1067 3269 gerebantur:
1121 3179 1271 3268 ejus
1320 3178 1630 3250 consiliis
1662 3182 2026 3269 optimates
2059 3202 2323 3259 omnes,
2365 3193 2571 3266 atque
2611 3179 2760 3270 ipse
2792 3180 2998 3251 etiam
3032 3184 3156 3248 Da·

603 3267 928 3358 gobertus
963 3274 1122 3350 Rex,
1163 3290 1294 3338 ceu
1339 3268 1595 3339 divinis
1639 3269 1942 3339 oraculis
1993 3269 2346 3359 parebant.
2401 3273 2632 3357 Neque
2688 3269 2879 3339 enim
2927 3266 3154 3338 ullum

601 3370 746 3427 erat
793 3356 981 3428 aliud
1031 3358 1184 3446 ejus
1229 3356 1626 3439 consilium,
1684 3358 1818 3428 nisi
1850 3358 2035 3446 quod
2068 3371 2134 3428 et
2179 3358 2349 3449 Regi
2380 3369 2447 3428 et
2481 3356 2737 3449 populo
2783 3356 3157 3429 utilitatem

602 3445 920 3517 adferret.
974 3451 1053 3517 Et
1084 3445 1362 3516 assidue
1395 3468 1560 3517 sane
1614 3446 2019 3517 hortabatur
2064 3451 2343 3538 Regem,
2402 3458 2482 3517 ut
2530 3452 2784 3538 Regem
2831 3446 3157 3517 omnium

604 3533 977 3617 Christum,
1008 3535 1433 3606 conditorem
1467 3558 1547 3605 ac
1577 3536 2080 3627 redemptorem
2109 3556 2344 3617 suum,
2382 3535 2533 3605 sine
2560 3555 2700 3624 quo
2741 3556 2947 3606 nemo
2966 3536 3158 3625 juste

602 3637 844 3714 regnat
888 3625 992 3694 vel
1027 3624 1345 3714 imperat,
1386 3623 1764 3715 diligendo,
1804 3622 2135 3705 timend0‚
2170 3624 2581 3713 cunctisque
2610 3625 2766 3715 eJus
2804 3624 3161 3695 mandatis

602 3713 987 3785 obediendo
1029 3714 1138 3804 pie
1169 3713 1420 3784 coleret
1450 3739 1464 3779 :
1517 3713 1954 3784 subditorum
2007 3713 2142 3785 sibi
2177 3712 2595 3816 populorum
2626 3713 2896 3783 socium
2929 3734 3008 3781 se
3037 3735 3162 3804 po—

603 3802 767 3883 tius,
806 3824 1013 3890 quam
1043 3802 1404 3874 dominum
1434 3803 1874 3883 existimaret,
1914 3802 2243 3892 subjectis
2275 3816 2604 3892 parceret,
2642 3801 3165 3888 debellaretque

602 3893 979 3982 superbos:
1033 3892 1207 3961 fines
1246 3891 1523 3981 imperii
1573 3891 1682 3961 sui
1713 3893 1803 3961 ab
1835 3891 2134 3961 hostium
2178 3890 2581 3961 incursibus
2607 3901 2889 3961 strenue
2919 3888 3165 3960 defen-

601 3980 813 4062 deret,
852 3981 1070 4051 immo
1109 4002 1289 4060 vero,
1318 3981 1406 4051 ob
1440 3979 2015 4051 abundantiorem
2057 3977 2388 4050 ecclesiae
2422 3979 2664 4050 Christi
2706 4000 2974 4071 pacem,
3004 4000 3162 4049 eosv-

603 4069 756 4138 dem
810 4069 984 4141 fines
1030 4069 1235 4139 etiam
1282 4068 1583 4160 proferre
1615 4091 1695 4139 ac
1733 4068 2023 4138 dilatare
2055 4068 2538 4139 contenderet:
2589 4067 2910 4139 homines
2956 4068 3163 4158 flagi-‘-

607 4159 840 4241 tiosoS‚
887 4172 1051 4248 puta
1098 4157 1326 4238 fureS,
1385 4156 1684 4228 latrones
1713 4212 1729 4239 ,
1774 4157 2161 4228 homicidas
2193 4212 2212 4239 ,
2276 4157 2671 4237 maleficos,
2729 4155 3158 4237 haereticos,

603 4259 1045 4334 caeterasque
1078 4246 1370 4316 infames
1402 4268 1754 4337 personas,
1791 4268 1829 4315 e
1870 4266 2081 4338 regno
2127 4247 2542 4316 exturbaret.
2580 4244 3009 4316 Admonebat
3039 4243 3164 4315 de-

603 4335 837 4422 nique,
882 4348 958 4405 ut
996 4334 1445 4405 ecclesiarum
1477 4350 1543 4405 et
1568 4347 1970 4407 sanctorum·
2004 4335 2311 4406 locorum
2356 4355 2519 4427 prae
2547 4332 2876 4406 omnibus
2902 4346 3159 4405 curam

655 4455 682 4483 ⁴¹
711 4455 895 4513 Gallica
911 4466 1138 4507 pronunc.
1163 4460 1292 4498 Onon.
