3308 5004
232 302 388 371 ΑΗΘ.
443 305 472 370 Ι
901 322 982 371 na
1025 318 1292 373 camis
1332 322 1415 371 m·
1458 321 1688 373 emmo
1735 322 1792 371 S.
1844 320 2026 370 rarat
2615 304 2660 371 7

228 424 283 474 se
322 402 671 483 serentem,
730 402 947 473 sacris
971 404 1293 474 cantibus
1341 424 1797 475 exornemus:
1844 402 2028 473 hanc
2064 400 2366 491 denique
2411 416 2488 473 ut
2517 405 2748 475 Sancti

225 493 495 579 Spiritus
524 491 817 582 gratiam
866 505 932 562 et
964 492 1196 563 lumen
1247 494 1318 562 in
1369 494 1642 563 animas
1699 492 1858 561 illas
1888 547 1903 573 ‚
1959 513 2136 579 quae
2199 504 2364 561 sunt
2411 491 2696 563 idoneae
2726 549 2742 574 ,

221 579 655 650 conferentem
693 601 817 671 pro
864 576 1129 652 viribus
1176 583 1432 653 nostris
1465 581 1857 652 laudemus.
1896 586 1999 650 Ita
2046 581 2232 650 enim
2273 580 2423 651 fieri
2472 582 2742 672 poterit,

219 683 280 749 ut
320 672 376 739 si
402 669 948 760 Apostolicarum
977 670 1264 740 laudum
1301 692 1548 742 sumus
1580 681 1945 750 amatoreS,
1986 668 2187 739 illum
2240 670 2497 760 ipsum,
2537 693 2746 759 quem

219 757 454 828 honore
505 759 1012 848 prosequimur,
1075 759 1158 829 ad
1212 760 1761 830 misericordiam
1826 758 2298 840 attrahamus,
2350 772 2416 830 et
2473 773 2748 831 nostrae

216 845 637 928 laudationis,
691 868 899 935 quam
932 848 1018 918 de
1052 848 1172 919 illo
1220 849 1679 930 instituimu8‚
1717 847 2102 939 adjutorem
2142 848 2546 918 habeamus,
2586 850 2747 939 Ejus

213 936 375 1005 enim
427 936 712 1027 linguae
757 937 1047 1026 gratiam
1102 938 1275 1008 mihi
1342 938 1493 1007 dari
1551 951 1833 1028 exoptO,
1887 958 2098 1023 quam
2150 937 2449 1028 Spiritus
2513 938 2746 1008 Sancti

212 1024 408 1095 virtus
478 1026 712 1096 lumen
755 1026 1047 1097 afferens
1093 1027 1573 1108 concinnavit,
1633 1042 1701 1096 et
1746 1026 2024 1097 coelesti
2062 1040 2268 1114 atque
2326 1047 2741 1097 arcanarum

211 1135 420 1185 rerum
457 1114 774 1185 doctrina
807 1116 901 1185 ita
946 1116 1253 1206 replevit,
1299 1128 1374 1186 ut
1421 1115 1741 1187 Gentium
1796 1115 2106 1185 nationes
2155 1114 2393 1185 multis
2439 1115 2511 1184 in
2573 1114 2743 1185 locis

207 1197 564 1290 dispersas,
604 1204 673 1272 in
713 1205 1066 1295 propriam
1101 1207 1428 1307 sagenam
1481 1203 2168 1295 magnificentissime
2215 1203 2654 1274 concluserit.

278 1293 315 1379 ξ
358 1297 443 1365 4.
499 1297 641 1362 Hoc
689 1306 921 1362 autem
970 1294 1141 1374 loco,
1187 1317 1259 1364 1n
1307 1294 1853 1385 Apostolicarum
1906 1314 2138 1363 rerum
2194 1293 2433 1384 pelago
2489 1292 2741 1363 mentis

205 1381 402 1449 aciem
431 1381 759 1471 infigens,
809 1394 987 1452 totus
1011 1383 1341 1474 vertigine
1372 1405 1451 1453 ac
1486 1382 1790 1452 tenebris
1816 1381 2142 1472 repletuS‚
2175 1381 2340 1451 etin
2392 1380 2740 1472 meipsum

204 1489 586 1552 conversus,
639 1470 1012 1542 clarissimi
1045 1472 1264 1542 Isaiae
1304 1473 1509 1542 verba
1551 1471 1670 1540 illa
1713 1471 2141 1561 pronuncio:
2179 1472 2382 1540 Miser
2426 1492 2576 1572 ego,
2619 1469 2741 1557 qui

203 1557 511 1648 impurus
560 1580 743 1639 sum,
781 1572 847 1629 et
881 1559 1061 1629 labia
1111 1561 1386 1652 impura
1422 1559 1720 1639 habens,
1761 1560 2177 1650 purissimas
2225 1573 2577 1631 materias
2610 1571 2744 1628 tra·

202 1658 387 1728 mem,
446 1647 646 1717 nulla
685 1670 726 1717 o
777 1669 814 1717 e
849 1648 1020 1717 mihi
1050 1649 1137 1718 ad
1187 1650 1356 1719 haec
1401 1650 1551 1739 ipsa
1608 1661 1788 1718 recte
1825 1648 2290 1739 aggredienda
2338 1670 2529 1739 spem
2581 1648 2743 1718 affe-

201 1749 393 1805 rente.
452 1671 918 1820 Quamossrem
969 1736 1054 1807 ad
1121 1738 1546 1829 Apostolicae
1594 1738 2112 1808 misericordiae
2179 1736 2576 1828 perfugium
2641 1758 2743 1807 re-

196 1844 498 1906 currens,
534 1827 723 1895 tenui
756 1827 885 1896 hac
911 1826 1154 1917 lingua
1194 1826 1279 1896 de
1308 1828 1460 1918 ejus
1496 1827 1826 1896 laudibus
1858 1827 2087 1897 dicere
2125 1827 2451 1896 conabor.
2488 1826 2739 1897 Omitto

196 1933 372 1983 nunc
397 1915 489 1984 de
520 1915 674 2000 ejus
697 1929 877 1994 ortu,
917 1916 1001 1985 de
1029 1916 1248 2006 patria
1294 1930 1361 1985 et
1409 1917 1813 2006 parentibus
1843 1915 2107 2005 aliquid
2151 1915 2401 1985 dicere.
2443 1919 2742 1986 Honesta

192 2002 467 2089 quidem
519 2004 641 2074 illa
686 2019 872 2086 sunt,
909 2017 976 2074 et
1022 2005 1274 2075 auditu
1310 2005 1546 2094 digna:
1583 2005 1702 2075 sed
1735 2018 2030 2075 mentem
2069 2017 2295 2074 tamen
2338 2004 2731 2084 obruerent,

194 2113 406 2180 neque
458 2093 763 2163 sinerent
808 2094 1185 2164 orationem
1250 2093 1626 2184 longiorem
1680 2094 1765 2163 dc
1803 2092 1914 2165 his
1964 2096 2169 2165 rebus
2217 2093 2501 2173 habere,
2561 2114 2739 2180 quae

193 2182 822 2269 praestantissimae
869 2194 1055 2263 sunt,
1099 2196 1164 2252 et
1194 2205 1494 2270 quarum
1549 2183 1882 2252 memoria
1915 2183 2107 2254 utilis
2139 2195 2240 2253 est
2273 2203 2351 2251 ac
2381 2182 2732 2252 salutaris.

118 2324 137 2333 -
195 2270 589 2340 Divinorum
668 2270 969 2360 profecto
1030 2272 1391 2373 signorum
1455 2271 1755 2361 Apostoli
1807 2272 2054 2363 hujus,
2108 2284 2175 2341 et
2238 2270 2735 2341 miraculorum

193 2358 562 2428 multitudo
614 2381 720 2429 ma
780 2383 865 2429 na
927 2360 1183 2430 extitit:
1237 2360 1511 2448 aliaque
1570 2361 1830 2443 omnia,
1891 2383 2067 2450 quae
2132 2360 2431 2450 Spiritus
2504 2360 2733 2430 Sancti

192 2448 400 2538 gratia
434 2449 507 2518 in
559 2448 682 2519 illo
729 2383 1050 2520 habitans
1085 2450 1329 2533 effecit,
1376 2462 1470 2520 tot
1518 2462 1843 2538 tantaque
1874 2464 2060 2532 sunt,
2112 2462 2186 2520 ut
2219 2449 2278 2519 si
2326 2449 2528 2519 velim
2590 2448 2735 2518 sin-

190 2537 341 2626 gula
391 2538 698 2608 scribere
722 2539 947 2629 (decet
994 2540 1178 2609 enim
1210 2539 1296 2609 de
1343 2540 1494 2629 ipso
1530 2540 1783 2620 dicere,
1820 2539 2004 2626 quod
2039 2540 2421 2627 Theologus
2447 2537 2730 2625 quidam

193 2627 516 2717 scripsit),
579 2641 965 2697 nostrarum
1015 2628 1406 2699 orationum
1438 2628 1542 2698 vis
1572 2629 1741 2698 satis
1771 2649 1921 2698 esse
1956 2649 2089 2698 non
2124 2627 2362 2718 possit,
2415 2627 2736 2714 quamvis

194 2713 268 2782 ad
310 2738 469 2785 eam
522 2738 669 2784 rem
722 2716 1147 2787 tractandam
1183 2718 1515 2812 audoacter
1562 2739 1635 2786 se
1685 2718 1973 2807 ingerat.

269 2805 436 2891 ἓὸ.
516 2805 646 2874 Hic
693 2805 1098 2895 Apostolus,
1158 2820 1519 2897 postquam
1590 2806 2000 2896 Unigenitus
2071 2805 2188 2875 Dei
2255 2803 2446 2874 filius
2520 2825 2601 2874 su
2662 2826 2736 2873 ra

192 2888 567 2962 humanam
620 2895 1080 2965 conditionem
1119 2895 1185 2964 in
1240 2910 1523 2986 paterno
1573 2895 1785 2976 soli0,
1832 2917 2085 2965 arcano
2134 2893 2436 2983 quodam
2485 2915 2594 2963 mo
2649 2915 2729 2975 0,

190 2982 518 3061 consedit,
556 3003 699 3052 una
746 3005 906 3053 cum
961 2983 1224 3070 reliquo
1258 2985 1734 3072 Apostolorum
1786 2998 1986 3055 coetu
2024 2997 2169 3054 erat
2217 3006 2296 3052 ac
2340 2982 2627 3062 vivebat,
2668 2995 2734 3051 et

192 3089 627 3142 communem
660 3093 821 3143 cum
855 3071 997 3142 illis
1017 3074 1365 3165 Evangelii
1398 3073 1980 3165 praedicationem
2005 3072 2384 3154 exercebat,
2419 3093 2499 3140 ac
2530 3069 2734 3141 modo

196 3158 519 3230 tribunali
556 3159 983 3263 judiciisque
1014 3183 1152 3231 una
1204 3176 1471 3252 praesto
1520 3174 1690 3242 erat,
1746 3163 1949 3233 modo
2005 3161 2427 3253 ignominias
2475 3171 2540 3229 et
2588 3182 2733 3228 ver-

194 3244 337 3317 bera
381 3251 538 3320 una
567 3271 729 3319 cum
777 3250 934 3321 aliis
978 3251 1315 3341 Apostolis
1361 3273 1403 3320 a
1456 3251 1737 3321 ludaeis
1800 3251 1970 3342 ipsis
2020 3250 2451 3343 patiebatur:
2508 3269 2732 3335 neque

193 3355 492 3424 unquam
514 3340 603 3408 ab
628 3339 1101 3429 Apostolorum
1136 3342 1455 3410 societate
1485 3341 1742 3422 aberat,
1779 3341 1892 3410 sed
1927 3339 2249 3410 cumillis
2276 3339 2345 3407 in
2375 3337 2729 3408 aerumnis

196 3426 611 3512 perferendis
656 3429 1237 3499 communicabat.
1294 3430 1493 3498 Liber
1537 3428 1696 3510 ille,
1750 3430 1871 3516 qui
1926 3428 2400 3520 Apostolorum
2473 3426 2732 3516 scripta

194 3516 511 3611 continet,
567 3515 784 3586 multa
833 3519 986 3604 ejus
1029 3517 1339 3608 pericula
1395 3518 1777 3609 percurrit,
1833 3519 1903 3586 in
1948 3540 2126 3605 quae
2172 3514 2536 3607 Apostolus
2582 3516 2733 3604 ipse

196 3605 444 3700 incidit,
497 3617 563 3674 et
594 3606 855 3692 quibus
901 3605 1218 3678 detentus
1243 3606 1398 3689 fuit,
1446 3605 1962 3694 multorumque
1995 3605 2491 3677 miraculorum
2537 3624 2732 3672 men-

195 3700 430 3763 tionem
469 3693 656 3773 sacit,
709 3694 1296 3781 quemadmodum
1347 3695 1747 3766 admirabili
1795 3695 2093 3783 quodam
2141 3694 2344 3764 modo
2394 3691 2729 3780 claudum

195 3777 375 3851 illum
455 3783 852 3863 sanaverit,
906 3796 972 3854 et
1018 3786 1320 3854 Ananiae
1367 3807 1447 3854 ac
1497 3784 1829 3874 Saphirae
1908 3797 2194 3854 mortem
2260 3780 2729 3852 inevitabilem

195 3871 616 3942 severissime
661 3872 997 3954 intulerit,
1068 3874 1564 3962 Tabithamque
1607 3872 1909 3964 puellam
1961 3896 2000 3943 a
2053 3873 2293 3943 mortis
2361 3870 2587 3971 ipsius
2635 3869 2734 3939 la-

195 3976 355 4042 queo
398 3975 711 4052 ereptam
772 3961 947 4034 vitae
1014 3963 1437 4044 restituerit,
1510 3974 1717 4050 atque
1791 3961 2184 4033 Cornelium
2248 3965 2732 4030 centurionem

195 4048 415 4137 Angeli
468 4051 856 4140 praesentia
902 4051 1221 4122 edoctum
1272 4052 1718 4133 instruxerit,
1770 4065 1836 4121 et
1882 4052 1967 4121 ad
2019 4049 2270 4121 Christi
2333 4047 2543 4117 fidem
2593 4060 2734 4117 tra-

195 4132 497 4209 duxerit:
548 4139 1142 4226 quemadmodum
1176 4162 1298 4231 per
1343 4140 1665 4212 umbram
1702 4141 2013 4231 corporis
2048 4138 2364 4208 infirmos
2417 4137 2733 4207 homines

197 4220 419 4297 firmos
493 4227 910 4299 reddiderit:
989 4241 1158 4318 quot
1216 4229 1377 4299 deni
1429 4252 1514 4300 ue
1561 4252 1935 4300 aerumnas
2011 4227 2461 4307 sustinuerit,
2518 4248 2729 4314 quam

198 4331 383 4411 saepe
429 4337 581 4388 com
644 4318 1001 4400 rehensus,
1033 4332 1101 4389 et
1128 4330 1286 4389 ante
1318 4319 1405 4388 tri
1458 4319 1694 4389 unalia
1740 4319 2181 4400 constitutuS‚
2211 4330 2277 4387 et
2303 4339 2428 4407 pro
2463 4315 2729 4386 Christo

198 4420 333 4490 Ipso
378 4338 678 4499 flagellis
709 4407 1105 4479 verberatus
1140 4407 1421 4499 gavisus
1453 4408 1683 4491 suerit,
1737 4408 1922 4497 quod
1976 4408 2236 4500 dignus
2283 4405 2566 4477 habitus
2614 4408 2725 4480 sit.
