3308 5004
193 325 338 395 Auo.
374 325 407 390 l
1111 340 1191 389 na
1236 340 1294 389 s.
1348 340 1651 391 nommco
2443 324 2571 390 ⁴09

192 423 371 493 dilexit
424 419 821 491 munditiam
849 474 866 502 ,
925 421 1355 490 conservavit
1401 420 1896 511 disciplinam:
1948 420 2252 511 pudicus
2299 421 2655 504 sensibus,

188 509 531 581 verecundus
568 509 834 580 actione
880 507 1032 579 fuit.
1086 514 1267 580 Haec
1316 523 1381 580 et
1426 510 1561 580 alia
1595 510 1662 579 in
1715 509 1928 580 altero
1969 510 2208 581 aetatis
2235 510 2653 598 septenariO,

180 597 688 688 quemadmodum
738 598 973 668 unctio
1020 598 1310 685 spiritus
1366 599 1468 668 illi
1529 599 1978 700 suggerebat,
2040 598 2271 669 adhuc
2324 598 2659 689 puerulus

183 690 530 767 observabat,
592 686 688 756 nil
747 686 1007 776 puerile
1053 708 1214 775 prae
1258 708 1329 757 se
1381 686 1607 757 ferens
1658 709 1726 756 in
1789 687 2066 758 homine
2108 688 2449 758 exteriori.
2501 693 2655 759 Jam

183 778 316 846 enim
362 776 559 846 senile
610 798 731 846 cor
785 776 846 844 ei
903 776 1148 857 inerat,
1201 789 1266 845 et
1328 777 1461 847 sub
1512 776 1762 846 tenello
1825 775 2021 846 vultu
2097 777 2386 847 canities
2438 777 2657 846 animi

186 865 494 936 veneranda
522 865 796 935 latebat.
827 865 924 934 Ab
952 864 1125 966 ipsis
1154 886 1452 952 namque
1485 865 1935 936 incunabulis
1964 880 2098 935 tam
2127 880 2273 935 erat
2299 865 2656 958 excellenti

186 953 370 1036 indole,
411 967 478 1023 ut
506 954 834 1024 eximium
885 952 1219 1055 quiddam
1274 954 1341 1022 in
1373 976 1454 1025 eo
1488 952 1803 1025 futurum
1838 969 1972 1024 tarn
2010 955 2308 1045 insignis
2338 954 2651 1036 infantia,

187 1056 390 1130 tamque
426 1055 657 1113 sancta
758 1045 1001 1112 neritia
1044 1056 1428 1113 testaretur.

238 1132 266 1218 §
299 1136 371 1204 4.
416 1131 577 1201 Cum
617 1131 675 1198 vi
732 1144 923 1200 erent
956 1145 1185 1222 autem
1225 1131 1318 1220 pii
1355 1144 1672 1223 parentes
1703 1132 1856 1221 ejus
1884 1130 2286 1201 continuam
2322 1143 2389 1201 et
2416 1132 2659 1202 aetatis

181 1232 222 1286 et
249 1222 464 1309 gratiae
512 1221 579 1289 in
634 1234 870 1290 sancto
921 1241 1135 1310 puero
1188 1221 1652 1292 accessionem
1684 1274 1699 1301 ,
1757 1218 1953 1288 illum
2005 1219 2395 1291 studiorum
2445 1223 2660 1292 causa

182 1306 477 1379 Valentiam
524 1309 885 1378 miserunt.
946 1310 1047 1379 Ibi
1097 1309 1282 1378 enim
1334 1321 1500 1379 tunc
1532 1308 1820 1378 florebat
1851 1307 2159 1378 studium
2196 1309 2540 1399 generale,
2583 1322 2659 1379 ut

181 1412 379 1478 vocant,
427 1397 795 1468 abundans
840 1410 977 1467 tam
1029 1397 1536 1488 discipulorum
1581 1396 1993 1484 frequentia,
2032 1420 2241 1484 quam
2285 1399 2657 1486 praestanti

176 1483 417 1557 doctrina
466 1487 979 1577 magistrorum.
1033 1491 1271 1573 Itaque
1308 1485 1617 1577 prudens
1665 1485 2067 1555 adolescens
2110 1509 2242 1556 non
2296 1488 2653 1578 segnitiem

173 1586 404 1645 sectatus
444 1588 568 1656 est,
613 1574 731 1645 sed
784 1574 849 1644 in
904 1573 1273 1645 discendas
1323 1576 1579 1655 literas,
1636 1574 1916 1677 propter
1961 1596 2136 1662 quas
2180 1575 2345 1645 illuc
2401 1577 2656 1648 missus

171 1675 289 1743 erat,
334 1678 642 1734 accurate
705 1663 1063 1745 incubuit,
1117 1663 1289 1735 adeo
1355 1677 1429 1735 ut
1477 1668 1702 1754 gratia
1769 1662 2004 1733 divina
2053 1663 2157 1733 illi
2220 1664 2602 1753 opitulante
2634 1720 2650 1747 ,

172 1749 306 1821 brevi
361 1753 574 1844 spatio
649 1752 902 1822 multos
973 1767 1377 1825 coaetaneos
1442 1753 1811 1843 superarit.
1884 1754 2303 1843 Contemptis
2360 1775 2658 1841 namque

171 1839 323 1910 rebus
350 1842 593 1932 ineptis
624 1855 689 1910 et
722 1840 1007 1922 frivolis,
1049 1842 1306 1929 quibus
1341 1864 1417 1911 ea
1454 1855 1641 1913 aetas
1692 1840 1969 1922 diffluit,
2011 1842 2419 1912 necessariis
2450 1841 2658 1913 dabat

167 1948 429 2017 operam,
484 1930 725 2000 noxiae
775 1930 1158 2001 sodalitatis
1190 1986 1205 2012 ,
1251 1931 1717 2021 inprimisque
1772 1929 2229 2000 foeminarum
2283 1931 2546 2000 viscosa
2592 1944 2659 2003 et

165 2014 378 2088 lubrica
419 2019 873 2090 contubernia
919 2019 1305 2089 declinans.
1363 2024 1529 2090 Cum
1573 2019 1981 2090 ludentibus
2020 2041 2153 2090 non
2207 2041 2279 2088 se
2333 2019 2652 2102 miscuit,

164 2125 334 2192 neque
362 2131 516 2178 cum
569 2107 657 2179 iis
705 2109 826 2195 qui
876 2109 946 2177 in
981 2109 1250 2178 levitate
1283 2108 1514 2179 cordis
1568 2130 1692 2198 pro
1738 2110 1972 2180 carnis
2013 2107 2377 2177 desideriis
2427 2107 2510 2176 ad
2552 2131 2660 2179 res

162 2196 433 2277 curiosas,
488 2197 797 2266 insanias
831 2195 1038 2268 falsas
1068 2210 1131 2267 et
1166 2198 1582 2267 inanissima
1632 2195 2025 2286 spectacula
2079 2219 2151 2267 se
2183 2196 2654 2279 conferebant,

162 2284 506 2376 participem
557 2308 631 2355 se
681 2286 1022 2375 praebuit.
1078 2286 1467 2376 Respuebat
1504 2285 1750 2355 mundi
1784 2285 2209 2357 blandientis
2257 2301 2322 2355 et
2354 2285 2661 2358 fallentis

162 2372 383 2470 gaudia,
431 2374 801 2461 carnisque
849 2376 1220 2465 spurcitias
1285 2373 1721 2445 immaculati
1773 2375 2060 2446 affectus
2113 2375 2281 2463 pede
2328 2375 2609 2445 calcans
2639 2430 2655 2457 ,

162 2461 513 2552 virginitatis
559 2462 773 2535 decus
820 2476 886 2533 et
934 2465 1169 2535 florem
1223 2463 1569 2535 illibatum
1609 2463 1897 2536 Domino
1927 2462 2378 2534 conservavit.
2422 2469 2663 2552 Itaque

163 2553 379 2639 copiose
425 2553 492 2621 in
544 2553 698 2640 ejus
796 2575 1003 2622 urum
1053 2553 1506 2635 intellectum,
1563 2554 2024 2640 animumque
2076 2552 2437 2623 sordidum
2491 2552 2663 2622 libe-

163 2657 272 2795 tufin
303 2641 685 2799 ,bliberales
732 2576 1170 2733 disciplinae,
1226 2664 1406 2730 quae
1458 2642 1656 2732 puris
1713 2641 2180 2731 intellectibus
2231 2641 2656 2731 capiuntur,

162 2745 208 2794 m
254 2751 327 2798 ue
372 2745 523 2800 ant.

219 2817 360 2901 §a
411 2824 485 2889 At
532 2841 695 2889 vero
742 2819 1101 2909 angelicus
1150 2818 1553 2889 adolescens
1602 2818 1714 2890 his
1756 2818 2107 2889 humanae
2140 2819 2521 2908 sapientiae
2555 2818 2662 2889 di-

163 2905 416 3003 sciplinis
467 2930 604 2978 non
656 2908 954 2978 nimium
1006 2909 1435 2999 capiebatur,
1489 2908 1754 2998 quippe
1800 2907 1983 2995 quod
2037 2909 2106 2977 in
2156 2909 2257 2977 eis
2315 2908 2662 2978 Christum

165 2993 238 3060 Dei
279 2997 705 3085 sapientiam,
759 2997 875 3067 cui
926 2997 1260 3079 inhiabat,
1315 3019 1452 3067 non
1504 3010 1834 3067 cerneret.
1871 3002 2018 3068 Non
2058 2997 2244 3067 enim
2281 2996 2472 3066 ullus
2508 2996 2663 3087 phi-

164 3076 547 3172 losophorum
600 3107 753 3155 eam
785 3087 1195 3176 sapientiam
1233 3084 1536 3167 tradidit,
1576 3108 1702 3155 nec
1729 3085 1983 3174 aliquis
2020 3086 2416 3176 principum
2456 3086 2663 3174 hujus

167 3172 350 3242 mundi
392 3175 740 3266 cognovit.
793 3180 885 3245 Ne
932 3197 1096 3266 ergo
1160 3175 1339 3247 vires
1387 3175 1699 3244 florentis
1737 3176 2125 3266 juventutis
2187 3196 2358 3243 vane
2411 3196 2664 3246 consu-

168 3274 340 3340 meret,
373 3263 489 3332 sed
527 3263 715 3333 sitim
752 3285 902 3334 eam
944 3286 1083 3352 qua
1120 3264 1427 3343 ardebat,
1487 3275 1713 3354 posset
1761 3263 2162 3351 extinguere
2196 3318 2211 3344 ,
2265 3262 2352 3332 ad
2403 3262 2658 3334 fontem

168 3345 545 3441 theologicae
597 3352 975 3443 sapientiae
1022 3375 1096 3423 se
1150 3352 1467 3433 contulit,
1520 3352 1904 3424 hausturus
1952 3351 2114 3421 inde
2145 3406 2160 3430 ,
2222 3351 2408 3439 quod
2464 3353 2663 3423 avide

171 3441 478 3526 appetebat.
519 3446 863 3511 Invocans
894 3464 1057 3532 ergo
1101 3464 1219 3530 per
1254 3462 1490 3532 preces
1518 3441 1890 3522 Christum,
1944 3443 2162 3511 Patris
2209 3441 2652 3531 sapientiam,

174 3524 455 3599 mclinavit
477 3552 603 3600 cor
634 3552 841 3600 suum
877 3530 1314 3622 disciplinae,
1359 3542 1425 3600 et
1450 3551 1687 3601 sacrae
1716 3530 2009 3619 paginae
2045 3531 2395 3621 magistris
2420 3552 2660 3601 aurem

175 3627 350 3706 Suam:
398 3633 735 3707 erantque
783 3618 1057 3707 eloquia
1106 3619 1227 3690 illa
1275 3640 1488 3710 super
1527 3618 1663 3688 mel
1719 3632 1786 3689 et
1833 3618 2071 3689 favum
2116 3619 2353 3690 dulcia
2404 3620 2663 3710 pectori

178 3715 289 3783 ejus.
333 3707 420 3775 Iis
450 3729 624 3778 sane
671 3707 1116 3778 addiscendis
1175 3709 1332 3798 pius
1370 3707 1653 3798 juvenis
1703 3708 2165 3795 quadriennio
2206 3721 2392 3778 tanta
2442 3708 2663 3778 animi

181 3796 532 3887 mntentione
565 3808 634 3867 et
681 3796 909 3867 studio
959 3797 1302 3885 incubuit,
1346 3810 1424 3866 ut
1474 3818 1651 3886 pene
1691 3809 1925 3868 noctes
1965 3797 2318 3869 insomnes
2352 3797 2655 3879 duceret,

183 3883 480 3971 quietisque
545 3898 859 3976 tempora
907 3886 1165 3977 vigiliis
1221 3885 1618 3976 largiretur.
1682 3890 1889 3956 Porro
1942 3886 2254 3956 auditam
2302 3886 2660 3955 veritatem

185 3978 249 4061 βψ
280 3971 505 4043 affectu
560 3974 920 4045 humiliter
966 3974 1435 4064 complectens
1470 4029 1486 4056 ,
1543 3986 1608 4043 et
1674 3974 1978 4045 suaviter
2035 3976 2270 4044 animo
2318 3972 2653 4064 affigenS,

189 4061 316 4126 etum
342 4083 544 4152 opere
573 4062 944 4134 efficaciter
966 4063 1212 4152 exequi
1244 4063 1615 4134 nitebatur.
1652 4067 1868 4150 Atque
1892 4076 2035 4133 ute
2068 4062 2253 4133 fonte
2283 4063 2664 4152 sapientiae

192 4137 423 4220 &lutaris
460 4151 795 4222 haustum
828 4153 1180 4254 percipere
1215 4166 1615 4234 mereretur,
1652 4151 1887 4222 decem
1925 4152 2129 4221 annis
2165 4151 2345 4233 vin0,
2402 4152 2472 4220 in
2524 4174 2662 4240 quo

197 4230 520 4322 &luxuria
553 4242 892 4312 castitatis
913 4254 1179 4312 amator
1202 4241 1336 4310 sibi
1365 4242 1641 4331 penitus
1669 4240 1883 4310 voluit
1910 4239 2378 4311 interdictum.
2410 4240 2662 4311 Mirum

200 4319 402 4424 infecto
432 4329 501 4399 id
540 4328 699 4409 fuit,
760 4352 880 4400 nec
934 4331 1167 4400 minus
1217 4331 1624 4431 gratiosum,
1663 4330 1891 4399 videre
1927 4330 2275 4400 hominem
2314 4352 2657 4401 annorum

202 4417 443 4488 ructate
466 4420 826 4508 juvenem,
868 4419 1409 4490 conversationis
1436 4419 1844 4491 ,maturitate
1872 4432 1937 4490 et
1967 4441 2238 4491 morum
2275 4419 2665 4492 constantia
