<?xml version="1.0" encoding="UTF-8"?>
<!DOCTYPE html PUBLIC "-//W3C//DTD XHTML 1.0 Transitional//EN"
    "http://www.w3.org/TR/xhtml1/DTD/xhtml1-transitional.dtd">
<html xmlns="http://www.w3.org/1999/xhtml" xml:lang="en" lang="en">
 <head>
  <title>
</title>
<meta http-equiv="Content-Type" content="text/html;charset=utf-8" />
  <meta name='ocr-system' content='tesseract 3.04.00' />
  <meta name='ocr-capabilities' content='ocr_page ocr_carea ocr_par ocr_line ocrx_word'/>
</head>
<body>
  <div class='ocr_page' id='page_1' title='image "./historiaeseuvit01lippgoog_0493.png"; bbox 0 0 3308 5004; ppageno 0'>
   <div class='ocr_carea' id='block_1_1' title="bbox 150 356 2629 430">
    <p class='ocr_par' dir='ltr' id='par_1_1' title="bbox 150 356 2629 430">
     <span class='ocr_line' id='line_1_1' title="bbox 150 356 2629 430; baseline 0 -5"><span class='ocrx_word' id='word_1_1' title='bbox 150 356 350 426; x_wconf 71' lang='lat' dir='ltr'>mc.</span> <span class='ocrx_word' id='word_1_2' title='bbox 403 359 491 425; x_wconf 81' lang='lat'>20</span> <span class='ocrx_word' id='word_1_3' title='bbox 859 376 941 425; x_wconf 71' lang='lat' dir='ltr'>nn</span> <span class='ocrx_word' id='word_1_4' title='bbox 984 376 1037 430; x_wconf 64' lang='lat' dir='ltr'>s,</span> <span class='ocrx_word' id='word_1_5' title='bbox 1088 376 1422 426; x_wconf 69' lang='lat' dir='ltr'>aramum</span> <span class='ocrx_word' id='word_1_6' title='bbox 1466 376 1611 424; x_wconf 71' lang='lat' dir='ltr'>un.</span> <span class='ocrx_word' id='word_1_7' title='bbox 1664 374 2051 425; x_wconf 60' lang='lat' dir='ltr'>crsasum„</span> <span class='ocrx_word' id='word_1_8' title='bbox 2498 359 2629 427; x_wconf 69' lang='lat'>469</span> 
     </span>
    </p>
   </div>
   <div class='ocr_carea' id='block_1_2' title="bbox 145 456 2744 4552">
    <p class='ocr_par' dir='ltr' id='par_1_2' title="bbox 145 456 2726 1350">
     <span class='ocr_line' id='line_1_2' title="bbox 145 456 2723 558; baseline 0 -29"><span class='ocrx_word' id='word_1_9' title='bbox 145 456 586 529; x_wconf 75' lang='lat' dir='ltr'>comedetis?</span> <span class='ocrx_word' id='word_1_10' title='bbox 641 460 781 558; x_wconf 79' lang='lat' dir='ltr'>Ego</span> <span class='ocrx_word' id='word_1_11' title='bbox 840 474 1031 542; x_wconf 54' lang='lat' dir='ltr'>vero,</span> <span class='ocrx_word' id='word_1_12' title='bbox 1075 458 1243 546; x_wconf 89' lang='lat' dir='ltr'>qui,</span> <span class='ocrx_word' id='word_1_13' title='bbox 1296 458 1427 529; x_wconf 89' lang='lat' dir='ltr'>hoc</span> <span class='ocrx_word' id='word_1_14' title='bbox 1473 457 1641 549; x_wconf 80' lang='lat' dir='ltr'>ipso·</span> <span class='ocrx_word' id='word_1_15' title='bbox 1675 467 1980 538; x_wconf 85' lang='lat' dir='ltr'>tacente,</span> <span class='ocrx_word' id='word_1_16' title='bbox 2038 456 2434 532; x_wconf 75' lang='lat' dir='ltr'><strong>hesternam</strong></span> <span class='ocrx_word' id='word_1_17' title='bbox 2482 456 2723 530; x_wconf 81' lang='lat' dir='ltr'>inobe-</span> 
     </span>
     <span class='ocr_line' id='line_1_3' title="bbox 145 545 2723 649; baseline 0 -32"><span class='ocrx_word' id='word_1_18' title='bbox 145 546 492 618; x_wconf 88' lang='lat' dir='ltr'>dientiam</span> <span class='ocrx_word' id='word_1_19' title='bbox 549 545 933 617; x_wconf 69' lang='lat' dir='ltr'>certissime</span> <span class='ocrx_word' id='word_1_20' title='bbox 980 546 1483 649; x_wconf 87' lang='lat' dir='ltr'>interpretabar</span> <span class='ocrx_word' id='word_1_21' title='bbox 1539 567 1823 617; x_wconf 87' lang='lat' dir='ltr'>causam</span> <span class='ocrx_word' id='word_1_22' title='bbox 1880 565 2033 617; x_wconf 84' lang='lat' dir='ltr'>esse</span> <span class='ocrx_word' id='word_1_23' title='bbox 2085 557 2465 618; x_wconf 85' lang='lat' dir='ltr'>nocturnae</span> <span class='ocrx_word' id='word_1_24' title='bbox 2525 546 2723 620; x_wconf 88' lang='lat' dir='ltr'>illius</span> 
     </span>
     <span class='ocr_line' id='line_1_4' title="bbox 145 632 2715 795; baseline 0.002 -89"><span class='ocrx_word' id='word_1_25' title='bbox 145 634 552 707; x_wconf 77' lang='lat' dir='ltr'>afflictionis</span> <span class='ocrx_word' id='word_1_26' title='bbox 599 657 833 705; x_wconf 79' lang='lat' dir='ltr'>meae:</span> <span class='ocrx_word' id='word_1_27' title='bbox 884 635 1254 795; x_wconf 59' lang='lat' dir='ltr'>Qffimd,</span> <span class='ocrx_word' id='word_1_28' title='bbox 1291 635 1603 725; x_wconf 87' lang='lat' dir='ltr'>inquam,</span> <span class='ocrx_word' id='word_1_29' title='bbox 1661 632 2120 735; x_wconf 80' lang='lat' dir='ltr'>praecipietis:</span> <span class='ocrx_word' id='word_1_30' title='bbox 2156 633 2501 717; x_wconf 87' lang='lat' dir='ltr'>Quiescite</span> <span class='ocrx_word' id='word_1_31' title='bbox 2523 656 2715 727; x_wconf 88' lang='lat' dir='ltr'>ergo,</span> 
     </span>
     <span class='ocr_line' id='line_1_5' title="bbox 148 721 2724 812; baseline -0 -16"><span class='ocrx_word' id='word_1_32' title='bbox 148 725 276 807; x_wconf 88' lang='lat' dir='ltr'>ait,</span> <span class='ocrx_word' id='word_1_33' title='bbox 332 745 467 795; x_wconf 90' lang='lat' dir='ltr'>non</span> <span class='ocrx_word' id='word_1_34' title='bbox 503 723 898 794; x_wconf 83' lang='lat' dir='ltr'>moriemini</span> <span class='ocrx_word' id='word_1_35' title='bbox 1110 746 1176 794; x_wconf 85' lang='lat' dir='ltr'>o:</span> <span class='ocrx_word' id='word_1_36' title='bbox 1218 736 1289 795; x_wconf 92' lang='lat' dir='ltr'>et</span> <span class='ocrx_word' id='word_1_37' title='bbox 1330 723 1525 796; x_wconf 85' lang='lat' dir='ltr'>abiit.</span> <span class='ocrx_word' id='word_1_38' title='bbox 1577 730 1657 795; x_wconf 73' lang='lat' dir='ltr'>Et</span> <span class='ocrx_word' id='word_1_39' title='bbox 1701 721 1870 812; x_wconf 88' lang='lat' dir='ltr'>quid</span> <span class='ocrx_word' id='word_1_40' title='bbox 1923 722 2206 794; x_wconf 72' lang='lat' dir='ltr'>dicam?</span> <span class='ocrx_word' id='word_1_41' title='bbox 2237 722 2607 796; x_wconf 76' lang='lat' dir='ltr'>Confestim</span> <span class='ocrx_word' id='word_1_42' title='bbox 2658 737 2724 795; x_wconf 90' lang='lat' dir='ltr'>et</span> 
     </span>
     <span class='ocr_line' id='line_1_6' title="bbox 153 811 2716 906; baseline -0 -21"><span class='ocrx_word' id='word_1_43' title='bbox 153 814 391 885; x_wconf 87' lang='lat' dir='ltr'>omnis</span> <span class='ocrx_word' id='word_1_44' title='bbox 429 812 629 884; x_wconf 89' lang='lat' dir='ltr'>dolor</span> <span class='ocrx_word' id='word_1_45' title='bbox 663 813 871 884; x_wconf 89' lang='lat' dir='ltr'>abiit:</span> <span class='ocrx_word' id='word_1_46' title='bbox 925 814 1061 885; x_wconf 87' lang='lat' dir='ltr'>nisi</span> <span class='ocrx_word' id='word_1_47' title='bbox 1093 814 1287 902; x_wconf 18' lang='lat' dir='ltr'>quod*</span> <span class='ocrx_word' id='word_1_48' title='bbox 1328 813 1656 906; x_wconf 85' lang='lat' dir='ltr'>fatigatus</span> <span class='ocrx_word' id='word_1_49' title='bbox 1704 823 2042 883; x_wconf 88' lang='lat' dir='ltr'>nocturno</span> <span class='ocrx_word' id='word_1_50' title='bbox 2090 811 2326 884; x_wconf 90' lang='lat' dir='ltr'>dolore</span> <span class='ocrx_word' id='word_1_51' title='bbox 2371 811 2492 882; x_wconf 92' lang='lat' dir='ltr'>illo</span> <span class='ocrx_word' id='word_1_52' title='bbox 2536 836 2716 896; x_wconf 90' lang='lat' dir='ltr'>meo,</span> 
     </span>
     <span class='ocr_line' id='line_1_7' title="bbox 157 899 2726 993; baseline 0 -20"><span class='ocrx_word' id='word_1_53' title='bbox 157 914 304 973; x_wconf 87' lang='lat' dir='ltr'>tota</span> <span class='ocrx_word' id='word_1_54' title='bbox 340 901 492 993; x_wconf 89' lang='lat' dir='ltr'>ipsa</span> <span class='ocrx_word' id='word_1_55' title='bbox 524 901 636 972; x_wconf 91' lang='lat' dir='ltr'>die</span> <span class='ocrx_word' id='word_1_56' title='bbox 668 901 778 973; x_wconf 86' lang='lat' dir='ltr'>vix</span> <span class='ocrx_word' id='word_1_57' title='bbox 811 902 897 973; x_wconf 91' lang='lat' dir='ltr'>de</span> <span class='ocrx_word' id='word_1_58' title='bbox 935 902 1109 974; x_wconf 89' lang='lat' dir='ltr'>lecto</span> <span class='ocrx_word' id='word_1_59' title='bbox 1141 925 1425 993; x_wconf 76' lang='lat' dir='ltr'>surgere</span> <span class='ocrx_word' id='word_1_60' title='bbox 1464 901 1673 973; x_wconf 85' lang='lat' dir='ltr'>valui.</span> <span class='ocrx_word' id='word_1_61' title='bbox 1709 901 1878 986; x_wconf 81' lang='lat' dir='ltr'>Quis</span> <span class='ocrx_word' id='word_1_62' title='bbox 1908 900 2121 982; x_wconf 88' lang='lat' dir='ltr'>enim,</span> <span class='ocrx_word' id='word_1_63' title='bbox 2161 914 2282 973; x_wconf 87' lang='lat' dir='ltr'>aut</span> <span class='ocrx_word' id='word_1_64' title='bbox 2327 899 2558 988; x_wconf 88' lang='lat' dir='ltr'>qualis</span> <span class='ocrx_word' id='word_1_65' title='bbox 2589 901 2726 973; x_wconf 82' lang='lat' dir='ltr'>fuit</span> 
     </span>
     <span class='ocr_line' id='line_1_8' title="bbox 158 989 2717 1082; baseline -0.001 -20"><span class='ocrx_word' id='word_1_66' title='bbox 158 991 284 1062; x_wconf 83' lang='lat' dir='ltr'>ille</span> <span class='ocrx_word' id='word_1_67' title='bbox 328 991 569 1062; x_wconf 78' lang='lat' dir='ltr'>dolor?</span> <span class='ocrx_word' id='word_1_68' title='bbox 614 1012 751 1061; x_wconf 92' lang='lat' dir='ltr'>non</span> <span class='ocrx_word' id='word_1_69' title='bbox 801 991 1028 1063; x_wconf 78' lang='lat' dir='ltr'>recolo</span> <span class='ocrx_word' id='word_1_70' title='bbox 1075 991 1373 1062; x_wconf 79' lang='lat' dir='ltr'>similem</span> <span class='ocrx_word' id='word_1_71' title='bbox 1433 1013 1544 1062; x_wconf 91' lang='lat' dir='ltr'>me</span> <span class='ocrx_word' id='word_1_72' title='bbox 1589 989 1969 1079; x_wconf 85' lang='lat' dir='ltr'>aliquando</span> <span class='ocrx_word' id='word_1_73' title='bbox 2014 989 2232 1061; x_wconf 82' lang='lat' dir='ltr'>fuisse</span> <span class='ocrx_word' id='word_1_74' title='bbox 2280 1011 2717 1082; x_wconf 84' lang='lat' dir='ltr'>perpessum.</span> 
     </span>
     <span class='ocr_line' id='line_1_9' title="bbox 158 1078 2725 1170; baseline 0.001 -19"><span class='ocrx_word' id='word_1_75' title='bbox 158 1085 240 1152; x_wconf 89' lang='lat' dir='ltr'>In</span> <span class='ocrx_word' id='word_1_76' title='bbox 294 1081 597 1152; x_wconf 87' lang='lat' dir='ltr'>crastino</span> <span class='ocrx_word' id='word_1_77' title='bbox 643 1091 874 1151; x_wconf 89' lang='lat' dir='ltr'>autem</span> <span class='ocrx_word' id='word_1_78' title='bbox 924 1103 1138 1153; x_wconf 89' lang='lat' dir='ltr'>sanus</span> <span class='ocrx_word' id='word_1_79' title='bbox 1169 1080 1394 1151; x_wconf 85' lang='lat' dir='ltr'>factus</span> <span class='ocrx_word' id='word_1_80' title='bbox 1440 1103 1626 1164; x_wconf 89' lang='lat' dir='ltr'>sum,</span> <span class='ocrx_word' id='word_1_81' title='bbox 1677 1093 1746 1151; x_wconf 91' lang='lat' dir='ltr'>et</span> <span class='ocrx_word' id='word_1_82' title='bbox 1794 1079 1973 1149; x_wconf 85' lang='lat' dir='ltr'>vires</span> <span class='ocrx_word' id='word_1_83' title='bbox 2031 1078 2304 1170; x_wconf 82' lang='lat' dir='ltr'>recepi:</span> <span class='ocrx_word' id='word_1_84' title='bbox 2364 1091 2431 1149; x_wconf 93' lang='lat' dir='ltr'>et</span> <span class='ocrx_word' id='word_1_85' title='bbox 2481 1080 2725 1168; x_wconf 85' lang='lat' dir='ltr'>paucis</span> 
     </span>
     <span class='ocr_line' id='line_1_10' title="bbox 156 1166 2724 1261; baseline 0 -21"><span class='ocrx_word' id='word_1_86' title='bbox 156 1169 588 1261; x_wconf 82' lang='lat' dir='ltr'>interpositis</span> <span class='ocrx_word' id='word_1_87' title='bbox 619 1169 892 1251; x_wconf 89' lang='lat' dir='ltr'>diebus,</span> <span class='ocrx_word' id='word_1_88' title='bbox 943 1191 1104 1241; x_wconf 92' lang='lat' dir='ltr'>cum</span> <span class='ocrx_word' id='word_1_89' title='bbox 1141 1168 1617 1241; x_wconf 88' lang='lat' dir='ltr'>benedictione</span> <span class='ocrx_word' id='word_1_90' title='bbox 1645 1182 1715 1240; x_wconf 90' lang='lat' dir='ltr'>et</span> <span class='ocrx_word' id='word_1_91' title='bbox 1747 1166 1969 1260; x_wconf 86' lang='lat' dir='ltr'>gratia</span> <span class='ocrx_word' id='word_1_92' title='bbox 2001 1169 2186 1239; x_wconf 89' lang='lat' dir='ltr'>bona</span> <span class='ocrx_word' id='word_1_93' title='bbox 2229 1168 2396 1241; x_wconf 87' lang='lat' dir='ltr'>boni</span> <span class='ocrx_word' id='word_1_94' title='bbox 2429 1167 2724 1259; x_wconf 85' lang='lat' dir='ltr'>hospitis</span> 
     </span>
     <span class='ocr_line' id='line_1_11' title="bbox 163 1258 1372 1350; baseline -0.002 -21"><span class='ocrx_word' id='word_1_95' title='bbox 163 1259 332 1341; x_wconf 89' lang='lat' dir='ltr'>mei,</span> <span class='ocrx_word' id='word_1_96' title='bbox 368 1258 456 1329; x_wconf 90' lang='lat' dir='ltr'>ad</span> <span class='ocrx_word' id='word_1_97' title='bbox 509 1258 789 1350; x_wconf 85' lang='lat' dir='ltr'>propria</span> <span class='ocrx_word' id='word_1_98' title='bbox 835 1280 1151 1331; x_wconf 83' lang='lat' dir='ltr'>reversus</span> <span class='ocrx_word' id='word_1_99' title='bbox 1188 1280 1372 1329; x_wconf 87' lang='lat' dir='ltr'>sum.</span> 
     </span>
    </p>

    <p class='ocr_par' dir='ltr' id='par_1_3' title="bbox 152 1344 2744 3934">
     <span class='ocr_line' id='line_1_12' title="bbox 251 1344 2727 1505; baseline -0.001 -84"><span class='ocrx_word' id='word_1_100' title='bbox 251 1348 293 1505; x_wconf 51' lang='grc' dir='ltr'>Ρ</span> <span class='ocrx_word' id='word_1_101' title='bbox 338 1353 488 1421; x_wconf 68' lang='grc' dir='ltr'>θι.</span> <span class='ocrx_word' id='word_1_102' title='bbox 542 1352 848 1436; x_wconf 86' lang='lat' dir='ltr'>Cumque</span> <span class='ocrx_word' id='word_1_103' title='bbox 895 1347 1192 1419; x_wconf 89' lang='lat' dir='ltr'>dilectus</span> <span class='ocrx_word' id='word_1_104' title='bbox 1240 1352 1373 1418; x_wconf 89' lang='lat' dir='ltr'>Deo</span> <span class='ocrx_word' id='word_1_105' title='bbox 1418 1361 1486 1418; x_wconf 92' lang='lat' dir='ltr'>et</span> <span class='ocrx_word' id='word_1_106' title='bbox 1521 1346 1928 1417; x_wconf 88' lang='lat' dir='ltr'>hominibus</span> <span class='ocrx_word' id='word_1_107' title='bbox 1976 1344 2414 1428; x_wconf 87' lang='lat' dir='ltr'>Bernardus,</span> <span class='ocrx_word' id='word_1_108' title='bbox 2470 1344 2543 1417; x_wconf 90' lang='lat' dir='ltr'>in</span> <span class='ocrx_word' id='word_1_109' title='bbox 2602 1344 2727 1418; x_wconf 90' lang='lat' dir='ltr'>illa</span> 
     </span>
     <span class='ocr_line' id='line_1_13' title="bbox 152 1434 2723 1527; baseline -0 -21"><span class='ocrx_word' id='word_1_110' title='bbox 152 1458 246 1507; x_wconf 72' lang='lat' dir='ltr'>va</span> <span class='ocrx_word' id='word_1_111' title='bbox 280 1437 342 1508; x_wconf 90' lang='lat' dir='ltr'>le</span> <span class='ocrx_word' id='word_1_112' title='bbox 389 1449 540 1518; x_wconf 83' lang='lat' dir='ltr'>sua,</span> <span class='ocrx_word' id='word_1_113' title='bbox 566 1449 632 1507; x_wconf 91' lang='lat' dir='ltr'>et</span> <span class='ocrx_word' id='word_1_114' title='bbox 669 1436 916 1507; x_wconf 88' lang='lat' dir='ltr'>vicinis</span> <span class='ocrx_word' id='word_1_115' title='bbox 961 1437 1358 1508; x_wconf 88' lang='lat' dir='ltr'>civitatibus</span> <span class='ocrx_word' id='word_1_116' title='bbox 1385 1449 1452 1506; x_wconf 91' lang='lat' dir='ltr'>et</span> <span class='ocrx_word' id='word_1_117' title='bbox 1484 1435 1915 1527; x_wconf 87' lang='lat' dir='ltr'>regionibus,</span> <span class='ocrx_word' id='word_1_118' title='bbox 1944 1455 2121 1522; x_wconf 90' lang='lat' dir='ltr'>quas</span> <span class='ocrx_word' id='word_1_119' title='bbox 2167 1434 2534 1523; x_wconf 82' lang='lat' dir='ltr'>aliquoties</span> <span class='ocrx_word' id='word_1_120' title='bbox 2561 1455 2723 1505; x_wconf 88' lang='lat' dir='ltr'>eum</span> 
     </span>
     <span class='ocr_line' id='line_1_14' title="bbox 159 1522 2726 1616; baseline 0 -20"><span class='ocrx_word' id='word_1_121' title='bbox 159 1526 463 1596; x_wconf 11' lang='lat' dir='ltr'>invisere*</span> <span class='ocrx_word' id='word_1_122' title='bbox 509 1525 928 1597; x_wconf 80' lang='lat' dir='ltr'>domesticae</span> <span class='ocrx_word' id='word_1_123' title='bbox 970 1548 1181 1596; x_wconf 89' lang='lat' dir='ltr'>curae</span> <span class='ocrx_word' id='word_1_124' title='bbox 1229 1526 1400 1596; x_wconf 91' lang='lat' dir='ltr'>ratio</span> <span class='ocrx_word' id='word_1_125' title='bbox 1445 1525 1755 1616; x_wconf 85' lang='lat' dir='ltr'>cogebat,</span> <span class='ocrx_word' id='word_1_126' title='bbox 1811 1523 2018 1596; x_wconf 87' lang='lat' dir='ltr'>tantis</span> <span class='ocrx_word' id='word_1_127' title='bbox 2049 1522 2322 1595; x_wconf 84' lang='lat' dir='ltr'>floreret</span> <span class='ocrx_word' id='word_1_128' title='bbox 2352 1522 2726 1596; x_wconf 86' lang='lat' dir='ltr'>virtutibus</span> 
     </span>
     <span class='ocr_line' id='line_1_15' title="bbox 162 1611 2726 1706; baseline -0.001 -20"><span class='ocrx_word' id='word_1_129' title='bbox 162 1627 237 1686; x_wconf 89' lang='lat' dir='ltr'>et</span> <span class='ocrx_word' id='word_1_130' title='bbox 269 1613 653 1697; x_wconf 76' lang='lat' dir='ltr'>miraculiS,</span> <span class='ocrx_word' id='word_1_131' title='bbox 710 1615 935 1706; x_wconf 91' lang='lat' dir='ltr'>coepit</span> <span class='ocrx_word' id='word_1_132' title='bbox 991 1615 1199 1685; x_wconf 88' lang='lat' dir='ltr'>etiam</span> <span class='ocrx_word' id='word_1_133' title='bbox 1248 1636 1375 1686; x_wconf 89' lang='lat' dir='ltr'>seu</span> <span class='ocrx_word' id='word_1_134' title='bbox 1417 1613 1916 1685; x_wconf 90' lang='lat' dir='ltr'>communibus</span> <span class='ocrx_word' id='word_1_135' title='bbox 1964 1611 2308 1684; x_wconf 79' lang='lat' dir='ltr'>Ecclesiae</span> <span class='ocrx_word' id='word_1_136' title='bbox 2353 1613 2726 1684; x_wconf 79' lang='lat' dir='ltr'>necessita-</span> 
     </span>
     <span class='ocr_line' id='line_1_16' title="bbox 164 1700 2744 1788; baseline 0 -13"><span class='ocrx_word' id='word_1_137' title='bbox 164 1704 381 1786; x_wconf 89' lang='lat' dir='ltr'>tibus,</span> <span class='ocrx_word' id='word_1_138' title='bbox 422 1726 545 1776; x_wconf 89' lang='lat' dir='ltr'>seu</span> <span class='ocrx_word' id='word_1_139' title='bbox 569 1703 901 1775; x_wconf 82' lang='lat' dir='ltr'>charitate</span> <span class='ocrx_word' id='word_1_140' title='bbox 925 1702 1243 1786; x_wconf 85' lang='lat' dir='ltr'>fratrum,</span> <span class='ocrx_word' id='word_1_141' title='bbox 1296 1725 1420 1774; x_wconf 90' lang='lat' dir='ltr'>seu</span> <span class='ocrx_word' id='word_1_142' title='bbox 1466 1703 1860 1775; x_wconf 72' lang='lat' dir='ltr'>obedientia</span> <span class='ocrx_word' id='word_1_143' title='bbox 1892 1702 2267 1788; x_wconf 71' lang='lat' dir='ltr'>maiorum,</span> <span class='ocrx_word' id='word_1_144' title='bbox 2301 1700 2387 1775; x_wconf 87' lang='lat' dir='ltr'>ad</span> <span class='ocrx_word' id='word_1_145' title='bbox 2429 1713 2744 1776; x_wconf 78' lang='lat' dir='ltr'>remotas</span> 
     </span>
     <span class='ocr_line' id='line_1_17' title="bbox 163 1789 2728 1884; baseline -0.002 -20"><span class='ocrx_word' id='word_1_146' title='bbox 163 1793 493 1884; x_wconf 89' lang='lat' dir='ltr'>pertrahi·</span> <span class='ocrx_word' id='word_1_147' title='bbox 525 1793 860 1883; x_wconf 77' lang='lat' dir='ltr'>regioneS,</span> <span class='ocrx_word' id='word_1_148' title='bbox 961 1815 1118 1864; x_wconf 89' lang='lat' dir='ltr'>aces</span> <span class='ocrx_word' id='word_1_149' title='bbox 1149 1792 1548 1883; x_wconf 87' lang='lat' dir='ltr'>desperatas</span> <span class='ocrx_word' id='word_1_150' title='bbox 1593 1792 1776 1862; x_wconf 90' lang='lat' dir='ltr'>inter</span> <span class='ocrx_word' id='word_1_151' title='bbox 1820 1790 2236 1864; x_wconf 83' lang='lat' dir='ltr'>dissidentes</span> <span class='ocrx_word' id='word_1_152' title='bbox 2273 1789 2613 1862; x_wconf 77' lang='lat' dir='ltr'>Ecclesias</span> <span class='ocrx_word' id='word_1_153' title='bbox 2659 1802 2728 1861; x_wconf 91' lang='lat' dir='ltr'>et</span> 
     </span>
     <span class='ocr_line' id='line_1_18' title="bbox 164 1878 2726 1973; baseline -0.002 -19"><span class='ocrx_word' id='word_1_154' title='bbox 164 1883 525 1973; x_wconf 85' lang='lat' dir='ltr'>Principes</span> <span class='ocrx_word' id='word_1_155' title='bbox 573 1881 790 1952; x_wconf 88' lang='lat' dir='ltr'>seculi</span> <span class='ocrx_word' id='word_1_156' title='bbox 826 1905 899 1951; x_wconf 88' lang='lat' dir='ltr'>re</span> <span class='ocrx_word' id='word_1_157' title='bbox 928 1903 1222 1964; x_wconf 89' lang='lat' dir='ltr'>ormare,</span> <span class='ocrx_word' id='word_1_158' title='bbox 1257 1904 1506 1953; x_wconf 88' lang='lat' dir='ltr'>causas</span> <span class='ocrx_word' id='word_1_159' title='bbox 1548 1881 1861 1952; x_wconf 88' lang='lat' dir='ltr'>humano</span> <span class='ocrx_word' id='word_1_160' title='bbox 1908 1879 2147 1954; x_wconf 88' lang='lat' dir='ltr'>sensui</span> <span class='ocrx_word' id='word_1_161' title='bbox 2193 1892 2260 1950; x_wconf 89' lang='lat' dir='ltr'>et</span> <span class='ocrx_word' id='word_1_162' title='bbox 2289 1879 2581 1951; x_wconf 88' lang='lat' dir='ltr'>consilio</span> <span class='ocrx_word' id='word_1_163' title='bbox 2621 1878 2726 1949; x_wconf 89' lang='lat' dir='ltr'>in-</span> 
     </span>
     <span class='ocr_line' id='line_1_19' title="bbox 166 1967 2719 2062; baseline -0.002 -20"><span class='ocrx_word' id='word_1_164' title='bbox 166 1970 640 2042; x_wconf 83' lang='lat' dir='ltr'>terminabiles</span> <span class='ocrx_word' id='word_1_165' title='bbox 669 2026 686 2054; x_wconf 93' lang='lat'>,</span> <span class='ocrx_word' id='word_1_166' title='bbox 738 1971 996 2043; x_wconf 82' lang='lat' dir='ltr'>auxilio</span> <span class='ocrx_word' id='word_1_167' title='bbox 1045 1970 1164 2040; x_wconf 88' lang='lat' dir='ltr'>Dei</span> <span class='ocrx_word' id='word_1_168' title='bbox 1234 1970 1521 2062; x_wconf 89' lang='lat' dir='ltr'>pacifice</span> <span class='ocrx_word' id='word_1_169' title='bbox 1584 1970 1954 2040; x_wconf 83' lang='lat' dir='ltr'>terminare</span> <span class='ocrx_word' id='word_1_170' title='bbox 1988 2022 2005 2050; x_wconf 94' lang='lat'>,</span> <span class='ocrx_word' id='word_1_171' title='bbox 2056 1980 2122 2039; x_wconf 90' lang='lat' dir='ltr'>et</span> <span class='ocrx_word' id='word_1_172' title='bbox 2187 1967 2436 2041; x_wconf 87' lang='lat' dir='ltr'>virtute</span> <span class='ocrx_word' id='word_1_173' title='bbox 2486 1967 2719 2058; x_wconf 89' lang='lat' dir='ltr'>potius</span> 
     </span>
     <span class='ocr_line' id='line_1_20' title="bbox 165 2056 2723 2160; baseline -0.003 -28"><span class='ocrx_word' id='word_1_174' title='bbox 165 2060 360 2140; x_wconf 87' lang='lat' dir='ltr'>fidei,</span> <span class='ocrx_word' id='word_1_175' title='bbox 398 2082 609 2149; x_wconf 89' lang='lat' dir='ltr'>quam</span> <span class='ocrx_word' id='word_1_176' title='bbox 658 2060 908 2160; x_wconf 91' lang='lat' dir='ltr'>spiritu</span> <span class='ocrx_word' id='word_1_177' title='bbox 938 2060 1152 2150; x_wconf 87' lang='lat' dir='ltr'>hujus</span> <span class='ocrx_word' id='word_1_178' title='bbox 1186 2058 1458 2142; x_wconf 89' lang='lat' dir='ltr'>mundi,</span> <span class='ocrx_word' id='word_1_179' title='bbox 1495 2058 1585 2128; x_wconf 90' lang='lat' dir='ltr'>de</span> <span class='ocrx_word' id='word_1_180' title='bbox 1616 2059 1855 2130; x_wconf 88' lang='lat' dir='ltr'>multis</span> <span class='ocrx_word' id='word_1_181' title='bbox 1888 2057 2299 2146; x_wconf 76' lang='lat' dir='ltr'>hujusmodi</span> <span class='ocrx_word' id='word_1_182' title='bbox 2326 2056 2723 2148; x_wconf 89' lang='lat' dir='ltr'>impossibi-</span> 
     </span>
     <span class='ocr_line' id='line_1_21' title="bbox 166 2145 2723 2239; baseline -0.002 -20"><span class='ocrx_word' id='word_1_183' title='bbox 166 2149 361 2220; x_wconf 83' lang='lat' dir='ltr'>libus</span> <span class='ocrx_word' id='word_1_184' title='bbox 408 2147 763 2239; x_wconf 76' lang='lat' dir='ltr'>possibilia</span> <span class='ocrx_word' id='word_1_185' title='bbox 811 2148 1149 2231; x_wconf 85' lang='lat' dir='ltr'>faciendo,</span> <span class='ocrx_word' id='word_1_186' title='bbox 1265 2149 1415 2219; x_wconf 85' lang='lat' dir='ltr'>uasi</span> <span class='ocrx_word' id='word_1_187' title='bbox 1464 2160 1735 2218; x_wconf 88' lang='lat' dir='ltr'>montes</span> <span class='ocrx_word' id='word_1_188' title='bbox 1808 2145 2323 2228; x_wconf 85' lang='lat' dir='ltr'>transferendo,</span> <span class='ocrx_word' id='word_1_189' title='bbox 2378 2145 2447 2216; x_wconf 91' lang='lat' dir='ltr'>in</span> <span class='ocrx_word' id='word_1_190' title='bbox 2497 2145 2723 2216; x_wconf 88' lang='lat' dir='ltr'>oculis</span> 
     </span>
     <span class='ocr_line' id='line_1_22' title="bbox 170 2235 2729 2329; baseline -0.002 -20"><span class='ocrx_word' id='word_1_191' title='bbox 170 2237 493 2309; x_wconf 90' lang='lat' dir='ltr'>omnium</span> <span class='ocrx_word' id='word_1_192' title='bbox 527 2237 869 2309; x_wconf 90' lang='lat' dir='ltr'>mirabilis</span> <span class='ocrx_word' id='word_1_193' title='bbox 899 2250 964 2308; x_wconf 91' lang='lat' dir='ltr'>et</span> <span class='ocrx_word' id='word_1_194' title='bbox 992 2259 1238 2307; x_wconf 86' lang='lat' dir='ltr'>venera</span> <span class='ocrx_word' id='word_1_195' title='bbox 1294 2237 1404 2307; x_wconf 87' lang='lat' dir='ltr'>ilis</span> <span class='ocrx_word' id='word_1_196' title='bbox 1436 2237 1660 2329; x_wconf 86' lang='lat' dir='ltr'>magis</span> <span class='ocrx_word' id='word_1_197' title='bbox 1683 2259 1764 2308; x_wconf 89' lang='lat' dir='ltr'>ac</span> <span class='ocrx_word' id='word_1_198' title='bbox 1800 2235 2025 2327; x_wconf 87' lang='lat' dir='ltr'>magis</span> <span class='ocrx_word' id='word_1_199' title='bbox 2050 2256 2407 2326; x_wconf 86' lang='lat' dir='ltr'>apparere.</span> <span class='ocrx_word' id='word_1_200' title='bbox 2436 2235 2729 2306; x_wconf 85' lang='lat' dir='ltr'>Maxime</span> 
     </span>
     <span class='ocr_line' id='line_1_23' title="bbox 169 2322 2728 2417; baseline -0.001 -21"><span class='ocrx_word' id='word_1_201' title='bbox 169 2347 335 2396; x_wconf 81' lang='lat' dir='ltr'>vero</span> <span class='ocrx_word' id='word_1_202' title='bbox 380 2326 722 2397; x_wconf 89' lang='lat' dir='ltr'>intantum</span> <span class='ocrx_word' id='word_1_203' title='bbox 773 2327 845 2396; x_wconf 90' lang='lat' dir='ltr'>in</span> <span class='ocrx_word' id='word_1_204' title='bbox 907 2348 987 2397; x_wconf 91' lang='lat' dir='ltr'>eo</span> <span class='ocrx_word' id='word_1_205' title='bbox 1041 2327 1417 2398; x_wconf 86' lang='lat' dir='ltr'>enitescere</span> <span class='ocrx_word' id='word_1_206' title='bbox 1460 2325 1685 2417; x_wconf 89' lang='lat' dir='ltr'>coepit</span> <span class='ocrx_word' id='word_1_207' title='bbox 1760 2325 1978 2395; x_wconf 87' lang='lat' dir='ltr'>virtus</span> <span class='ocrx_word' id='word_1_208' title='bbox 2036 2322 2595 2415; x_wconf 87' lang='lat' dir='ltr'>praedicationis,</span> <span class='ocrx_word' id='word_1_209' title='bbox 2646 2334 2728 2393; x_wconf 88' lang='lat' dir='ltr'>ut</span> 
     </span>
     <span class='ocr_line' id='line_1_24' title="bbox 169 2411 2729 2507; baseline -0.002 -22"><span class='ocrx_word' id='word_1_210' title='bbox 169 2414 352 2486; x_wconf 88' lang='lat' dir='ltr'>dura</span> <span class='ocrx_word' id='word_1_211' title='bbox 382 2416 584 2486; x_wconf 88' lang='lat' dir='ltr'>etiam</span> <span class='ocrx_word' id='word_1_212' title='bbox 635 2415 845 2486; x_wconf 88' lang='lat' dir='ltr'>corda</span> <span class='ocrx_word' id='word_1_213' title='bbox 891 2415 1290 2487; x_wconf 88' lang='lat' dir='ltr'>auditorum</span> <span class='ocrx_word' id='word_1_214' title='bbox 1339 2437 1543 2507; x_wconf 89' lang='lat' dir='ltr'>saepe</span> <span class='ocrx_word' id='word_1_215' title='bbox 1574 2415 1662 2485; x_wconf 91' lang='lat' dir='ltr'>ad</span> <span class='ocrx_word' id='word_1_216' title='bbox 1701 2413 2218 2485; x_wconf 83' lang='lat' dir='ltr'>conversionem</span> <span class='ocrx_word' id='word_1_217' title='bbox 2258 2411 2623 2488; x_wconf 86' lang='lat' dir='ltr'>emolliret,</span> <span class='ocrx_word' id='word_1_218' title='bbox 2660 2424 2729 2482; x_wconf 92' lang='lat' dir='ltr'>et</span> 
     </span>
     <span class='ocr_line' id='line_1_25' title="bbox 169 2499 2729 2594; baseline -0.001 -19"><span class='ocrx_word' id='word_1_219' title='bbox 169 2505 285 2575; x_wconf 82' lang='lat' dir='ltr'>vix</span> <span class='ocrx_word' id='word_1_220' title='bbox 316 2504 692 2594; x_wconf 88' lang='lat' dir='ltr'>aliquando</span> <span class='ocrx_word' id='word_1_221' title='bbox 744 2527 1008 2577; x_wconf 87' lang='lat' dir='ltr'>vacuus</span> <span class='ocrx_word' id='word_1_222' title='bbox 1054 2505 1342 2576; x_wconf 91' lang='lat' dir='ltr'>domum</span> <span class='ocrx_word' id='word_1_223' title='bbox 1391 2505 1667 2576; x_wconf 86' lang='lat' dir='ltr'>rediret.</span> <span class='ocrx_word' id='word_1_224' title='bbox 1734 2501 2179 2575; x_wconf 85' lang='lat' dir='ltr'>Postmodum</span> <span class='ocrx_word' id='word_1_225' title='bbox 2233 2522 2391 2571; x_wconf 86' lang='lat' dir='ltr'>vero</span> <span class='ocrx_word' id='word_1_226' title='bbox 2438 2499 2729 2574; x_wconf 85' lang='lat' dir='ltr'>feliciter</span> 
     </span>
     <span class='ocr_line' id='line_1_26' title="bbox 170 2589 2726 2686; baseline -0.002 -23"><span class='ocrx_word' id='word_1_227' title='bbox 170 2593 598 2686; x_wconf 79' lang='lat' dir='ltr'>proficiente,</span> <span class='ocrx_word' id='word_1_228' title='bbox 654 2606 718 2665; x_wconf 92' lang='lat' dir='ltr'>et</span> <span class='ocrx_word' id='word_1_229' title='bbox 750 2616 889 2667; x_wconf 90' lang='lat' dir='ltr'>usu</span> <span class='ocrx_word' id='word_1_230' title='bbox 916 2595 1281 2677; x_wconf 70' lang='lat' dir='ltr'>sermonis»,</span> <span class='ocrx_word' id='word_1_231' title='bbox 1311 2605 1378 2665; x_wconf 89' lang='lat' dir='ltr'>et</span> <span class='ocrx_word' id='word_1_232' title='bbox 1422 2592 1739 2684; x_wconf 79' lang='lat' dir='ltr'>exemplo</span> <span class='ocrx_word' id='word_1_233' title='bbox 1766 2589 2332 2671; x_wconf 76' lang='lat' dir='ltr'>conversationiS,</span> <span class='ocrx_word' id='word_1_234' title='bbox 2363 2600 2503 2660; x_wconf 90' lang='lat' dir='ltr'>rete</span> <span class='ocrx_word' id='word_1_235' title='bbox 2530 2589 2726 2660; x_wconf 85' lang='lat' dir='ltr'>verbi</span> 
     </span>
     <span class='ocr_line' id='line_1_27' title="bbox 170 2678 2725 2775; baseline -0.002 -21"><span class='ocrx_word' id='word_1_236' title='bbox 170 2683 288 2754; x_wconf 75' lang='lat' dir='ltr'>Dei</span> <span class='ocrx_word' id='word_1_237' title='bbox 338 2685 409 2752; x_wconf 90' lang='lat' dir='ltr'>in</span> <span class='ocrx_word' id='word_1_238' title='bbox 446 2705 663 2754; x_wconf 86' lang='lat' dir='ltr'>manu</span> <span class='ocrx_word' id='word_1_239' title='bbox 699 2684 1069 2775; x_wconf 86' lang='lat' dir='ltr'>piscatoris.</span> <span class='ocrx_word' id='word_1_240' title='bbox 1100 2684 1240 2765; x_wconf 88' lang='lat' dir='ltr'>Dei,</span> <span class='ocrx_word' id='word_1_241' title='bbox 1286 2696 1423 2754; x_wconf 93' lang='lat' dir='ltr'>tam</span> <span class='ocrx_word' id='word_1_242' title='bbox 1473 2683 1802 2774; x_wconf 88' lang='lat' dir='ltr'>copiosas.</span> <span class='ocrx_word' id='word_1_243' title='bbox 1845 2679 2145 2771; x_wconf 86' lang='lat' dir='ltr'>piscium</span> <span class='ocrx_word' id='word_1_244' title='bbox 2200 2678 2725 2752; x_wconf 85' lang='lat' dir='ltr'>rationabilium</span> 
     </span>
     <span class='ocr_line' id='line_1_28' title="bbox 171 2767 2724 2861; baseline -0.003 -18"><span class='ocrx_word' id='word_1_245' title='bbox 171 2771 663 2843; x_wconf 83' lang='lat' dir='ltr'>multitudines·</span> <span class='ocrx_word' id='word_1_246' title='bbox 682 2794 802 2842; x_wconf 89' lang='lat' dir='ltr'>coe</span> <span class='ocrx_word' id='word_1_247' title='bbox 856 2771 907 2843; x_wconf 88' lang='lat' dir='ltr'>it</span> <span class='ocrx_word' id='word_1_248' title='bbox 951 2771 1390 2853; x_wconf 86' lang='lat' dir='ltr'>concludere,</span> <span class='ocrx_word' id='word_1_249' title='bbox 1445 2783 1523 2843; x_wconf 91' lang='lat' dir='ltr'>ut</span> <span class='ocrx_word' id='word_1_250' title='bbox 1568 2772 1656 2841; x_wconf 91' lang='lat' dir='ltr'>de</span> <span class='ocrx_word' id='word_1_251' title='bbox 1700 2768 2002 2861; x_wconf 87' lang='lat' dir='ltr'>singulis</span> <span class='ocrx_word' id='word_1_252' title='bbox 2038 2767 2194 2856; x_wconf 85' lang='lat' dir='ltr'>ejus</span> <span class='ocrx_word' id='word_1_253' title='bbox 2239 2767 2552 2858; x_wconf 84' lang='lat' dir='ltr'>capturis</span> <span class='ocrx_word' id='word_1_254' title='bbox 2599 2789 2724 2837; x_wconf 86' lang='lat' dir='ltr'>na-</span> 
     </span>
     <span class='ocr_line' id='line_1_29' title="bbox 172 2855 2744 2951; baseline 0 -22"><span class='ocrx_word' id='word_1_255' title='bbox 172 2860 403 2931; x_wconf 78' lang='lat' dir='ltr'>vicula</span> <span class='ocrx_word' id='word_1_256' title='bbox 450 2860 701 2932; x_wconf 90' lang='lat' dir='ltr'>domus</span> <span class='ocrx_word' id='word_1_257' title='bbox 741 2860 787 2930; x_wconf 93' lang='lat' dir='ltr'>il</span> <span class='ocrx_word' id='word_1_258' title='bbox 823 2862 932 2931; x_wconf 90' lang='lat' dir='ltr'>ius</span> <span class='ocrx_word' id='word_1_259' title='bbox 963 2862 1055 2931; x_wconf 93' lang='lat' dir='ltr'>im</span> <span class='ocrx_word' id='word_1_260' title='bbox 1115 2860 1237 2932; x_wconf 90' lang='lat' dir='ltr'>leri</span> <span class='ocrx_word' id='word_1_261' title='bbox 1276 2882 1476 2951; x_wconf 89' lang='lat' dir='ltr'>posse</span> <span class='ocrx_word' id='word_1_262' title='bbox 1521 2860 1890 2930; x_wconf 88' lang='lat' dir='ltr'>videretur.</span> <span class='ocrx_word' id='word_1_263' title='bbox 1929 2856 2123 2928; x_wconf 89' lang='lat' dir='ltr'>Unde</span> <span class='ocrx_word' id='word_1_264' title='bbox 2174 2855 2432 2928; x_wconf 86' lang='lat' dir='ltr'>factum</span> <span class='ocrx_word' id='word_1_265' title='bbox 2471 2867 2597 2936; x_wconf 83' lang='lat' dir='ltr'>est,</span> <span class='ocrx_word' id='word_1_266' title='bbox 2655 2865 2744 2929; x_wconf 34' lang='lat' dir='ltr'>ut,</span> 
     </span>
     <span class='ocr_line' id='line_1_30' title="bbox 174 2884 2723 3041; baseline -0.002 -21"><span class='ocrx_word' id='word_1_267' title='bbox 174 2950 249 3020; x_wconf 91' lang='lat' dir='ltr'>in</span> <span class='ocrx_word' id='word_1_268' title='bbox 282 2950 468 3020; x_wconf 85' lang='lat' dir='ltr'>brevi</span> <span class='ocrx_word' id='word_1_269' title='bbox 521 2948 765 3039; x_wconf 87' lang='lat' dir='ltr'>majori</span> <span class='ocrx_word' id='word_1_270' title='bbox 803 2884 1161 3033; x_wconf 66' lang='lat' dir='ltr'>miraculb,</span> <span class='ocrx_word' id='word_1_271' title='bbox 1215 2971 1378 3041; x_wconf 90' lang='lat' dir='ltr'>prae</span> <span class='ocrx_word' id='word_1_272' title='bbox 1407 2949 1760 3030; x_wconf 89' lang='lat' dir='ltr'>omnibus,</span> <span class='ocrx_word' id='word_1_273' title='bbox 1794 2968 1986 3037; x_wconf 48' lang='lat' dir='ltr'>quae¹</span> <span class='ocrx_word' id='word_1_274' title='bbox 2019 2945 2091 3016; x_wconf 84' lang='lat' dir='ltr'>in</span> <span class='ocrx_word' id='word_1_275' title='bbox 2139 2946 2271 3019; x_wconf 91' lang='lat' dir='ltr'>hac</span> <span class='ocrx_word' id='word_1_276' title='bbox 2319 2945 2456 3017; x_wconf 85' lang='lat' dir='ltr'>vita</span> <span class='ocrx_word' id='word_1_277' title='bbox 2488 2943 2723 3037; x_wconf 82' lang='lat' dir='ltr'>gessit,</span> 
     </span>
     <span class='ocr_line' id='line_1_31' title="bbox 175 3036 2729 3130; baseline -0.003 -22"><span class='ocrx_word' id='word_1_278' title='bbox 175 3037 538 3109; x_wconf 85' lang='lat' dir='ltr'>miraculis</span> <span class='ocrx_word' id='word_1_279' title='bbox 568 3092 585 3120; x_wconf 93' lang='lat'>,</span> <span class='ocrx_word' id='word_1_280' title='bbox 643 3060 763 3129; x_wconf 89' lang='lat' dir='ltr'>per</span> <span class='ocrx_word' id='word_1_281' title='bbox 808 3060 1030 3109; x_wconf 87' lang='lat' dir='ltr'>unum</span> <span class='ocrx_word' id='word_1_282' title='bbox 1091 3039 1447 3109; x_wconf 88' lang='lat' dir='ltr'>hominem</span> <span class='ocrx_word' id='word_1_283' title='bbox 1496 3036 1911 3130; x_wconf 82' lang='lat' dir='ltr'>languidum</span> <span class='ocrx_word' id='word_1_284' title='bbox 1965 3047 2037 3106; x_wconf 85' lang='lat' dir='ltr'>et</span> <span class='ocrx_word' id='word_1_285' title='bbox 2077 3037 2518 3117; x_wconf 81' lang='lat' dir='ltr'>seminecem,</span> <span class='ocrx_word' id='word_1_286' title='bbox 2574 3044 2729 3103; x_wconf 78' lang='lat' dir='ltr'>tan-</span> 
     </span>
     <span class='ocr_line' id='line_1_32' title="bbox 175 3121 2731 3216; baseline -0.002 -19"><span class='ocrx_word' id='word_1_287' title='bbox 175 3125 535 3198; x_wconf 86' lang='lat' dir='ltr'>tummodo</span> <span class='ocrx_word' id='word_1_288' title='bbox 592 3126 784 3216; x_wconf 90' lang='lat' dir='ltr'>loqui</span> <span class='ocrx_word' id='word_1_289' title='bbox 844 3127 1203 3209; x_wconf 82' lang='lat' dir='ltr'>valentem,</span> <span class='ocrx_word' id='word_1_290' title='bbox 1270 3128 1566 3198; x_wconf 86' lang='lat' dir='ltr'>obscura</span> <span class='ocrx_word' id='word_1_291' title='bbox 1627 3146 1850 3215; x_wconf 86' lang='lat' dir='ltr'>usque</span> <span class='ocrx_word' id='word_1_292' title='bbox 1895 3124 1984 3196; x_wconf 88' lang='lat' dir='ltr'>ad</span> <span class='ocrx_word' id='word_1_293' title='bbox 2033 3122 2206 3195; x_wconf 90' lang='lat' dir='ltr'>illud</span> <span class='ocrx_word' id='word_1_294' title='bbox 2272 3136 2546 3213; x_wconf 88' lang='lat' dir='ltr'>tempus</span> <span class='ocrx_word' id='word_1_295' title='bbox 2608 3121 2731 3193; x_wconf 91' lang='lat' dir='ltr'>illa</span> 
     </span>
     <span class='ocr_line' id='line_1_33' title="bbox 174 3210 2727 3301; baseline -0.001 -17"><span class='ocrx_word' id='word_1_296' title='bbox 174 3214 401 3296; x_wconf 72' lang='lat' dir='ltr'>vallis,</span> <span class='ocrx_word' id='word_1_297' title='bbox 434 3228 502 3286; x_wconf 90' lang='lat' dir='ltr'>et</span> <span class='ocrx_word' id='word_1_298' title='bbox 549 3236 620 3285; x_wconf 93' lang='lat' dir='ltr'>re</span> <span class='ocrx_word' id='word_1_299' title='bbox 657 3229 724 3287; x_wconf 92' lang='lat' dir='ltr'>et</span> <span class='ocrx_word' id='word_1_300' title='bbox 769 3216 1053 3288; x_wconf 83' lang='lat' dir='ltr'>nomine</span> <span class='ocrx_word' id='word_1_301' title='bbox 1098 3215 1494 3287; x_wconf 77' lang='lat' dir='ltr'>claravallis</span> <span class='ocrx_word' id='word_1_302' title='bbox 1545 3213 1975 3296; x_wconf 87' lang='lat' dir='ltr'>efficeretur,</span> <span class='ocrx_word' id='word_1_303' title='bbox 2034 3212 2309 3285; x_wconf 85' lang='lat' dir='ltr'>divinae</span> <span class='ocrx_word' id='word_1_304' title='bbox 2355 3210 2727 3301; x_wconf 88' lang='lat' dir='ltr'>cujusdam</span> 
     </span>
     <span class='ocr_line' id='line_1_34' title="bbox 174 3299 2733 3394; baseline -0.001 -20"><span class='ocrx_word' id='word_1_305' title='bbox 174 3303 508 3375; x_wconf 83' lang='lat' dir='ltr'>claritatis</span> <span class='ocrx_word' id='word_1_306' title='bbox 557 3303 819 3387; x_wconf 85' lang='lat' dir='ltr'>lumen,</span> <span class='ocrx_word' id='word_1_307' title='bbox 852 3305 1053 3393; x_wconf 87' lang='lat' dir='ltr'>quasi</span> <span class='ocrx_word' id='word_1_308' title='bbox 1096 3304 1186 3374; x_wconf 90' lang='lat' dir='ltr'>de</span> <span class='ocrx_word' id='word_1_309' title='bbox 1217 3325 1496 3375; x_wconf 91' lang='lat' dir='ltr'>summo</span> <span class='ocrx_word' id='word_1_310' title='bbox 1566 3303 1868 3393; x_wconf 89' lang='lat' dir='ltr'>quodam</span> <span class='ocrx_word' id='word_1_311' title='bbox 1918 3302 2115 3394; x_wconf 82' lang='lat' dir='ltr'>apice</span> <span class='ocrx_word' id='word_1_312' title='bbox 2173 3302 2531 3384; x_wconf 56' lang='lat' dir='ltr'>uirtutum,</span> <span class='ocrx_word' id='word_1_313' title='bbox 2596 3299 2733 3371; x_wconf 85' lang='lat' dir='ltr'>dif-</span> 
     </span>
     <span class='ocr_line' id='line_1_35' title="bbox 174 3389 2734 3484; baseline -0.001 -21"><span class='ocrx_word' id='word_1_314' title='bbox 174 3392 477 3465; x_wconf 82' lang='lat' dir='ltr'>fundens</span> <span class='ocrx_word' id='word_1_315' title='bbox 507 3394 578 3463; x_wconf 92' lang='lat' dir='ltr'>in</span> <span class='ocrx_word' id='word_1_316' title='bbox 619 3392 870 3465; x_wconf 80' lang='lat' dir='ltr'>devexa</span> <span class='ocrx_word' id='word_1_317' title='bbox 904 3403 1283 3465; x_wconf 85' lang='lat' dir='ltr'>terrarum:</span> <span class='ocrx_word' id='word_1_318' title='bbox 1321 3405 1388 3464; x_wconf 90' lang='lat' dir='ltr'>et</span> <span class='ocrx_word' id='word_1_319' title='bbox 1437 3405 1692 3464; x_wconf 82' lang='lat' dir='ltr'>extunc</span> <span class='ocrx_word' id='word_1_320' title='bbox 1735 3390 1923 3484; x_wconf 90' lang='lat' dir='ltr'>apud</span> <span class='ocrx_word' id='word_1_321' title='bbox 1973 3389 2219 3464; x_wconf 88' lang='lat' dir='ltr'>vallem</span> <span class='ocrx_word' id='word_1_322' title='bbox 2277 3389 2496 3473; x_wconf 87' lang='lat' dir='ltr'>illam,</span> <span class='ocrx_word' id='word_1_323' title='bbox 2551 3409 2734 3477; x_wconf 88' lang='lat' dir='ltr'>quae</span> 
     </span>
     <span class='ocr_line' id='line_1_36' title="bbox 176 3481 2734 3574; baseline -0 -22"><span class='ocrx_word' id='word_1_324' title='bbox 176 3482 391 3574; x_wconf 85' lang='lat' dir='ltr'>prius.</span> <span class='ocrx_word' id='word_1_325' title='bbox 416 3482 785 3553; x_wconf 75' lang='lat' dir='ltr'>dicebatur</span> <span class='ocrx_word' id='word_1_326' title='bbox 822 3482 1032 3554; x_wconf 89' lang='lat' dir='ltr'>Vallis</span> <span class='ocrx_word' id='word_1_327' title='bbox 1062 3481 1539 3572; x_wconf 79' lang='lat' dir='ltr'>Absynthialis.</span> <span class='ocrx_word' id='word_1_328' title='bbox 1585 3495 1653 3554; x_wconf 91' lang='lat' dir='ltr'>et</span> <span class='ocrx_word' id='word_1_329' title='bbox 1706 3502 1946 3553; x_wconf 85' lang='lat' dir='ltr'>amara</span> <span class='ocrx_word' id='word_1_330' title='bbox 1974 3535 1989 3559; x_wconf 82' lang='lat'>.</span> <span class='ocrx_word' id='word_1_331' title='bbox 2047 3490 2424 3570; x_wconf 85' lang='lat' dir='ltr'>coeperunt</span> <span class='ocrx_word' id='word_1_332' title='bbox 2463 3492 2734 3551; x_wconf 89' lang='lat' dir='ltr'>montes</span> 
     </span>
     <span class='ocr_line' id='line_1_37' title="bbox 176 3567 2727 3655; baseline -0.002 -12"><span class='ocrx_word' id='word_1_333' title='bbox 176 3570 439 3643; x_wconf 82' lang='lat' dir='ltr'>stillare</span> <span class='ocrx_word' id='word_1_334' title='bbox 496 3571 959 3642; x_wconf 89' lang='lat' dir='ltr'>dulcedinem.</span> <span class='ocrx_word' id='word_1_335' title='bbox 1015 3576 1203 3655; x_wconf 89' lang='lat' dir='ltr'>Quae</span> <span class='ocrx_word' id='word_1_336' title='bbox 1251 3593 1463 3642; x_wconf 81' lang='lat' dir='ltr'>vacua</span> <span class='ocrx_word' id='word_1_337' title='bbox 1516 3570 1649 3642; x_wconf 86' lang='lat' dir='ltr'>fuit</span> <span class='ocrx_word' id='word_1_338' title='bbox 1685 3581 1754 3641; x_wconf 89' lang='lat' dir='ltr'>et</span> <span class='ocrx_word' id='word_1_339' title='bbox 1796 3568 2051 3641; x_wconf 87' lang='lat' dir='ltr'>sterilis</span> <span class='ocrx_word' id='word_1_340' title='bbox 2099 3568 2187 3640; x_wconf 90' lang='lat' dir='ltr'>ab</span> <span class='ocrx_word' id='word_1_341' title='bbox 2244 3567 2437 3639; x_wconf 87' lang='lat' dir='ltr'>omni</span> <span class='ocrx_word' id='word_1_342' title='bbox 2495 3570 2676 3640; x_wconf 91' lang='lat' dir='ltr'>bono</span> <span class='ocrx_word' id='word_1_343' title='bbox 2710 3620 2727 3648; x_wconf 92' lang='lat'>,</span> 
     </span>
     <span class='ocr_line' id='line_1_38' title="bbox 175 3655 2723 3751; baseline -0.004 -18"><span class='ocrx_word' id='word_1_344' title='bbox 175 3661 402 3751; x_wconf 85' lang='lat' dir='ltr'>coepit</span> <span class='ocrx_word' id='word_1_345' title='bbox 433 3660 792 3732; x_wconf 87' lang='lat' dir='ltr'>abundare</span> <span class='ocrx_word' id='word_1_346' title='bbox 845 3659 1217 3743; x_wconf 86' lang='lat' dir='ltr'>frumento,</span> <span class='ocrx_word' id='word_1_347' title='bbox 1267 3673 1335 3731; x_wconf 89' lang='lat' dir='ltr'>et</span> <span class='ocrx_word' id='word_1_348' title='bbox 1379 3660 1466 3732; x_wconf 92' lang='lat' dir='ltr'>de</span> <span class='ocrx_word' id='word_1_349' title='bbox 1511 3681 1668 3732; x_wconf 89' lang='lat' dir='ltr'>rore</span> <span class='ocrx_word' id='word_1_350' title='bbox 1702 3658 1877 3731; x_wconf 87' lang='lat' dir='ltr'>coeli</span> <span class='ocrx_word' id='word_1_351' title='bbox 1934 3671 2003 3729; x_wconf 89' lang='lat' dir='ltr'>et</span> <span class='ocrx_word' id='word_1_352' title='bbox 2053 3656 2532 3731; x_wconf 84' lang='lat' dir='ltr'>benedictione</span> <span class='ocrx_word' id='word_1_353' title='bbox 2580 3655 2723 3735; x_wconf 85' lang='lat' dir='ltr'>Dei,</span> 
     </span>
     <span class='ocr_line' id='line_1_39' title="bbox 174 3744 2734 3841; baseline -0.002 -22"><span class='ocrx_word' id='word_1_354' title='bbox 174 3749 527 3820; x_wconf 80' lang='lat' dir='ltr'>intantum</span> <span class='ocrx_word' id='word_1_355' title='bbox 575 3749 1026 3841; x_wconf 85' lang='lat' dir='ltr'>pinguescere</span> <span class='ocrx_word' id='word_1_356' title='bbox 1070 3748 1307 3820; x_wconf 90' lang='lat' dir='ltr'>omnia</span> <span class='ocrx_word' id='word_1_357' title='bbox 1355 3748 1626 3822; x_wconf 86' lang='lat' dir='ltr'>deserta</span> <span class='ocrx_word' id='word_1_358' title='bbox 1656 3748 1832 3840; x_wconf 86' lang='lat' dir='ltr'>ejus,</span> <span class='ocrx_word' id='word_1_359' title='bbox 1888 3758 1955 3818; x_wconf 86' lang='lat' dir='ltr'>et</span> <span class='ocrx_word' id='word_1_360' title='bbox 2009 3744 2471 3838; x_wconf 88' lang='lat' dir='ltr'>multiplicata</span> <span class='ocrx_word' id='word_1_361' title='bbox 2531 3754 2734 3835; x_wconf 88' lang='lat' dir='ltr'>gente</span> 
     </span>
     <span class='ocr_line' id='line_1_40' title="bbox 179 3837 2526 3934; baseline -0.003 -21"><span class='ocrx_word' id='word_1_362' title='bbox 179 3839 632 3930; x_wconf 84' lang='lat' dir='ltr'>magnificare</span> <span class='ocrx_word' id='word_1_363' title='bbox 669 3837 1025 3909; x_wconf 87' lang='lat' dir='ltr'>laetitiam.</span> <span class='ocrx_word' id='word_1_364' title='bbox 2511 3918 2526 3934; x_wconf 92' lang='lat'>.</span> 
     </span>
    </p>

    <p class='ocr_par' dir='ltr' id='par_1_4' title="bbox 181 3922 2738 4552">
     <span class='ocr_line' id='line_1_41' title="bbox 268 3922 2738 4014; baseline -0.004 -16"><span class='ocrx_word' id='word_1_365' title='bbox 268 3928 305 4014; x_wconf 67' lang='grc' dir='ltr'><strong>ξ</strong></span> <span class='ocrx_word' id='word_1_366' title='bbox 352 3932 519 3999; x_wconf 65' lang='lat'>82.</span> <span class='ocrx_word' id='word_1_367' title='bbox 568 3927 718 3997; x_wconf 87' lang='lat' dir='ltr'>Jam</span> <span class='ocrx_word' id='word_1_368' title='bbox 763 3925 1016 3997; x_wconf 91' lang='lat' dir='ltr'>domus</span> <span class='ocrx_word' id='word_1_369' title='bbox 1060 3925 1341 3998; x_wconf 88' lang='lat' dir='ltr'>Ordinis</span> <span class='ocrx_word' id='word_1_370' title='bbox 1388 3924 1604 4008; x_wconf 91' lang='lat' dir='ltr'>illius,</span> <span class='ocrx_word' id='word_1_371' title='bbox 1642 3924 1827 3996; x_wconf 86' lang='lat' dir='ltr'>filiae</span> <span class='ocrx_word' id='word_1_372' title='bbox 1873 3922 2126 3995; x_wconf 85' lang='lat' dir='ltr'>domus</span> <span class='ocrx_word' id='word_1_373' title='bbox 2173 3922 2421 4014; x_wconf 83' lang='lat' dir='ltr'>ipsius,</span> <span class='ocrx_word' id='word_1_374' title='bbox 2465 3932 2641 3995; x_wconf 77' lang='lat' dir='ltr'>citra</span> <span class='ocrx_word' id='word_1_375' title='bbox 2668 3929 2738 3992; x_wconf 87' lang='lat' dir='ltr'>et</span> 
     </span>
     <span class='ocr_line' id='line_1_42' title="bbox 181 4009 2729 4106; baseline -0.003 -21"><span class='ocrx_word' id='word_1_376' title='bbox 181 4012 363 4085; x_wconf 82' lang='lat' dir='ltr'>ultra</span> <span class='ocrx_word' id='word_1_377' title='bbox 392 4015 593 4106; x_wconf 68' lang='lat' dir='ltr'>Alpae</span> <span class='ocrx_word' id='word_1_378' title='bbox 620 4027 686 4086; x_wconf 91' lang='lat' dir='ltr'>et</span> <span class='ocrx_word' id='word_1_379' title='bbox 732 4015 976 4097; x_wconf 73' lang='lat' dir='ltr'>maria,</span> <span class='ocrx_word' id='word_1_380' title='bbox 1028 4014 1296 4086; x_wconf 88' lang='lat' dir='ltr'>deserta</span> <span class='ocrx_word' id='word_1_381' title='bbox 1327 4014 1633 4106; x_wconf 87' lang='lat' dir='ltr'>plurima</span> <span class='ocrx_word' id='word_1_382' title='bbox 1658 4012 2142 4104; x_wconf 81' lang='lat' dir='ltr'>impleverunt,</span> <span class='ocrx_word' id='word_1_383' title='bbox 2177 4023 2249 4084; x_wconf 84' lang='lat' dir='ltr'>et</span> <span class='ocrx_word' id='word_1_384' title='bbox 2275 4009 2507 4086; x_wconf 83' lang='lat' dir='ltr'>adbuc</span> <span class='ocrx_word' id='word_1_385' title='bbox 2541 4020 2729 4091; x_wconf 86' lang='lat' dir='ltr'>sunt,</span> 
     </span>
     <span class='ocr_line' id='line_1_43' title="bbox 181 4100 2737 4260; baseline -0.002 -88"><span class='ocrx_word' id='word_1_386' title='bbox 181 4115 263 4172; x_wconf 87' lang='lat' dir='ltr'>et.</span> <span class='ocrx_word' id='word_1_387' title='bbox 284 4104 597 4260; x_wconf 40' lang='lat' dir='ltr'>¹quotidie</span> <span class='ocrx_word' id='word_1_388' title='bbox 635 4104 1024 4187; x_wconf 80' lang='lat' dir='ltr'>confluunt,</span> <span class='ocrx_word' id='word_1_389' title='bbox 1065 4103 1332 4192; x_wconf 80' lang='lat' dir='ltr'>quibus</span> <span class='ocrx_word' id='word_1_390' title='bbox 1371 4103 1566 4175; x_wconf 88' lang='lat' dir='ltr'>locus</span> <span class='ocrx_word' id='word_1_391' title='bbox 1610 4100 2062 4192; x_wconf 80' lang='lat' dir='ltr'>quaerendus.</span> <span class='ocrx_word' id='word_1_392' title='bbox 2096 4111 2222 4174; x_wconf 49' lang='lat' dir='ltr'>esti</span> <span class='ocrx_word' id='word_1_393' title='bbox 2266 4104 2345 4172; x_wconf 88' lang='lat' dir='ltr'>Bt</span> <span class='ocrx_word' id='word_1_394' title='bbox 2407 4108 2737 4189; x_wconf 85' lang='lat' dir='ltr'>petuntur</span> 
     </span>
     <span class='ocr_line' id='line_1_44' title="bbox 181 4188 2735 4278; baseline -0.001 -17"><span class='ocrx_word' id='word_1_395' title='bbox 181 4212 279 4261; x_wconf 79' lang='lat' dir='ltr'>un</span> <span class='ocrx_word' id='word_1_396' title='bbox 336 4192 491 4278; x_wconf 82' lang='lat' dir='ltr'>ique</span> <span class='ocrx_word' id='word_1_397' title='bbox 549 4192 817 4276; x_wconf 85' lang='lat' dir='ltr'>fratres,</span> <span class='ocrx_word' id='word_1_398' title='bbox 869 4205 936 4263; x_wconf 91' lang='lat' dir='ltr'>et</span> <span class='ocrx_word' id='word_1_399' title='bbox 985 4192 1401 4274; x_wconf 78' lang='lat' dir='ltr'>mittuntur,</span> <span class='ocrx_word' id='word_1_400' title='bbox 1469 4214 1633 4263; x_wconf 89' lang='lat' dir='ltr'>cum</span> <span class='ocrx_word' id='word_1_401' title='bbox 1691 4193 1927 4263; x_wconf 89' lang='lat' dir='ltr'>beatos</span> <span class='ocrx_word' id='word_1_402' title='bbox 1986 4210 2061 4265; x_wconf 81' lang='lat' dir='ltr'>se</span> <span class='ocrx_word' id='word_1_403' title='bbox 2105 4188 2475 4265; x_wconf 80' lang='lat' dir='ltr'>aestimant</span> <span class='ocrx_word' id='word_1_404' title='bbox 2520 4206 2735 4277; x_wconf 54' lang='lat' dir='ltr'>areges</span> 
     </span>
     <span class='ocr_line' id='line_1_45' title="bbox 182 4277 2738 4374; baseline -0 -26"><span class='ocrx_word' id='word_1_405' title='bbox 182 4282 516 4371; x_wconf 86' lang='lat' dir='ltr'>gentium,</span> <span class='ocrx_word' id='word_1_406' title='bbox 568 4281 1041 4374; x_wconf 86' lang='lat' dir='ltr'>et.praesules</span> <span class='ocrx_word' id='word_1_407' title='bbox 1079 4280 1577 4364; x_wconf 80' lang='lat' dir='ltr'>ecclesiarum,</span> <span class='ocrx_word' id='word_1_408' title='bbox 1644 4281 1955 4351; x_wconf 82' lang='lat' dir='ltr'>civitates</span> <span class='ocrx_word' id='word_1_409' title='bbox 1999 4290 2072 4349; x_wconf 89' lang='lat' dir='ltr'>et·</span> <span class='ocrx_word' id='word_1_410' title='bbox 2112 4277 2468 4369; x_wconf 80' lang='lat' dir='ltr'>regiones,</span> <span class='ocrx_word' id='word_1_411' title='bbox 2519 4297 2738 4364; x_wconf 86' lang='lat' dir='ltr'>quae·-¹</span> 
     </span>
     <span class='ocr_line' id='line_1_46' title="bbox 181 4356 2733 4460; baseline -0.002 -19"><span class='ocrx_word' id='word_1_412' title='bbox 181 4391 485 4457; x_wconf 79' lang='lat' dir='ltr'>aumque</span> <span class='ocrx_word' id='word_1_413' title='bbox 527 4370 617 4442; x_wconf 85' lang='lat' dir='ltr'>de</span> <span class='ocrx_word' id='word_1_414' title='bbox 642 4371 997 4443; x_wconf 88' lang='lat' dir='ltr'>domo.illa</span> <span class='ocrx_word' id='word_1_415' title='bbox 1034 4385 1104 4442; x_wconf 89' lang='lat' dir='ltr'>et</span> <span class='ocrx_word' id='word_1_416' title='bbox 1147 4369 1537 4460; x_wconf 55' lang='lat' dir='ltr'>disciplina</span> <span class='ocrx_word' id='word_1_417' title='bbox 1571 4356 1845 4439; x_wconf 75' lang='lat' dir='ltr'>viriDei</span> <span class='ocrx_word' id='word_1_418' title='bbox 1875 4367 2408 4441; x_wconf 81' lang='lat' dir='ltr'>contubernium</span> <span class='ocrx_word' id='word_1_419' title='bbox 2450 4363 2733 4453; x_wconf 73' lang='lat' dir='ltr'>aliquod</span> 
     </span>
     <span class='ocr_line' id='line_1_47' title="bbox 183 4452 2738 4552; baseline -0.001 -21"><span class='ocrx_word' id='word_1_420' title='bbox 183 4478 263 4531; x_wconf 78' lang='lat' dir='ltr'>se</span> <span class='ocrx_word' id='word_1_421' title='bbox 288 4458 596 4550; x_wconf 83' lang='lat' dir='ltr'>gaudent</span> <span class='ocrx_word' id='word_1_422' title='bbox 624 4459 944 4552; x_wconf 84' lang='lat' dir='ltr'>adipisci.</span> <span class='ocrx_word' id='word_1_423' title='bbox 982 4458 1171 4544; x_wconf 85' lang='lat' dir='ltr'>Quid</span> <span class='ocrx_word' id='word_1_424' title='bbox 1196 4458 1419 4531; x_wconf 64' lang='lat' dir='ltr'>dicu2</span> <span class='ocrx_word' id='word_1_425' title='bbox 1439 4457 1628 4530; x_wconf 85' lang='lat' dir='ltr'>Ultra</span> <span class='ocrx_word' id='word_1_426' title='bbox 1662 4457 1989 4545; x_wconf 67' lang='lat' dir='ltr'>homines,</span> <span class='ocrx_word' id='word_1_427' title='bbox 2021 4478 2244 4547; x_wconf 71' lang='lat' dir='ltr'>usque</span> <span class='ocrx_word' id='word_1_428' title='bbox 2275 4452 2363 4531; x_wconf 84' lang='lat' dir='ltr'>ad</span> <span class='ocrx_word' id='word_1_429' title='bbox 2403 4455 2738 4531; x_wconf 82' lang='lat' dir='ltr'>barbaras</span> 
     </span>
    </p>
   </div>
  </div>
 </body>
</html>
