3308 5004
209 348 400 419 AUG,
451 348 541 417 20
887 366 970 417 ns
1013 366 1073 416 s.
1125 366 1459 418 emanso
1503 367 1649 416 Ana.
1700 365 2084 418 canevam..
2547 350 2678 418 δεῖ

209 451 598 539 subveniet,
660 449 872 553 idque
905 450 1226 534 celerius,
1276 456 1492 541 quam·
1538 451 1770 526 valeas
1817 451 1916 523 vel
1974 472 2275 544 sperans.
2313 475 2367 521 ».
2401 451 2757 541 Siquidem

205 539 610 615 recordatus
638 540 948 621 visionis,
985 562 1196 630 quam
1239 541 1522 616 veniens
1560 540 1648 612 ad
1697 540 1767 613 id
1798 540 2226 630 colloquium
2267 540 2550 624 viderat,
2591 553 2770 617 tam*

202 628 791 722 quamtoetmum
823 651 898 700 se
926 629 1404 721 Evangelium.
1445 652 1500 706 a.
1527 641 1766 703 sancto
1796 630 2047 721 Episco
2092 652 2136 701 o
2167 629 2507 705 Malachia
2536 643 2771 722 petere

207 717 760 793 benedictionem
800 771 817 799 ,
889 718 1198 790 confisus
1260 728 1365 791 est
1431 737 1673 809 pacem
1743 718 1895 792 sine
1956 652 2175 794 dubio
2245 732 2761 810 proventuram.

209 806 514 880 Necdum
565 806 914 880 Gerar-dus
961 807 1080 878 ille
1127 808 1339 880 limen
1372 807 1632 882 domus
1674 808 2014 900 attigerat,
2074 829 2117 880 a
2162 807 2337 881 facie
2381 808 2531 897 ejus
2566 829 2772 899 egre-.

209 897 435 977 diens,
487 917 651 967 cum
685 895 917 969 subito
949 895 1240 985 quidam
1289 917 1690 978 occurrens,
1736 897 1961 968 redire
2007 896 2336 970 Comitem
2379 897 2762 970 nunciavit.

209 985 634 1060 Miratisunt
660 1005 928 1066 omnes,
982 999 1121 1056 tam
1172 984 1460 1056 celerem
1503 985 1866 1058 audientes
1896 986 2378 1077 promissionis
2410 986 2757 1060 effectum.

210 1073 462 1148 Eadem
504 1074 758 1146 etenim
800 1073 974 1145 hora
1024 1078 1265 1146 Comes
1315 1073 1538 1156 rediit,
1590 1085 1659 1147 et
1706 1074 1962 1164 pariter
1991 1096 2125 1166 pax
2168 1074 2555 1148 desiderata
2604 1096 2766 1166 pro-

213 1162 425 1236 venit.
478 1167 639 1234 Erat
682 1173 916 1234 autem
964 1161 1146 1234 idem
1210 1167 1448 1234 Comes
1504 1184 1630 1254 pro
1684 1163 1924 1234 eodem
1983 1164 2257 1254 negotio
2308 1185 2393 1236 ex
2440 1164 2764 1237 mandato

210 1251 475 1324 summi
520 1250 878 1323 Pontificis
921 1251 1383 1324 anathematis
1429 1252 1730 1325 vinculis
1776 1251 2176 1333 innodatus,
2229 1252 2348 1325 sed
2397 1251 2765 1324 absolven-

212 1341 373 1422 dus,
426 1338 787 1412 humiliari
821 1394 838 1422 ,
890 1353 971 1411 ut
1017 1339 1281 1424 debuit,
1331 1340 1436 1411 vet
1491 1340 1772 1432 culpam
1831 1363 2044 1432 super
2090 1341 2220 1412 hoc
2266 1340 2462 1412 fateri
2511 1362 2760 1423 suam,

259 1431 490 1502 enitus
542 1430 923 1501 recusavit:
976 1429 1200 1521 magis
1245 1442 1478 1501 autem
1511 1484 1526 1512 ,
1578 1442 1657 1501 ut
1703 1444 1850 1501 erat
1902 1429 2287 1521 plurimum
2352 1431 2710 1504 animosus
2740 1484 2758 1512 ,
2839 1437 2847 1446 '

210 1452 430 1592 ficum
476 1517 613 1590 sibi
657 1518 940 1609 culpam
972 1517 1380 1609 hujusmodi
1430 1540 1791 1621 nunquam
1844 1520 2187 1590 remittere
2219 1519 2759 1611 imprecabatur,

211 1607 650 1696 innocentem
700 1628 774 1678 se
813 1620 1143 1698 reputans
1189 1619 1255 1677 et
1285 1607 1539 1697 injuste
1573 1607 1891 1700 ligatum.
1945 1610 2405 1691 Quamobrem
2446 1607 2765 1680 discessit

211 1709 407 1788 pater
452 1707 761 1776 sanctus,
815 1718 952 1767 non
1005 1717 1254 1787 parum
1305 1697 1521 1768 tristis
1566 1699 1656 1768 ab
1705 1696 1848 1778 illo,
1901 1696 2143 1769 dicens
2172 1697 2236 1765 ei
2264 1696 2638 1798 (siquidem
2677 1696 2763 1767 li-

212 1798 394 1860 teras
438 1782 789 1875 noverat):
842 1789 922 1857 In
972 1807 1112 1873 qua
1167 1807 1493 1856 mensura
1545 1807 1829 1856 mensus
1875 1784 2114 1865 fueris,
2167 1798 2561 1857 remetietur
2606 1785 2757 1860 tibi.

210 1874 482 1947 Eadem
514 1887 744 1946 autem
793 1873 907 1944 die
937 1928 954 1956 ,
1014 1874 1471 1948 causantibus
1518 1894 1733 1965 super
1780 1875 1910 1947 hac
1960 1874 2402 1966 improbitate
2450 1874 2765 1965 personis

210 1962 660 2052 quibusdam,
711 1974 779 2034 et
824 1962 1211 2065 principem
1262 1962 1465 2033 illum
1508 1963 1808 2054 graviter
1852 1985 2117 2034 errasse
2163 1963 2600 2044 dicentibus,
2652 1985 2765 2034 ao—

211 2073 467 2126 census
512 2051 679 2134 zelo,
725 2056 840 2122 Dei
871 2052 1202 2132 famulus,
1255 2051 1526 2141 ajebat:
1580 2074 1617 2121 «
1648 2052 1957 2124 Graviter
2004 2052 2170 2124 satis
2218 2052 2386 2122 haec
2418 2051 2764 2123 temeritas

216 2142 567 2243 punietur.
612 2141 788 2211 Fieri
833 2141 1119 2212 omnino
1161 2163 1294 2211 non
1385 2154 1581 2224 otest,
1633 2142 1758 2229 qui
1812 2142 1941 2214 hoc
2000 2141 2241 2211 eodem
2295 2163 2479 2210 anno
2526 2146 2766 2211 Comes

216 2241 532 2330 ipse-‚aut
587 2230 967 2312 moriatur,
1021 2242 1140 2299 aut
1204 2164 1585 2301 evidentem
1651 2229 1858 2300 aliam
1921 2229 2197 2300 divinae
2265 2229 2767 2330 indignationis

214 2330 466 2390 senuas
517 2318 876 2389 ultionem.
928 2341 965 2387 »
1014 2322 1156 2390 Hoc
1204 2319 1487 2390 verbum
1532 2329 1600 2389 et
1645 2340 1727 2389 ex
1775 2319 1949 2409 ipsis
1993 2331 2060 2389 et
2122 2340 2203 2388 ex
2267 2318 2424 2388 aliis
2483 2317 2766 2388 audiere

215 2428 350 2478 non
404 2407 630 2498 pauci.
669 2407 862 2492 Quod
897 2419 1036 2478 tam
1077 2407 1388 2478 celeriter
1417 2421 1521 2479 est
1561 2407 1951 2499 impletum,
1991 2423 2070 2478 ut
2099 2413 2338 2478 Comes
2363 2407 2544 2476 idem
2583 2405 2764 2477 infra

210 2495 391 2569 diem
440 2495 1121 2586 quintumdecimum
1159 2510 1561 2568 moreretur.

298 2589 337 2674 ἓ
383 2592 533 2660 m.
586 2590 953 2677 Ingressus
999 2586 1377 2673 aliquando
1409 2609 1649 2657 servus
1699 2586 1950 2657 Christi
1992 2586 2411 2658 Germaniae·
2440 2606 2756 2676 regnum,

213 2673 583 2747 festinabat
637 2675 722 2745 ad
779 2686 1007 2765 partes
1063 2677 1675 2766 Moguntinorum‚
1738 2696 1973 2765 pacem
2026 2673 2525 2744 reformaturus
2587 2673 2765 2743 inter

207 2768 302 2835 Re
397 2785 461 2832 m
485 2764 831 2834 Lotarium
860 2775 925 2833 et
955 2763 1495 2853 praedecessoris
1522 2765 1673 2854 ejus
1708 2763 1985 2834 Henrici
2014 2763 2219 2853 Regis
2246 2775 2549 2854 nepotes,
2588 2767 2763 2834 Con-

210 2874 244 2921 r
337 2873 459 2923 um
511 2852 794 2934 scilicet,
831 2853 951 2940 qui
1003 2854 1270 2924 Lotario
1310 2866 1543 2943 postea
1576 2852 1910 2923 successit
1942 2852 2012 2922 in
2061 2873 2379 2944 regnum,
2432 2864 2498 2921 et
2532 2850 2762 2921 Fride-

212 2941 465 3020 nimm‚
520 2951 784 3031 patrem
832 2940 1048 3031 hujus
1095 2942 1445 3024 Friderici‚
1483 2942 1606 3029 qui
1658 2952 1810 3033 post
1857 2940 2244 3012 conradum
2302 2941 2583 3029 electus,
2631 2940 2764 3011 'ob-

211 3030 380 3105 tinet
428 3029 633 3100 hodie
685 3030 1177 3120 principatum.
1233 3030 1657 3101 Venerabilis
1701 3042 1929 3102 autem
2000 3028 2564 3119 Metropolitanus
2619 3034 2762 3099 Mo-

205 3118 662 3210 guntinorum
712 3119 1049 3200 Albertus,
1105 3120 1579 3208 honorabilem
1628 3119 1958 3190 clericum
2008 3118 2421 3207 quemdam,
2481 3118 2763 3189 nomine

207 3207 658 3279 mascelinum
690 3262 707 3289 ,
769 3209 912 3279 viro
955 3208 1068 3278 Dei
1115 3204 1387 3279 obviam
1442 3210 1650 3280 misit.
1707 3210 1832 3279 Hic
1871 3208 2085 3299 igitur
2133 3206 2547 3278 Mascelinus
2594 3229 2756 3278 cum

206 3296 559 3368 adomino
585 3318 714 3369 suo
761 3298 1055 3370 missum
1105 3318 1178 3368 se
1201 3320 1353 3369 esse
1390 3297 1647 3368 diceret
1684 3298 1770 3367 ad
1803 3296 2242 3367 serviendum
2275 3296 2362 3376 ei,
2403 3294 2763 3387 paulisper

208 3385 516 3457 intuitus
545 3385 744 3457 illum
794 3386 900 3456 vir
948 3386 1109 3455 Dei:
1165 3409 1201 3453 «
1231 3385 1442 3469 Alius,
1494 3386 1746 3475 inquit,
1785 3386 2117 3456 dominus
2155 3385 2240 3455 ad
2277 3384 2412 3455 sibi
2454 3383 2761 3456 servien-

205 3473 377 3545 dum
411 3486 473 3547 te
509 3475 720 3545 misit.
758 3497 798 3542 »
847 3476 1130 3564 Expavit
1167 3477 1603 3555 Teutonicus,
1644 3488 1709 3545 et
1741 3477 2032 3546 miratus
2064 3474 2231 3563 quid
2268 3474 2499 3544 dicere
2529 3473 2754 3554 vellet,

207 3562 483 3635 firmius
538 3565 887 3635 asserebat
946 3587 984 3633 a
1047 3564 1331 3635 domino
1378 3587 1505 3636 suo
1553 3566 1953 3656 Moguntino
2015 3586 2165 3635 sese
2227 3563 2760 3654 Archiepiscopo

202 3651 649 3724 destinatum.
703 3658 990 3728 Econtra
1026 3675 1267 3723 servus
1305 3653 1594 3723 Christi:
1631 3677 1671 3722 «
1694 3654 2001 3735 Falleris,
2055 3654 2151 3723 ait
2183 3677 2197 3717 :
2236 3652 2455 3742 maj0r
2493 3663 2596 3721 est
2629 3656 2759 3720 Do-

205 3742 463 3823 min'u-s,
515 3741 640 3829 qui
693 3740 883 3812 misit
928 3753 1017 3821 te,
1070 3741 1444 3813 Christus»
1486 3748 1678 3813 Tunc
1727 3742 2009 3813 demum
2069 3741 2287 3811 intelli
2340 3763 2465 3810 ens
2504 3740 2755 3818 homo,

201 3850 536 3988 guorsum
572 3828 770 3900 vellet
802 3830 1071 3899 vibrare
1102 3852 1485 3902 sermonem
1515 3855 1530 3899 ε
1584 3836 1817 3912 PutaS,
1866 3831 2114 3917 inquit,
2150 3852 2287 3917 quo
2374 3827 2759 3899 monachus

253 3918 352 3987 eri
403 3918 660 3990 velim?
715 3918 903 3989 Absit
959 3941 1001 3988 a
1051 3941 1203 3989 me:
1267 3942 1402 3992 non
1458 3921 1788 4011 cogitavi,
1844 3940 1970 3989 nec
2023 3918 2335 3989 ascendit
2383 3939 2596 4008 super
2640 3938 2761 3986 cor

201 4027 461 4077 meum.
505 4006 973 4078 Nihilominus
1009 4019 1265 4090 tamen,
1322 4022 1656 4080 renuente
1686 4008 1828 4090 illo,
1870 4007 1983 4077 Dei
2020 4007 2328 4078 famulus
2368 4004 2760 4077 affirmabat

199 4095 621 4167 omnimodis
670 4096 819 4166 fieri
857 4107 1193 4186 oportere,
1251 4120 1388 4168 non
1440 4097 1624 4186 quod
1679 4098 1829 4188 ipse
1879 4095 1966 4166 de
2025 4118 2097 4167 se
2143 4096 2580 4187 cogitaverat,
2636 4093 2760 4164 sed

196 4183 384 4272 quod
423 4184 510 4255 dc
554 4208 634 4255 eo
663 4186 1103 4277 disposuerat
1128 4191 1331 4256 Deus.
1386 4191 1463 4256 In
1496 4186 1735 4256 eodem
1768 4185 2069 4272 denique
2108 4184 2351 4255 itinere
2381 4204 2759 4254 conversus

202 4272 291 4343 ad
333 4273 722 4357 Dominum,
761 4275 994 4347 seculo
1026 4274 1358 4356 valefecit,
1398 4288 1464 4345 et
1508 4298 1670 4346 cum
1719 4274 1876 4346 aliis
1923 4273 2250 4365 pluribus
2299 4273 2586 4344 literatis
2634 4273 2760 4342 ho·

199 4362 601 4451 noratisque
651 4365 984 4454 personis,
1024 4385 1198 4452 quos
1231 4363 1506 4455 collegit
1544 4386 1625 4434 eo
1672 4376 1978 4454 tempore
2026 4384 2265 4435 servus
2295 4363 2566 4442 Christi,
2612 4362 2760 4452 ipse

198 4472 500 4541 quoque,
554 4451 733 4524 sicut
778 4454 911 4525 sibi
964 4453 1393 4545 praedictum
1443 4453 1690 4535 fuerat,
1737 4463 2013 4524 secutus
2059 4464 2162 4526 est
2211 4474 2397 4524 eum.
