3308 5004
142 364 335 431 AUG.
390 365 472 430 ⁴9
842 373 922 442 nti
969 382 1026 430 s.
1079 379 1386 432 mnovmo
1432 378 1629 432 nrxsc.
1684 377 2005 429 rotosimo
2481 363 2599 431 42⁴

141 467 446 560 genibus
494 465 697 538 fecit:
750 465 989 554 sicque
1041 465 1414 557 provisioni
1495 464 1835 536 raedictae
1880 486 2087 537 suum
2151 465 2541 556 praebendo
2588 490 2703 538 as-

146 579 440 628 sensum
471 611 486 638 ,
558 554 903 625 mandatis
950 554 1352 646 Apostolicis
1399 576 1439 624 o
1490 554 1722 625 edivit.
1789 560 1866 625 Et
1910 576 2337 642 quamquam
2394 555 2479 627 de
2526 560 2697 626 Pon-

146 645 363 716 tificis
386 646 618 735 jussu,
654 645 918 716 dictum
952 644 1266 716 habitum
1308 643 1604 714 velatum
1660 643 2024 734 portaverit
2064 665 2284 730 usque
2318 643 2401 713 ad
2446 643 2698 716 festum

143 735 392 805 beatae
424 733 722 825 Agathae
775 748 939 804 tunc
979 733 1310 814 vicinum,
1361 733 1427 803 in
1468 732 1653 802 dicto
1704 744 1930 804 tamen
1974 731 2143 802 festo
2192 732 2262 804 in
2313 735 2700 823 praesentia

144 824 454 895 duorum
525 822 994 894 cardinalium
1071 822 1326 912 recepit
1391 821 1719 912 publice:
1779 843 1861 890 ac
1928 821 2026 891 sic
2090 833 2341 891 extunc
2403 823 2697 912 portavit

150 912 485 983 continue
519 965 534 993 ,
602 925 807 1000 atque
877 911 1028 1001 ipso
1075 911 1185 980 die
1232 910 1315 980 ad
1382 923 1698 980 sanctum
1767 915 2042 982 Petrum
2102 922 2410 1000 patenter
2455 911 2703 986 detulit

160 1000 649 1091 praedicando.
703 999 1013 1070 Miranda
1049 1022 1178 1081 reS,
1228 1012 1294 1069 et
1323 998 1495 1070 alias
1529 999 1824 1069 insueta.
1876 998 1991 1068 Vir
2023 1020 2323 1087 namque
2361 999 2694 1070 virtutum

156 1090 423 1181 positus
471 1089 539 1158 in
584 1088 896 1170 sublimi,
930 1088 1076 1176 juri
1126 1087 1711 1179 primogeniturae
1748 1087 2176 1158 renunciavit
2222 1102 2287 1157 et
2319 1110 2551 1179 regno,
2593 1110 2699 1160 re-

155 1177 336 1269 galis
383 1177 536 1248 solii
589 1190 816 1269 spreta
875 1180 1128 1269 pompa
1158 1232 1174 1259 ,
1244 1199 1366 1267 pro
1420 1198 1630 1269 regno
1678 1175 2163 1267 corruptibili,
2218 1189 2569 1247 aeternum
2621 1199 2700 1247 ac

155 1267 442 1358 plenum
496 1266 766 1337 deliciis
807 1288 1095 1357 regnum
1133 1287 1471 1336 mercans.

246 1359 284 1444 ξ
330 1362 425 1427 θ.
482 1356 651 1426 Mira
710 1376 867 1425 vero
914 1355 1394 1445 compassione
1441 1354 1525 1424 ad
1598 1375 1933 1443 pauperes
1994 1352 2384 1436 ferebatur,
2444 1353 2702 1441 quibus

152 1445 390 1536 largas
430 1456 570 1514 tam
624 1445 945 1536 privatae,
991 1466 1198 1532 quam
1246 1443 1582 1533 publicas,
1636 1443 2110 1533 eleemosynas
2158 1443 2472 1513 faciebat.
2510 1443 2701 1514 Unde

141 1536 294 1624 jam
348 1531 571 1603 factus
631 1534 1012 1625 Episcopus
1073 1532 1496 1614 TolosanuS,
1569 1554 1690 1621 per
1754 1554 1968 1601 unum
2020 1555 2225 1603 suum
2287 1531 2700 1601 familiarem

153 1622 606 1692 secretarium
664 1622 1015 1694 mandavit
1074 1621 1335 1708 inquiri
1393 1620 1480 1690 de
1534 1643 1817 1690 suorum
1870 1621 2249 1707 quantitate
2296 1620 2696 1701 redituum,

152 1723 637 1799 quantumque
686 1711 818 1782 sibi
885 1709 1228 1780 sufficeret
1290 1731 1415 1800 pro
1465 1709 1836 1780 moderatis
1881 1709 2199 1801 expensis
2257 1709 2590 1781 faciendis
2637 1717 2703 1777 et

152 1799 731 1870 rationabilibus:
786 1799 1021 1870 volens
1049 1799 1231 1886 quod
1270 1811 1484 1869 totum
1523 1798 1879 1867 residuum
1916 1799 1981 1870 in
2020 1797 2493 1869 sustentandis
2529 1819 2701 1887 pau-

157 1888 445 1979 peribus
500 1902 905 1978 poneretur,
975 1909 1396 1975 quamquam
1458 1887 1805 1977 praelatus
1853 1899 1988 1957 tam
2043 1910 2338 1978 magnus
2384 1900 2584 1967 esset,
2638 1896 2704 1955 et

154 1977 349 2046 filius
397 1977 566 2045 tanti
616 1977 842 2067 Regis.
898 1982 1061 2045 Cum
1116 1991 1341 2045 autem
1378 1976 1503 2045 iret
1535 1977 1853 2059 ParisioS‚
1910 1998 2046 2066 pau
2100 1998 2282 2045 erem
2324 1975 2698 2062 quemdam

156 2066 427 2136 nudum
476 2067 755 2156 reperit:
791 2066 903 2134 cui
940 2064 1233 2134 multum
1266 2087 1416 2135 com
1474 2066 1719 2144 atiens,
1768 2066 2022 2135 abscon
2081 2066 2168 2135 ite
2205 2087 2496 2155 cappam
2534 2085 2702 2133 con-

154 2154 364 2235 tulit,
428 2176 634 2241 quam
700 2153 1047 2244 portabat,
1104 2153 1373 2240 sibique
1448 2155 1577 2223 ecit
1622 2153 1829 2223 aliam
1888 2166 2141 2224 secrete
2189 2154 2562 2244 apportari.
2619 2157 2698 2222 In

156 2244 292 2312 hoc
341 2242 545 2312 etiam
596 2243 842 2312 Christi
891 2242 1269 2311 imitatione
1300 2297 1315 2324 ‚
1363 2242 1820 2312 nihilominus
1869 2243 2227 2312 humilitas
2272 2264 2426 2312 vera
2477 2240 2696 2311 fulsit.

154 2331 456 2400 Attendit
504 2354 826 2419 namque,
863 2330 1045 2419 quod
1079 2337 1278 2413 Deus,
1315 2332 1435 2419 qui
1469 2343 1850 2400 moerentes
1897 2331 2221 2420 sospitate
2254 2330 2477 2420 erigit,
2558 2330 2705 2401 onit

157 2418 462 2489 humiles
511 2420 581 2488 in
633 2420 940 2490 sublimi.
996 2424 1148 2510 Ipse
1195 2420 1378 2488 enim
1415 2420 1972 2510 vigintiquinque
2016 2443 2150 2509 pau
2246 2441 2352 2487 res
2386 2421 2450 2488 in
2544 2440 2702 2488 omo

157 2532 283 2579 sua
337 2509 685 2580 reficiebat
781 2509 1083 2591 uotidie‚
1145 2532 1396 2597 aquarn
1448 2510 1515 2578 in
1572 2510 1895 2579 manibus
1943 2509 2154 2579 funde
2206 2521 2294 2591 at,
2353 2529 2704 2597 manuque

158 2621 285 2668 sua
335 2599 507 2688 ipsis
558 2598 743 2669 fercu
777 2622 815 2668 a
878 2599 1264 2756 apponebat
1311 2620 1390 2667 ac
1439 2619 1651 2689 panes
1714 2597 2115 2679 scindebat,
2177 2597 2437 2667 eisdem
2494 2597 2703 2666 etiam

156 2708 345 2778 genu
382 2687 579 2770 flexo,
620 2688 689 2755 in
724 2688 892 2777 ipsis
927 2694 969 2757 C
1026 2689 1190 2756 risto
1222 2687 1495 2768 servire,
1531 2698 1594 2755 et
1622 2688 1855 2777 ipsum
1888 2688 2189 2777 recipere
2223 2708 2293 2754 se
2328 2684 2698 2756 delectans.

158 2774 545 2866 Hospitalia
610 2798 992 2867 pauperum
1058 2777 1422 2862 aliquoties
1480 2775 1820 2845 visitabat.
1889 2776 2123 2846 Sciens
2172 2775 2470 2861 denique
2517 2773 2703 2861 quod

158 2866 277 2950 qui
332 2865 725 2935 vestiuntur
776 2864 1126 2946 mollibus,
1172 2866 1239 2932 in
1292 2865 1421 2935 hoc
1468 2888 1505 2933 a
1557 2866 1845 2934 Domino
1895 2887 2030 2933 non
2082 2864 2496 2944 laudantur,
2643 2874 2705 2932 st

159 2953 578 3023 Diaconatus
645 2966 998 3043 sumptum
1051 2953 1361 3023 ordinem
1397 3008 1412 3036 ,
1466 2976 1739 3044 semper
1791 2967 1970 3023 veste
2023 2954 2269 3023 humili
2327 2974 2498 3022 usus
2575 2952 2699 3021 uit.

154 3047 314 3111 Post
355 3041 747 3142 ingressum
787 3064 942 3111 vero
975 3042 1306 3132 praedicti
1346 3042 1645 3122 Ordinis,
1684 3042 1801 3111 vili
1838 3042 2077 3111 habitu
2110 3066 2188 3111 ac
2219 3041 2445 3111 bruno
2478 3041 2705 3111 colore

157 3132 227 3199 in
268 3130 564 3217 tapetii&
601 3131 887 3200 cortinis
924 3144 989 3200 et
1025 3131 1176 3200 lecti
1209 3132 1652 3221 coopertoriis
1695 3131 2037 3201 utebatur.

250 3221 394 3306 §⁸2
441 3219 884 3289 Pontificatus
917 3220 1120 3289 etiam
1155 3219 1456 3290 officium
1493 3220 1847 3289 exercebat
1877 3243 2033 3289 cum
2078 3219 2437 3310 diligentia
2471 3240 2708 3288 servus

157 3307 276 3377 hic
327 3306 573 3377 Christi
609 3307 833 3378 fidelis
865 3320 930 3377 et
958 3308 1286 3398 prudens,
1332 3309 1572 3379 Missas
1605 3308 1897 3378 dicendo
1928 3308 2230 3391 assidue,
2271 3307 2707 3377 devotissime

157 3395 451 3465 Ordines
500 3396 934 3478 celebrandO,
982 3396 1298 3477 clericos,
1345 3398 1601 3484 quibus
1648 3398 1733 3466 de
1788 3398 2144 3467 beneficiis
2187 3397 2542 3488 providere
2589 3418 2708 3465 vo-

156 3485 366 3564 lebat,
424 3486 885 3554 examinando
930 3485 1015 3555 de
1063 3486 1435 3557 virtutibus
1480 3499 1546 3555 et
1592 3486 1774 3555 vitiis
1819 3500 1886 3556 et
1939 3486 2251 3555 articulis
2309 3486 2513 3565 fidei,
2567 3486 2705 3554 vita

157 3586 225 3642 et
278 3574 590 3644 moribus
637 3574 1024 3665 diligenter.
1077 3574 1378 3644 Judaeos
1425 3588 1490 3644 et
1543 3573 1865 3655 Gentiles,
1917 3574 2060 3644 zelo
2110 3574 2375 3644 fervens
2411 3576 2548 3655 Dei,
2604 3574 2707 3641 in-

156 3660 456 3731 ducebat
495 3663 732 3733 sedule
779 3663 864 3732 ad
910 3662 1360 3752 baptismum,
1414 3686 1494 3732 ac
1542 3663 1877 3750 quosdam
1937 3663 2335 3733 eorumdem
2379 3684 2573 3732 sacro
2623 3661 2707 3730 de

159 3750 344 3820 fonte
376 3751 643 3821 levavit.
699 3757 981 3821 Demum
1033 3750 1377 3841 gloriosus
1412 3752 1537 3822 iste
1571 3766 1877 3833 sanctuS,
1914 3774 2125 3821 cursu
2161 3753 2335 3820 vitae
2381 3772 2720 3820 consum-.

162 3852 367 3920 mate,
401 3839 687 3910 feliciter
717 3839 802 3909 ad
837 3845 1047 3908 Deum
1079 3839 1330 3909 fontem
1362 3841 1621 3922 vivum,
1657 3861 1861 3926 quem
1897 3840 2090 3909 avide
2120 3839 2400 3920 sitierat,
2446 3839 2706 3927 migra-

166 3941 386 4007 turuS‚
427 3929 826 4000 infirmitate
858 3927 1281 3998 decumbens
1329 3929 1597 4007 ultima,
1629 3928 2066 3998 devotissime
2113 3927 2410 4017 sumpsit
2449 3948 2705 4015 corpus

161 4018 622 4098 Dominicum,
668 4017 985 4104 quamvis
1024 4016 1310 4099 debilis,
1362 4017 1448 4087 de
1500 4017 1669 4087 lecto
1715 4015 2001 4087 exiliens
2049 4017 2118 4084 in
2166 4038 2532 4086 occursum
2579 4020 2701 4084 Do·

158 4107 334 4175 mini
378 4106 767 4177 Salvatoris.
823 4110 1034 4175 Cruce
1083 4118 1310 4175 autem
1361 4106 1492 4176 sibi
1543 4106 1704 4175 data
1750 4127 1872 4196 per
1917 4103 2288 4191 quemdam
2339 4125 2419 4173 ex
2468 4103 2699 4184 sociis,

154 4194 694 4266 deosculabatur
732 4194 950 4275 illam,
985 4195 1391 4285 genuflexus
1440 4196 1507 4262 in
1543 4194 1740 4275 lecto,
1780 4207 1856 4263 ut
1890 4193 2131 4284 potuit,
2176 4215 2256 4261 ac
2289 4192 2358 4260 in
2392 4192 2704 4262 oratione

153 4284 402 4353 devota
464 4297 529 4354 et
594 4284 867 4354 silentio
933 4282 1372 4374 postmodum
1442 4282 1566 4352 diu
1636 4283 1913 4352 mansit.
1989 4285 2066 4351 In
2134 4286 2343 4351 Cruce
2407 4302 2707 4368 namque

160 4372 437 4441 Domini
468 4372 682 4443 nostri
710 4378 878 4442 Jesu
905 4372 1140 4454 Chisti,
1164 4384 1230 4441 et
1266 4392 1399 4440 non
1430 4371 1498 4440 in
1527 4369 1686 4450 alio,
1713 4370 2047 4441 didicerat
2066 4370 2371 4461 gloriari.
2401 4370 2704 4440 Tandem

158 4458 532 4551 gloriosam
607 4460 948 4531 resolutus
1019 4463 1087 4530 in
1153 4472 1484 4541 mortem,
1560 4459 1679 4546 qui
1752 4459 1863 4528 hic
1934 4460 2128 4529 vivus
2188 4458 2569 4529 ambulavit
2630 4459 2702 4529 in
