3308 5004
707 260 793 325 82
1315 276 1394 323 nn
1440 277 1498 323 s.
1550 272 1876 324 Arraouso
1923 276 1991 323 ι.
2042 275 2122 323 m:
2168 274 2420 324 meonro
2869 257 3057 325 AUG.
3106 259 3145 324 2

618 360 947 451 Alphonsi
998 360 1066 429 in
1117 359 1365 429 Christi
1416 360 1756 430 Vicarium
1811 361 2126 450 pietatem
2177 359 2576 430 admirabili
2624 358 2973 430 illustrare
3021 361 3147 430 mi-

622 449 881 521 racul0.
917 448 1030 518 Die
1054 448 1386 539 vigesima
1415 449 1634 539 prima
1671 449 2091 540 Septembris
2125 450 2340 539 (anno
2369 456 2743 535 unccnxxlv)
2786 462 3144 539 postquam

621 544 903 610 Sacrum
956 536 1377 617 confecisset,
1409 551 1690 608 sanctus
1721 560 1948 620 senex,
1991 551 2256 629 praeter
2302 560 2499 608 suam
2550 538 3143 623 consuetudinem,

619 626 976 698 considere
999 627 1183 696 visus
1203 638 1324 695 est.
1346 625 1586 696 Vultus
1609 627 1672 696 ei
1697 638 1840 697 erat
1859 626 2188 715 dejectus,
2221 626 2457 696 nullus
2481 626 2550 694 in
2572 648 2650 696 eo
2677 639 2903 696 motus
2927 629 3148 698 obser·

620 718 929 797 vabatur‚
985 737 1203 803 neque
1250 714 1394 784 ulla
1428 716 1561 806 ipsi
1599 715 1840 785 vocula
1867 715 2244 786 excidebat.
2280 720 2357 784 Et
2391 716 2459 784 in
2501 715 2631 784 hoc
2668 715 2950 802 quidem
2981 717 3144 797 situ,

622 818 755 875 tota
809 803 929 874 illa
977 804 1086 873 die
1133 815 1334 890 atque
1382 803 1772 891 insequenti
1819 817 2014 874 nocte
2075 803 2455 875 immobilis
2521 805 2923 895 permansit,
2977 805 3149 890 quin

618 893 757 965 cibi
806 893 1162 983 quidpiam
1215 904 1537 963 sumeret.
1592 893 1953 963 Domestici
2000 915 2264 976 omnes,
2307 906 2581 984 propter
2618 892 2715 961 rei
2755 894 3147 975 novitatem,

620 981 924 1053 attonitis
971 980 1226 1052 animis
1274 980 1688 1062 haerebant;
1743 981 1980 1052 nullus
2030 994 2254 1053 tamen
2311 981 2595 1073 propius
2641 980 2727 1051 ad
2763 1003 2921 1051 eum
2957 1002 3152 1052 acce-

619 1071 780 1142 dere
825 1070 1142 1141 audebat.
1198 1073 1362 1139 Cum
1414 1091 1591 1150 ver0,
1648 1082 1989 1140 transacta
2027 1072 2172 1161 jam
2228 1084 2445 1152 nocte,
2498 1070 2681 1139 idem
2717 1069 2967 1140 silentii
3013 1069 3153 1161 ple-

620 1160 956 1231 nissimus
989 1170 1203 1229 status
1239 1156 1610 1246 perdurare
1651 1172 1982 1249 pergeret,
2019 1159 2104 1229 ad
2142 1181 2497 1228 summum
2531 1158 2843 1228 omnium
2882 1158 3153 1229 devenit

618 1247 1007 1319 admiratio.
1046 1246 1344 1336 Prodigii
1392 1246 1697 1338 suspicio
1726 1247 2002 1335 quidem
2043 1246 2468 1328 habebatur3
2523 1246 2637 1316 sed
2672 1247 2931 1337 ipsum,
2967 1247 3150 1335 quod

620 1336 1095 1439 peragebatur,
1136 1335 1540 1423 mysterium
1570 1336 1751 1406 clam
1784 1350 1927 1406 erat
1958 1337 2309 1407 omnibus,
2365 1336 2723 1405 Enimvero
2753 1336 3149 1426 Alphonsus

621 1439 880 1495 interea
918 1446 958 1493 a
1008 1423 1328 1493 sensibus
1378 1424 1650 1514 penitus
1699 1424 2129 1495 abalienatus
2177 1437 2380 1514 atque
2429 1426 2497 1494 in
2547 1424 2831 1495 extasim
2882 1438 3147 1514 raptus,

621 1520 899 1594 Romae,
954 1533 1092 1600 quo
1124 1535 1320 1581 suam
1357 1512 1855 1615 reduplicatam
1903 1516 2354 1603 praesentiam
2397 1512 2809 1594 extenderat,
2867 1518 3157 1583 Summo

619 1601 931 1673 Pontifici
979 1602 1282 1670 animam
1333 1615 1563 1701 agenti
1611 1623 1810 1692 opem
1861 1601 2139 1672 ferebat.
2180 1607 2440 1673 Mortuo
2475 1602 2747 1672 tandem
2801 1602 3149 1685 Pontifice,

620 1703 901 1762 sanctus
949 1690 1074 1771 vir,
1131 1688 1348 1759 multo
1388 1712 1529 1775 Jam
1584 1712 1810 1773 mane,
1855 1691 1942 1761 ad
1977 1713 2049 1761 se
2081 1691 2303 1761 redire
2334 1703 2398 1761 et
2443 1692 2642 1778 quasi
2683 1712 2925 1761 somno
2970 1692 3157 1761 exci-

622 1780 745 1849 tari
811 1779 998 1850 visus
1053 1790 1175 1848 est.
1240 1778 1807 1849 Tintinnabulum
1879 1779 2237 1850 confestim
2287 1780 2677 1863 concussit,
2741 1779 3015 1849 Missam
3083 1802 3157 1850 se

617 1866 963 1939 celebrare
1009 1865 1176 1935 velle
1224 1866 1649 1957 significans,
1691 1868 1784 1938 Ad
1821 1869 2146 1939 tinnitum
2195 1890 2434 1940 omnes
2469 1870 2696 1939 statim
2732 1881 3152 1952 accurrunt3

617 1970 682 2027 et
728 1979 887 2028 cum
938 1955 1124 2025 senis
1170 1968 1450 2045 aspectu
1498 1957 2100 2059 obstupescerent:
2148 1980 2184 2024 «
2222 1957 2406 2039 Quid
2455 1969 2556 2027 est
2599 1956 2935 2048 (inquit)
2979 1958 3154 2045 quid

617 2057 718 2115 est
751 2056 1006 2114 vestrae
1039 2055 1263 2113 tantae
1297 2057 1396 2113 tre
1449 2044 1772 2116 idationis
1803 2049 2064 2116 causa?
2105 2068 2142 2114 »
2193 2046 2315 2116 Cui
2349 2045 2487 2114 illi:
2532 2048 2714 2115 Heul
2757 2059 2831 2115 tu
2863 2068 3153 2116 causam

616 2133 937 2221 quaerisl
994 2137 1087 2201 En
1127 2132 1271 2222 jam
1311 2133 1378 2203 bi
1431 2155 1601 2203 uum
1633 2148 1756 2215 est,
1800 2156 1877 2205 ex
1923 2157 2059 2222 quo
2107 2156 2242 2204 non
2293 2134 2595 2225 amplius
2644 2134 2968 2221 loqueriS,
3025 2157 3152 2205 nec

622 2221 1052 2301 manducas,
1124 2243 1342 2308 neque
1405 2221 1625 2291 ullum
1690 2224 1861 2293 vitae
1926 2225 2202 2294 sionum
2263 2223 2432 2292 edis.
2487 2228 2657 2292 Tum
2709 2222 3151 2312 Alphonsus:

621 2334 657 2378 «
694 2317 823 2381 Vos
869 2310 1150 2398 quidem
1202 2323 1378 2379 recte
1429 2310 1839 2398 loquimini;
1895 2278 2029 2383 sed³
2060 2311 2224 2400 quid
2263 2312 2595 2392 evenerit,
2644 2311 2998 2402 ignoratis.
3053 2312 3157 2381 Ivi

618 2421 743 2490 ego
790 2421 987 2491 opem
1044 2399 1256 2468 latum
1310 2404 1594 2469 Summo
1642 2400 1978 2483 Pontifici,
2030 2402 2152 2488 qui
2201 2400 2403 2470 modo
2450 2400 2755 2470 animam
2803 2399 3074 2469 efflavit.
3116 2423 3155 2469 »

618 2494 695 2559 Et
741 2512 812 2559 re
859 2488 1139 2579 quidem
1192 2510 1369 2570 vera,
1424 2487 1609 2559 haud
1663 2489 1881 2560 multo
1931 2502 2080 2582 post
2128 2489 2596 2561 renuntiatum
2645 2488 2774 2559 fuit
2804 2544 2819 2572 ,
2871 2511 2950 2559 eo
2997 2489 3157 2581 ipso

613 2578 724 2647 die
771 2591 975 2666 atque
1022 2579 1172 2668 ipsa
1222 2576 1339 2646 illa
1390 2577 1582 2659 hora,
1630 2577 2040 2649 Clementem
2077 2584 2217 2649 XIV
2250 2602 2285 2648 e
2327 2580 2460 2650 vita
2496 2579 2853 2670 migrasse.
2890 2583 2982 2647 Ex
3012 2601 3158 2665 quo

617 2666 1012 2737 admirabili
1065 2665 1496 2736 bilocationis
1528 2667 1866 2758 prodigio,
1922 2668 2146 2738 videre
2194 2679 2317 2749 est,
2370 2681 2435 2738 et
2481 2681 2739 2754 quanto
2769 2667 3157 2739 sanctitatis

615 2755 981 2847 splendore
1031 2754 1341 2824 Christus
1391 2757 1723 2825 Dominus
1772 2779 1975 2827 suum
2031 2756 2376 2826 famulum
2435 2778 2726 2837 ornare,
2780 2770 2846 2826 et
2890 2770 3156 2844 quanta

616 2844 1083 2914 consolatione
1134 2842 1628 2912 moribundum
1683 2866 1888 2913 suum
1941 2845 2285 2913 Vicarium
2328 2844 2540 2914 lenire
2570 2844 2881 2915 voluerit.

702 2934 739 3019 ξ
787 2936 922 3004 18.
979 2930 1304 3001 Defuncto
1353 2931 1704 3013 Pontifice,
1745 2946 1975 3002 noster
2006 2938 2293 3004 Sanctus
2334 2934 2402 3002 in
2444 2934 2594 3024 ejus
2632 2935 2836 3003 etiam
2879 2954 3159 3005 succes-

616 3021 792 3090 soris
840 3020 1238 3090 electionem
1291 3041 1566 3110 operam
1620 3043 1817 3091 suam
1868 3022 2197 3103 contulit,
2258 3044 2390 3091 non
2443 3021 2665 3093 solum
2721 3021 2955 3091 multis
3002 3022 3161 3092 suis

617 3108 704 3179 ad
750 3113 961 3178 Deum
1064 3108 1374 3187 recibuS,
1432 3108 1549 3178 sed
1608 3109 1811 3178 etiam
1864 3110 2396 3201 sapientissimis
2442 3109 2795 3192 consiliiS,
2849 3132 3027 3198 quae
3073 3110 3150 3180 in

616 3197 906 3287 epistola
953 3131 1056 3266 aff
1089 3195 1514 3266 cardinalem
1568 3196 1834 3267 Castelli
1865 3254 1880 3279 ,
1942 3199 2027 3268 ad
2077 3200 2301 3290 ipsius
2362 3211 2673 3300 rogatum
2706 3254 2722 3280 ,
2775 3198 3155 3289 apostolica

619 3286 928 3355 libertate
977 3285 1369 3374 impertivit.
1424 3290 1619 3356 Dotes
1666 3299 1732 3356 et
1779 3287 2082 3369 virtutes,
2137 3288 2206 3357 in
2256 3288 2365 3357 his
2416 3288 2679 3368 litteriS,
2735 3300 3145 3368 enumerat,

616 3374 812 3462 queis
861 3396 1111 3444 novum
1171 3374 1562 3444 Pontificem
1614 3388 1932 3446 ornatum
1981 3398 2130 3447 esse
2176 3376 2571 3466 oportebat,
2629 3377 3026 3466 praesertim
3076 3378 3151 3446 in

618 3461 1049 3533 difficillimis
1099 3462 1237 3534 illis
1290 3463 1739 3553 temporibus,
1777 3487 1953 3552 quae
2003 3478 2146 3536 tum
2185 3466 2485 3536 Ecclesia
2524 3466 2640 3535 Dei
2676 3467 3145 3555 percurrebat.

618 3557 749 3622 Nec
797 3551 1119 3622 frustrata
1165 3552 1493 3642 Alphonsi
1541 3555 1915 3643 expectatio
1961 3568 2109 3635 est;
2163 3555 2502 3643 siquidem
2552 3556 2713 3625 Pius
2752 3559 2859 3636 VI,
2904 3554 3028 3642 qui
3077 3555 3152 3624 in

618 3639 850 3710 sedem
901 3640 1076 3710 Petri
1123 3640 1476 3723 successit,
1530 3663 1652 3731 pro
1703 3642 2033 3734 religione
2079 3666 2157 3713 ac
2196 3643 2467 3734 justitia
2516 3643 2790 3725 tuenda,
2838 3665 2962 3714 nec
3001 3642 3155 3712 vin-

615 3728 795 3810 cula,
834 3745 960 3799 nec
993 3728 1393 3799 diuturnam
1429 3741 1630 3816 atque
1663 3752 2146 3802 aerumnosam
2179 3733 2638 3822 captivitatem
2667 3732 2902 3802 subire
2926 3731 3158 3802 detre-

615 3818 844 3889 ctavit.
874 3818 966 3887 Ad
998 3817 1187 3887 hunc
1219 3840 1375 3888 vero
1408 3818 1826 3899 Pontificem,
1870 3823 1977 3890 vix
2009 3820 2327 3902 electum,
2374 3820 2665 3912 supplex
2705 3842 2776 3890 se
2812 3821 3148 3891 convertit

614 3906 1030 3998 Alphonsus,
1060 3918 1148 3988 et,
1188 3907 1369 3993 quod
1397 3920 1595 3977 antea
1620 3907 1768 3996 jam
1796 3908 2066 3992 fecerat,
2098 3909 2185 3979 ab
2213 3909 2626 4000 Episcopatu
2656 3909 3149 3980 demissionem

613 3995 744 4065 sibi
792 3995 1123 4087 poposcit.
1169 3996 1330 4085 Ejus
1370 3996 1809 4087 postulationi
1863 3999 2110 4069 annuit
2155 3998 2402 4068 Christi
2450 3999 2786 4080 vicarius,
2830 3998 3152 4086 quamvis

615 4105 815 4174 aegre
878 4098 944 4154 et
1009 4084 1370 4154 reluctanti
1417 4085 1675 4154 animo.
1751 4091 1971 4170 Quare
2035 4087 2522 4178 gravissimum
2588 4108 2894 4168 munus,
2959 4086 3150 4174 quod

616 4172 938 4243 tredecim
989 4195 1329 4244 annorum
1381 4174 1599 4265 spatio
1646 4174 1948 4265 explerat
1977 4230 1993 4257 ,
2046 4177 2195 4246 sine
2236 4197 2425 4245 mora
2471 4189 2752 4246 sanctus
2800 4197 3005 4246 senex
3045 4176 3153 4245 di-

617 4261 843 4342 misit;
896 4273 960 4332 et
1006 4263 1388 4344 Nuceriam,
1443 4264 1564 4333 ubi
1616 4265 1985 4355 praecipua
2033 4264 2144 4334 sui
2190 4265 2491 4336 Instituti
2540 4265 2792 4334 domus
2837 4276 3006 4348 erat,
3059 4265 3150 4334 ad

617 4371 780 4422 suos
826 4350 1166 4433 alumnOS,
1220 4374 1260 4422 a
1296 4351 1551 4440 quibus
1582 4374 1846 4445 pauper
1873 4354 2304 4435 discesserat,
2364 4374 2626 4445 pauper
2672 4375 2987 4427 reversus
3016 4365 3150 4426 est.
