3308 5004
601 340 733 406 810
1207 357 1285 406 ιιι
1331 359 1387 406 s.
1442 357 1775 406 namuco
1821 359 1963 406 aas.
2018 355 2405 405 emuna.
2735 340 2922 407 ΑΗΕ.
2974 342 3061 406 20

510 443 686 533 ejus.
737 440 1078 513 Adversus
1117 442 1296 514 banc
1333 443 1844 534 quinquaginta
1876 443 2079 513 annis
2126 456 2194 511 et
2238 464 2319 512 eo
2350 440 2659 531 amplius
2693 443 2865 516 nihil
2905 465 3062 533 pro-

510 530 812 603 fecerant
844 531 1212 608 Christiani
1260 531 1676 603 laborantes.
1726 537 1894 603 Nam
1944 546 2012 602 et
2060 545 2226 601 tunc
2277 553 2409 601 non
2464 531 2776 602 humana
2816 532 3063 604 virtute

509 634 712 712 capta
755 633 905 702 est,
958 619 1079 691 sed
1128 619 1388 692 divina.
1441 626 1575 693 Nec
1641 621 2106 711 incongruum
2159 641 2347 690 nunc
2397 619 2619 711 ipsius
2653 620 3061 693 interserere

511 710 739 791 verba,
794 729 972 797 quae
1016 709 1256 781 eodem
1298 710 1671 801 scripserat
1717 731 1903 781 anno
1950 708 2036 780 ad
2088 708 2311 778 virum
2369 709 2714 799 optimum
2766 709 3059 782 militem

513 796 751 890 templi
779 798 836 879 *,
883 813 1049 870 tunc
1080 797 1505 880 ministrum,
1547 819 1736 870 nunc
1768 799 1972 870 etiam
2014 797 2424 889 magistrum
2467 797 2755 869 militiae
2788 811 2920 870 tem
2977 800 3054 883 li,

508 888 631 977 qui
680 888 903 990 ipsius
948 887 1333 958 secundum
1384 909 1664 958 carnem
1713 886 2106 958 avunculus
2151 899 2319 958 erat:
2374 910 2411 955 «
2447 892 2576 958 Vae
2625 822 3063 979 principiflus

510 988 790 1058 nostris,
842 978 960 1047 ait.
1014 981 1090 1047 In
1128 988 1307 1048 terra
1341 976 1613 1047 Domini
1650 976 1822 1047 nihil
1855 976 2019 1047 boni
2044 975 2395 1048 fecerunt:
2450 976 2519 1046 in
2554 977 2729 1060 suiS,
2762 977 2850 1048 ad
2883 999 3060 1064 quas

509 1064 827 1139 velociter
856 1065 1232 1147 redierunt,
1285 1065 1764 1137 incredibilem
1813 1076 2123 1136 exercent
2159 1063 2519 1146 malitiam,
2571 1077 2638 1137 et
2677 1089 2814 1138 non
2867 1089 3059 1138 com-

507 1155 867 1246 patiuntur
910 1176 1122 1256 super
1167 1155 1575 1226 contritione
1600 1155 1884 1246 «Ioseph.
1940 1153 2369 1225 confidimus
2401 1166 2659 1237 autem,
2711 1155 2879 1243 quia
2918 1177 3057 1227 nou

506 1243 787 1334 repellet
824 1249 1157 1314 Domlnus
1205 1243 1473 1335 plebem
1529 1266 1759 1325 suam,
1812 1256 1877 1315 et
1922 1242 2412 1314 haereditatem
2453 1265 2651 1314 suam
2695 1266 2829 1314 non
2863 1244 3060 1316 dere·

504 1332 792 1420 linquet.
831 1337 1038 1403 Porro
1066 1332 1342 1404 dextera
1376 1332 1648 1404 Domini
1696 1331 1897 1404 faciet
1931 1332 2275 1412 virtutem,
2331 1344 2398 1401 et
2444 1332 2813 1405 brachium
2845 1355 3056 1404 suum

506 1421 956 1493 auxiliabitur
1000 1420 1114 1491 ei:
1168 1434 1244 1493 ut
1281 1434 1703 1512 cognoscant
1748 1443 1991 1492 omnes
2022 1475 2039 1503 ,
2109 1420 2276 1508 quia
2335 1422 2579 1491 bonum
2626 1432 2721 1492 est
2780 1445 3053 1512 sperare

505 1513 578 1669 lim
613 1513 913 1592 Domino,
950 1533 1157 1603 quam
1200 1534 1477 1602 sperare
1515 1513 1587 1582 in
1627 1512 2104 1602 principibus»
2133 1512 2416 1596 (Psalm.
2444 1515 2516 1580 Μ
2531 1514 2628 1596 7).
2662 1510 2789 1582 Sed
2822 1511 2909 1581 de
2946 1511 3055 1584 his

557 1613 865 1670 actenuS.

509 1725 510 1728 ¹
593 1696 633 1770 §
679 1694 822 1763 14.
873 1688 1025 1759 Jam
1064 1698 1131 1758 et
1165 1686 1337 1758 illud
1377 1701 1652 1779 propter
1686 1700 1991 1779 posteros
2027 1686 2580 1769 memorandum,
2625 1710 2833 1776 quam
2878 1688 3061 1760 mul-

507 1776 831 1868 tipliciter
864 1777 990 1846 viri
1024 1777 1245 1848 sancti
1270 1777 1581 1847 doctrina
1609 1777 1951 1849 Ecclesiae
1983 1789 2261 1847 sanctae
2304 1776 2634 1866 profuerit
2664 1778 2735 1847 iu
2767 1777 3061 1849 catholi-

504 1887 745 1937 corum
796 1866 1111 1936 moribus
1155 1865 1587 1957 corrigendis
1616 1921 1632 1948 ,
1685 1866 1758 1936 in
1800 1865 2397 1937 schismaticorum
2444 1864 2799 1936 furoribus
2839 1868 3059 1958 repri-

503 1954 800 2037 mendis,
846 1955 913 2024 in
968 1954 1469 2026 haereticorum
1503 1955 1858 2026 erroribus
1887 1953 2353 2025 confutandis.
2395 1954 2748 2041 Siquidem
2784 1971 3058 2047 praeter

503 2064 645 2125 eos,
691 2065 865 2131 quos
897 2042 1133 2115 docuit
1169 2044 1398 2114 sobrie
1434 2056 1500 2114 et
1528 2045 1716 2135 juste
1744 2057 1809 2115 et
1842 2044 1949 2135 pie
1983 2043 2204 2114 vivere
2235 2043 2308 2113 in
2349 2042 2479 2114 hoc
2510 2043 2764 2126 seculo,
2793 2060 3057 2132 quanto

501 2131 706 2203 etiam
763 2131 1128 2223 perfectius
1167 2132 1544 2204 valedicere
1591 2132 1824 2204 seculo
1861 2133 2301 2223 persuaserit,
2342 2132 2442 2203 vel
2492 2155 2570 2202 ex
2622 2132 2750 2202 hoc
2783 2133 3046 2221 liquet,

501 2220 687 2309 quod
728 2243 864 2291 non
914 2221 1225 2303 cessavit,
1278 2221 1620 2311 quamdiu
1656 2222 1841 2304 vixit,
1895 2222 2161 2293 deserta
2209 2220 2452 2303 seculi,
2497 2221 2713 2292 seculi
2748 2221 3057 2295 deserto-

501 2310 697 2381 ribus
759 2309 1071 2401 implere.
1132 2311 1344 2402 Cujus
1407 2310 1791 2382 ministerio
1869 2311 2138 2382 videtur
2196 2311 2674 2401 propheticum
2740 2310 2909 2382 illud
2958 2313 3052 2403 (e

497 2402 764 2470 Psalmo
803 2399 965 2489 ⁴06)
989 2400 1195 2470 etiam
1235 2399 1685 2502 corporaliter
1716 2400 2063 2472 exhiberi:
2122 2400 2355 2470 Posuit
2388 2399 2657 2470 deserta
2690 2400 2762 2469 in
2806 2413 3051 2492 stagna

499 2511 539 2558 a
590 2511 868 2571 uarum,
924 2500 990 2560 et
1021 2501 1269 2561 terram
1322 2511 1471 2562 stne
1516 2512 1701 2578 aqua
1747 2490 1817 2559 in
1858 2490 2082 2561 exitus
2135 2511 2519 2577 aquarum:
2575 2494 2652 2561 Et
2691 2488 3052 2562 collocavit

501 2576 548 2646 il
581 2578 645 2646 ic
691 2578 1097 2661 esurientes,
1149 2591 1216 2649 et
1259 2581 1768 2650 constituerunt
1805 2578 2147 2650 civitatem
2184 2578 2630 2651 habitationis
2665 2602 2680 2646 τ
2735 2585 2813 2649 Et
2840 2581 3076 2651 semi--

497 2679 839 2738 naverunt
883 2689 1111 2759 agros,
1166 2680 1231 2737 et
1282 2667 1764 2758 plantaverunt
1813 2668 2068 2748 vineas,
2121 2679 2190 2738 et
2223 2667 2536 2738 fecerunt
2576 2667 2879 2739 fructum
2932 2692 3055 2739 na-

501 2755 826 2827 tivitatis:
877 2761 959 2827 Et
1005 2756 1353 2828 benedixit
1383 2757 1507 2839 eis,
1558 2769 1623 2827 et
1656 2755 2095 2847 multiplicati
2145 2769 2309 2826 sunt
2359 2756 2591 2838 nimis,
2645 2770 2710 2826 et
2733 2757 3050 2845 jumenta

494 2867 735 2916 eorum
778 2867 912 2915 non
965 2846 1353 2916 minoravit.
1399 2851 1574 2916 Sane
1606 2846 1676 2915 iu
1712 2844 1960 2915 diebus
1991 2843 2387 2917 schismatis
2426 2845 2797 2936 generaliS,
2831 2868 3044 2933 quam

497 2933 794 3004 fideliter
840 2957 1080 3005 servus
1120 2935 1393 3005 Domini
1441 2934 1625 3005 stetit
1675 2935 1744 3004 in
1802 2932 2266 3004 confractione
2324 2934 2394 3003 in
2445 2947 2822 3024 conspectu
2866 2937 3038 3026 ejuS,

495 3036 576 3092 ut
621 3036 951 3094 averteret
998 3024 1172 3094 iram
1220 3024 1419 3115 eJus:
1469 3046 1681 3181 guam
1714 3021 2082 3093 efficaciter
2127 3023 2310 3093 stetit
2347 3036 2415 3094 et
2448 3021 2767 3114 placavit,
2819 3046 3046 3095 cessa-

496 3111 729 3198 vitque
774 3112 1176 3199 quassatio:
1226 3134 1435 3200 quam
1517 3112 1767 3270 cuique
1814 3110 2162 3182 evidenter
2194 3112 2263 3205 in
2301 3124 2609 3203 tempore
2650 3114 2791 3183 irae
2825 3112 3049 3186 factus

498 3212 602 3270 est
648 3200 1110 3272 reconciliatio
1146 3254 1162 3283 ,
1218 3223 1355 3271 non
1408 3200 1610 3272 modo
1687 3199 1869 3272 atius
1918 3201 2506 3292 prosequendum.
2566 3201 2895 3273 Sufficere
2943 3203 3052 3273 in-

503 3288 697 3359 terim
758 3303 996 3380 potest,
1049 3290 1109 3360 si
1156 3289 1383 3380 ipsius
1425 3310 1639 3380 super
1706 3290 1833 3360 hoc
1881 3290 2243 3361 scribentis
2299 3291 2387 3360 ad
2443 3312 2603 3360 eum
2660 3292 3047 3361 Innocentii

497 3382 719 3467 Papae
758 3377 961 3449 verba
1006 3400 1396 3469 ponamus:
1453 3401 1491 3446 «
1526 3383 1744 3461 Quam
1780 3379 2004 3461 firma,
2041 3379 2160 3461 ait,
2197 3401 2407 3467 quam
2444 3380 3041 3470 perseverantique

497 3467 883 3538 constantia
923 3489 1211 3539 causam
1241 3467 1424 3538 beati
1456 3468 1633 3538 Petri
1669 3480 1737 3539 et
1764 3481 2041 3539 sanctae
2077 3468 2316 3541 matris
2350 3480 2507 3539 tuae
2539 3473 2885 3539 Romanae
2917 3473 3044 3539 Ec-

495 3554 768 3637 clesiae,
808 3555 1336 3628 incandescente
1382 3556 1560 3627 Petri
1625 3557 1869 3628 Leonis
1917 3557 2293 3628 schismate
2322 3613 2338 3640 ,
2406 3557 2628 3628 fervor
2677 3570 2830 3628 tuae
2876 3557 3045 3628 reli-

494 3645 724 3736 gionis
768 3657 834 3716 et
869 3644 1307 3717 discretionis
1366 3648 1748 3738 susceperit
1795 3644 2318 3728 defensandam,
2370 3660 2436 3718 et
2482 3669 2556 3717 se
2596 3669 2881 3718 murum
2931 3647 3042 3718 in·

493 3734 1025 3837 expugnabilem
1064 3757 1185 3826 pro
1218 3734 1421 3806 domo
1461 3736 1575 3806 Dei
1607 3756 1895 3826 ponens,
1935 3736 2205 3807 animos
2236 3757 2474 3827 regum
2502 3759 2581 3807 ac
2612 3736 3039 3828 principum,

491 3836 557 3895 et
603 3823 899 3895 aliarum
950 3836 1089 3895 tam
1135 3823 1759 3896 ecclesiasticarum
1824 3847 2032 3913 quam
2097 3823 2519 3896 secularium
2585 3847 3045 3916 personarum

492 3913 577 3984 ad
628 3914 1011 3985 Catholicae
1057 3912 1401 3985 Ecclesiae
1449 3914 1811 3994 unitatem,
1865 3936 1945 3983 ac
1979 3913 2159 3983 beati
2195 3915 2375 3985 Petri
2420 3936 2501 3984 ac
2542 3926 2847 3985 nostram
2881 3915 3045 3986 obe-

408 4065 416 4073 .
491 4002 821 4075 dientiam
893 4003 1370 4092 frequentibus
1433 4004 1865 4093 argumentis
1924 4015 1990 4073 et
2037 4002 2299 4074 ratione
2371 4003 2659 4074 munitis
2709 4003 3045 4075 inducere

492 4091 922 4175 laboraverit,
978 4115 1088 4163 ma
1145 4116 1253 4175 na,
1306 4115 1482 4180 quae
1514 4091 1856 4162 Ecclesiae
1886 4104 1953 4161 et
1986 4092 2185 4164 nobis
2220 4092 2551 4182 provenit,
2592 4092 2854 4163 utilitas
2891 4116 3045 4164 ma-

489 4181 834 4253 nifestat.»
863 4186 939 4252 ln
973 4182 1092 4270 qui
1148 4205 1230 4253 us
1263 4192 1488 4252 autem
1528 4204 1649 4272 pro
1681 4180 1815 4250 fide
1848 4204 2123 4270 quoque
2152 4180 2521 4273 magnifice
2553 4181 2767 4274 egerit
2795 4203 3043 4255 servus

489 4268 715 4340 fidelis
758 4284 827 4341 et
876 4271 1205 4360 prudens,
1251 4270 1547 4342 breviter
1593 4270 2105 4342 annectendum
2155 4282 2279 4342 est.
3122 4281 3127 4286 ’

541 4431 567 4459 *
596 4432 826 4471 Andr-eam
855 4428 992 4472 illurn
1022 4434 1078 4474 ιᾱ
1108 4443 1248 4483 quem
1277 4433 1321 4474 Β.
1354 4434 1505 4473 Abba
1543 4434 1738 4482 scripsit.
1779 4434 2029 4484 epistolam
2067 4434 2256 4482 (ordine
2290 4434 2678 4477 biscentestmm
2717 4435 2923 4484 octoges.
2955 4438 3047 4476 oct.

487 4486 612 4536 apud
630 4483 992 4537 mineatum).
1010 4488 1067 4528 de
1088 4488 1268 4528 tnteuci
1290 4484 1423 4527 exitu
1440 4497 1603 4529 ncne
1626 4488 1990 4539 cruciaci-orum
2008 4486 2334 4539 expeditionis.
