3308 5004
686 354 815 420 374—
1247 373 1324 420 mz
1372 372 1426 420 s.
1479 372 1815 421 nummo
1863 373 2188 423 smzssmn.
2242 374 2441 423 muse.
2815 357 3001 424 AUG.
3060 360 3151 424 215

600 457 953 548 possimus
988 456 1091 525 vel
1142 456 1507 546 paululum
1544 478 1875 528 recreare.
1910 481 1946 527 »
1995 463 2236 547 Itaque
2282 460 2411 529 iter
2440 459 2901 551 longinquum
2935 471 3000 530 et
3027 460 3156 532 de—

599 546 787 615 vium
847 545 1199 637 arripitur,
1251 567 1375 616 nec
1429 558 1656 615 tamen
1708 559 1928 638 potest
1979 547 2186 617 ardor
2286 547 2480 640 opuli
2528 549 2898 641 compesci.
2950 550 3158 619 Brevi

600 634 931 724 temporis
979 635 1199 725 spatio
1246 633 1533 725 grandis
1572 634 1657 704 ad
1712 658 1873 706 eum
1935 635 2218 707 multitu
2269 659 2309 707 o
2364 639 2675 708 confluit.
2731 637 2805 708 Id
2855 659 3157 709 cernens

599 723 707 791 vir
746 723 882 804 Dei,
920 723 987 790 in
1025 723 1141 792 Dei
1176 723 1414 794 laudes
1446 745 1845 816 erumpens,
1891 725 1987 795 ait
2016 725 2479 796 familiaribus
2511 727 2700 797 suis:
2741 749 2776 793 «
2804 727 3155 815 Quicquid

599 832 916 882 escarum
969 811 1236 882 habetis
1268 867 1283 893 ,
1339 811 1632 902 proferte
1664 869 1679 895 ‚
1731 824 1809 883 ut
1871 826 2025 904 post
2079 813 2382 884 laborem
2418 815 2596 886 vires
2644 837 3076 906 reparemus.
3121 841 3152 882 t

601 899 966 970 Confestim
997 901 1408 984 exhibentur
1439 901 1749 989 quinque
1777 924 1989 993 panes
2022 904 2410 983 monastici,
2449 925 2625 991 quos
2654 904 2860 994 vulgo
2892 905 3153 974 crudas

599 989 815 1059 micas
849 1001 1113 1071 vocant,
1156 1000 1221 1059 et
1263 989 1539 1059 totidem
1575 991 1718 1059 vini
1753 1013 2142 1073 mensurae,
2179 1004 2257 1061 ut
2305 991 2510 1063 habet
2557 1014 2853 1062 censura
2903 1014 3154 1062 mona-

599 1078 812 1148 stica:
867 1078 1235 1165 stratisque
1269 1078 1340 1147 in
1389 1078 1602 1148 herba
1651 1080 2017 1169 tapetibuS,
2070 1080 2176 1149 vir
2222 1081 2491 1152 Domini
2535 1081 2807 1164 residet,
2862 1079 3151 1173 profusa

594 1165 795 1236 illum
857 1167 1061 1237 turba
1122 1165 1432 1254 undique
1491 1167 1887 1238 ambiente:
1942 1168 2285 1239 benedicit
2389 1191 2554 1240 anes
2616 1168 2771 1240 illos
2806 1225 2821 1252 ,
2884 1192 3149 1262 paucos

592 1254 872 1341 quidem
925 1277 1213 1325 numero
1247 1311 1262 1337 ,
1326 1254 1442 1326 sed
1504 1258 1778 1326 numeri
1843 1258 2169 1348 mysterio
2216 1280 2339 1328 mu
2373 1269 2516 1339 toS,
2560 1259 2760 1349 jubet
2813 1260 3147 1329 omnibus

597 1344 1080 1433 praesentibus
1127 1366 1206 1412 ex
1252 1343 1394 1413 illis
1441 1343 1789 1426 distribui,
1845 1347 2080 1415 vinum
2130 1368 2406 1435 quoque
2436 1346 2524 1416 ad
2561 1348 2938 1417 satietatem
3034 1370 3149 1417 or-

595 1431 754 1521 rigi.
806 1432 1065 1502 Accidit
1111 1443 1254 1501 tum
1315 1453 1423 1502 res
1486 1432 1943 1504 admiratione
2001 1434 2233 1526 digna.
2288 1441 2595 1523 Namque
2655 1458 2869 1527 panes
2926 1436 3034 1505 ili
3085 1449 3148 1505 et

595 1521 834 1589 vinum
897 1530 1036 1590 tam
1086 1520 1361 1590 abunde
1417 1522 1744 1592 omnibus
1808 1524 2136 1593 suffecere
2171 1579 2186 1603 ,
2238 1537 2316 1594 ut
2364 1546 2435 1594 se
2506 1526 2677 1595 bene
2748 1523 3036 1596 refectos
3086 1537 3151 1596 et

595 1609 873 1678 abunde
907 1609 1184 1680 satiatos
1217 1608 1611 1680 faterentur.
1651 1616 1729 1681 Et
1760 1623 1985 1681 tamen
2016 1625 2281 1703 praeter
2314 1614 2728 1704 Episcopum
2759 1625 2825 1683 et
2856 1615 3148 1685 comites

594 1697 772 1788 ejuS,
818 1698 920 1767 illi
952 1699 1073 1786 qui
1106 1698 1615 1769 manducarunt
1653 1700 1959 1791 amplius
2003 1702 2415 1792 septingenti
2450 1701 2661 1771 fuere.

682 1788 720 1874 ξ
765 1791 933 1859 89.
988 1788 1323 1857 Robertus
1371 1787 1733 1857 Flandriae
1793 1794 2030 1860 Comes
2092 1789 2383 1860 infestus
2437 1789 2661 1860 fuerat
2721 1791 3150 1878 quibusdam

596 1876 821 1967 gentis
868 1898 1031 1947 suae
1093 1876 1443 1966 primariis
1497 1889 1561 1947 et
1610 1877 1978 1947 ditioribus
2026 1879 2240 1947 viris:
2290 1879 2413 1966 qui
2461 1881 2749 1969 pertaesi
2796 1901 3092 1948 onerum
3132 1935 3145 1961 ,

594 1964 852 2052 quibus
885 1966 973 2034 ab
1003 1964 1121 2034 illo
1161 1965 1677 2066 premebantur,
1722 1967 1901 2036 inter
1932 1988 2004 2036 se
2045 1968 2453 2051 tractabant,
2491 1979 2566 2037 ut
2592 1969 2714 2038 illo
2749 1966 3142 2060 profligate,

595 2052 1080 2123 humaniorem
1132 2053 1264 2123 s1bi
1305 2054 1690 2145 principem
1726 2053 2209 2135 adsciscerent,
2265 2078 2511 2147 nempe
2560 2057 2979 2126 Balduinum
3029 2062 3145 2127 Co-

596 2142 831 2211 mitem
869 2142 1112 2212 Montis
1145 2147 1558 2213 Castrorum.
1604 2143 1679 2214 Id
1722 2143 1843 2213 ubi
1878 2145 2148 2214 rescivit
2188 2146 2546 2228 RobertuS,
2587 2167 2862 2216 summo
2895 2158 3149 2216 conatu

595 2226 943 2321 intercipit
990 2230 1146 2300 illos
1179 2253 1306 2301 ceu
1354 2231 1761 2321 proditoreS,
1814 2245 2019 2320 atque
2052 2233 2225 2303 alios
2271 2234 2469 2303 exiis
2505 2233 2917 2325 proscribit,
2974 2234 3147 2305 alios

595 2319 896 2410 perimit,
950 2319 1324 2390 nonnullos
1372 2321 1579 2391 rebus
1616 2332 1682 2391 et
1730 2321 2111 2392 honoribus
2158 2321 2477 2404 nuda105‚
2522 2323 2723 2414 Jubet
2755 2323 2824 2391 in
2861 2323 3148 2393 exilium

593 2407 965 2498 proficisci.
1022 2413 1206 2479 Inter
1249 2430 1366 2479 eos
1419 2409 1622 2478 etiam
1683 2409 2085 2512 Arnulphus
2134 2413 2548 2481 Morinorum
2602 2411 3147 2481 Archidiaconus

597 2510 664 2568 et
709 2497 1038 2569 ecclesiae
1087 2502 1153 2568 S.
1193 2497 1561 2569 Audomari
1602 2505 1768 2569 Prae
1822 2514 2075 2583 osttuS,
2130 2500 2318 2570 omni
2369 2500 2704 2592 dignitate
2742 2523 2866 2571 sua
2970 2500 3149 2569 riva-

594 2600 730 2668 tuS,
792 2588 1012 2658 multo
1067 2600 1370 2677 tempore
1423 2588 1586 2656 vixit
1636 2522 2012 2679 profugus:
2068 2590 2181 2659 sed
2235 2590 2511 2660 tandem
2561 2590 2646 2659 ad
2699 2612 2769 2660 se
2819 2611 2892 2658 re
2948 2590 3143 2670 iens,

594 2677 994 2767 Gregorium
1049 2681 1439 2746 Romanum
1495 2676 1896 2747 *Pontificem
1948 2677 2136 2760 adit,
2195 2700 2331 2766 qua
2388 2678 2741 2749 calumnia
2809 2678 3038 2768 gradu
3085 2689 3147 2746 et

595 2763 855 2835 honore
903 2786 1030 2834 suo
1062 2764 1399 2855 spoliatus
1440 2765 1548 2847 sit,
1585 2764 2181 2856 lacrymabundus
2219 2768 2280 2835 ei
2310 2768 2609 2858 exponit.
2664 2772 2946 2836 Tantam
2985 2788 3143 2835 vero

590 2853 744 2944 ejus
777 2852 1237 2923 calamitatem
1281 2854 1648 2925 miseratus
1696 2855 2022 2938 Pontifex,
2080 2854 2295 2925 literis
2345 2857 2492 2925 suis
2542 2855 2835 2925 ferocem
2897 2866 2963 2924 et
3001 2868 3148 2924 tru-

592 2941 948 3011 culentum
1000 2942 1275 3011 Roberti
1324 2941 1636 3012 animum
1686 2944 1922 3013 statuit
1972 2943 2209 3023 lenire,
2264 2956 2342 3012 ut
2381 2943 2543 3024 illis,
2582 2966 2757 3032 quos
2786 2955 3149 3033 suspectos

593 3029 913 3110 habebat,
950 3041 1071 3100 aut
1106 3030 1309 3120 plane
1346 3030 1753 3120 ignosceret,
1809 3044 1927 3101 aut
1964 3043 2143 3102 certe
2172 3031 2563 3102 facultatem
2604 3054 2749 3104 sese
2799 3031 3147 3133 purgandi

595 3139 733 3186 non
785 3130 1087 3208 negaret.
1128 3117 1257 3188 Sed
1288 3141 1450 3188 cum
1504 3141 1704 3190 nemo
1754 3132 1981 3211 posset
2015 3120 2333 3201 inveniri,
2369 3122 2489 3209 qui
2522 3121 2875 3192 Pontificis
2911 3120 3146 3190 literas

595 3218 733 3276 tam
769 3208 1028 3278 offenso
1063 3207 1358 3297 principi
1410 3207 1728 3278 exhibere
1775 3230 1990 3278 ausus
2037 3223 2237 3290 esset,
2282 3231 2390 3279 res
2444 3209 2569 3279 diu
2627 3222 2972 3300 protracta
3017 3222 3143 3281 est.

593 3295 894 3364 Tandem
945 3296 1179 3364 animo
1230 3297 1571 3366 succurrit
1612 3298 1996 3368 constantia
2033 3298 2413 3369 sanctitatis
2442 3310 2508 3368 et
2536 3299 2761 3368 servor
2789 3298 3148 3369 charitatis

592 3384 933 3474 Arnulphi
975 3384 1421 3453 Suessionum
1464 3385 1812 3468 antistitiS,
1866 3387 2069 3478 cujus
2111 3400 2256 3457 tum
2293 3388 2362 3455 in
2395 3388 2586 3456 curia
2638 3387 2990 3457 Pontificis
3038 3409 3148 3456 ce-

596 3471 808 3541 lebris
855 3473 1038 3541 sama
1088 3472 1409 3553 innotuit,
1465 3486 1529 3543 et
1575 3474 1758 3561 quod
1816 3475 1876 3544 is
1925 3476 2383 3567 proculdubio
2433 3477 2918 3546 incunctanter
2955 3475 3149 3544 obla-

595 3572 795 3630 turus
832 3575 1010 3630 esset
1049 3561 1339 3631 Roberto
1387 3563 1629 3632 Comiti
1679 3564 1933 3653 scripta
1966 3565 2337 3634 PontificiS.
2383 3570 2552 3633 Turn
2605 3586 2762 3633 vero
2795 3564 3149 3633 animatus

593 3649 923 3730 Pontifex,
968 3649 1323 3739 Arnulpho
1370 3649 1678 3740 diploma
1726 3652 1979 3735 mittit,
2033 3653 2374 3722 mandans
2406 3653 2494 3734 ei,
2551 3664 2628 3722 ut
2667 3653 2899 3722 literas
2934 3652 3148 3723 inter-

594 3739 953 3820 cessorias,
991 3750 1056 3807 et
1091 3760 1419 3828 personas
1447 3739 1532 3809 de
1563 3740 1822 3828 quibus
1869 3741 2224 3832 agebatur,
2270 3741 2352 3810 ad
2393 3742 2761 3813 Robertum
2816 3742 3145 3811 Comitem

595 3849 832 3898 secum
883 3827 1205 3910 adducat,
1261 3826 1536 3916 illisque
1584 3829 1686 3899 vel
1736 3831 2033 3912 veniam,
2089 3829 2192 3898 vel
2243 3831 2481 3900 saltem
2535 3851 2607 3899 se
2691 3828 2992 3931 urgandi
3032 3852 3144 3899 co-

593 3916 784 4006 piam
841 3916 1145 3987 obtineat
1190 3938 1315 4018 pro
1363 3917 1557 3988 Sedis
1605 3919 2028 4009 Apostolicae
2083 3918 2365 3988 honore.
2418 3923 2519 3988 Ita
2581 3919 2625 3988 il
2659 3941 2696 3988 e
2752 3941 2855 3988 vir
2901 3919 3150 4009 pietate

593 4005 814 4087 fortis,
861 4005 1139 4098 gemina
1187 4006 1555 4098 instigante
1597 4007 1893 4096 justitia,
1945 4006 2374 4078 obedientiae
2406 4021 2472 4076 et
2504 4007 2842 4077 fraternae
2888 4006 3147 4077 condo-

594 4093 883 4175 lentiae,
941 4117 1103 4165 cum
1155 4095 1572 4183 quibusdam
1625 4119 1704 4165 ex
1753 4096 1893 4165 illis
1926 4097 2109 4166 venit
2146 4096 2230 4166 ad
2272 4096 2580 4166 Insulam
2654 4097 2729 4186 a)
2773 4096 3140 4176 civitatem,

595 4193 800 4270 atque
846 4183 990 4253 illic
1040 4195 1305 4275 reperto
1351 4185 1591 4254 Comiti
1642 4184 1891 4255 obtulit
1938 4207 2170 4256 sacras
2233 4184 2583 4255 Pontificis
2675 4187 2901 4255 iteras.
2960 4190 3145 4267 Quae

596 4292 755 4341 cum
792 4271 1203 4363 legerentur,
1248 4272 1377 4355 illi,
1412 4295 1710 4362 quorum
1764 4295 1871 4345 res
1911 4274 2266 4364 agebatur,
2302 4272 2481 4344 clam
2526 4296 2598 4344 se
2631 4274 3137 4354 submittenteS,

594 4359 748 4448 ejus
796 4374 1072 4431 tenuere
1114 4361 1346 4450 pedes.
1402 4361 1528 4432 Sed
1580 4385 1619 4432 o
1666 4361 1996 4445 furorem,
2049 4374 2113 4433 et
2162 4363 2449 4444 rabiem,
2505 4385 2544 4432 o
2594 4361 2773 4434 fellis
2818 4362 3135 4433 acerbam

644 4481 714 4538 (a)
742 4485 996 4539 Imulajvel
1013 4487 1206 4538 Insulae,
1225 4484 1365 4537 gallis
1384 4488 1465 4532 Re.
1483 4486 1701 4531 Flandris
1723 4490 1893 4542 Ryesel,
1913 4486 2081 4530 civitas
2106 4487 2368 4529 mercatura
2389 4483 2606 4540 insignus.
