3308 5004
666 319 791 385 554
1254 336 1332 382 ns
1378 336 1436 383 s.
1489 335 1819 384 naumann
1866 337 2009 384 Ana.
2061 335 2447 384 nunaunt.
2796 316 2985 383 AUG.
3037 318 3128 382 20

575 433 1199 494 consummaretur,
1230 420 1323 489 ibi
1357 420 1684 509 incipere,
1723 442 1856 488 non
1898 434 2031 490 tam
2062 420 2333 491 sonoris
2360 420 2664 499 vocibuS,
2703 442 2911 507 quam
2949 422 3129 491 votis

578 511 868 601 paribus
898 510 1296 588 concinens,
1334 508 1702 578 exultabat.
1742 511 1808 578 Si
1848 511 2031 578 enim
2066 510 2149 579 ad
2187 510 2399 579 unius
2442 509 2926 598 poenitentiam
2965 530 3129 598 pec-

579 600 853 678 catoriS,
893 612 1030 667 tota
1065 597 1178 666 illa
1212 598 1525 668 coelestis
1574 600 1762 689 regio
1801 600 1870 668 in
1918 598 2240 668 laetitiam
2301 599 2717 669 suscitatur:
2771 618 3124 685 quaenam

577 687 685 756 illi
721 687 975 778 gaudia
1013 687 1408 756 exhibuisse
1438 686 1783 756 credenda
1814 702 1938 769 est,
1991 710 2111 778 per
2148 708 2353 774 quem
2406 699 2585 756 tanta
2636 686 2889 778 gaudia
2942 708 3132 756 rece-

577 791 769 866 perat
816 776 900 844 de
932 789 1067 844 tam
1109 775 1483 845 multorum
1529 778 1976 846 conversione
2013 779 2503 866 peccatorum?

665 869 894 953 §.84
948 865 1115 946 Quis
1162 864 1346 933 enim
1403 864 1618 933 valeat
1666 867 2052 946 aestimare,
2107 866 2386 951 quantis
2436 865 2503 933 in
2546 863 2837 935 seculari
2879 863 3133 932 habitu

576 967 639 1023 et
686 954 1202 1023 conversatione
1253 954 1739 1032 manentibus,
1794 954 2274 1044 compluribus
2342 955 2702 1040 utriusque
2769 976 2978 1022 sexus
3042 951 3132 1021 ad

576 1043 750 1112 alias
802 1043 1320 1111 transeuntibus
1368 1044 1959 1132 congregationeS,
2018 1066 2136 1133 per
2183 1043 2394 1133 hujus
2443 1042 2667 1113 fidelis
2709 1041 2956 1111 famuli
3004 1042 3135 1110 mi·

576 1132 937 1200 nisterium
969 1131 1155 1200 dedit
1185 1132 1514 1200 Dominus
1543 1132 2029 1221 poenitentiam
2061 1132 2142 1200 ad
2175 1132 2512 1200 salutem?
2545 1137 2671 1201 Aut
2702 1131 2857 1218 quis
2886 1153 3136 1199 nume-

576 1233 677 1289 ret
723 1243 839 1289 eos
886 1221 1002 1306 qui
1057 1223 1187 1289 sub
1235 1221 1385 1308 ejus
1419 1243 1584 1288 cura
1626 1221 1695 1289 in
1737 1235 2013 1291 centurn
2052 1243 2204 1289 sexa
2261 1222 2399 1289 inta
2441 1220 2873 1289 monasteriis
2901 1220 2961 1299 ⁴¹,
3058 1240 3133 1288 er

581 1310 693 1378 Dei
744 1309 1235 1409 benignitatem
1278 1309 1360 1376 ad
1406 1310 1893 1398 poenitentiam
1928 1323 2091 1379 sunt
2124 1244 2448 1378 adtglucti?
2481 1315 2642 1378 Nam
2680 1323 2746 1378 et
2778 1309 2887 1376 his
2927 1330 3011 1376 so
3047 1308 3127 1388 is,

575 1399 698 1485 qui
749 1397 1084 1487 speciales
1130 1397 1284 1484 ejus
1334 1397 1454 1467 tilii
1519 1398 1953 1479 videbantur,
2012 1411 2279 1488 praeter
2328 1420 2444 1466 eos
2495 1397 2611 1484 qui
2654 1399 2799 1485 jam
2836 1418 3131 1466 cursum

575 1488 756 1555 vitae
805 1485 1091 1554 feliciter
1167 1502 1862 1566 consummaverant,
1923 1501 2186 1576 praeter
2231 1510 2346 1555 eos
2414 1491 2534 1573 qui
2601 1508 2719 1575 per
2777 1485 2913 1554 alia
2985 1485 3135 1555 loca

579 1574 855 1645 fuerant
907 1576 1307 1665 propagati,
1360 1598 1441 1644 ea
1486 1575 1638 1655 die,
1692 1599 1829 1662 qua
1878 1574 2324 1645 felicissimus
2377 1585 2566 1664 patei·
2612 1598 2691 1644 ex
2748 1573 3132 1643 claravalle

579 1678 878 1733 montem
931 1664 1303 1732 ascendere
1353 1665 1602 1732 meruit
1650 1666 2038 1744 clariorem,
2097 1665 2372 1750 reliquit
2422 1665 2886 1733 inhabitantes
2935 1664 3015 1731 in
3057 1685 3135 1732 ea

580 1754 1050 1843 septingentas
1099 1753 1534 1840 septuaginta
1585 1752 1797 1822 ferme
1844 1753 2140 1833 animas,
2191 1755 2476 1823 Domino
2515 1753 2909 1823 servientes.
2950 1751 3131 1834 Quid

579 1843 794 1932 igitur
844 1842 1123 1916 mirum,
1163 1843 1220 1909 si
1259 1855 1496 1928 gratus
1529 1843 1787 1924 curiae,
1829 1843 1882 1912 si
1920 1857 2243 1932 acceptus
2284 1844 2473 1932 Regi,
2519 1843 2575 1910 si
2608 1854 2935 1930 exceptus
2966 1863 3129 1909 eum

581 1931 838 1999 laetitia
884 1945 949 1998 et
997 1930 1410 1998 exultatione
1458 1931 1819 2010 credatur,
1876 1932 1944 1998 in
1997 1953 2135 2017 quo
2184 1932 2399 2020 gratia
2450 1930 2843 2017 usqueadeo
2912 1950 3133 1998 vacua

581 2042 714 2088 non
771 2019 920 2099 fuit,
974 2020 1092 2104 qui
1147 2032 1280 2087 tam
1319 2019 1634 2096 fideliter,
1674 2034 1808 2087 tam
1856 2019 2221 2089 efficaciter
2258 2020 2411 2108 plus
2451 2020 2777 2088 omnibus
2817 2018 2926 2086 sui
2962 2031 3135 2087 tem-

586 2109 773 2193 poris
821 2122 883 2176 et
932 2108 1308 2177 multarum
1364 2121 1540 2176 retro
1590 2109 2112 2192 generationum
2177 2109 2553 2189 laboravit,
2611 2109 2731 2194 qui
2799 2106 3131 2176 talentum

585 2197 716 2265 sibi
772 2197 1123 2274 traditum,
1181 2211 1315 2265 tam
1365 2198 1640 2286 copiose¹
1691 2197 2198 2286 multiplicavit,
2248 2210 2432 2267 tanta
2472 2198 2769 2283 denique
2803 2195 3001 2282 lucra
3038 2218 3132 2265 re-

588 2285 742 2354 tulit
790 2286 873 2352 de
923 2287 1242 2374 negotio?

671 2377 706 2459 ξ
760 2381 910 2445 025.
969 2381 1143 2443 Sane
1194 2375 1260 2442 in
1317 2373 1730 2443 monasterio
1769 2373 2097 2462 praedicti
2143 2375 2332 2443 illius
2374 2375 2672 2453 AbbatiS,
2710 2374 2832 2459 qui
2874 2374 2976 2441 sic
3015 2396 3129 2442 na·

585 2463 784 2533 talem
836 2465 985 2554 ejus
1038 2463 1484 2553 praeviderat,
1537 2486 1612 2532 ea
1669 2465 2148 2550 nocte,'quam
2193 2464 2556 2533 nobiscum
2601 2475 2789 2552 pater
2818 2476 3126 2543 sanctus,

585 2575 786 2622 mane
837 2554 1289 2643 profecturus.
1351 2554 1664 2622 ultimam
1717 2554 1895 2631 fecit,
1950 2554 2321 2621 venerabili
2377 2553 2766 2643 Praeposito
2814 2552 2968 2642 ejus
3013 2575 3130 2640 ap-

583 2664 855 2732 parens,
912 2642 1217 2710 valefecit
1268 2641 1392 2719 illi,
1447 2656 1511 2711 et
1559 2642 1688 2710 ait:
1744 2643 2043 2717 Noveris,
2098 2643 2260 2727 quia
2302 2644 2447 2731 jam
2504 2643 2749 2730 migrO,
2799 2663 2922 2709 nec
2955 2641 3129 2710 ulte·

585 2733 732 2799 rius
781 2732 891 2799 bic
946 2732 1285 2800 morabor.
1341 2731 1530 2813 Quod
1584 2745 1662 2800 ut
1711 2753 1835 2799 suo
1887 2730 2214 2799 indicavit
2264 2729 2525 2810 Abbati,
2574 2729 2970 2799 accelerans
3004 2730 3128 2797 Ab-

583 2821 753 2899 baS,
811 2834 876 2889 et
925 2820 1366 2888 claravallem
1422 2821 1743 2898 veniens,
1803 2821 1951 2909 ipso
1999 2819 2109 2887 die
2157 2820 2484 2888 Abbatem
2537 2833 2893 2897 sanctum,
2950 2818 3122 2886 sicut

587 2909 1037 2999 praedixerat,
1082 2909 1328 2997 reperit
1360 2909 1505 2996 jam
1546 2909 1906 2997 migrasse.

671 2999 705 3081 ξ
761 3004 919 3068 ἳδθ.
977 3003 1206 3065 Frater
1256 2996 1663 3065 wilhelmus
1713 2997 1795 3063 de
1846 3003 2068 3066 Monte
2116 2996 2511 3072 pessulano,
2567 2995 2769 3151 culjus
2817 3008 2877 3064 et
2910 3011 3114 3080 supra

549 3085 875 3170 *fecimus
927 3088 1367 3163 mentionem,
1421 3086 1523 3152 vir
1576 3086 1992 3169 magnificus
2041 3084 2201 3154 olim
2259 3086 2324 3152 in
2378 3082 2609 3153 seculo
2674 3085 2796 3164 uit,
2833 3081 2939 3152 sed
2980 3100 3118 3147 ma-

584 3173 1021 3262 gnisicentior
1073 3176 1136 3241 in
1190 3174 1405 3241 seculi
1456 3174 1641 3261 suga.
1698 3175 1821 3242 Hic
1872 3175 1941 3242 in
1976 3174 2390 3243 monasterio
2423 3172 2945 3261 Grandissylvae
2980 3190 3120 3237 mo-

589 3261 853 3329 nachus
900 3262 1144 3341 factm,
1231 3277 1464 3330 ›atrem
1518 3277 1836 3330 sanctum
1891 3263 2325 3331 devotissime
2382 3262 2696 3331 visitavit.
2764 3260 3128 3330 Rediturus

584 3364 839 3429 autem,
895 3350 1196 3437 lacryma
1258 3350 1434 3417 iliter
1481 3351 1922 3435 querebatur,
1979 3351 2161 3437 quod
2218 3373 2350 3418 non
2400 3364 2576 3418 esset
2613 3371 2773 3418 eum
2820 3348 2998 3419 ultra
3033 3346 3129 3414 vi-

589 3460 821 3506 surus
878 3440 992 3507 Cui
1049 3440 1148 3506 vir
1199 3439 1350 3506 Dei:
1389 3445 1479 3507 Ne
1517 3440 1789 3519 timeas,
1826 3441 1961 3508 ait:
2001 3440 2229 3508 adhuc
2266 3462 2374 3507 mc
2408 3440 2555 3507 sine
2587 3438 2800 3507 dubio
2836 3436 3124 3506 videbis.

587 3528 814 3611 Hujus
861 3528 1174 3596 effectum
1234 3528 1710 3614 promissionis
1759 3529 2246 3597 devotissimus
2299 3528 2412 3596 ille
2472 3526 2875 3596 Wilbelmus
2934 3548 3128 3616 expe·

587 3632 805 3693 ctans,
863 3616 1010 3706 ipsa
1064 3632 1279 3697 nocte,
1333 3639 1494 3685 cum
1546 3618 1787 3686 beatus
1839 3632 2031 3707 pater
2069 3640 2146 3685 ex
2192 3622 2313 3684 bac
2354 3618 2486 3684 vita
2520 3615 2836 3689 decessit.
2882 3616 2953 3684 in
2992 3635 3132 3683 mo-

592 3705 887 3773 nasterio
915 3705 1440 3793 Grandissylvae
1468 3720 1911 3795 apparentem
1943 3706 2075 3774 sibi
2106 3706 2331 3773 videre
2354 3705 2621 3784 meruit,
2656 3716 2721 3773 et
2744 3703 3128 3773 dicentem:

588 3798 818 3862 Frater
874 3794 1245 3862 Wilbelme.
1295 3799 1368 3863 Et
1411 3794 1560 3863 ille:
1609 3801 1775 3862 Ecce
1806 3816 1930 3882 ego
1963 3794 2266 3862 domine.
2308 3794 2493 3872 Veni,
2537 3793 2781 3877 inquit,
2827 3814 3127 3862 mecum.

589 3882 784 3951 Ibant
838 3883 1049 3971 igitur
1101 3884 1372 3972 pariter,
1427 3898 1491 3951 et
1537 3884 1623 3951 ad
1679 3898 1977 3951 montem
2029 3882 2398 3968 quemdam
2442 3880 2858 3951 altissimum
2899 3902 3136 3970 perve-

592 3985 859 4040 nerunt.
919 3972 1366 4057 Interrogavit
1414 3987 1641 4040 autem
1694 3986 1996 4051 sanctus,
2052 3994 2137 4038 an
2189 3971 2414 4047 sciret,
2466 3992 2603 4056 quo
2639 3970 2962 4039 venisset.
3014 3968 3135 4038 Ille

590 4081 746 4128 vero
794 4083 862 4129 se
916 4062 1176 4129 nescire
1226 4060 1573 4150 professus
1620 4075 1745 4128 est.
1792 4060 1909 4129 Cui
1955 4060 1972 4127 i
2030 4081 2139 4129 se:
2187 4060 2604 4137 Adradices,
2648 4058 2897 4143 inquit,
2943 4079 3138 4128 mon-

593 4148 678 4216 tis
729 4150 966 4217 Libani
1018 4150 1358 4218 venimus.
1413 4154 1488 4217 Et
1540 4171 1726 4216 nunc
1779 4171 1976 4217 mane
2032 4149 2087 4217 is
2139 4149 2283 4216 bic:
2329 4170 2453 4237 ego
2494 4160 2719 4215 autem
2755 4147 3135 4216 ascendam

596 4235 659 4301 in
716 4252 1039 4306 montem.
1095 4244 1581 4325 Interrogatus,
1637 4260 1773 4323 qua
1815 4237 1898 4305 de
1930 4260 2138 4306 causa
2183 4236 2377 4304 vellet
2415 4234 2821 4304 ascendere:
2868 4236 3139 4305 Discere

593 4323 764 4401 volO,
822 4327 1069 4410 inquit.
1126 4327 1405 4394 Miratus
1455 4326 1599 4394 itte:
1658 4326 1859 4408 Quid,
1915 4326 2160 4413 inquit,
2217 4326 2316 4393 vis
2363 4324 2623 4393 discere
2666 4335 2882 4413 pater,
2932 4343 3135 4411 quem

648 4447 673 4474 ⁶
705 4449 821 4488 Nota
839 4451 1232 4491 Monasteriorum
1256 4461 1375 4501 quse
1396 4454 1621 4493 mit-incus
1641 4455 1792 4493 Abbts
1814 4454 2031 4494 mndtvtt
2051 4453 2286 4501 ingentem
2310 4460 2569 4490 numerum.
