3308 5004
697 295 826 373 113
1597 308 1680 359 nt
1728 311 1785 360 s.
1838 309 2139 360 noumco
2226 363 2232 368 ,
2870 292 3058 360 AUG.
3104 293 3140 361 4

610 393 902 551 paltriam
974 390 1364 475 anhelans,
1439 389 1720 482 lugebat
1790 390 2067 482 profuse
2136 390 2548 462 diuturnum
2618 390 2728 462 sui
2790 391 2975 461 exilii
3041 390 3144 461 in-

609 504 692 553 co
722 496 942 552 atum.

691 572 728 659 ἓ
775 575 934 644 1⁰.
972 574 1138 640 Cum
1190 591 1347 640 vero
1381 581 1476 639 tot
1503 569 1846 657 tantisque
1895 568 2222 639 virtutum
2267 569 2538 640 floreret
2569 567 2993 639 ornamentis
3033 590 3148 636 an-

649 659 866 730 elicus
903 658 1319 740 DominicuS,
1356 681 1399 728 a
1447 658 1820 728 venerabili
1859 657 2108 728 Didaco
2145 658 2469 748 episcopo
2501 680 2656 739 suo,
2696 656 2868 726 miro
2902 656 3148 746 dilige-

602 682 808 818 batur
869 748 1142 818 affectu.
1213 753 1371 817 Erat
1438 747 1623 817 enim
1696 747 1762 816 in
1834 747 2091 816 animis
2155 769 2391 818 eorum
2466 746 2804 833 quaedam
2862 745 3153 835 spiritus

604 836 1013 917 similitudo,
1039 850 1104 906 et
1127 836 1626 906 charismatum
1661 836 2145 907 consonantia:
2178 835 2521 924 siquidem
2556 836 2699 925 pari
2728 834 2871 905 zelo
2901 834 3154 905 domus

607 925 717 996 Dei
749 925 835 994 ad
876 924 1381 1014 procurandam
1420 925 1818 994 animarum
1852 924 2170 1006 salutem,
2211 939 2447 996 sancto
2478 946 2595 995 eos
2626 924 2876 1014 spiritu
2911 924 2999 992 im
3062 924 3156 992 el-

603 1012 829 1094 lente‚
878 1013 1299 1085 ferebantur.
1353 1017 1722 1101 Postquam
1777 1034 1939 1103 ergo
1996 1015 2216 1084 visum
2265 1026 2366 1085 est
2404 1019 2532 1084 Deo
2575 1014 2642 1082 in
2700 1012 2800 1082 eis
2855 947 3156 1082 revefare

600 1104 891 1204 gratiam
930 1126 1156 1184 suam,
1211 1116 1285 1172 ut
1335 1102 1698 1188 utriusque
1738 1102 1956 1172 virtus
2008 1103 2310 1193 prodiret
2350 1102 2417 1172 in
2455 1101 2857 1192 publicum:
2914 1102 3001 1170 ita
3038 1124 3154 1171 eos

601 1213 669 1261 in
726 1193 1189 1265 ministerium
1241 1189 1441 1272 illud,
1494 1190 1675 1279 quod
1718 1191 1952 1272 voluit,
1997 1193 2398 1281 assumpsit,
2443 1205 2522 1262 ut
2554 1191 2689 1280 ipsi
2721 1191 2954 1271 etiam,
2996 1189 3155 1259 licet

600 1284 845 1362 sancti,
900 1280 1173 1350 divinae
1224 1301 1386 1368 erga
1436 1303 1507 1350 se
1567 1280 2032 1369 providentiae
2086 1279 2452 1351 consilium
2505 1281 2927 1370 ignorarent.
2987 1284 3157 1349 Ecce

599 1371 783 1439 enim
845 1368 1237 1460 Alphonsus
1286 1373 1424 1438 Rex
1482 1367 1808 1439 Castellae
1859 1370 2119 1460 rogavit
2170 1370 2497 1439 Didacum
2563 1367 3023 1459 Episcopum,
3084 1382 3158 1438 ut

602 1458 801 1527 vellet
852 1459 1075 1548 ipsius
1120 1479 1271 1527 esse
1312 1456 1578 1548 legatus
1613 1457 1796 1549 apud
1832 1458 1867 1493 ⁴*
1916 1458 2313 1528 Marchiam.
2366 1456 2804 1528 Profecturus
2852 1478 3015 1548 ergo
3068 1460 3158 1527 ob

602 1547 808 1636 Regis
868 1547 1139 1638 negotia
1187 1545 1619 1616 conficienda
1686 1547 1985 1636 prudens
2029 1547 2335 1628 antistes,
2396 1546 2724 1616 ecclesiae
2765 1568 2932 1615 suae
2973 1550 3157 1635 Sup-

605 1635 951 1721 priorem,
1005 1635 1333 1706 dilectum
1404 1636 1836 1706 Dominicum
1891 1637 2025 1706 sibi
2074 1636 2391 1707 comitem
2442 1635 2782 1736 adjunxit,
2839 1648 2911 1703 ut
2959 1649 3026 1704 et
3077 1657 3157 1704 ex

601 1724 919 1794 societate
957 1725 1109 1814 ejus
1156 1738 1667 1807 ornamentum,
1716 1737 1889 1795 etex
1936 1727 2192 1795 sanctis
2241 1724 2605 1812 colloquiis
2650 1723 2968 1793 solatium
3029 1723 3156 1793 ha-

601 1810 810 1882 beret.
867 1813 993 1883 Ubi
1043 1827 1270 1884 autem
1323 1827 1601 1883 ventum
1644 1827 1747 1884 est
1791 1812 2129 1896 Tolosam,
2167 1828 2232 1884 et
2280 1819 2345 1884 S.
2390 1813 2791 1883 Dominicus
2829 1814 3158 1903 cognovit

603 1899 1102 1972 haereticorum
1171 1901 1535 1972 fraudibus
1604 1903 1785 1972 cives
1849 1902 2304 1993 depravatOS,
2371 1901 2835 1994 ingemiscens
2901 1902 3160 1990 spiritu

602 1991 943 2061 turbatur.
988 1996 1069 2060 Ut
1119 2013 1274 2061 vero
1313 1992 1517 2061 etiam
1570 1992 1909 2083 hospitem
1947 2014 2150 2062 suum
2187 1991 2608 2061 haereticum
2655 1990 2891 2072 sensit,
2933 1991 3160 2059 multa

603 2090 747 2149 tum
798 2079 1220 2165 affabilitate,
1264 2094 1407 2149 tum
1444 2081 1703 2150 ratione
1732 2080 2081 2151 hominem
2133 2080 2429 2151 convicit
2474 2078 2750 2156 erroris,
2805 2092 2870 2148 et
2916 2077 3002 2146 ad
3040 2102 3161 2149 ca·

603 2167 894 2238 thoficae
925 2169 1085 2238 fidei
1118 2169 1464 2238 veritatem
1500 2169 1788 2240 reduxit.
1829 2175 1986 2239 Erat
2021 2169 2129 2239 hic
2169 2170 2434 2261 primus
2471 2167 2902 2258 manipuluS,
2941 2189 3159 2254 quem

600 2255 873 2327 diabolo
911 2272 1251 2347 ereptum,
1291 2256 1377 2326 ad
1434 2279 1666 2327 aream
1721 2258 1985 2328 Domini
2040 2258 2426 2349 reportavit.

688 2347 905 2434 §nt
978 2345 1324 2436 Expeditis
1387 2346 1662 2415 tandem
1726 2346 1907 2437 apud
1972 2349 2341 2417 Marchiam
2416 2346 2623 2437 regiis
2686 2344 3024 2436 negotiis.
3096 2361 3167 2416 et

602 2456 722 2526 per
772 2436 1103 2507 nuncium
1160 2435 1245 2506 ad
1308 2441 1557 2525 Regem
1618 2457 1946 2526 responso
1994 2437 2306 2518 remisso,
2360 2437 2743 2525 Episcopus
2789 2456 2947 2504 cum
3004 2436 3165 2505 suis

599 2524 684 2594 ad
736 2526 1029 2596 Romani
1071 2526 1420 2595 Pontificis
1469 2525 1734 2595 curiam
1779 2525 2123 2618 profectus
2167 2539 2290 2609 est,
2345 2524 2787 2616 expositoque
2836 2523 3167 2595 Pontifici

598 2636 726 2684 suo
774 2615 1141 2697 desideriO,
1177 2615 1366 2705 petiit
1414 2615 1500 2684 ab
1548 2615 1867 2704 Episcopi
1916 2614 2269 2685 functione
2316 2613 2602 2695 absolvi,
2657 2626 2731 2682 ut
2777 2612 3166 2683 animabus

597 2703 1075 2774 convertendis
1138 2727 1209 2773 se
1273 2717 1499 2794 posset
1563 2704 2007 2793 impendere,
2061 2703 2176 2772 sed
2231 2726 2365 2774 non
2430 2701 2838 2793 impetravit.
2892 2704 2944 2771 Ο
2999 2724 3168 2772 vere

600 2790 864 2863 felicem
932 2791 1318 2880 praesulem
1351 2848 1367 2872 ,
1432 2791 1553 2879 qui
1605 2805 1788 2861 tanta
1843 2806 2020 2863 esset
2067 2792 2456 2862 humilitate
2508 2789 2884 2881 praedituS,
2922 2802 2999 2860 ut
3032 2815 3170 2862 cu-

601 2894 785 2970 peret
844 2879 1177 2971 dignitate
1231 2882 1428 2950 exui:
1488 2893 1765 2968 tamque
1813 2881 2112 2952 fervebat
2155 2880 2442 2951 sublimi
2489 2880 2842 2960 charitate,
2899 2893 2978 2949 ut
3027 2894 3170 2971 pro

600 2967 822 3039 salute
871 2968 1342 3070 proximorum
1390 2983 1456 3039 et
1503 2969 1829 3059 periculis
1867 2983 1934 3039 et
1982 2970 2184 3039 morti
2233 2992 2306 3040 se
2357 2969 2656 3058 objicere
2716 2979 3007 3068 optaret.
3083 2975 3172 3039 At

601 3079 758 3128 vero
814 3057 1049 3127 divina
1101 3056 1527 3147 providentia
1577 3080 1701 3148 pro
1750 3080 1873 3129 suo
1931 3058 2359 3149 beneplacito
2409 3059 2600 3149 pium
2660 3057 2981 3147 Episcopi
3031 3057 3172 3128 de·

600 3145 935 3215 siderium
995 3145 1193 3215 aliter
1253 3145 1540 3234 implere
1598 3147 2070 3216 constituerat.
2139 3152 2253 3219 Est
2315 3169 2477 3236 ergo
2544 3145 2766 3217 redire
2833 3148 3175 3236 compul-

600 3256 747 3315 sus,
785 3235 933 3305 suis
981 3233 1263 3323 quidem
1316 3237 1679 3305 frustratus
1721 3235 2065 3325 precibus,
2121 3236 2237 3307 sed
2301 3236 2729 3306 obedientiae
2792 3248 2858 3304 et
2917 3234 3174 3305 chari-

601 3323 758 3393 tatis
797 3323 1012 3413 gratia
1054 3323 1322 3414 plenuS,
1358 3345 1479 3392 nec
1516 3323 1890 3412 quicquam
1928 3324 2012 3394 de
2061 3324 2347 3395 salutari
2382 3324 2729 3415 proposito
2762 3323 3167 3395 remittens.

602 3416 968 3482 Revertens
1015 3425 1270 3492 autem,
1324 3411 1765 3484 cisterciense
1813 3413 2224 3484 coenobium
2277 3414 2542 3495 invisit,
2597 3412 2717 3482 ubi
2766 3412 3176 3484 multorum

601 3521 955 3570 servorum
1023 3500 1139 3570 Dei
1206 3513 1446 3570 sancta
1517 3502 2033 3573 conversatione
2079 3514 2144 3572 et
2192 3502 2547 3595 religionis
2595 3500 3022 3572 sublimitate
3075 3503 3183 3573 il·-

601 3588 841 3669 lectus,
886 3588 1198 3665 habitum
1253 3590 1709 3660 monasticum
1760 3591 2047 3681 accepit,
2112 3604 2316 3679 atque
2370 3591 2533 3661 inde
2605 3590 2980 3661 monachos
3019 3590 3181 3662 ali-

598 3691 766 3765 quot
826 3699 1058 3748 secum
1124 3677 1460 3758 abduxit,
1521 3700 1558 3748 e
1603 3679 1861 3766 quibus
1926 3680 2222 3751 disceret
2270 3703 2496 3750 mores
2545 3678 2736 3750 illius
2797 3678 3179 3765 instituti,

597 3778 664 3836 et
730 3765 997 3838 ordinis
1045 3766 1514 3856 disciplinam.
1589 3768 1922 3856 Equidem
1989 3769 2256 3840 felicem
2322 3769 2614 3857 dixerim
2662 3767 2957 3840 electum
3033 3772 3192 3841 Dei

600 3852 1037 3926 Dominicum
1073 3911 1088 3937 ,
1143 3856 1264 3942 qui
1314 3857 1482 3926 tanti
1550 3858 1893 3947 pontificis
1940 3871 2006 3928 et
2054 3858 2177 3929 viri
2229 3856 2596 3949 Apostolici
2660 3856 2992 3927 meruerit
3046 3879 3195 3929 so-

597 3946 837 4015 cietate
885 3957 951 4015 et
996 3945 1304 4015 amicitia
1351 3944 1686 4029 decorari,
1744 3970 1784 4016 a
1844 3970 1983 4035 quo
2048 3947 2342 4018 dubium
2385 3969 2516 4018 non
2562 3946 2689 4029 sit,
2743 3945 2945 4016 illum
2987 3968 3189 4018 san-

599 4034 853 4104 ctitatis
887 4035 1201 4125 exempla
1234 4048 1299 4105 et
1333 4034 1689 4126 religionis
1727 4037 2193 4107 institutiones
2228 4036 2566 4107 hausisse.

684 4124 722 4209 §
769 4128 916 4195 1².
974 4128 1139 4194 Cum
1176 4129 1466 4194 Montem
1504 4124 1957 4197 Pessulanum
1989 4125 2316 4197 “essent
2363 4124 2875 4216 praetergressi,
2933 4125 3192 4196 offen-

597 4208 849 4282 derunt
881 4210 1248 4283 duodecim
1281 4214 1572 4284 Abbates
1602 4215 2056 4286 Cistertiensis
2104 4215 2405 4296 Ordinis,
2458 4228 2696 4284 contra
2747 4212 3192 4305 Albigenses
3253 4224 3254 4239 ¹

648 4373 1185 4477 algaegog‘alvlnulntelltge
1207 4376 1435 4417 Comitem
1455 4378 1504 4416 in
1524 4377 1681 4417 Gallia
1697 4379 1748 4417 do
1763 4379 1809 4417 la
1829 4379 2006 4419 March«
2022 4380 2071 4418 ln
2089 4378 2332 4419 territorio
2359 4375 2615 4418 Limostno.
