3308 5004
162 342 349 410 Ans.
398 342 487 409 28
708 362 788 412 nn
835 362 891 409 s.
945 362 1302 412 Avensnno
1348 363 1561 413 msc:
1602 364 1681 412 n·
1725 363 1901 413 mci..
1951 364 2132 414 socr.
2479 350 2610 416 683

161 444 273 525 iis,
313 444 437 533 qui
484 444 776 516 oderunt
818 468 1082 537 pacem,
1133 460 1326 518 erant
1378 447 1689 541 pacifici,
1742 459 1808 519 et
1852 470 2012 519 cum
2064 449 2530 539 loquerentur,
2582 450 2699 522 de·-

160 533 602 605 bell'abantur
642 536 862 627 gratis
899 538 988 606 ab
1020 536 1144 606 eis.

246 628 395 699 12.
450 622 822 711 Aliquoties
868 647 1025 696 vero
1071 626 1274 696 etiam
1324 627 1470 696 vias
1516 625 1766 700 armati
1828 626 2039 697 iidem
2091 628 2700 700 Circumcelliones

158 715 397 782 contra
443 711 785 783 famulum
826 714 945 785 Dei
977 715 1432 806 Augustinum
1483 714 1925 796 obsederunt,
1978 716 2147 787 dum
2189 716 2361 786 §orte
2412 718 2542 789 iret
2587 740 2700 800 m·

158 812 360 960 ἔξω
386 801 476 870 ad
510 801 888 872 visitandas
935 803 1514 891 instruendasque
1561 816 1627 873 et
1648 805 2114 877 exhortandas
2146 803 2522 876 catholicas
2556 807 2701 898 ple-

310 913 324 958 :
376 890 560 978 quod
612 891 761 981 ipse
821 892 1373 979 frequentissime
1429 892 1743 962 faciebat.
1798 898 1873 963 Et
1936 893 2313 982 aliquando
2359 894 2542 966 conti
2599 896 2691 978 't,

160 991 238 1048 ut
272 978 371 1048 illi
409 980 903 1050 succenturiati
945 981 1275 1052 hactenus
1307 982 1666 1072 perderent
1693 982 2083 1071 captionem
2111 1007 2130 1050 t
2159 984 2387 1052 euenit
2414 985 2532 1071 qui
2585 1005 2695 1058 em

158 1067 277 1137 Dei
327 1068 775 1159 providentia,
814 1069 930 1139 sed
978 1069 1286 1139 ductoris
1336 1070 1637 1140 bominis
1683 1092 1937 1153 errore,
1989 1084 2066 1142 ut
2114 1091 2236 1164 per
2270 1071 2480 1141 aliam
2514 1074 2692 1143 viam

154 1179 316 1227 cum
367 1157 515 1228 suis
562 1158 933 1228 comitibus
972 1158 1288 1229 sacerdos
1333 1180 1471 1248 quo
1525 1158 1869 1241 tendebat,
1922 1160 2265 1240 venisset,
2320 1173 2527 1248 atque
2580 1181 2701 1251 per

155 1244 348 1316 hunc
381 1300 397 1328 ‚
456 1267 659 1334 quem
726 1261 957 1338 postea
1003 1248 1342 1338 cognovit,
1390 1269 1720 1330 errorem,
1762 1270 2011 1319 manus
2043 1248 2295 1339 impias
2341 1249 2691 1319 evasisset.

153 1338 237 1404 Et
292 1355 451 1404 cum
520 1335 590 1405 iu
639 1337 964 1406 omnibus
1011 1336 1356 1406 liberatori
1414 1342 1542 1407 Deo
1590 1337 1851 1427 gratias
1894 1338 2196 1427 egisset,
2251 1337 2354 1406 illi
2410 1337 2698 1409 omnino

152 1444 287 1494 suo
334 1444 523 1493 more
574 1446 697 1493 nec
746 1424 942 1495 laicis
990 1447 1117 1495 nec
1164 1426 1432 1496 clericis
1494 1439 1989 1516 pepercerunt,
2042 1426 2222 1496 sicut
2270 1425 2550 1516 publica
2596 1439 2697 1496 te·-

154 1523 431 1583 stantur
474 1525 687 1603 gesta.
751 1518 1017 1584 Interea
1079 1513 1422 1584 silendum
1473 1536 1609 1585 non
1657 1528 1811 1596 est,
1861 1514 2043 1602 quod
2095 1515 2180 1584 ad
2236 1514 2512 1585 laudem
2579 1515 2695 1585 Dei

152 1622 281 1692 per
326 1600 516 1671 illius
578 1616 715 1671 tam
767 1602 1024 1694 egregii
1074 1604 1142 1671 in
1192 1603 1476 1672 ecclesia
1542 1604 1668 1673 viri
1716 1602 2073 1686 studium,
2142 1603 2534 1690 domusque
2582 1604 2696 1673 Dei

148 1689 377 1759 zelum
414 1743 429 1768 ,
482 1690 811 1761 adversus
876 1692 1257 1782 praedictos
1306 1691 1831 1783 rebaptizatores
1881 1693 2265 1764 Donatistae
2314 1705 2581 1783 gestum
2630 1706 2698 1764 et

151 1778 535 1870 perfectum
582 1791 706 1849 est.
759 1785 926 1851 Cum
976 1780 1145 1851 forte
1191 1802 1376 1851 unus
1404 1835 1423 1861 ,
1477 1803 1558 1850 ex
1606 1780 1692 1851 iis
1737 1803 1912 1868 quos
1957 1782 2046 1851 de
2101 1803 2228 1852 suo
2278 1781 2697 1853 monasterio

151 1879 221 1936 et
265 1865 450 1936 clero
499 1868 875 1960 Episcopus
921 1870 1249 1940 ecclesiae
1294 1883 1812 1972 propagaverat,
1864 1869 1950 1939 ad
2003 1891 2199 1941 suam
2252 1891 2490 1941 curam
2545 1892 2688 1958 per·

154 1956 483 2025 tinentem
536 1957 955 2029 calamensis
993 1959 1320 2029 ecciesiae
1366 1958 1732 2028 dioecesim
1787 1959 2111 2040 visitaret,
2165 1971 2244 2029 ut
2288 1980 2466 2046 quae
2509 1958 2698 2028 didi-

152 2057 345 2113 cerat
393 2066 515 2136 pro
562 2068 728 2137 pace
790 2047 1128 2118 Ecclesiae
1164 2102 1180 2130 ‚
1251 2061 1489 2117 contra
1552 2047 1746 2117 illam
1810 2047 2166 2124 haeresim.
2214 2047 2690 2138 praedicarete

153 2131 413 2202 factum
460 2146 584 2215 est,
639 2148 715 2205 ut
764 2136 829 2203 in
871 2135 1093 2205 medio
1124 2136 1387 2216 itinere,
1438 2159 1599 2205 cum
1629 2157 1875 2205 eorum
1925 2137 2220 2206 insidias
2261 2137 2690 2217 incurrisset,

152 2241 237 2290 ae
322 2242 359 2291 e
403 2244 557 2291 cum
607 2224 935 2294 omnibus
981 2246 1053 2294 se
1098 2225 1592 2295 comitantibus
1635 2225 1969 2304 evaserit,
2024 2226 2357 2313 injuriam
2413 2239 2640 2294 tamen
2674 2279 2690 2306 ,

155 2243 402 2380 abffitis
439 2333 559 2402 per
592 2312 726 2381 vim
769 2312 1108 2401 jumentis
1157 2313 1448 2401 aliisque
1485 2313 1735 2390 rebus,
1789 2314 2193 2403 gravissime
2240 2314 2549 2382 affectus.
2604 2318 2697 2383 De

150 2420 289 2487 qua
327 2421 418 2481 re,
456 2422 541 2469 ne
575 2402 763 2491 pacis
801 2400 1128 2472 ecclesiae
1158 2403 1461 2505 amplius
1490 2399 1940 2492 impediretur
1970 2401 2336 2491 profectuS,
2374 2401 2697 2470 defensor

147 2487 481 2560 ecclesiae
514 2490 691 2560 inter
718 2490 905 2582 leges
954 2513 1087 2561 non
1141 2491 1353 2562 siluit.

240 2579 277 2735 ῗ
324 2583 469 2650 18.
526 2584 604 2648 Et
653 2593 1060 2671 praeceptus
1123 2594 1225 2650 est
1273 2580 1628 2669 Crispinus
1663 2632 1678 2660 ,
1731 2579 1854 2666 qui
1905 2578 2149 2649 iisdem
2205 2577 2574 2648 Donatistis
2619 2578 2691 2646 in

147 2671 235 2736 Ca
270 2668 532 2739 emensi
569 2668 838 2738 civitate
868 2682 935 2739 et
981 2669 1256 2760 regione
1305 2669 1686 2758 Episcopus
1734 2667 1886 2748 fuit,
1953 2667 2386 2758 praedicator
2431 2665 2696 2736 scilicet

143 2755 392 2836 falsus,
442 2767 508 2825 et
556 2756 756 2826 multi
807 2760 1136 2847 temporis
1184 2757 1453 2838 doctor,
1505 2755 1589 2824 ad
1646 2755 1975 2828 mulctam
2028 2757 2240 2826 teneri
2290 2756 2635 2825 aurariam
2673 2809 2688 2834 ,

132 2842 455 2935 publicis
502 2843 771 2933 legibus
802 2859 1039 2916 contra
1090 2846 1463 2915 haereticos
1512 2846 1981 2914 constitutam.
2037 2845 2165 2928 Qui
2211 2844 2561 2914 resultans
2599 2842 2695 2912 le-

140 2931 382 3024 gibus,
426 2954 592 3001 cum
647 2948 1118 3024 praesentatus
1164 2934 1350 3025 apud
1403 2933 1889 3003 Proconsulem
1940 2954 2012 3003 se
2071 2946 2348 3034 negaret
2396 2932 2689 3002 haereti·-

137 3040 337 3099 cum,
392 3020 626 3090 oborta
676 3036 779 3092 est
831 3024 1220 3101 necessitas,
1273 3035 1349 3091 ut
1378 3022 1504 3105 illi,
1548 3022 1902 3094 recedente
1935 3022 2274 3092 Ecclesiae
2305 3020 2688 3102 defensore,

140 3132 185 3180 a
239 3107 579 3179 catholico
645 3113 979 3202 Episcopo
1028 3113 1497 3187 resisteretur.
1551 3124 1615 3181 et
1662 3111 2183 3180 convinceretur
2212 3166 2228 3191 ,
2281 3132 2436 3191 eum
2485 3131 2685 3190 esse,

190 3196 334 3267 uod
371 3220 444 3266 se
482 3197 693 3275 fuisse
724 3212 1086 3291 negaverat
1119 3223 1133 3267 :
1190 3201 1525 3284 Quoniam
1554 3201 1620 3268 si
1653 3223 1691 3269 a
1733 3199 2076 3269 catholico
2105 3198 2686 3277 dissimularetur,

134 3221 321 3358 {lette
369 3287 755 3358 catholicus
804 3290 1207 3379 Episcopus,
1262 3289 1381 3376 qui
1428 3300 1576 3357 erat
1625 3288 2033 3367 haereticus,
2098 3288 2516 3366 crederetur,
2572 3286 2693 3355 illo

136 3398 243 3455 se,
304 3375 486 3462 quod
538 3390 703 3456 erat,
758 3394 1073 3469 negante,
1129 3390 1332 3466 atque
1381 3378 1473 3446 ita
1521 3398 1600 3445 ex
1646 3376 1780 3447 hac
1827 3376 2095 3448 desidia
2143 3376 2443 3445 infirmis
2489 3397 2693 3444 scan-

134 3464 390 3535 dalum
443 3478 860 3535 nasceretur.
916 3472 991 3535 Et
1039 3480 1204 3536 tunc
1271 3465 1701 3535 memorabili
1763 3468 2143 3555 Augustino
2196 3464 2497 3543 antistite
2539 3484 2693 3533 om*

134 3552 453 3623 nimodis
500 3553 819 3634 instante,
871 3555 955 3624 ad
1008 3555 1542 3625 controversiam
1608 3554 1813 3624 ambo
1862 3554 1992 3644 ipsi
2055 3554 2490 3625 calamenses
2537 3551 2694 3642 Epi-

134 3641 393 3732 scopi,
449 3641 838 3712 Catholicus
898 3644 1159 3714 scilicet
1224 3656 1288 3714 et
1354 3642 1786 3721 haereticus,
1847 3657 2229 3723 venerunt,
2294 3654 2360 3712 et
2405 3641 2491 3711 de
2541 3641 2692 3731 ipsa

134 3731 419 3800 diversa
458 3732 947 3802 communione
997 3735 1195 3802 tertio
1236 3732 1568 3801 conflictu
1617 3752 1848 3800 secum
1900 3745 2228 3822 egerunt,
2275 3751 2522 3821 magna
2573 3751 2694 3819 po·-

140 3819 474 3909 pulorum
540 3819 1086 3890 Christianorum
1155 3820 1600 3890 multitudine
1672 3841 1921 3890 causae
1989 3821 2302 3900 exitum,
2369 3831 2438 3888 et
2501 3816 2688 3909 apud

140 3907 653 3998 Carthaginem,
688 3921 753 3977 et
825 3929 900 3976 er
930 3920 1137 3979 totam
1173 3909 1463 3978 Africam
1497 3920 1916 3999 expecta-nte:
1953 3922 2158 3997 atque
2192 3908 2307 3977 ille
2338 3906 2692 4008 Crispinus

147 3997 631 4085 proconsulari
679 4010 743 4066 et
820 3997 1085 4066 ibellari
1153 3998 1648 4068 sententia-est
1698 3998 2197 4088 pronunciatus
2255 3998 2687 4066 haereticus:

149 4087 418 4170 Proque
457 4086 576 4156 illo
623 4086 806 4176 apud
858 4087 1279 4177 cognitorem
1329 4085 1713 4156 catholicus
1743 4088 2122 4189 Episcopus
2157 4084 2562 4162 intercessit,
2608 4103 2694 4151 ne

146 4174 434 4243 auraria
483 4174 696 4245 multa
744 4176 1150 4277 exigeretur,
1206 4188 1272 4245 et
1314 4177 1378 4245 ei
1409 4174 1821 4244 beneficium
1863 4188 1965 4244 est
1999 4186 2462 4264 impetratum.
2504 4171 2693 4244 Unde

140 4281 312 4329 eum
351 4262 660 4352 ingratus
692 4265 777 4333 ad
818 4265 1209 4353 piissimum
1252 4265 1630 4355 principem
1671 4278 2125 4352 provocasset,
2157 4265 2244 4333 ab
2276 4269 2693 4353 Imperatore

144 4361 253 4421 est
304 4371 706 4442 responsum
758 4365 825 4422 et
869 4366 1368 4441 consequenter
1420 4365 1909 4443 praeceptum,
1967 4352 2161 4423 nullo
2211 4373 2494 4444 prorsus
2545 4351 2693 4421 loco

138 4428 529 4511 haereticos
579 4443 959 4513 Donatistas
1004 4465 1155 4513 esse
1194 4443 1464 4523 debere,
1514 4452 1582 4510 et
1609 4462 1729 4509 eos
1756 4439 1840 4510 ad
1878 4441 2013 4517 vim
2061 4440 2290 4534 legum
2340 4439 2687 4522 omnium,
