3308 5004
3272 114 3301 297 i

805 347 934 416 742
1590 368 1671 414 m:
1719 368 1775 415 s.
1829 365 2103 416 nonomo
2149 367 2393 415 annun
2978 347 3174 415 AUG.
3212 348 3257 412 &²1

721 451 970 522 deinde
1003 450 1307 543 plurima
1340 462 1694 541 reputans,
1733 472 1856 542 per
1879 472 2056 539 quae
2088 461 2326 522 coetus
2349 450 2867 523 monachorum
2907 450 3257 523 distribuit
3300 464 3301 467 ’

717 542 1012 612 Abbates
1060 540 1439 620 constituit,
1474 561 1727 628 eosque
1756 539 2141 610 secundum
2175 562 2215 611 a
2266 544 2338 610 D.
2375 540 2739 613 Benedicto
2775 540 3257 632 praescriptam

720 652 793 699 re
843 629 1033 700 ulam
1077 630 1284 699 vitam
1328 627 1646 719 religiose
1680 629 2040 700 traducere
2061 628 2298 719 jussit.

891 723 984 791 8.
1037 723 1193 809 Ipse
1240 730 1495 799 autem,
1530 739 1664 788 non
1717 718 1790 788 in
1837 740 1978 788 uno
2025 717 2177 789 loco
2208 716 2616 800 consistens,
2648 722 3078 820 Aegyptum
3119 738 3259 808 pera

719 808 1011 899 grabat,
1079 806 1268 878 verbi
1311 807 1427 876 Dei
1474 808 1744 877 semina
1790 806 2052 895 ubique
2098 828 2434 898 spargens
2462 861 2479 887 ,
2539 828 2619 876 ex
2657 810 2947 895 quibus
3014 828 3259 897 magnus

719 896 1152 966 credentium
1211 918 1545 965 numerus
1594 895 1957 978 succrevit,
2009 918 2089 965 ac
2146 909 2499 983 tamquam
2541 918 2705 987 ager
2751 897 3021 983 quivis
3070 894 3258 966 fertilis
3298 970 3301 985 ὦ

720 1007 1015 1056 messem
1057 984 1407 1076 copiosam
1465 983 1907 1073 fructumque
1953 997 2019 1055 et
2064 985 2545 1064 centesimum,
2596 997 2661 1054 et
2707 985 3255 1077 sexagesimum,

714 1088 781 1145 et
815 1072 1245 1165 trigesimum
1281 1072 1643 1175 produxit:
1697 1096 1856 1143 cum
1909 1073 2130 1232 signis
2188 1072 2392 1143 etiarn
2456 1085 2661 1161 atque
2715 1073 3116 1144 miraculis
3154 1072 3257 1143 edi·

721 1164 831 1246 tie,
884 1184 1126 1233 eorum
1181 1184 1452 1233 animos
1501 1162 1587 1237 ad
1638 1184 1842 1232 aures
1889 1161 1972 1232 ad
2034 1161 2321 1232 ibendas
2372 1160 2766 1250 frequenter
2816 1174 3248 1254 permoveret

721 1252 831 1323 Sic
881 1273 1041 1321 cum
1093 1250 1264 1327 forte
1311 1252 1381 1320 in
1433 1251 1591 1321 navi
1638 1251 1986 1341 Aegyptiis
2038 1250 2554 1334 mercatoribuS,
2598 1252 2880 1339 quibus
2941 1274 3109 1323 cum
3150 1250 3252 1319 Ale

721 1341 1080 1411 xandriam
1124 1340 1268 1409 una
1316 1340 1707 1429 navigabat,
1762 1339 2107 1411 Christum
2143 1340 2647 1422 annunciaret,
2700 1353 2771 1411 et
2820 1341 3085 1412 subita
3128 1353 3251 1410 tem·

723 1444 953 1520 pestas
992 1442 1223 1499 exorta
1257 1429 1326 1498 in
1375 1442 1641 1499 certum
1690 1450 1931 1500 omnes
1980 1428 2154 1497 vitae
2186 1428 2557 1499 discrimen
2594 1429 3024 1520 conjiceret,
3063 1428 3247 1515 illique

719 1518 1040 1598 attoniti,
1094 1529 1160 1586 et
1211 1517 1403 1586 omni
1473 1517 1610 1587 alia
1660 1540 1780 1607 spe
1848 1516 2179 1598 destituti,
2236 1523 2445 1587 Deum
2495 1539 2698 1606 quem
2765 1518 2970 1609 ipsis
3027 1539 3244 1589 annun·

718 1608 946 1677 ciabat
975 1627 1048 1676 se
1079 1604 1357 1677 credere
1398 1604 1710 1695 professi,
1753 1606 1838 1675 ad
1874 1606 2028 1694 ejus
2065 1628 2264 1697 opem
2302 1606 2778 1696 confugerent,
2815 1608 3235 1678 obtestantes.

716 1710 795 1766 ut
831 1718 954 1787 pro
990 1693 1212 1765 salute
1258 1695 1572 1764 omniurn
1626 1699 1838 1764 Deum
1891 1716 2098 1765 suum
2149 1694 2656 1786 deprecaretur.
2714 1710 3139 1786 nuncupato
3167 1695 3239 1761 in·

719 1807 934 1875 super
981 1796 1133 1853 voto
1182 1783 1565 1854 Christiana
1616 1806 1813 1854 sacra
1860 1806 1932 1853 se
1966 1796 2434 1875 suscepturoS,
2473 1784 2533 1853 si
2581 1805 2937 1875 praesens
2985 1786 3124 1874 ejus
3151 1804 3231 1850 nu·

723 1896 880 1944 men
944 1871 1203 1963 experti
1255 1870 1424 1942 salvi
1472 1872 1886 1954 evaderent,
1940 1884 2303 1964 postquam
2354 1871 2438 1942 ad
2492 1894 2782 1964 precum
2848 1873 3225 1975 praesidium

726 1975 1010 2033 sanctus
1058 1983 1130 2031 se
1176 1961 1508 2031 convertit
1571 1961 1968 2042 Bononius,
2027 1973 2393 2062 tempestas
2459 1974 2737 2054 repente
2789 1962 3219 2039 d1scussa.e1

722 2051 1054 2121 serenitas
1090 2048 1356 2119 reddita
1388 2063 1512 2128 est,
1549 2063 1615 2120 et
1652 2049 2127 2120 Alexandriam
2166 2050 2549 2121 incolumes
2587 2049 2674 2120 ad
2726 2068 3018 2141 portum
3046 2066 3223 2122 omnes

722 2140 1246 2231 applicuerunt;
1301 2160 1424 2208 nec
1475 2160 1688 2221 mora,
1742 2160 1916 2226 quos
1960 2137 2048 2209 ad
2099 2138 2321 2297 isssius
2370 2161 2605 2230 preces
2652 2162 2734 2209 ex
2788 2142 3036 2211 mortis
3077 2134 3223 2225 quasi
3300 2194 3301 2237 ¹

721 2228 1043 2299 faucibus
1091 2232 1270 2296 Deus
1301 2228 1673 2319 eripuerat,
1719 2228 1788 2296 in
1823 2228 1924 2297 eis
1974 2249 2095 2318 per
2171 2227 2449 2319 aptismi
2484 2228 2785 2320 gratiam
2837 2230 2988 2321 ipse
3024 2244 3218 2297 noram
3300 2240 3301 2289 l

717 2319 926 2389 vitam
982 2328 1343 2386 restaurat.
3300 2354 3301 2379 1

805 2410 842 2495 ἓ
891 2410 977 2479 4.
1032 2409 1213 2475 Haec
1260 2404 1480 2474 aliave
1525 2404 1833 2495 ejusdem
1885 2405 2156 2496 generis
2203 2404 2616 2475 admiranda
2664 2427 2874 2497 opera
2917 2402 3211 2474 celebrem
3300 2392 3301 2467 l

718 2519 880 2566 eum
931 2517 1054 2586 per
1101 2493 1575 2565 Alexandriam
1643 2494 1925 2565 effecere
1959 2550 1975 2576 ,
2027 2517 2324 2583 quorum
2392 2494 2648 2565 civium
2717 2519 2804 2565 ne
2858 2493 3030 2563 tarot
3064 2511 3207 2558 eum

723 2585 1020 2654 nimium
1070 2583 1418 2653 extolleret
1476 2606 1557 2653 ac
1617 2596 2084 2654 transversum
2151 2595 2403 2674 ageret,
2474 2582 2655 2654 clam
2708 2582 2848 2654 inde
2886 2597 3205 2677 egres-⁵33⁵,

718 2671 1090 2764 Babylonis
1138 2672 1224 2742 ad
1273 2673 1569 2742 amicam
1620 2672 2063 2743 solitudinem
2126 2673 2376 2743 iterum
2441 2675 2744 2755 secessit,
2784 2670 2896 2740 ubi
2936 2664 3210 2768 vigilus,

709 2762 1028 2851 jejuniiS‚
1081 2761 1513 2831 orationibus
1543 2815 1559 2842 ,
1614 2761 1886 2852 piisque
1921 2761 2079 2831 aliis
2129 2761 2468 2832 bonorum
2532 2783 2816 2852 operum
2855 2758 3214 2832 exercitus,

715 2873 875 2922 cum
925 2851 1070 2942 ipse
1120 2849 1360 2921 sedulo
1407 2871 1688 2941 operam
1739 2850 1973 2932 daret,
2027 2862 2173 2920 tum
2234 2849 2392 2920 aliis
2438 2850 2615 2920 vitae
2673 2852 2852 2921 viam
2906 2846 3215 2939 praeibat,

716 2939 1494 3032 praemonstrabatque:
1549 2959 1772 3025 neque
1820 2939 2212 3029 potentibus
2275 2938 2677 3021 blanditus,
2730 2953 2801 3010 et
2854 2959 3081 3009 eorum
3118 2953 3217 3023 per

718 3042 989 3120 turpem
1038 3027 1501 3098 adulationem
1553 3028 1932 3098 amicitiam
1983 3048 2061 3096 ac
2109 3027 2407 3097 favorem
2458 3028 2669 3099 nimis
2725 3029 2995 3120 abjecte
3037 3042 3211 3114 appe-

717 3130 889 3200 tenS,
932 3138 1152 3204 neque
1192 3130 1419 3187 tamen
1451 3137 1567 3186 eos
1599 3117 1918 3205 quamvis
1949 3116 2286 3208 superbos
2314 3128 2380 3186 et
2407 3115 2789 3189 insolentes
2822 3140 2949 3208 per
2974 3112 3217 3185 nimiam

715 3207 1181 3277 austeritatem
1219 3204 1691 3296 negligendos,
1719 3204 2191 3297 aspernandos
2215 3226 2295 3275 ac
2326 3204 2781 3275 fastidiendos
2812 3207 2957 3277 sibi
2980 3205 3229 3274 ducens·-

716 3295 845 3364 hoc
873 3295 1180 3382 quidem,
1233 3307 1311 3364 ut
1357 3294 1687 3364 omnibus
1725 3295 1958 3364 omnia
2005 3294 2231 3365 factus
2275 3316 2516 3365 omnes
2564 3293 3049 3366 lucrifaceret:
3088 3287 3235 3360 illud

714 3395 970 3464 autem,
1022 3383 1299 3452 divinae
1362 3382 1551 3452 illius
1600 3404 1737 3452 non
1788 3383 2154 3453 immemor
2209 3383 2773 3453 comminationis
2838 3379 3234 3454 Ezechielis·-

724 3477 855 3541 Vac
886 3473 1070 3541 vobis
1097 3474 1222 3563 qui
1262 3470 1581 3541 con-sicitas
1620 3473 1947 3562 pulvillos
1986 3482 2048 3541 et
2085 3473 2453 3542 cervicalia
2491 3473 2612 3542 sub
2665 3475 2858 3542 omni
2903 3475 3131 3544 cubitu
3177 3465 3249 3536 mi

713 3561 1142 3650 decipiendas
1190 3562 1478 3630 animas.
1531 3565 1699 3630 Ecce
1746 3583 1866 3653 eqo
1916 3560 2335 3653 disrumpam
2382 3583 2527 3642 eos,
2590 3571 2669 3631 ut
2715 3585 2853 3632 non
2904 3566 3099 3633 ultra
3158 3579 3245 3626 cu·

714 3650 928 3742 piatis
975 3651 1242 3719 animas
1283 3651 1607 3719 volantes.
1636 3643 1780 3739 (Eia
1807 3672 1954 3740 cap.
1990 3649 2163 3739 ιω).
2204 3654 2349 3721 Non
2413 3649 2530 3719 ille
2583 3652 2947 3742 prosperis
2979 3648 3247 3721 nimium
3292 3727 3295 3750 ῃ

710 3739 1145 3819 efferebatur,
1198 3738 1486 3808 adversa
1532 3760 1694 3808 eum
1746 3737 2041 3808 deficere
2076 3760 2211 3808 non
2252 3751 2585 3830 poterant.
2635 3744 2778 3808 Pau
2831 3761 3046 3810 erum
3100 3735 3247 3808 indi·

713 3828 1016 3918 gentiam
1072 3849 1207 3897 non
1260 3838 1527 3896 tantum
1560 3827 1711 3917 ipse
1745 3848 1829 3896 su
1882 3826 2171 3908 levabat,
2216 3826 2334 3897 sed
2367 3826 2456 3898 ad
2490 3848 2690 3918 opem
2734 3827 2781 3898 il
2818 3829 2878 3898 is
2912 3827 3249 3899 ferendam

714 3917 922 3986 etiam
977 3916 1221 3986 divites
1275 3914 1517 3985 sedulo
1563 3915 2076 3998 exhortabatur,
2128 3939 2209 3987 ac
2265 3916 2617 3986 incitabat.
2672 3921 2752 3986 Et
2800 3930 2937 3987 tam
2989 3916 3245 4006 quiden

716 4026 880 4096 erga
920 4004 1092 4074 alios
1121 4004 1461 4075 solicitam
1502 4026 1743 4075 curam
1777 4004 2097 4095 gerebat:
2145 4005 2166 4073 i
2221 4026 2294 4074 se
2324 4018 2555 4075 autem
2582 4006 2654 4074 in
2692 4018 3035 4097 suscepta
3072 3999 3247 4078 seurd

717 4094 896 4163 vitae
942 4094 1336 4164 austeritate
1369 4114 1837 4184 perseverans,
1896 4114 2019 4183 pro
2054 4027 2246 4163 molli
2277 4091 2450 4163 lecto
2482 4092 2731 4164 duram
2771 4095 3118 4178 humum,
3161 4111 3243 4184 pre

715 4182 1028 4253 delicatis
1060 4182 1582 4253 linteaminibus
1621 4203 1945 4273 asperum
1989 4181 2323 4265 cilicium,
2378 4204 2503 4274 pro
2541 4183 2867 4254 cervicali
2908 4179 3245 4257 commod*

717 4271 1046 4362 lapidem,
1100 4271 1213 4340 cui
1261 4283 1472 4361 caput
1518 4270 1907 4354 inclinaret,
1942 4271 2437 4352 commutabat,
2474 4292 2554 4341 ac
2590 4271 2689 4343 sic
2771 4273 3101 4346 uiescere
3128 4291 3241 4344 coa

717 4372 1052 4440 sueverat,
1101 4361 1160 4429 si
1208 4359 1404 4446 quies
1450 4359 1744 4431 dicenda
1791 4372 1938 4441 est,
2010 4382 2186 4448 quae
2215 4360 2510 4452 jugibus
2559 4382 2682 4462 per
2782 4362 2882 4432 ies
2935 4377 3007 4435 et
3058 4386 3105 4435 n

715 4447 1143 4520 orationibus
1176 4447 1616 4539 fatigabatur,
1669 4450 1763 4519 ita
1790 4449 2098 4538 quidem,
2145 4463 2222 4522 ut
2255 4448 2530 4521 Davidis
2563 4448 2741 4521 illud
2770 4450 2913 4523 sibi
