<?xml version="1.0" encoding="UTF-8"?>
<!DOCTYPE html PUBLIC "-//W3C//DTD XHTML 1.0 Transitional//EN"
    "http://www.w3.org/TR/xhtml1/DTD/xhtml1-transitional.dtd">
<html xmlns="http://www.w3.org/1999/xhtml" xml:lang="en" lang="en">
 <head>
  <title>
</title>
<meta http-equiv="Content-Type" content="text/html;charset=utf-8" />
  <meta name='ocr-system' content='tesseract 3.04.00' />
  <meta name='ocr-capabilities' content='ocr_page ocr_carea ocr_par ocr_line ocrx_word'/>
</head>
<body>
  <div class='ocr_page' id='page_1' title='image "./historiaeseuvit01lippgoog_0269.png"; bbox 0 0 3308 5004; ppageno 0'>
   <div class='ocr_carea' id='block_1_1' title="bbox 178 379 2630 451">
    <p class='ocr_par' dir='ltr' id='par_1_1' title="bbox 178 379 2630 451">
     <span class='ocr_line' id='line_1_1' title="bbox 178 379 2630 451; baseline 0.002 -6"><span class='ocrx_word' id='word_1_1' title='bbox 178 379 366 446; x_wconf 79' lang='lat' dir='ltr'>AUG.</span> <span class='ocrx_word' id='word_1_2' title='bbox 420 380 505 444; x_wconf 79' lang='grc' dir='ltr'>Μ.</span> <span class='ocrx_word' id='word_1_3' title='bbox 742 398 821 446; x_wconf 77' lang='lat' dir='ltr'>na</span> <span class='ocrx_word' id='word_1_4' title='bbox 869 399 924 447; x_wconf 89' lang='lat' dir='ltr'>s.</span> <span class='ocrx_word' id='word_1_5' title='bbox 978 398 1268 448; x_wconf 60' lang='lat' dir='ltr'>susum</span> <span class='ocrx_word' id='word_1_6' title='bbox 1315 398 1484 447; x_wconf 70' lang='lat' dir='ltr'>wne.</span> <span class='ocrx_word' id='word_1_7' title='bbox 1536 399 1728 447; x_wconf 71' lang='lat' dir='ltr'>nar.</span> <span class='ocrx_word' id='word_1_8' title='bbox 1781 397 2155 449; x_wconf 73' lang='lat' dir='ltr'>eux-socns</span> <span class='ocrx_word' id='word_1_9' title='bbox 2501 385 2630 451; x_wconf 76' lang='lat'>255</span> 
     </span>
    </p>
   </div>
   <div class='ocr_carea' id='block_1_2' title="bbox 90 469 2760 4307">
    <p class='ocr_par' dir='ltr' id='par_1_2' title="bbox 90 469 2760 830">
     <span class='ocr_line' id='line_1_2' title="bbox 178 469 2746 584; baseline 0.002 -32"><span class='ocrx_word' id='word_1_10' title='bbox 178 493 255 552; x_wconf 91' lang='lat' dir='ltr'>ut</span> <span class='ocrx_word' id='word_1_11' title='bbox 287 503 421 551; x_wconf 93' lang='lat' dir='ltr'>non</span> <span class='ocrx_word' id='word_1_12' title='bbox 467 481 882 554; x_wconf 82' lang='lat' dir='ltr'>consentiret</span> <span class='ocrx_word' id='word_1_13' title='bbox 929 483 1206 584; x_wconf 87' lang='lat' dir='ltr'>sapiens</span> <span class='ocrx_word' id='word_1_14' title='bbox 1252 496 1319 555; x_wconf 91' lang='lat' dir='ltr'>et</span> <span class='ocrx_word' id='word_1_15' title='bbox 1366 484 1677 575; x_wconf 89' lang='lat' dir='ltr'>speciosa</span> <span class='ocrx_word' id='word_1_16' title='bbox 1725 482 1954 573; x_wconf 90' lang='lat' dir='ltr'>puella</span> <span class='ocrx_word' id='word_1_17' title='bbox 2003 483 2072 553; x_wconf 92' lang='lat' dir='ltr'>in</span> <span class='ocrx_word' id='word_1_18' title='bbox 2128 484 2530 578; x_wconf 81' lang='lat' dir='ltr'>conjugium</span> <span class='ocrx_word' id='word_1_19' title='bbox 2591 469 2746 558; x_wconf 84' lang='lat' dir='ltr'>filii&#39;</span> 
     </span>
     <span class='ocr_line' id='line_1_3' title="bbox 90 570 2722 663; baseline 0.002 -21"><span class='ocrx_word' id='word_1_20' title='bbox 90 655 95 660; x_wconf 39' lang='lat'>‚</span> <span class='ocrx_word' id='word_1_21' title='bbox 176 570 363 642; x_wconf 78' lang='lat' dir='ltr'>mei?</span> <span class='ocrx_word' id='word_1_22' title='bbox 408 575 659 641; x_wconf 88' lang='lat' dir='ltr'>Serena</span> <span class='ocrx_word' id='word_1_23' title='bbox 708 571 1063 663; x_wconf 78' lang='lat' dir='ltr'>respondit</span> <span class='ocrx_word' id='word_1_24' title='bbox 1096 596 1111 640; x_wconf 89' lang='lat'>:</span> <span class='ocrx_word' id='word_1_25' title='bbox 1165 594 1203 639; x_wconf 85' lang='lat'>«</span> <span class='ocrx_word' id='word_1_26' title='bbox 1234 571 1361 643; x_wconf 90' lang='lat' dir='ltr'>Illa</span> <span class='ocrx_word' id='word_1_27' title='bbox 1390 572 1594 663; x_wconf 86' lang='lat' dir='ltr'>elegit</span> <span class='ocrx_word' id='word_1_28' title='bbox 1632 571 1818 661; x_wconf 91' lang='lat' dir='ltr'>quod</span> <span class='ocrx_word' id='word_1_29' title='bbox 1860 572 2109 643; x_wconf 90' lang='lat' dir='ltr'>melius</span> <span class='ocrx_word' id='word_1_30' title='bbox 2139 586 2262 645; x_wconf 88' lang='lat' dir='ltr'>est:</span> <span class='ocrx_word' id='word_1_31' title='bbox 2300 574 2483 663; x_wconf 92' lang='lat' dir='ltr'>quod</span> <span class='ocrx_word' id='word_1_32' title='bbox 2513 576 2722 647; x_wconf 91' lang='lat' dir='ltr'>etiam</span> 
     </span>
     <span class='ocr_line' id='line_1_4' title="bbox 171 659 2720 752; baseline 0.002 -22"><span class='ocrx_word' id='word_1_33' title='bbox 171 660 364 731; x_wconf 87' lang='lat' dir='ltr'>novit</span> <span class='ocrx_word' id='word_1_34' title='bbox 411 659 600 731; x_wconf 84' lang='lat' dir='ltr'>filius</span> <span class='ocrx_word' id='word_1_35' title='bbox 634 671 798 730; x_wconf 88' lang='lat' dir='ltr'>tuus</span> <span class='ocrx_word' id='word_1_36' title='bbox 852 660 1100 743; x_wconf 82' lang='lat' dir='ltr'>dicere,</span> <span class='ocrx_word' id='word_1_37' title='bbox 1152 661 1275 750; x_wconf 91' lang='lat' dir='ltr'>qui</span> <span class='ocrx_word' id='word_1_38' title='bbox 1322 661 1560 732; x_wconf 91' lang='lat' dir='ltr'>lumen</span> <span class='ocrx_word' id='word_1_39' title='bbox 1608 672 1964 732; x_wconf 89' lang='lat' dir='ltr'>aeternum</span> <span class='ocrx_word' id='word_1_40' title='bbox 2016 662 2203 752; x_wconf 91' lang='lat' dir='ltr'>apud</span> <span class='ocrx_word' id='word_1_41' title='bbox 2252 662 2447 735; x_wconf 91' lang='lat' dir='ltr'>illam</span> <span class='ocrx_word' id='word_1_42' title='bbox 2495 685 2569 735; x_wconf 89' lang='lat' dir='ltr'>se</span> <span class='ocrx_word' id='word_1_43' title='bbox 2616 665 2720 735; x_wconf 91' lang='lat' dir='ltr'>vi-</span> 
     </span>
     <span class='ocr_line' id='line_1_5' title="bbox 171 748 2760 830; baseline -0.001 -11"><span class='ocrx_word' id='word_1_44' title='bbox 171 748 359 821; x_wconf 85' lang='lat' dir='ltr'>disse</span> <span class='ocrx_word' id='word_1_45' title='bbox 407 762 925 830; x_wconf 77' lang='lat' dir='ltr'>commemorat,</span> <span class='ocrx_word' id='word_1_46' title='bbox 979 771 1104 820; x_wconf 93' lang='lat' dir='ltr'>nec</span> <span class='ocrx_word' id='word_1_47' title='bbox 1145 762 1208 821; x_wconf 91' lang='lat' dir='ltr'>te</span> <span class='ocrx_word' id='word_1_48' title='bbox 1241 749 1413 822; x_wconf 92' lang='lat' dir='ltr'>illud</span> <span class='ocrx_word' id='word_1_49' title='bbox 1465 749 1781 822; x_wconf 89' lang='lat' dir='ltr'>celavit.»</span> <span class='ocrx_word' id='word_1_50' title='bbox 2739 753 2760 784; x_wconf 86' lang='lat'><strong>·</strong></span> 
     </span>
    </p>

    <p class='ocr_par' dir='ltr' id='par_1_3' title="bbox 172 837 2732 2795">
     <span class='ocr_line' id='line_1_6' title="bbox 262 837 2724 930; baseline 0 -21"><span class='ocrx_word' id='word_1_51' title='bbox 262 840 300 926; x_wconf 68' lang='grc' dir='ltr'>ξ</span> <span class='ocrx_word' id='word_1_52' title='bbox 346 840 485 910; x_wconf 74' lang='grc'>18.</span> <span class='ocrx_word' id='word_1_53' title='bbox 542 837 1003 911; x_wconf 81' lang='lat' dir='ltr'>Diocletianus</span> <span class='ocrx_word' id='word_1_54' title='bbox 1052 843 1402 930; x_wconf 88' lang='lat' dir='ltr'>Augustus</span> <span class='ocrx_word' id='word_1_55' title='bbox 1441 839 1700 921; x_wconf 88' lang='lat' dir='ltr'>iratus,</span> <span class='ocrx_word' id='word_1_56' title='bbox 1756 838 2150 911; x_wconf 82' lang='lat' dir='ltr'>Macedonio</span> <span class='ocrx_word' id='word_1_57' title='bbox 2196 838 2465 911; x_wconf 90' lang='lat' dir='ltr'>homini</span> <span class='ocrx_word' id='word_1_58' title='bbox 2512 840 2724 912; x_wconf 91' lang='lat' dir='ltr'>sacri-</span> 
     </span>
     <span class='ocr_line' id='line_1_7' title="bbox 180 926 2714 1028; baseline 0.002 -32"><span class='ocrx_word' id='word_1_59' title='bbox 180 926 327 1019; x_wconf 90' lang='lat' dir='ltr'>lego</span> <span class='ocrx_word' id='word_1_60' title='bbox 359 939 424 996; x_wconf 90' lang='lat' dir='ltr'>et</span> <span class='ocrx_word' id='word_1_61' title='bbox 448 948 718 1026; x_wconf 90' lang='lat' dir='ltr'>pagano</span> <span class='ocrx_word' id='word_1_62' title='bbox 748 927 1182 1028; x_wconf 77' lang='lat' dir='ltr'>praecipiens</span> <span class='ocrx_word' id='word_1_63' title='bbox 1205 928 1421 998; x_wconf 84' lang='lat' dir='ltr'>dixit:</span> <span class='ocrx_word' id='word_1_64' title='bbox 1466 932 1748 1000; x_wconf 90' lang='lat' dir='ltr'>Coarcta</span> <span class='ocrx_word' id='word_1_65' title='bbox 1776 949 1929 998; x_wconf 89' lang='lat' dir='ltr'>eam</span> <span class='ocrx_word' id='word_1_66' title='bbox 1964 928 2145 999; x_wconf 90' lang='lat' dir='ltr'>intra</span> <span class='ocrx_word' id='word_1_67' title='bbox 2174 928 2460 1000; x_wconf 90' lang='lat' dir='ltr'>domum</span> <span class='ocrx_word' id='word_1_68' title='bbox 2489 952 2714 1012; x_wconf 91' lang='lat' dir='ltr'>suam,</span> 
     </span>
     <span class='ocr_line' id='line_1_8' title="bbox 175 1014 2727 1102; baseline 0.001 -16"><span class='ocrx_word' id='word_1_69' title='bbox 175 1028 254 1086; x_wconf 90' lang='lat' dir='ltr'>ut</span> <span class='ocrx_word' id='word_1_70' title='bbox 300 1014 641 1086; x_wconf 80' lang='lat' dir='ltr'>sacrificia</span> <span class='ocrx_word' id='word_1_71' title='bbox 694 1014 830 1088; x_wconf 80' lang='lat' dir='ltr'>dtis</span> <span class='ocrx_word' id='word_1_72' title='bbox 876 1017 1149 1102; x_wconf 80' lang='lat' dir='ltr'>offerat:</span> <span class='ocrx_word' id='word_1_73' title='bbox 1202 1016 1466 1087; x_wconf 90' lang='lat' dir='ltr'>occulte</span> <span class='ocrx_word' id='word_1_74' title='bbox 1524 1029 1779 1102; x_wconf 85' lang='lat' dir='ltr'>tamen,</span> <span class='ocrx_word' id='word_1_75' title='bbox 1832 1038 1917 1087; x_wconf 88' lang='lat' dir='ltr'>ne</span> <span class='ocrx_word' id='word_1_76' title='bbox 1983 1018 2444 1089; x_wconf 88' lang='lat' dir='ltr'>mansuetudo</span> <span class='ocrx_word' id='word_1_77' title='bbox 2491 1030 2727 1089; x_wconf 88' lang='lat' dir='ltr'>nostra</span> 
     </span>
     <span class='ocr_line' id='line_1_9' title="bbox 176 1103 2729 1197; baseline 0.002 -24"><span class='ocrx_word' id='word_1_78' title='bbox 176 1103 438 1174; x_wconf 76' lang='lat' dir='ltr'>invidia</span> <span class='ocrx_word' id='word_1_79' title='bbox 486 1103 766 1175; x_wconf 89' lang='lat' dir='ltr'>laboret.</span> <span class='ocrx_word' id='word_1_80' title='bbox 820 1105 999 1176; x_wconf 86' lang='lat' dir='ltr'>Abiit</span> <span class='ocrx_word' id='word_1_81' title='bbox 1028 1105 1491 1186; x_wconf 88' lang='lat' dir='ltr'>Macedonius,</span> <span class='ocrx_word' id='word_1_82' title='bbox 1539 1105 1954 1193; x_wconf 88' lang='lat' dir='ltr'>veniensque</span> <span class='ocrx_word' id='word_1_83' title='bbox 2001 1105 2070 1174; x_wconf 92' lang='lat' dir='ltr'>in</span> <span class='ocrx_word' id='word_1_84' title='bbox 2131 1105 2477 1197; x_wconf 83' lang='lat' dir='ltr'>regionem</span> <span class='ocrx_word' id='word_1_85' title='bbox 2529 1106 2729 1178; x_wconf 89' lang='lat' dir='ltr'>Salu-</span> 
     </span>
     <span class='ocr_line' id='line_1_10' title="bbox 174 1193 2715 1286; baseline 0 -23"><span class='ocrx_word' id='word_1_86' title='bbox 174 1193 314 1273; x_wconf 89' lang='lat' dir='ltr'>stii,</span> <span class='ocrx_word' id='word_1_87' title='bbox 366 1193 647 1263; x_wconf 88' lang='lat' dir='ltr'>intravit</span> <span class='ocrx_word' id='word_1_88' title='bbox 694 1193 764 1263; x_wconf 93' lang='lat' dir='ltr'>in</span> <span class='ocrx_word' id='word_1_89' title='bbox 805 1195 1010 1266; x_wconf 89' lang='lat' dir='ltr'>aedes</span> <span class='ocrx_word' id='word_1_90' title='bbox 1040 1195 1215 1286; x_wconf 91' lang='lat' dir='ltr'>ejus,</span> <span class='ocrx_word' id='word_1_91' title='bbox 1262 1193 1624 1285; x_wconf 89' lang='lat' dir='ltr'>coepitque</span> <span class='ocrx_word' id='word_1_92' title='bbox 1651 1214 1897 1285; x_wconf 91' lang='lat' dir='ltr'>urgere</span> <span class='ocrx_word' id='word_1_93' title='bbox 1943 1215 2119 1276; x_wconf 89' lang='lat' dir='ltr'>eam,</span> <span class='ocrx_word' id='word_1_94' title='bbox 2157 1207 2235 1265; x_wconf 92' lang='lat' dir='ltr'>ut</span> <span class='ocrx_word' id='word_1_95' title='bbox 2275 1194 2715 1267; x_wconf 87' lang='lat' dir='ltr'>sacrificaret.</span> 
     </span>
     <span class='ocr_line' id='line_1_11' title="bbox 172 1281 2728 1373; baseline 0.002 -21"><span class='ocrx_word' id='word_1_96' title='bbox 172 1281 485 1352; x_wconf 87' lang='lat' dir='ltr'>Habebat</span> <span class='ocrx_word' id='word_1_97' title='bbox 530 1282 714 1352; x_wconf 90' lang='lat' dir='ltr'>enim</span> <span class='ocrx_word' id='word_1_98' title='bbox 746 1283 933 1373; x_wconf 91' lang='lat' dir='ltr'>apud</span> <span class='ocrx_word' id='word_1_99' title='bbox 984 1304 1056 1352; x_wconf 91' lang='lat' dir='ltr'>se</span> <span class='ocrx_word' id='word_1_100' title='bbox 1095 1282 1560 1354; x_wconf 86' lang='lat' dir='ltr'>statunculam</span> <span class='ocrx_word' id='word_1_101' title='bbox 1610 1304 1891 1353; x_wconf 89' lang='lat' dir='ltr'>auream</span> <span class='ocrx_word' id='word_1_102' title='bbox 1925 1283 2145 1366; x_wconf 84' lang='lat' dir='ltr'>Jovis,</span> <span class='ocrx_word' id='word_1_103' title='bbox 2196 1295 2263 1354; x_wconf 91' lang='lat' dir='ltr'>et</span> <span class='ocrx_word' id='word_1_104' title='bbox 2301 1306 2610 1354; x_wconf 90' lang='lat' dir='ltr'>mensam</span> <span class='ocrx_word' id='word_1_105' title='bbox 2660 1300 2728 1359; x_wconf 92' lang='lat' dir='ltr'>et</span> 
     </span>
     <span class='ocr_line' id='line_1_12' title="bbox 173 1370 2726 1469; baseline 0.001 -27"><span class='ocrx_word' id='word_1_106' title='bbox 173 1370 543 1461; x_wconf 84' lang='lat' dir='ltr'>tripodem.</span> <span class='ocrx_word' id='word_1_107' title='bbox 598 1375 783 1454; x_wconf 90' lang='lat' dir='ltr'>Quae</span> <span class='ocrx_word' id='word_1_108' title='bbox 836 1384 917 1443; x_wconf 94' lang='lat' dir='ltr'>ut</span> <span class='ocrx_word' id='word_1_109' title='bbox 973 1372 1144 1443; x_wconf 86' lang='lat' dir='ltr'>vidit</span> <span class='ocrx_word' id='word_1_110' title='bbox 1191 1377 1531 1469; x_wconf 75' lang='lat' dir='ltr'>Susanna,</span> <span class='ocrx_word' id='word_1_111' title='bbox 1584 1371 1993 1453; x_wconf 85' lang='lat' dir='ltr'>insufflavit,</span> <span class='ocrx_word' id='word_1_112' title='bbox 2047 1371 2240 1443; x_wconf 88' lang='lat' dir='ltr'>flexis</span> <span class='ocrx_word' id='word_1_113' title='bbox 2292 1395 2377 1443; x_wconf 92' lang='lat' dir='ltr'>ue</span> <span class='ocrx_word' id='word_1_114' title='bbox 2426 1372 2726 1464; x_wconf 84' lang='lat' dir='ltr'>genibus</span> 
     </span>
     <span class='ocr_line' id='line_1_13' title="bbox 174 1459 2726 1551; baseline 0 -20"><span class='ocrx_word' id='word_1_115' title='bbox 174 1460 276 1531; x_wconf 91' lang='lat' dir='ltr'>sic</span> <span class='ocrx_word' id='word_1_116' title='bbox 328 1459 695 1530; x_wconf 90' lang='lat' dir='ltr'>Dominum</span> <span class='ocrx_word' id='word_1_117' title='bbox 738 1473 1013 1551; x_wconf 87' lang='lat' dir='ltr'>precata</span> <span class='ocrx_word' id='word_1_118' title='bbox 1058 1473 1204 1532; x_wconf 76' lang='lat' dir='ltr'>est:</span> <span class='ocrx_word' id='word_1_119' title='bbox 1259 1462 1567 1540; x_wconf 86' lang='lat' dir='ltr'>Domine,</span> <span class='ocrx_word' id='word_1_120' title='bbox 1623 1482 1758 1531; x_wconf 91' lang='lat' dir='ltr'>non</span> <span class='ocrx_word' id='word_1_121' title='bbox 1811 1460 2084 1531; x_wconf 89' lang='lat' dir='ltr'>videant</span> <span class='ocrx_word' id='word_1_122' title='bbox 2127 1462 2311 1532; x_wconf 92' lang='lat' dir='ltr'>ocui</span> <span class='ocrx_word' id='word_1_123' title='bbox 2374 1461 2509 1532; x_wconf 90' lang='lat' dir='ltr'>mei</span> <span class='ocrx_word' id='word_1_124' title='bbox 2566 1461 2726 1531; x_wconf 90' lang='lat' dir='ltr'>dae-</span> 
     </span>
     <span class='ocr_line' id='line_1_14' title="bbox 174 1548 2727 1630; baseline 0.001 -13"><span class='ocrx_word' id='word_1_125' title='bbox 174 1569 464 1618; x_wconf 88' lang='lat' dir='ltr'>monum</span> <span class='ocrx_word' id='word_1_126' title='bbox 504 1548 755 1630; x_wconf 88' lang='lat' dir='ltr'>thecas,</span> <span class='ocrx_word' id='word_1_127' title='bbox 820 1548 939 1620; x_wconf 91' lang='lat' dir='ltr'>sed</span> <span class='ocrx_word' id='word_1_128' title='bbox 979 1550 1334 1621; x_wconf 90' lang='lat' dir='ltr'>consolare</span> <span class='ocrx_word' id='word_1_129' title='bbox 1394 1549 1721 1620; x_wconf 87' lang='lat' dir='ltr'>ancillam</span> <span class='ocrx_word' id='word_1_130' title='bbox 1788 1562 2001 1620; x_wconf 89' lang='lat' dir='ltr'>tuam.</span> <span class='ocrx_word' id='word_1_131' title='bbox 2056 1549 2498 1620; x_wconf 89' lang='lat' dir='ltr'>Macedonius</span> <span class='ocrx_word' id='word_1_132' title='bbox 2553 1549 2727 1620; x_wconf 84' lang='lat' dir='ltr'>dixit</span> 
     </span>
     <span class='ocr_line' id='line_1_15' title="bbox 174 1636 2726 1729; baseline 0.001 -23"><span class='ocrx_word' id='word_1_133' title='bbox 174 1636 261 1706; x_wconf 93' lang='lat' dir='ltr'>ad</span> <span class='ocrx_word' id='word_1_134' title='bbox 309 1658 503 1707; x_wconf 90' lang='lat' dir='ltr'>eam:</span> <span class='ocrx_word' id='word_1_135' title='bbox 570 1637 768 1729; x_wconf 90' lang='lat' dir='ltr'>Erige</span> <span class='ocrx_word' id='word_1_136' title='bbox 815 1651 877 1709; x_wconf 92' lang='lat' dir='ltr'>te</span> <span class='ocrx_word' id='word_1_137' title='bbox 923 1661 963 1709; x_wconf 91' lang='lat' dir='ltr'>a</span> <span class='ocrx_word' id='word_1_138' title='bbox 1030 1652 1246 1721; x_wconf 92' lang='lat' dir='ltr'>terra,</span> <span class='ocrx_word' id='word_1_139' title='bbox 1300 1651 1365 1709; x_wconf 89' lang='lat' dir='ltr'>et</span> <span class='ocrx_word' id='word_1_140' title='bbox 1424 1638 1637 1710; x_wconf 90' lang='lat' dir='ltr'>adora</span> <span class='ocrx_word' id='word_1_141' title='bbox 1681 1638 1889 1709; x_wconf 92' lang='lat' dir='ltr'>deum</span> <span class='ocrx_word' id='word_1_142' title='bbox 1939 1639 2268 1709; x_wconf 87' lang='lat' dir='ltr'>Caesaris.</span> <span class='ocrx_word' id='word_1_143' title='bbox 2332 1638 2459 1709; x_wconf 74' lang='lat' dir='ltr'>ula</span> <span class='ocrx_word' id='word_1_144' title='bbox 2513 1651 2726 1729; x_wconf 91' lang='lat' dir='ltr'>caput</span> 
     </span>
     <span class='ocr_line' id='line_1_16' title="bbox 174 1726 2726 1819; baseline 0 -22"><span class='ocrx_word' id='word_1_145' title='bbox 174 1748 383 1797; x_wconf 84' lang='lat' dir='ltr'>suum</span> <span class='ocrx_word' id='word_1_146' title='bbox 435 1726 738 1817; x_wconf 81' lang='lat' dir='ltr'>erigente</span> <span class='ocrx_word' id='word_1_147' title='bbox 784 1726 870 1796; x_wconf 96' lang='lat' dir='ltr'>ad</span> <span class='ocrx_word' id='word_1_148' title='bbox 918 1727 1186 1798; x_wconf 86' lang='lat' dir='ltr'>coelum</span> <span class='ocrx_word' id='word_1_149' title='bbox 1216 1783 1231 1810; x_wconf 93' lang='lat'>,</span> <span class='ocrx_word' id='word_1_150' title='bbox 1287 1741 1565 1819; x_wconf 89' lang='lat' dir='ltr'>repente</span> <span class='ocrx_word' id='word_1_151' title='bbox 1628 1727 2085 1799; x_wconf 87' lang='lat' dir='ltr'>simulacrum</span> <span class='ocrx_word' id='word_1_152' title='bbox 2137 1748 2483 1817; x_wconf 82' lang='lat' dir='ltr'>nusquam</span> <span class='ocrx_word' id='word_1_153' title='bbox 2533 1748 2726 1798; x_wconf 92' lang='lat' dir='ltr'>com-</span> 
     </span>
     <span class='ocr_line' id='line_1_17' title="bbox 175 1814 2730 1917; baseline 0.001 -32"><span class='ocrx_word' id='word_1_154' title='bbox 175 1816 433 1905; x_wconf 86' lang='lat' dir='ltr'>paruit,</span> <span class='ocrx_word' id='word_1_155' title='bbox 478 1814 785 1903; x_wconf 85' lang='lat' dir='ltr'>dixitque</span> <span class='ocrx_word' id='word_1_156' title='bbox 833 1816 1318 1889; x_wconf 88' lang='lat' dir='ltr'>Macedonius:</span> <span class='ocrx_word' id='word_1_157' title='bbox 1372 1818 1533 1888; x_wconf 85' lang='lat' dir='ltr'>Auri</span> <span class='ocrx_word' id='word_1_158' title='bbox 1585 1817 1841 1917; x_wconf 81' lang='lat' dir='ltr'>cupido</span> <span class='ocrx_word' id='word_1_159' title='bbox 1891 1829 1952 1886; x_wconf 90' lang='lat' dir='ltr'>te</span> <span class='ocrx_word' id='word_1_160' title='bbox 2007 1815 2296 1898; x_wconf 85' lang='lat' dir='ltr'>seduxit,</span> <span class='ocrx_word' id='word_1_161' title='bbox 2352 1829 2419 1886; x_wconf 90' lang='lat' dir='ltr'>et</span> <span class='ocrx_word' id='word_1_162' title='bbox 2465 1815 2730 1908; x_wconf 92' lang='lat' dir='ltr'>impetu</span> 
     </span>
     <span class='ocr_line' id='line_1_18' title="bbox 176 1903 2725 1998; baseline 0.001 -25"><span class='ocrx_word' id='word_1_163' title='bbox 176 1925 305 1974; x_wconf 84' lang='lat' dir='ltr'>suo</span> <span class='ocrx_word' id='word_1_164' title='bbox 352 1903 611 1974; x_wconf 88' lang='lat' dir='ltr'>claram</span> <span class='ocrx_word' id='word_1_165' title='bbox 664 1917 726 1974; x_wconf 91' lang='lat' dir='ltr'>te</span> <span class='ocrx_word' id='word_1_166' title='bbox 771 1904 1092 1975; x_wconf 86' lang='lat' dir='ltr'>reddidit.</span> <span class='ocrx_word' id='word_1_167' title='bbox 1139 1912 1217 1976; x_wconf 89' lang='lat' dir='ltr'>At</span> <span class='ocrx_word' id='word_1_168' title='bbox 1264 1918 1490 1976; x_wconf 89' lang='lat' dir='ltr'>tamen</span> <span class='ocrx_word' id='word_1_169' title='bbox 1526 1918 1782 1998; x_wconf 82' lang='lat' dir='ltr'>granas</span> <span class='ocrx_word' id='word_1_170' title='bbox 1829 1927 1959 1995; x_wconf 93' lang='lat' dir='ltr'>ago</span> <span class='ocrx_word' id='word_1_171' title='bbox 1999 1904 2146 1987; x_wconf 89' lang='lat' dir='ltr'>tibi,</span> <span class='ocrx_word' id='word_1_172' title='bbox 2205 1926 2340 1975; x_wconf 92' lang='lat' dir='ltr'>non</span> <span class='ocrx_word' id='word_1_173' title='bbox 2375 1905 2560 1975; x_wconf 91' lang='lat' dir='ltr'>enim</span> <span class='ocrx_word' id='word_1_174' title='bbox 2615 1905 2725 1976; x_wconf 87' lang='lat' dir='ltr'>fu-</span> 
     </span>
     <span class='ocr_line' id='line_1_19' title="bbox 179 1992 2728 2085; baseline 0.001 -23"><span class='ocrx_word' id='word_1_175' title='bbox 179 2006 326 2062; x_wconf 90' lang='lat' dir='ltr'>rata</span> <span class='ocrx_word' id='word_1_176' title='bbox 379 2014 565 2063; x_wconf 87' lang='lat' dir='ltr'>esses</span> <span class='ocrx_word' id='word_1_177' title='bbox 611 1992 1110 2078; x_wconf 89' lang='lat' dir='ltr'>simulacrum,</span> <span class='ocrx_word' id='word_1_178' title='bbox 1167 1994 1301 2065; x_wconf 90' lang='lat' dir='ltr'>nisi</span> <span class='ocrx_word' id='word_1_179' title='bbox 1354 1994 1518 2066; x_wconf 89' lang='lat' dir='ltr'>deos</span> <span class='ocrx_word' id='word_1_180' title='bbox 1573 2014 1866 2066; x_wconf 67' lang='lat' dir='ltr'>amares</span> <span class='ocrx_word' id='word_1_181' title='bbox 1922 1998 2238 2065; x_wconf 90' lang='lat' dir='ltr'>Susanna</span> <span class='ocrx_word' id='word_1_182' title='bbox 2305 1994 2728 2085; x_wconf 90' lang='lat' dir='ltr'>consignans</span> 
     </span>
     <span class='ocr_line' id='line_1_20' title="bbox 177 2082 2730 2173; baseline 0.001 -22"><span class='ocrx_word' id='word_1_183' title='bbox 177 2094 417 2173; x_wconf 90' lang='lat' dir='ltr'>pectus</span> <span class='ocrx_word' id='word_1_184' title='bbox 457 2104 687 2164; x_wconf 87' lang='lat' dir='ltr'>suum,</span> <span class='ocrx_word' id='word_1_185' title='bbox 743 2083 1121 2166; x_wconf 80' lang='lat' dir='ltr'>DominuS,</span> <span class='ocrx_word' id='word_1_186' title='bbox 1176 2083 1446 2172; x_wconf 89' lang='lat' dir='ltr'>inquit,</span> <span class='ocrx_word' id='word_1_187' title='bbox 1502 2083 1690 2153; x_wconf 87' lang='lat' dir='ltr'>misit</span> <span class='ocrx_word' id='word_1_188' title='bbox 1735 2082 2069 2173; x_wconf 78' lang='lat' dir='ltr'>Angelum</span> <span class='ocrx_word' id='word_1_189' title='bbox 2118 2104 2369 2163; x_wconf 89' lang='lat' dir='ltr'>suum,</span> <span class='ocrx_word' id='word_1_190' title='bbox 2435 2084 2555 2172; x_wconf 91' lang='lat' dir='ltr'>qui</span> <span class='ocrx_word' id='word_1_191' title='bbox 2605 2084 2730 2153; x_wconf 88' lang='lat' dir='ltr'>ab·</span> 
     </span>
     <span class='ocr_line' id='line_1_21' title="bbox 177 2169 2730 2264; baseline 0 -23"><span class='ocrx_word' id='word_1_192' title='bbox 177 2169 371 2241; x_wconf 89' lang='lat' dir='ltr'>stulit</span> <span class='ocrx_word' id='word_1_193' title='bbox 414 2170 643 2240; x_wconf 85' lang='lat' dir='ltr'>Jovem</span> <span class='ocrx_word' id='word_1_194' title='bbox 681 2192 721 2240; x_wconf 91' lang='lat' dir='ltr'>a</span> <span class='ocrx_word' id='word_1_195' title='bbox 766 2170 940 2241; x_wconf 88' lang='lat' dir='ltr'>facie</span> <span class='ocrx_word' id='word_1_196' title='bbox 978 2192 1152 2253; x_wconf 87' lang='lat' dir='ltr'>mea,</span> <span class='ocrx_word' id='word_1_197' title='bbox 1201 2194 1286 2242; x_wconf 90' lang='lat' dir='ltr'>nc</span> <span class='ocrx_word' id='word_1_198' title='bbox 1333 2172 1806 2264; x_wconf 89' lang='lat' dir='ltr'>polluerentur</span> <span class='ocrx_word' id='word_1_199' title='bbox 1857 2170 2042 2242; x_wconf 91' lang='lat' dir='ltr'>oculi</span> <span class='ocrx_word' id='word_1_200' title='bbox 2075 2172 2230 2242; x_wconf 90' lang='lat' dir='ltr'>mei.</span> <span class='ocrx_word' id='word_1_201' title='bbox 2268 2172 2519 2243; x_wconf 85' lang='lat' dir='ltr'>Eadem</span> <span class='ocrx_word' id='word_1_202' title='bbox 2553 2173 2730 2243; x_wconf 73' lang='lat' dir='ltr'>hora</span> 
     </span>
     <span class='ocr_line' id='line_1_22' title="bbox 174 2259 2732 2352; baseline 0.001 -23"><span class='ocrx_word' id='word_1_203' title='bbox 174 2281 366 2330; x_wconf 90' lang='lat' dir='ltr'>unus</span> <span class='ocrx_word' id='word_1_204' title='bbox 411 2280 491 2328; x_wconf 88' lang='lat' dir='ltr'>ex</span> <span class='ocrx_word' id='word_1_205' title='bbox 540 2260 753 2330; x_wconf 88' lang='lat' dir='ltr'>servis</span> <span class='ocrx_word' id='word_1_206' title='bbox 793 2260 1171 2331; x_wconf 88' lang='lat' dir='ltr'>Macedonii</span> <span class='ocrx_word' id='word_1_207' title='bbox 1219 2261 1572 2333; x_wconf 85' lang='lat' dir='ltr'>nunciavit</span> <span class='ocrx_word' id='word_1_208' title='bbox 1609 2261 1696 2343; x_wconf 93' lang='lat' dir='ltr'>ei,</span> <span class='ocrx_word' id='word_1_209' title='bbox 1752 2267 1988 2332; x_wconf 82' lang='lat' dir='ltr'>Jovem</span> <span class='ocrx_word' id='word_1_210' title='bbox 2040 2282 2328 2331; x_wconf 90' lang='lat' dir='ltr'>aureum</span> <span class='ocrx_word' id='word_1_211' title='bbox 2380 2260 2452 2330; x_wconf 93' lang='lat' dir='ltr'>in</span> <span class='ocrx_word' id='word_1_212' title='bbox 2503 2259 2732 2352; x_wconf 88' lang='lat' dir='ltr'>platea</span> 
     </span>
     <span class='ocr_line' id='line_1_23' title="bbox 178 2347 2721 2440; baseline 0.001 -22"><span class='ocrx_word' id='word_1_213' title='bbox 178 2360 339 2418; x_wconf 87' lang='lat' dir='ltr'>ante</span> <span class='ocrx_word' id='word_1_214' title='bbox 435 2347 720 2418; x_wconf 91' lang='lat' dir='ltr'>alatium</span> <span class='ocrx_word' id='word_1_215' title='bbox 785 2348 1064 2420; x_wconf 90' lang='lat' dir='ltr'>Salustii</span> <span class='ocrx_word' id='word_1_216' title='bbox 1104 2351 1356 2440; x_wconf 77' lang='lat' dir='ltr'>jacere.</span> <span class='ocrx_word' id='word_1_217' title='bbox 1411 2355 1581 2420; x_wconf 90' lang='lat' dir='ltr'>Tum</span> <span class='ocrx_word' id='word_1_218' title='bbox 1641 2348 2080 2421; x_wconf 87' lang='lat' dir='ltr'>Macedonius</span> <span class='ocrx_word' id='word_1_219' title='bbox 2134 2349 2237 2419; x_wconf 71' lang='lat' dir='ltr'>ira</span> <span class='ocrx_word' id='word_1_220' title='bbox 2285 2364 2672 2420; x_wconf 89' lang='lat' dir='ltr'>commotus</span> <span class='ocrx_word' id='word_1_221' title='bbox 2704 2403 2721 2432; x_wconf 93' lang='lat'>,</span> 
     </span>
     <span class='ocr_line' id='line_1_24' title="bbox 182 2437 2725 2531; baseline 0.001 -25"><span class='ocrx_word' id='word_1_222' title='bbox 182 2437 370 2507; x_wconf 87' lang='lat' dir='ltr'>mani</span> <span class='ocrx_word' id='word_1_223' title='bbox 427 2459 511 2507; x_wconf 89' lang='lat' dir='ltr'>us</span> <span class='ocrx_word' id='word_1_224' title='bbox 544 2438 691 2507; x_wconf 89' lang='lat' dir='ltr'>suis</span> <span class='ocrx_word' id='word_1_225' title='bbox 749 2459 897 2508; x_wconf 91' lang='lat' dir='ltr'>eam</span> <span class='ocrx_word' id='word_1_226' title='bbox 950 2439 1407 2531; x_wconf 86' lang='lat' dir='ltr'>expoliatam,</span> <span class='ocrx_word' id='word_1_227' title='bbox 1472 2438 1772 2511; x_wconf 83' lang='lat' dir='ltr'>fustibus</span> <span class='ocrx_word' id='word_1_228' title='bbox 1809 2437 2078 2509; x_wconf 81' lang='lat' dir='ltr'>cecidit.</span> <span class='ocrx_word' id='word_1_229' title='bbox 2134 2442 2446 2509; x_wconf 86' lang='lat' dir='ltr'>Susanna</span> <span class='ocrx_word' id='word_1_230' title='bbox 2497 2450 2725 2509; x_wconf 90' lang='lat' dir='ltr'>autem</span> 
     </span>
     <span class='ocr_line' id='line_1_25' title="bbox 183 2526 2721 2617; baseline 0 -21"><span class='ocrx_word' id='word_1_231' title='bbox 183 2526 518 2617; x_wconf 88' lang='lat' dir='ltr'>gaudens,</span> <span class='ocrx_word' id='word_1_232' title='bbox 565 2526 778 2596; x_wconf 87' lang='lat' dir='ltr'>dixit:</span> <span class='ocrx_word' id='word_1_233' title='bbox 816 2528 1042 2598; x_wconf 89' lang='lat' dir='ltr'>Gloria</span> <span class='ocrx_word' id='word_1_234' title='bbox 1093 2530 1215 2599; x_wconf 90' lang='lat' dir='ltr'>tibi</span> <span class='ocrx_word' id='word_1_235' title='bbox 1267 2529 1571 2599; x_wconf 90' lang='lat' dir='ltr'>Domine.</span> <span class='ocrx_word' id='word_1_236' title='bbox 1610 2527 2049 2598; x_wconf 88' lang='lat' dir='ltr'>Macedonius</span> <span class='ocrx_word' id='word_1_237' title='bbox 2075 2528 2210 2597; x_wconf 88' lang='lat' dir='ltr'>ait:</span> <span class='ocrx_word' id='word_1_238' title='bbox 2249 2526 2538 2597; x_wconf 88' lang='lat' dir='ltr'>Consule</span> <span class='ocrx_word' id='word_1_239' title='bbox 2574 2528 2721 2608; x_wconf 93' lang='lat' dir='ltr'>tibi,</span> 
     </span>
     <span class='ocr_line' id='line_1_26' title="bbox 182 2615 2729 2719; baseline 0 -35"><span class='ocrx_word' id='word_1_240' title='bbox 182 2629 247 2685; x_wconf 83' lang='lat' dir='ltr'>et</span> <span class='ocrx_word' id='word_1_241' title='bbox 296 2615 633 2685; x_wconf 85' lang='lat' dir='ltr'>sacrifica.</span> <span class='ocrx_word' id='word_1_242' title='bbox 688 2615 812 2685; x_wconf 92' lang='lat' dir='ltr'>Illa</span> <span class='ocrx_word' id='word_1_243' title='bbox 885 2617 1305 2719; x_wconf 85' lang='lat' dir='ltr'>consignans</span> <span class='ocrx_word' id='word_1_244' title='bbox 1401 2631 1590 2687; x_wconf 88' lang='lat' dir='ltr'>ectus</span> <span class='ocrx_word' id='word_1_245' title='bbox 1639 2638 1844 2687; x_wconf 91' lang='lat' dir='ltr'>suum</span> <span class='ocrx_word' id='word_1_246' title='bbox 1877 2671 1892 2698; x_wconf 99' lang='lat'>,</span> <span class='ocrx_word' id='word_1_247' title='bbox 1946 2616 2155 2686; x_wconf 86' lang='lat' dir='ltr'>dixit:</span> <span class='ocrx_word' id='word_1_248' title='bbox 2210 2621 2347 2707; x_wconf 90' lang='lat' dir='ltr'>Ego</span> <span class='ocrx_word' id='word_1_249' title='bbox 2398 2620 2526 2685; x_wconf 82' lang='lat' dir='ltr'>Deo</span> <span class='ocrx_word' id='word_1_250' title='bbox 2576 2638 2729 2685; x_wconf 91' lang='lat' dir='ltr'>meo</span> 
     </span>
     <span class='ocr_line' id='line_1_27' title="bbox 183 2704 1550 2795; baseline 0.001 -22"><span class='ocrx_word' id='word_1_251' title='bbox 183 2704 522 2794; x_wconf 90' lang='lat' dir='ltr'>meipsam</span> <span class='ocrx_word' id='word_1_252' title='bbox 575 2704 783 2795; x_wconf 88' lang='lat' dir='ltr'>cupio</span> <span class='ocrx_word' id='word_1_253' title='bbox 816 2706 1236 2777; x_wconf 78' lang='lat' dir='ltr'>sacrificium</span> <span class='ocrx_word' id='word_1_254' title='bbox 1286 2728 1325 2777; x_wconf 96' lang='lat' dir='ltr'>o</span> <span class='ocrx_word' id='word_1_255' title='bbox 1378 2727 1550 2776; x_wconf 90' lang='lat' dir='ltr'>erre.</span> 
     </span>
    </p>

    <p class='ocr_par' dir='ltr' id='par_1_4' title="bbox 172 2792 2731 4307">
     <span class='ocr_line' id='line_1_28' title="bbox 267 2792 2730 2885; baseline -0.001 -21"><span class='ocrx_word' id='word_1_256' title='bbox 267 2795 305 2880; x_wconf 67' lang='grc' dir='ltr'><strong>ξ</strong></span> <span class='ocrx_word' id='word_1_257' title='bbox 351 2796 506 2864; x_wconf 70' lang='grc'>19.</span> <span class='ocrx_word' id='word_1_258' title='bbox 573 2798 743 2864; x_wconf 90' lang='lat' dir='ltr'>Tum</span> <span class='ocrx_word' id='word_1_259' title='bbox 801 2815 958 2865; x_wconf 86' lang='lat' dir='ltr'>vero</span> <span class='ocrx_word' id='word_1_260' title='bbox 1018 2794 1453 2865; x_wconf 84' lang='lat' dir='ltr'>Macedonius</span> <span class='ocrx_word' id='word_1_261' title='bbox 1496 2816 1635 2864; x_wconf 90' lang='lat' dir='ltr'>rem</span> <span class='ocrx_word' id='word_1_262' title='bbox 1708 2808 1968 2885; x_wconf 90' lang='lat' dir='ltr'>gestam</span> <span class='ocrx_word' id='word_1_263' title='bbox 2024 2792 2440 2885; x_wconf 81' lang='lat' dir='ltr'>significavit</span> <span class='ocrx_word' id='word_1_264' title='bbox 2473 2793 2730 2863; x_wconf 91' lang='lat' dir='ltr'>Diocle-</span> 
     </span>
     <span class='ocr_line' id='line_1_29' title="bbox 178 2881 2729 2972; baseline 0 -21"><span class='ocrx_word' id='word_1_265' title='bbox 178 2883 366 2951; x_wconf 91' lang='lat' dir='ltr'>tiano</span> <span class='ocrx_word' id='word_1_266' title='bbox 417 2885 721 2971; x_wconf 86' lang='lat' dir='ltr'>Augusto</span> <span class='ocrx_word' id='word_1_267' title='bbox 752 2936 768 2962; x_wconf 92' lang='lat'>,</span> <span class='ocrx_word' id='word_1_268' title='bbox 821 2894 887 2952; x_wconf 88' lang='lat' dir='ltr'>et</span> <span class='ocrx_word' id='word_1_269' title='bbox 930 2895 1008 2954; x_wconf 91' lang='lat' dir='ltr'>ut</span> <span class='ocrx_word' id='word_1_270' title='bbox 1051 2884 1240 2954; x_wconf 85' lang='lat' dir='ltr'>Jovis</span> <span class='ocrx_word' id='word_1_271' title='bbox 1300 2882 1759 2955; x_wconf 89' lang='lat' dir='ltr'>simulacrum</span> <span class='ocrx_word' id='word_1_272' title='bbox 1820 2882 2219 2964; x_wconf 90' lang='lat' dir='ltr'>sublatum,</span> <span class='ocrx_word' id='word_1_273' title='bbox 2272 2894 2339 2951; x_wconf 89' lang='lat' dir='ltr'>et</span> <span class='ocrx_word' id='word_1_274' title='bbox 2385 2882 2454 2951; x_wconf 90' lang='lat' dir='ltr'>in</span> <span class='ocrx_word' id='word_1_275' title='bbox 2504 2881 2729 2972; x_wconf 88' lang='lat' dir='ltr'>platea</span> 
     </span>
     <span class='ocr_line' id='line_1_30' title="bbox 177 2970 2729 3063; baseline -0 -23"><span class='ocrx_word' id='word_1_276' title='bbox 177 2970 609 3040; x_wconf 88' lang='lat' dir='ltr'>confractum</span> <span class='ocrx_word' id='word_1_277' title='bbox 669 2970 780 3040; x_wconf 91' lang='lat' dir='ltr'>sit.</span> <span class='ocrx_word' id='word_1_278' title='bbox 818 2972 1031 3042; x_wconf 79' lang='lat' dir='ltr'>lussit</span> <span class='ocrx_word' id='word_1_279' title='bbox 1077 2994 1239 3063; x_wconf 85' lang='lat' dir='ltr'>ergo</span> <span class='ocrx_word' id='word_1_280' title='bbox 1288 2972 1772 3053; x_wconf 83' lang='lat' dir='ltr'>DiocletianuS,</span> <span class='ocrx_word' id='word_1_281' title='bbox 1826 2984 1902 3042; x_wconf 86' lang='lat' dir='ltr'>ut</span> <span class='ocrx_word' id='word_1_282' title='bbox 1946 2971 2128 3041; x_wconf 90' lang='lat' dir='ltr'>intra</span> <span class='ocrx_word' id='word_1_283' title='bbox 2191 2971 2475 3041; x_wconf 90' lang='lat' dir='ltr'>domum</span> <span class='ocrx_word' id='word_1_284' title='bbox 2528 2992 2729 3042; x_wconf 90' lang='lat' dir='ltr'>suam</span> 
     </span>
     <span class='ocr_line' id='line_1_31' title="bbox 175 3058 2730 3153; baseline 0 -25"><span class='ocrx_word' id='word_1_285' title='bbox 175 3058 411 3150; x_wconf 88' lang='lat' dir='ltr'>gladio</span> <span class='ocrx_word' id='word_1_286' title='bbox 461 3059 847 3150; x_wconf 86' lang='lat' dir='ltr'>puniretur.</span> <span class='ocrx_word' id='word_1_287' title='bbox 902 3065 1137 3148; x_wconf 90' lang='lat' dir='ltr'>Itaque</span> <span class='ocrx_word' id='word_1_288' title='bbox 1188 3084 1513 3152; x_wconf 90' lang='lat' dir='ltr'>percussa</span> <span class='ocrx_word' id='word_1_289' title='bbox 1553 3060 1825 3153; x_wconf 91' lang='lat' dir='ltr'>gladio,</span> <span class='ocrx_word' id='word_1_290' title='bbox 1897 3059 2196 3131; x_wconf 90' lang='lat' dir='ltr'>reddidit</span> <span class='ocrx_word' id='word_1_291' title='bbox 2248 3060 2595 3150; x_wconf 89' lang='lat' dir='ltr'>spiritum.</span> <span class='ocrx_word' id='word_1_292' title='bbox 2650 3059 2730 3130; x_wconf 84' lang='lat' dir='ltr'>Id</span> 
     </span>
     <span class='ocr_line' id='line_1_32' title="bbox 175 3148 2731 3240; baseline 0.001 -23"><span class='ocrx_word' id='word_1_293' title='bbox 175 3148 297 3218; x_wconf 91' lang='lat' dir='ltr'>ubi</span> <span class='ocrx_word' id='word_1_294' title='bbox 346 3148 623 3218; x_wconf 86' lang='lat' dir='ltr'>rescivit</span> <span class='ocrx_word' id='word_1_295' title='bbox 664 3153 913 3219; x_wconf 89' lang='lat' dir='ltr'>Serena</span> <span class='ocrx_word' id='word_1_296' title='bbox 942 3154 1288 3239; x_wconf 82' lang='lat' dir='ltr'>Augusta,</span> <span class='ocrx_word' id='word_1_297' title='bbox 1336 3172 1494 3220; x_wconf 91' lang='lat' dir='ltr'>cum</span> <span class='ocrx_word' id='word_1_298' title='bbox 1530 3150 1787 3240; x_wconf 89' lang='lat' dir='ltr'>gaudio</span> <span class='ocrx_word' id='word_1_299' title='bbox 1837 3161 2041 3219; x_wconf 89' lang='lat' dir='ltr'>noctu</span> <span class='ocrx_word' id='word_1_300' title='bbox 2084 3150 2399 3230; x_wconf 85' lang='lat' dir='ltr'>veniens,</span> <span class='ocrx_word' id='word_1_301' title='bbox 2454 3148 2731 3240; x_wconf 90' lang='lat' dir='ltr'>collegit</span> 
     </span>
     <span class='ocr_line' id='line_1_33' title="bbox 176 3236 2727 3330; baseline 0 -24"><span class='ocrx_word' id='word_1_302' title='bbox 176 3258 433 3327; x_wconf 89' lang='lat' dir='ltr'>corpus</span> <span class='ocrx_word' id='word_1_303' title='bbox 467 3250 745 3307; x_wconf 90' lang='lat' dir='ltr'>sanctae</span> <span class='ocrx_word' id='word_1_304' title='bbox 788 3240 1131 3328; x_wconf 83' lang='lat' dir='ltr'>martyris,</span> <span class='ocrx_word' id='word_1_305' title='bbox 1171 3252 1235 3309; x_wconf 89' lang='lat' dir='ltr'>et</span> <span class='ocrx_word' id='word_1_306' title='bbox 1286 3240 1697 3330; x_wconf 89' lang='lat' dir='ltr'>sanguinem</span> <span class='ocrx_word' id='word_1_307' title='bbox 1730 3239 1883 3326; x_wconf 89' lang='lat' dir='ltr'>ejus</span> <span class='ocrx_word' id='word_1_308' title='bbox 1931 3237 2076 3308; x_wconf 93' lang='lat' dir='ltr'>illic</span> <span class='ocrx_word' id='word_1_309' title='bbox 2122 3236 2381 3320; x_wconf 79' lang='lat' dir='ltr'>fusum,</span> <span class='ocrx_word' id='word_1_310' title='bbox 2436 3259 2562 3307; x_wconf 90' lang='lat' dir='ltr'>suo</span> <span class='ocrx_word' id='word_1_311' title='bbox 2613 3260 2727 3307; x_wconf 91' lang='lat' dir='ltr'>ve-</span> 
     </span>
     <span class='ocr_line' id='line_1_34' title="bbox 177 3324 2729 3418; baseline 0.001 -24"><span class='ocrx_word' id='word_1_312' title='bbox 177 3324 440 3396; x_wconf 90' lang='lat' dir='ltr'>lamine</span> <span class='ocrx_word' id='word_1_313' title='bbox 472 3327 772 3407; x_wconf 86' lang='lat' dir='ltr'>extersit,</span> <span class='ocrx_word' id='word_1_314' title='bbox 820 3329 1183 3417; x_wconf 88' lang='lat' dir='ltr'>posuitque</span> <span class='ocrx_word' id='word_1_315' title='bbox 1231 3329 1298 3397; x_wconf 92' lang='lat' dir='ltr'>in</span> <span class='ocrx_word' id='word_1_316' title='bbox 1331 3349 1543 3418; x_wconf 88' lang='lat' dir='ltr'>capsa</span> <span class='ocrx_word' id='word_1_317' title='bbox 1589 3340 1910 3418; x_wconf 88' lang='lat' dir='ltr'>argentea</span> <span class='ocrx_word' id='word_1_318' title='bbox 1959 3328 2028 3396; x_wconf 93' lang='lat' dir='ltr'>in</span> <span class='ocrx_word' id='word_1_319' title='bbox 2082 3326 2335 3418; x_wconf 91' lang='lat' dir='ltr'>palatio</span> <span class='ocrx_word' id='word_1_320' title='bbox 2384 3347 2545 3409; x_wconf 91' lang='lat' dir='ltr'>su0,</span> <span class='ocrx_word' id='word_1_321' title='bbox 2604 3326 2729 3397; x_wconf 91' lang='lat' dir='ltr'>ubi</span> 
     </span>
     <span class='ocr_line' id='line_1_35' title="bbox 179 3414 2730 3506; baseline 0.001 -24"><span class='ocrx_word' id='word_1_322' title='bbox 179 3414 300 3483; x_wconf 91' lang='lat' dir='ltr'>diu</span> <span class='ocrx_word' id='word_1_323' title='bbox 352 3429 697 3503; x_wconf 89' lang='lat' dir='ltr'>noctuque</span> <span class='ocrx_word' id='word_1_324' title='bbox 727 3414 995 3486; x_wconf 84' lang='lat' dir='ltr'>furtivis</span> <span class='ocrx_word' id='word_1_325' title='bbox 1044 3417 1312 3488; x_wconf 88' lang='lat' dir='ltr'>vicibus</span> <span class='ocrx_word' id='word_1_326' title='bbox 1358 3439 1552 3487; x_wconf 88' lang='lat' dir='ltr'>orare</span> <span class='ocrx_word' id='word_1_327' title='bbox 1602 3439 1738 3486; x_wconf 92' lang='lat' dir='ltr'>non</span> <span class='ocrx_word' id='word_1_328' title='bbox 1773 3416 2107 3487; x_wconf 90' lang='lat' dir='ltr'>cessabat.</span> <span class='ocrx_word' id='word_1_329' title='bbox 2147 3420 2408 3506; x_wconf 89' lang='lat' dir='ltr'>Corpus</span> <span class='ocrx_word' id='word_1_330' title='bbox 2455 3437 2730 3504; x_wconf 88' lang='lat' dir='ltr'>quoque</span> 
     </span>
     <span class='ocr_line' id='line_1_36' title="bbox 183 3504 2722 3594; baseline 0.001 -23"><span class='ocrx_word' id='word_1_331' title='bbox 183 3506 245 3571; x_wconf 90' lang='lat' dir='ltr'>S.</span> <span class='ocrx_word' id='word_1_332' title='bbox 300 3508 659 3574; x_wconf 89' lang='lat' dir='ltr'>Susannae</span> <span class='ocrx_word' id='word_1_333' title='bbox 706 3504 856 3594; x_wconf 87' lang='lat' dir='ltr'>ipsa</span> <span class='ocrx_word' id='word_1_334' title='bbox 933 3506 1255 3577; x_wconf 91' lang='lat' dir='ltr'>manibus</span> <span class='ocrx_word' id='word_1_335' title='bbox 1323 3506 1471 3577; x_wconf 87' lang='lat' dir='ltr'>suis</span> <span class='ocrx_word' id='word_1_336' title='bbox 1518 3505 1787 3576; x_wconf 82' lang='lat' dir='ltr'>ornavit</span> <span class='ocrx_word' id='word_1_337' title='bbox 1844 3504 2073 3576; x_wconf 90' lang='lat' dir='ltr'>linteis</span> <span class='ocrx_word' id='word_1_338' title='bbox 2127 3515 2193 3574; x_wconf 89' lang='lat' dir='ltr'>et</span> <span class='ocrx_word' id='word_1_339' title='bbox 2249 3506 2722 3585; x_wconf 78' lang='lat' dir='ltr'>aromatibuS,</span> 
     </span>
     <span class='ocr_line' id='line_1_37' title="bbox 179 3593 2724 3697; baseline 0 -36"><span class='ocrx_word' id='word_1_340' title='bbox 179 3593 545 3694; x_wconf 87' lang='lat' dir='ltr'>posuitque</span> <span class='ocrx_word' id='word_1_341' title='bbox 582 3593 780 3683; x_wconf 87' lang='lat' dir='ltr'>juxta</span> <span class='ocrx_word' id='word_1_342' title='bbox 852 3615 1139 3697; x_wconf 90' lang='lat' dir='ltr'>corpora</span> <span class='ocrx_word' id='word_1_343' title='bbox 1198 3600 1602 3665; x_wconf 87' lang='lat' dir='ltr'>Sanctorum</span> <span class='ocrx_word' id='word_1_344' title='bbox 1653 3594 1726 3663; x_wconf 89' lang='lat' dir='ltr'>in</span> <span class='ocrx_word' id='word_1_345' title='bbox 1787 3594 2191 3665; x_wconf 88' lang='lat' dir='ltr'>coemeterio</span> <span class='ocrx_word' id='word_1_346' title='bbox 2240 3594 2602 3665; x_wconf 80' lang='lat' dir='ltr'>Alexandri</span> <span class='ocrx_word' id='word_1_347' title='bbox 2651 3595 2724 3662; x_wconf 93' lang='lat' dir='ltr'>in</span> 
     </span>
     <span class='ocr_line' id='line_1_38' title="bbox 182 3682 2725 3773; baseline 0.002 -25"><span class='ocrx_word' id='word_1_348' title='bbox 182 3700 491 3750; x_wconf 77' lang='lat' dir='ltr'>arenario</span> <span class='ocrx_word' id='word_1_349' title='bbox 541 3682 609 3751; x_wconf 88' lang='lat' dir='ltr'>in</span> <span class='ocrx_word' id='word_1_350' title='bbox 659 3694 898 3772; x_wconf 81' lang='lat' dir='ltr'>crypta</span> <span class='ocrx_word' id='word_1_351' title='bbox 956 3701 1146 3771; x_wconf 85' lang='lat' dir='ltr'>Justa</span> <span class='ocrx_word' id='word_1_352' title='bbox 1196 3688 1261 3753; x_wconf 94' lang='lat' dir='ltr'>S.</span> <span class='ocrx_word' id='word_1_353' title='bbox 1298 3683 1782 3766; x_wconf 80' lang='lat' dir='ltr'>Alexandrum,</span> <span class='ocrx_word' id='word_1_354' title='bbox 1835 3688 1899 3752; x_wconf 90' lang='lat'>3.</span> <span class='ocrx_word' id='word_1_355' title='bbox 1958 3682 2060 3752; x_wconf 92' lang='lat' dir='ltr'>Id.</span> <span class='ocrx_word' id='word_1_356' title='bbox 2111 3687 2282 3773; x_wconf 89' lang='lat' dir='ltr'>Aug.</span> <span class='ocrx_word' id='word_1_357' title='bbox 2334 3684 2431 3753; x_wconf 91' lang='lat' dir='ltr'>Ab</span> <span class='ocrx_word' id='word_1_358' title='bbox 2484 3682 2725 3753; x_wconf 87' lang='lat' dir='ltr'>eodem</span> 
     </span>
     <span class='ocr_line' id='line_1_39' title="bbox 180 3766 2727 3863; baseline 0.001 -27"><span class='ocrx_word' id='word_1_359' title='bbox 180 3766 291 3837; x_wconf 91' lang='lat' dir='ltr'>die</span> <span class='ocrx_word' id='word_1_360' title='bbox 335 3775 405 3839; x_wconf 92' lang='lat' dir='ltr'>B.</span> <span class='ocrx_word' id='word_1_361' title='bbox 463 3771 665 3862; x_wconf 90' lang='lat' dir='ltr'>Cajus</span> <span class='ocrx_word' id='word_1_362' title='bbox 712 3771 939 3861; x_wconf 90' lang='lat' dir='ltr'>Episc.</span> <span class='ocrx_word' id='word_1_363' title='bbox 988 3772 1240 3863; x_wconf 82' lang='lat' dir='ltr'>(Papa)</span> <span class='ocrx_word' id='word_1_364' title='bbox 1286 3772 1353 3842; x_wconf 92' lang='lat' dir='ltr'>in</span> <span class='ocrx_word' id='word_1_365' title='bbox 1389 3793 1541 3842; x_wconf 91' lang='lat' dir='ltr'>eam</span> <span class='ocrx_word' id='word_1_366' title='bbox 1574 3772 1858 3842; x_wconf 92' lang='lat' dir='ltr'>domum</span> <span class='ocrx_word' id='word_1_367' title='bbox 1908 3772 2031 3842; x_wconf 90' lang='lat' dir='ltr'>ubi</span> <span class='ocrx_word' id='word_1_368' title='bbox 2077 3771 2196 3841; x_wconf 91' lang='lat' dir='ltr'>illa</span> <span class='ocrx_word' id='word_1_369' title='bbox 2252 3793 2577 3861; x_wconf 89' lang='lat' dir='ltr'>percussa</span> <span class='ocrx_word' id='word_1_370' title='bbox 2623 3783 2727 3840; x_wconf 90' lang='lat' dir='ltr'>est</span> 
     </span>
     <span class='ocr_line' id='line_1_40' title="bbox 180 3856 2728 3963; baseline 0.001 -39"><span class='ocrx_word' id='word_1_371' title='bbox 180 3856 623 3946; x_wconf 87' lang='lat' dir='ltr'>ingrediens,</span> <span class='ocrx_word' id='word_1_372' title='bbox 697 3860 1038 3931; x_wconf 84' lang='lat' dir='ltr'>sacrificia</span> <span class='ocrx_word' id='word_1_373' title='bbox 1088 3866 1219 3931; x_wconf 91' lang='lat' dir='ltr'>Deo</span> <span class='ocrx_word' id='word_1_374' title='bbox 1280 3860 1528 3931; x_wconf 91' lang='lat' dir='ltr'>obtulit</span> <span class='ocrx_word' id='word_1_375' title='bbox 1602 3883 1728 3963; x_wconf 83' lang='lat' dir='ltr'>pro</span> <span class='ocrx_word' id='word_1_376' title='bbox 1774 3860 2728 3958; x_wconf 66' lang='lat' dir='ltr'>commemorationebeatae</span> 
     </span>
     <span class='ocr_line' id='line_1_41' title="bbox 183 3948 2728 4037; baseline 0 -23"><span class='ocrx_word' id='word_1_377' title='bbox 183 3949 560 4017; x_wconf 89' lang='lat' dir='ltr'>Susannae.</span> <span class='ocrx_word' id='word_1_378' title='bbox 616 3953 921 4037; x_wconf 89' lang='lat' dir='ltr'>Cumque</span> <span class='ocrx_word' id='word_1_379' title='bbox 952 3948 1095 4037; x_wconf 86' lang='lat' dir='ltr'>Caji</span> <span class='ocrx_word' id='word_1_380' title='bbox 1126 3949 1398 4030; x_wconf 80' lang='lat' dir='ltr'>domuS,</span> <span class='ocrx_word' id='word_1_381' title='bbox 1446 3950 1629 4021; x_wconf 89' lang='lat' dir='ltr'>beat1</span> <span class='ocrx_word' id='word_1_382' title='bbox 1663 3948 1935 4020; x_wconf 89' lang='lat' dir='ltr'>Gabinii</span> <span class='ocrx_word' id='word_1_383' title='bbox 1965 3948 2728 4036; x_wconf 60' lang='lat' dir='ltr'>Presb.domu1‚&#39;uncta</span> 
     </span>
     <span class='ocr_line' id='line_1_42' title="bbox 176 4035 2729 4129; baseline 0 -25"><span class='ocrx_word' id='word_1_384' title='bbox 176 4046 379 4115; x_wconf 90' lang='lat' dir='ltr'>esset,</span> <span class='ocrx_word' id='word_1_385' title='bbox 426 4058 510 4106; x_wconf 92' lang='lat' dir='ltr'>ex</span> <span class='ocrx_word' id='word_1_386' title='bbox 551 4035 669 4107; x_wconf 91' lang='lat' dir='ltr'>illo</span> <span class='ocrx_word' id='word_1_387' title='bbox 705 4050 1008 4129; x_wconf 90' lang='lat' dir='ltr'>tempore</span> <span class='ocrx_word' id='word_1_388' title='bbox 1040 4037 1582 4109; x_wconf 88' lang='lat' dir='ltr'>Christianorum</span> <span class='ocrx_word' id='word_1_389' title='bbox 1634 4038 1836 4109; x_wconf 91' lang='lat' dir='ltr'>statio</span> <span class='ocrx_word' id='word_1_390' title='bbox 1880 4037 2206 4127; x_wconf 89' lang='lat' dir='ltr'>deputata</span> <span class='ocrx_word' id='word_1_391' title='bbox 2252 4046 2355 4107; x_wconf 82' lang='lat' dir='ltr'>est</span> <span class='ocrx_word' id='word_1_392' title='bbox 2399 4042 2447 4106; x_wconf 82' lang='lat' dir='ltr'>A</span> <span class='ocrx_word' id='word_1_393' title='bbox 2556 4036 2729 4105; x_wconf 79' lang='lat' dir='ltr'>duas</span> 
     </span>
     <span class='ocr_line' id='line_1_43' title="bbox 172 4123 2727 4218; baseline 0.002 -28"><span class='ocrx_word' id='word_1_394' title='bbox 172 4123 422 4194; x_wconf 81' lang='lat' dir='ltr'>Domos</span> <span class='ocrx_word' id='word_1_395' title='bbox 448 4126 504 4192; x_wconf 81' lang='lat'>⁸.</span> <span class='ocrx_word' id='word_1_396' title='bbox 543 4130 819 4197; x_wconf 85' lang='lat' dir='ltr'>Factum</span> <span class='ocrx_word' id='word_1_397' title='bbox 868 4139 973 4199; x_wconf 89' lang='lat' dir='ltr'>est</span> <span class='ocrx_word' id='word_1_398' title='bbox 1018 4127 1149 4211; x_wconf 89' lang='lat' dir='ltr'>hoc</span> <span class='ocrx_word' id='word_1_399' title='bbox 1186 4133 1438 4197; x_wconf 86' lang='lat' dir='ltr'>Romae</span> <span class='ocrx_word' id='word_1_400' title='bbox 1485 4127 1674 4218; x_wconf 91' lang='lat' dir='ltr'>apud</span> <span class='ocrx_word' id='word_1_401' title='bbox 1712 4127 1937 4197; x_wconf 89' lang='lat' dir='ltr'>vicum</span> <span class='ocrx_word' id='word_1_402' title='bbox 1989 4125 2280 4195; x_wconf 79' lang='lat' dir='ltr'>Mamuri</span> <span class='ocrx_word' id='word_1_403' title='bbox 2310 4126 2381 4160; x_wconf 73' lang='lat'>*²*</span> <span class='ocrx_word' id='word_1_404' title='bbox 2414 4135 2571 4194; x_wconf 90' lang='lat' dir='ltr'>ante</span> <span class='ocrx_word' id='word_1_405' title='bbox 2604 4129 2727 4194; x_wconf 89' lang='lat' dir='ltr'>Sa-</span> 
     </span>
     <span class='ocr_line' id='line_1_44' title="bbox 172 4211 2720 4307; baseline -0 -25"><span class='ocrx_word' id='word_1_406' title='bbox 172 4211 370 4283; x_wconf 88' lang='lat' dir='ltr'>lustii</span> <span class='ocrx_word' id='word_1_407' title='bbox 399 4212 654 4297; x_wconf 86' lang='lat' dir='ltr'>forum;</span> <span class='ocrx_word' id='word_1_408' title='bbox 700 4227 1028 4307; x_wconf 87' lang='lat' dir='ltr'>regnante</span> <span class='ocrx_word' id='word_1_409' title='bbox 1058 4216 1127 4286; x_wconf 91' lang='lat' dir='ltr'>in</span> <span class='ocrx_word' id='word_1_410' title='bbox 1175 4215 1500 4286; x_wconf 88' lang='lat' dir='ltr'>universo</span> <span class='ocrx_word' id='word_1_411' title='bbox 1551 4215 1811 4286; x_wconf 91' lang='lat' dir='ltr'>mundo</span> <span class='ocrx_word' id='word_1_412' title='bbox 1844 4219 1916 4284; x_wconf 92' lang='lat' dir='ltr'>D.</span> <span class='ocrx_word' id='word_1_413' title='bbox 1954 4219 2028 4285; x_wconf 83' lang='lat' dir='ltr'>N.</span> <span class='ocrx_word' id='word_1_414' title='bbox 2066 4220 2234 4284; x_wconf 86' lang='lat' dir='ltr'>Jesu</span> <span class='ocrx_word' id='word_1_415' title='bbox 2266 4213 2555 4296; x_wconf 89' lang='lat' dir='ltr'>Christo,</span> <span class='ocrx_word' id='word_1_416' title='bbox 2590 4227 2720 4284; x_wconf 90' lang='lat' dir='ltr'>etc.</span> 
     </span>
    </p>
   </div>
   <div class='ocr_carea' id='block_1_3' title="bbox 168 4351 2727 4567">
    <p class='ocr_par' dir='ltr' id='par_1_5' title="bbox 168 4351 2727 4567">
     <span class='ocr_line' id='line_1_45' title="bbox 223 4351 2727 4406; baseline 0.001 -13"><span class='ocrx_word' id='word_1_417' title='bbox 223 4353 246 4375; x_wconf 73' lang='lat'><strong>⁹</strong></span> <span class='ocrx_word' id='word_1_418' title='bbox 275 4354 375 4394; x_wconf 83' lang='lat' dir='ltr'>Hoc</span> <span class='ocrx_word' id='word_1_419' title='bbox 394 4351 566 4395; x_wconf 82' lang='lat' dir='ltr'>deinde</span> <span class='ocrx_word' id='word_1_420' title='bbox 586 4354 809 4404; x_wconf 66' lang='lat' dir='ltr'>adjuncto</span> <span class='ocrx_word' id='word_1_421' title='bbox 827 4357 886 4397; x_wconf 79' lang='lat' dir='ltr'>ad</span> <span class='ocrx_word' id='word_1_422' title='bbox 901 4358 1016 4397; x_wconf 66' lang='lat' dir='ltr'>duas</span> <span class='ocrx_word' id='word_1_423' title='bbox 1036 4357 1197 4397; x_wconf 70' lang='lat' dir='ltr'>Demos</span> <span class='ocrx_word' id='word_1_424' title='bbox 1216 4354 1396 4397; x_wconf 78' lang='lat' dir='ltr'>dictum</span> <span class='ocrx_word' id='word_1_425' title='bbox 1417 4357 1492 4398; x_wconf 72' lang='lat' dir='ltr'>eet</span> <span class='ocrx_word' id='word_1_426' title='bbox 1511 4356 1740 4406; x_wconf 80' lang='lat' dir='ltr'>templum</span> <span class='ocrx_word' id='word_1_427' title='bbox 1762 4356 1808 4398; x_wconf 83' lang='grc' dir='ltr'>Β.</span> <span class='ocrx_word' id='word_1_428' title='bbox 1827 4356 2070 4396; x_wconf 69' lang='lat' dir='ltr'>susannae</span> <span class='ocrx_word' id='word_1_429' title='bbox 2093 4351 2141 4395; x_wconf 86' lang='lat' dir='ltr'>in</span> <span class='ocrx_word' id='word_1_430' title='bbox 2160 4354 2282 4395; x_wconf 88' lang='lat' dir='ltr'>colle</span> <span class='ocrx_word' id='word_1_431' title='bbox 2302 4351 2533 4403; x_wconf 72' lang='lat' dir='ltr'>Quirinali</span> <span class='ocrx_word' id='word_1_432' title='bbox 2554 4352 2727 4395; x_wconf 70' lang='lat' dir='ltr'>excita-</span> 
     </span>
     <span class='ocr_line' id='line_1_46' title="bbox 168 4404 2727 4460; baseline 0.001 -13"><span class='ocrx_word' id='word_1_433' title='bbox 168 4407 274 4448; x_wconf 80' lang='lat' dir='ltr'>tum</span> <span class='ocrx_word' id='word_1_434' title='bbox 293 4406 347 4448; x_wconf 84' lang='lat' dir='ltr'>in</span> <span class='ocrx_word' id='word_1_435' title='bbox 364 4409 473 4448; x_wconf 87' lang='lat' dir='ltr'>loco</span> <span class='ocrx_word' id='word_1_436' title='bbox 493 4406 678 4450; x_wconf 69' lang='lat' dir='ltr'>aedium</span> <span class='ocrx_word' id='word_1_437' title='bbox 697 4418 816 4459; x_wconf 67' lang='lat' dir='ltr'>qnae</span> <span class='ocrx_word' id='word_1_438' title='bbox 850 4419 993 4460; x_wconf 70' lang='lat' dir='ltr'>supra</span> <span class='ocrx_word' id='word_1_439' title='bbox 1028 4412 1364 4451; x_wconf 73' lang='lat' dir='ltr'>memorantur.</span> <span class='ocrx_word' id='word_1_440' title='bbox 1382 4411 1614 4450; x_wconf 81' lang='lat' dir='ltr'>summor.</span> <span class='ocrx_word' id='word_1_441' title='bbox 1634 4412 1769 4451; x_wconf 80' lang='lat' dir='ltr'>Pont.</span> <span class='ocrx_word' id='word_1_442' title='bbox 1789 4410 1922 4451; x_wconf 62' lang='lat' dir='ltr'>lom.</span> <span class='ocrx_word' id='word_1_443' title='bbox 1941 4409 2002 4450; x_wconf 78' lang='lat' dir='ltr'>VI</span> <span class='ocrx_word' id='word_1_444' title='bbox 2023 4412 2071 4450; x_wconf 79' lang='lat' dir='ltr'>et</span> <span class='ocrx_word' id='word_1_445' title='bbox 2089 4404 2314 4449; x_wconf 66' lang='lat' dir='ltr'>Hadriani</span> <span class='ocrx_word' id='word_1_446' title='bbox 2333 4409 2355 4449; x_wconf 92' lang='lat'>1</span> <span class='ocrx_word' id='word_1_447' title='bbox 2375 4407 2488 4449; x_wconf 65' lang='lat' dir='ltr'>cura</span> <span class='ocrx_word' id='word_1_448' title='bbox 2508 4411 2727 4450; x_wconf 72' lang='lat' dir='ltr'>ornatum</span> 
     </span>
     <span class='ocr_line' id='line_1_47' title="bbox 168 4462 2673 4517; baseline 0.002 -18"><span class='ocrx_word' id='word_1_449' title='bbox 168 4462 220 4500; x_wconf 75' lang='lat' dir='ltr'>et.</span> <span class='ocrx_word' id='word_1_450' title='bbox 247 4465 585 4507; x_wconf 67' lang='lat' dir='ltr'>restauratum.</span> <span class='ocrx_word' id='word_1_451' title='bbox 615 4472 642 4502; x_wconf 68' lang='lat' dir='ltr'>a</span> <span class='ocrx_word' id='word_1_452' title='bbox 669 4463 824 4503; x_wconf 80' lang='lat' dir='ltr'>Leone</span> <span class='ocrx_word' id='word_1_453' title='bbox 856 4466 936 4514; x_wconf 76' lang='lat' dir='ltr'>Pp.</span> <span class='ocrx_word' id='word_1_454' title='bbox 966 4465 1034 4504; x_wconf 85' lang='lat'>111</span> <span class='ocrx_word' id='word_1_455' title='bbox 1062 4462 1431 4517; x_wconf 61' lang='lat' dir='ltr'>reaedificatum,</span> <span class='ocrx_word' id='word_1_456' title='bbox 1459 4464 1547 4503; x_wconf 73' lang='lat' dir='ltr'>snb</span> <span class='ocrx_word' id='word_1_457' title='bbox 1568 4464 1809 4504; x_wconf 72' lang='lat' dir='ltr'>Clemente</span> <span class='ocrx_word' id='word_1_458' title='bbox 1828 4463 1937 4503; x_wconf 81' lang='lat' dir='ltr'>vm</span> <span class='ocrx_word' id='word_1_459' title='bbox 1966 4464 2066 4504; x_wconf 74' lang='lat' dir='ltr'>fere</span> <span class='ocrx_word' id='word_1_460' title='bbox 2093 4464 2247 4503; x_wconf 82' lang='lat' dir='ltr'>totum</span> <span class='ocrx_word' id='word_1_461' title='bbox 2276 4464 2350 4504; x_wconf 75' lang='lat' dir='ltr'>est</span> <span class='ocrx_word' id='word_1_462' title='bbox 2379 4465 2673 4504; x_wconf 80' lang='lat' dir='ltr'>renovatum.</span> 
     </span>
     <span class='ocr_line' id='line_1_48' title="bbox 240 4513 2441 4567; baseline 0 -12"><span class='ocrx_word' id='word_1_463' title='bbox 240 4514 297 4541; x_wconf 58' lang='grc' dir='ltr'>*Φ</span> <span class='ocrx_word' id='word_1_464' title='bbox 316 4514 498 4556; x_wconf 68' lang='lat' dir='ltr'>Nomen</span> <span class='ocrx_word' id='word_1_465' title='bbox 516 4513 652 4557; x_wconf 73' lang='lat' dir='ltr'>vicus</span> <span class='ocrx_word' id='word_1_466' title='bbox 672 4518 850 4566; x_wconf 75' lang='lat' dir='ltr'>accepit</span> <span class='ocrx_word' id='word_1_467' title='bbox 870 4527 897 4558; x_wconf 74' lang='lat' dir='ltr'>a</span> <span class='ocrx_word' id='word_1_468' title='bbox 914 4519 1073 4559; x_wconf 67' lang='lat' dir='ltr'>statue</span> <span class='ocrx_word' id='word_1_469' title='bbox 1094 4518 1292 4559; x_wconf 61' lang='lat' dir='ltr'>Mamers·</span> <span class='ocrx_word' id='word_1_470' title='bbox 1311 4514 1475 4567; x_wconf 76' lang='lat' dir='ltr'>inclyti</span> <span class='ocrx_word' id='word_1_471' title='bbox 1496 4514 1617 4558; x_wconf 68' lang='lat' dir='ltr'>fabri</span> <span class='ocrx_word' id='word_1_472' title='bbox 1639 4515 1721 4567; x_wconf 83' lang='lat' dir='ltr'>qui</span> <span class='ocrx_word' id='word_1_473' title='bbox 1739 4514 1901 4559; x_wconf 74' lang='lat' dir='ltr'>floruit</span> <span class='ocrx_word' id='word_1_474' title='bbox 1921 4517 2010 4558; x_wconf 75' lang='lat' dir='ltr'>sub</span> <span class='ocrx_word' id='word_1_475' title='bbox 2029 4517 2181 4558; x_wconf 66' lang='lat' dir='ltr'>Numa</span> <span class='ocrx_word' id='word_1_476' title='bbox 2198 4514 2441 4566; x_wconf 83' lang='lat' dir='ltr'>Pompilio.</span> 
     </span>
    </p>
   </div>
  </div>
 </body>
</html>
