3308 5004
148 345 334 414 AUG.
384 344 473 412 24
919 357 1001 408 us
1048 361 1107 410 s.
1156 358 1659 410 sumoromo
1704 359 1927 411 Arosr.
2484 346 2614 411 575

142 445 594 519 admirandae
638 444 1022 516 sanctitatis
1068 445 1294 515 virum
1341 444 1742 537 Apostolum
1797 444 2197 538 Philippum
2260 468 2466 518 cruce
2530 468 2699 518 con-

143 537 668 607 demnaverunt.
759 534 1045 605 Divinus
1126 546 1356 604 autem
1433 533 2038 616 Bartholomaeus,
2103 534 2322 606 instar
2397 535 2701 626 alicujus

141 625 337 698 bovis
382 624 697 706 aratoris,
748 646 790 694 a
835 645 963 694 suo
1001 644 1326 714 compare
1355 644 1428 694 se
1479 634 1718 694 aratus
1756 623 2276 714 ingemiscebat,
2316 647 2396 694 ac
2428 625 2702 695 lamen-

151 716 425 788 tabatur
469 713 780 801 quidem,
836 711 956 782 sed
1006 732 1142 782 non
1191 645 1550 813 desinebat
1599 724 1827 783 tamen
1861 733 2142 783 suavem
2173 712 2376 783 illum
2416 714 2693 785 sulcum

151 803 423 885 ducere,
473 802 599 892 qui
646 802 1043 872 animarum
1077 800 1422 891 agricolae
1454 806 1588 872 Deo
1615 802 1867 873 uberes
1904 801 2173 884 fructus
2211 801 2552 874 allaturus
2592 824 2703 873 es-

150 905 288 964 set:
338 891 732 979 quinimmo
780 891 876 961 ita
921 903 1003 961 ut
1043 902 1516 972 consueverat,
1568 890 1708 960 huc
1751 902 1957 978 atque
2000 890 2170 961 illuc
2221 890 2478 970 obibat,
2532 891 2700 962 fidei

148 1002 532 1052 sermonem
582 979 1075 1060 disseminans,
1130 1000 1412 1070 pravam
1460 980 1796 1049 zizaniam
1845 978 2168 1061 evellens,
2233 993 2301 1050 et
2361 981 2699 1068 quicquid

147 1069 445 1141 salutare
493 1069 580 1140 iis
625 1079 827 1149 esset,
878 1069 1002 1157 qui
1047 1090 1207 1138 eum
1257 1068 1756 1160 suscipiebant,
1809 1067 2179 1159 diligenter
2224 1067 2612 1140 declarans.
2648 1073 2701 1140 Ο

144 1159 378 1229 beatos
427 1156 584 1230 illos
632 1157 863 1248 pedeS,
916 1163 1096 1228 Evan
1150 1156 1346 1227 elicis
1393 1157 1750 1248 gressibus
1810 1157 2160 1249 speciosos
2216 1156 2455 1240 factos,
2505 1170 2570 1228 et
2608 1158 2697 1228 ad

143 1247 574 1318 infinitarum
623 1247 1018 1317 animarum
1067 1267 1106 1315 a
1156 1246 1499 1337 cptionem
1534 1257 1716 1318 recta
1748 1245 1858 1316 via
1896 1268 1979 1337 pr
2075 1245 2451 1319 redientes:
2497 1269 2538 1317 o
2569 1245 2703 1318 lin-

141 1358 354 1429 guam
405 1334 598 1406 illam
646 1334 982 1416 divinam,
1037 1355 1118 1404 ex
1164 1357 1302 1423 qua
1350 1334 1676 1406 salutaris
1726 1347 1928 1427 potus
1965 1356 2001 1404 e
2082 1335 2246 1418 uxit,
2290 1336 2409 1424 qui
2446 1337 2536 1407 ab
2569 1336 2700 1405 im-

145 1424 423 1518 pietatis
467 1435 665 1496 aestu
715 1423 967 1495 multos
1015 1422 1373 1494 liberavit:
1423 1445 1464 1494 o
1516 1446 1790 1505 manus,
1846 1445 2025 1512 quae
2073 1423 2405 1495 violentos
2467 1424 2697 1495 hostes

140 1523 656 1606 expugnarunt,
707 1525 776 1583 et
819 1513 1093 1583 animas
1140 1512 1331 1604 ipsas
1374 1533 1414 1582 e
1460 1512 1722 1583 diaboli
1792 1512 2116 1583 manibus
2164 1513 2605 1604 eripuerunt:
2657 1534 2698 1583 o

139 1603 419 1674 divinos
440 1614 508 1675 et
540 1601 844 1674 illustres
873 1601 1138 1682 oculos,
1177 1623 1299 1692 per
1325 1622 1501 1689 quos
1532 1600 1910 1672 multorum
1938 1600 2123 1672 oculi
2158 1601 2473 1693 patefacti
2504 1613 2691 1683 sunt,

139 1694 263 1781 qui
301 1703 502 1763 erant
534 1690 865 1782 perfidiae
904 1689 1207 1761 tenebris
1239 1689 1615 1761 obscurati.

226 1785 266 1870 §
311 1788 401 1855 ὅ.
456 1785 621 1850 Cum
673 1779 888 1881 igitur
936 1778 1252 1871 regiones
1285 1777 1457 1849 'illas
1504 1779 1598 1849 ita
1647 1790 2065 1870 peragraret,
2114 1779 2296 1850 venit
2326 1778 2414 1849 ad
2452 1780 2697 1850 urbem

138 1868 557 1957 quamdam:
610 1890 815 1958 cujus
861 1868 1046 1939 cives
1083 1889 1242 1938 cum
1277 1866 1620 1938 idolorum
1658 1868 2148 1960 superstitione
2186 1866 2565 1950 liberasset,
2609 1867 2698 1938 ab

134 1958 300 2048 ejus
345 1955 482 2028 loci
527 1957 845 2027 Praeside
889 1957 1122 2028 crucis
1159 1955 1508 2048 supplicio
1538 1969 1606 2027 et
1638 1956 1789 2047 ipse
1826 1956 2330 2029 condemnatus
2362 1970 2466 2027 est
2502 1957 2561 2026 ¹⁶.
2599 1957 2697 2027 Ad

141 2068 362 2135 quam
409 2045 579 2116 dum
629 2046 868 2122 beatus
915 2045 1033 2116 ille
1078 2046 1452 2125 accederet,
1507 2058 1691 2117 totus
1739 2045 1995 2137 gaudio
2045 2044 2407 2135 perfusus:
2472 2045 2693 2128 Salve,

143 2135 214 2205 in
272 2135 399 2217 uit,
452 2139 656 2216 Crux,
715 2156 837 2226 per
880 2156 1093 2238 quam
1145 2133 1530 2205 humanum
1583 2156 1806 2227 genus
1865 2134 2122 2224 gaudio
2187 2136 2508 2206 affectum
2565 2147 2693 2205 est.

142 2156 368 2305 Saffve,
416 2222 569 2316 ejus
614 2225 850 2294 Crucis
895 2223 1212 2305 imitatio,
1268 2244 1391 2316 per
1433 2245 1644 2324 quam
1699 2244 1882 2294 mors
1942 2236 2221 2294 mortem
2257 2222 2593 2305 dissolvit,
2629 2236 2698 2294 et

138 2311 465 2384 mortales
511 2312 700 2405 ipsos
747 2312 1262 2383 immortalitate
1307 2312 1611 2383 donavit.
1667 2311 1863 2383 Salve
1901 2315 2104 2392 Crux,
2160 2310 2230 2381 in
2274 2333 2484 2400 quam
2532 2334 2695 2383 cum

136 2400 455 2472 Christus
498 2400 832 2484 ascendit,
888 2414 1192 2472 terrenos
1241 2401 1557 2472 homines
1601 2400 1930 2471 coelestes
1969 2400 2214 2470 effecit.
2262 2400 2457 2470 Salve
2489 2405 2691 2482 Crux,

130 2512 318 2649 guae
369 2490 540 2562 mihi
588 2490 752 2562 hinc
802 2489 1128 2581 migranti
1164 2489 1556 2561 vehiculum
1589 2490 1830 2560 effecta
1858 2511 1955 2571 eS,
1990 2511 2130 2577 quo
2167 2488 2253 2559 ad
2288 2488 2514 2560 coelos
2537 2510 2699 2579 per·-

182 2580 304 2652 uci
359 2580 658 2672 possim:
709 2601 890 2668 quae
935 2578 1236 2668 denique
1283 2580 1420 2649 mei
1467 2579 1931 2671 praeceptoris
1977 2578 2391 2648 imitatorem
2444 2600 2552 2647 me
2602 2577 2697 2648 fe-

124 2668 315 2741 cisti.
354 2667 450 2740 Ad
485 2681 548 2741 te
574 2668 900 2752 ascendo,
938 2690 1162 2758 neque
1197 2690 1460 2739 moram
1494 2667 1718 2738 duco:
1746 2667 1895 2757 jam
1928 2666 2115 2744 enim
2150 2678 2425 2758 tempus
2459 2688 2693 2737 meum

119 2756 558 2849 completum
608 2769 734 2828 est.
787 2763 1052 2828 Bonum
1101 2772 1444 2829 certamen
1495 2756 1773 2838 certavi,
1834 2776 2120 2827 cursum
2182 2756 2688 2837 consummavi,

121 2847 345 2918 fidem
399 2846 702 2916 servavi:
755 2868 957 2938 opus,
1010 2846 1194 2949 quod
1239 2846 1409 2916 mihi
1442 2844 1753 2915 Christus
1786 2844 2116 2936 magister
2144 2865 2342 2915 meus
2381 2843 2690 2927 tradidit,

121 2933 420 3028 perfeci.
473 2938 656 3005 Haec
701 2957 864 3007 cum
911 2935 1219 3017 dixisset,
1268 2946 1336 3005 ct
1385 2939 1594 3004 Deum
1649 2947 1969 3025 precatus
1997 2944 2198 3011 esset,
2245 2932 2509 3025 rogavit
2539 2955 2696 3005 car-

119 3025 382 3096 nifices
430 3020 610 3106 illos,
664 3037 740 3094 ut
786 3046 982 3096 verso
1029 3024 1100 3095 in
1133 3036 1381 3095 terram
1415 3022 1664 3112 capite,
1710 3022 1778 3093 in
1816 3043 2023 3093 cruce
2062 3021 2523 3112 suffigeretur:
2564 3044 2692 3093 nec

118 3128 392 3194 rectus,
443 3113 1032 3200 quemadmodum
1081 3113 1237 3203 ejus
1284 3112 1632 3213 magister,
1684 3112 1753 3182 in
1795 3132 2074 3182 crucem
2104 3123 2464 3203 ageretur:
2504 3111 2600 3181 ita
2628 3121 2697 3183 et

118 3205 191 3275 in
227 3202 419 3295 ipsis
448 3200 877 3275 cruciatibus
908 3224 1107 3274 suam
1141 3200 1213 3271 in
1256 3214 1668 3293 magistrum
1709 3200 2158 3271 reverentiam
2208 3200 2681 3272 conservabat.

116 3290 527 3377 Quinetiam
578 3289 648 3360 in
696 3312 904 3362 cruce
949 3289 1267 3372 suffixus,
1321 3312 1483 3361 cum
1551 3290 1883 3361 fratribus
1939 3289 2127 3377 loqui
2187 3310 2322 3360 non
2381 3288 2688 3370 destitit,

115 3378 359 3471 quoad
415 3378 930 3449 sanctissimam
981 3377 1171 3449 illam
1207 3379 1512 3449 animam
1552 3384 1686 3449 Deo
1722 3378 2024 3451 tradidit.
2066 3376 2279 3467 Cujus
2318 3400 2690 3449 ascensum

114 3476 211 3543 An
314 3470 370 3541 li
420 3467 775 3560 applausu
819 3480 1258 3559 exceperunt,
1297 3470 1417 3538 aer
1452 3480 1788 3560 purgatus
1820 3480 1945 3550 est,
1982 3481 2048 3539 et
2085 3467 2483 3539 divinorum
2515 3470 2692 3558 Apo-

117 3572 224 3631 sto
304 3579 474 3629 rum
508 3556 766 3627 chorus
794 3555 1148 3627 exultavit.

203 3652 244 3737 §
291 3654 396 3722 θ.
455 3650 624 3716 Cum
675 3667 831 3717 vero
880 3645 1179 3717 multum
1231 3647 1560 3737 temporis
1610 3646 2115 3739 praeteriisset,
2178 3645 2334 3735 ejus
2387 3644 2691 3735 regionis

116 3735 462 3828 Tyranni,
517 3733 691 3805 vitae
742 3735 1139 3826 pravitatem
1174 3749 1588 3817 exercenteS,
1621 3747 1690 3805 et
1724 3734 2104 3806 multorum
2143 3733 2431 3804 deorum
2467 3733 2692 3803 ebrie-

117 3839 258 3897 tate
303 3823 849 3906 debacchantes,
900 3845 1062 3894 cum
1115 3824 1423 3895 viderent
1469 3823 1736 3895 loculos
1798 3824 1991 3905 illos,
2054 3822 2125 3891 in
2184 3821 2444 3909 quibus
2507 3820 2691 3891 beati

118 3914 433 4005 Apostoli
462 3912 966 3984 Bartholomaei
998 3911 1327 4001 reliquiae
1349 3913 1666 3984 conditae
1690 3925 1908 3993 erant,
1946 3910 2311 4002 splendida
2344 3908 2689 3998 quaedam

119 4014 187 4073 et
235 4003 544 4077 illustria
595 4001 931 4073 miracula
977 4000 1202 4084 edere,
1253 4015 1321 4073 et
1363 4024 1481 4073 eos
1527 4025 1568 4072 a
1604 4002 1865 4073 morbis
1908 4000 2198 4071 liberare
2231 3999 2352 4087 qui
2386 4020 2467 4070 eo
2496 4019 2687 4068 acce·

120 4092 406 4175 debant,
468 4113 758 4185 pravum
805 4090 1176 4161 consilium
1223 4104 1289 4162 et
1321 4114 1447 4163 suo
1482 4090 1833 4182 proposito
1865 4089 2158 4181 dignum
2198 4088 2525 4158 inierunt.
2567 4092 2688 4155 Ve-

124 4180 294 4261 nite,
332 4180 695 4270 inquiunt,
741 4180 812 4249 in
850 4178 1271 4271 profundum
1311 4202 1499 4249 mare
1530 4202 1786 4269 corpus
1813 4179 1942 4248 hoc
1975 4178 2485 4267 demergamus.
2526 4176 2680 4257 Sed,

119 4292 160 4340 o
200 4270 468 4353 miseri,
506 4269 744 4358 ejusne
775 4291 1029 4361 corpus
1062 4269 1132 4338 in
1170 4291 1356 4339 mare
1386 4268 1822 4359 demergetiS,
1862 4268 1983 4355 qui
2026 4266 2448 4359 profundum
2483 4265 2683 4336 illum

171 4437 200 4463 ¹⁸
230 4433 543 4476 Dissentiunt
569 4432 695 4475 circa
722 4431 940 4484 supplicii
970 4443 1119 4484 genus
1148 4432 1428 4481 Scriptores.
1459 4434 1503 4473 S.
1531 4432 1805 4473 Theodorus
1836 4430 2022 4473 studita
2050 4441 2190 4482 quem
2218 4428 2375 4472 Latini
2407 4431 2689 4480 sequuntur,

112 4493 362 4540 Postquam
382 4490 528 4534 vicus,
546 4488 623 4535 alt,
642 4490 885 4530 decor-imus
903 4494 978 4535 est,
996 4490 1133 4539 capite
1147 4488 1363 4538 plectetur.
