3308 5004
700 316 827 383 354
2833 306 3016 379 AUG.
3074 307 3165 374 ⁴5
3266 364 3267 377 ,

1054 483 1135 584 ἃ
1206 480 1747 584 ARNULPffl
1817 478 2331 583 SUESSION.
2398 477 2715 580 EPISC.

1761 661 2012 740 VITA

1133 836 1507 907 AUCTORE
1547 837 1931 905 LISIARDO
1973 837 2168 904 EJUS
2210 832 2624 904 SUCCESSJ*

603 1018 793 1070 cums
841 1019 1070 1078 SEREO,
1120 1017 1205 1067 NE.
1251 1016 1561 1065 ERUDITOS
1609 1015 1921 1065 LECTORES
1968 1013 2419 1075 OFFENDERRT,
2488 1016 2608 1063 PER
2674 1015 2866 1062 LAUR.
2919 1014 3167 1063 sumu!

690 1123 914 1171 rAsSm
960 1120 1271 1171 NONMfflL
1314 1117 1662 1168 Exrouws
1709 1120 1861 1178 8813
1931 1118 2214 1169 uonnsrss
2261 1118 2472 1167 *sulm
2518 1114 2802 1166 PROPTER
2847 1115 3167 1167 anemius

691 1220 1158 1275 Rssvmnrux.

1249 1381 1438 1441 Obiit
1477 1396 1656 1440 anno
1698 1384 1861 1440 1087
1901 1411 1978 1421 —
2021 1383 2079 1439 E
2116 1378 2510 1440 Brabdntin.

687 1569 724 1655 ξ
770 1572 849 1640 1.
899 1571 1026 1637 Per
1070 1565 1140 1635 id
1191 1576 1490 1655 tempus,
1526 1586 1666 1653 quo
1713 1563 2074 1634 Flandriae
2112 1564 2323 1654 regio,
2378 1563 2700 1634 Balduini
2748 1564 3037 1634 Comitis
3095 1576 3163 1635 et

598 1655 846 1729 Adelae
890 1654 1208 1745 conjugis
1254 1655 1441 1744 ejus,
1496 1654 1832 1744 regimine
1887 1654 2268 1723 ornabatur
2297 1708 2315 1735 ‚
2381 1674 2677 1743 regnum
2727 1656 3155 1723 Francorum

600 1746 999 1815 moderante
1032 1743 1328 1814 Henrico
1367 1742 1511 1812 filio
1538 1742 1838 1823 Roberti,
1876 1754 1942 1812 et
1969 1742 2157 1832 apud
2191 1741 2444 1833 Anglos
2473 1753 2805 1832 regnante
2830 1742 3159 1815 Eduardo

598 1834 714 1924 pio
762 1839 859 1905 Re
907 1854 967 1913 e,
1020 1832 1152 1902 fuit
1197 1832 1301 1901 vir
1348 1831 1626 1912 nobilis,
1681 1831 2045 1903 Fulbertus
2078 1832 2380 1910 nomine,
2415 1831 2489 1900 in
2541 1852 2717 1921 pago
2749 1830 3165 1901 Brabantiae

600 1921 787 2013 apud
891 1921 1130 1992 uviu'm
1192 1919 1501 2000 Scaldem
1539 1975 1554 2002 ,
1593 1920 1677 1995 ,in
1729 1920 1894 1990 villa
1938 1942 2151 2008 quam
2199 1930 2446 1990 vocant
2508 1920 2979 2009 Thidengem,
3036 1920 3158 2009 qui

601 2032 737 2080 non
789 2010 1014 2082 solum
1051 2031 1322 2100 genere,
1361 2009 1480 2079 sed
1506 2010 1713 2079 etiam
1744 2008 2262 2081 mundanarum
2298 2031 2532 2080 rerum
2571 2009 2771 2099 copia
2806 2008 3156 2099 locupleS,

601 2096 781 2169 inter
827 2110 1128 2170 caeteros
1164 2111 1649 2169 conterraneos
1680 2111 1745 2169 et
1771 2099 2008 2169 animo
2039 2110 2107 2168 et
2133 2119 2341 2168 carne
2373 2097 2599 2168 modis
2625 2096 2957 2169 omnibus
2989 2098 3164 2167 emi·

603 2188 830 2260 nebat.
881 2193 1088 2259 Porro
1135 2187 1478 2258 nobilium
1530 2209 1741 2268 more,
1806 2187 2019 2277 digno
2067 2186 2509 2259 matrimonio
2559 2186 2729 2256 inito
2762 2240 2778 2267 ,
2830 2206 2914 2255 ex
2961 2186 3160 2256 nobi-

602 2277 871 2347 lissima
932 2276 1232 2367 conjuge
1295 2276 1676 2346 Meinsinde
1750 2275 1975 2345 filium
2026 2276 2309 2347 sustulit
2380 2274 2817 2366 Arnulphum
2866 2275 2961 2343 ⁴³⁴.
3033 2275 3162 2358 Qui

603 2366 912 2447 adultus,
964 2367 1190 2456 coepit
1239 2386 1388 2435 esse
1437 2364 1738 2434 blandus
1784 2364 2113 2451 alloquin,
2149 2377 2397 2436 acutus
2441 2364 2744 2455 ingenio,
2794 2378 3162 2454 promptus

601 2454 957 2545 obsequi0,
995 2476 1201 2546 opere
1240 2453 1488 2535 alacer,
1518 2453 1759 2524 efficax
1795 2466 1861 2525 et
1906 2452 2327 2525 fortissimus
2360 2454 2831 2524 membrorum
2879 2452 3155 2524 robore.

602 2552 816 2617 Tanta
863 2566 1030 2616 sane
1076 2543 1330 2613 virium
1376 2543 1778 2614 excellentia
1823 2556 1891 2614 et
1934 2545 2245 2634 corporis
2292 2542 2596 2632 agilitate
2642 2542 3035 2625 eminebat,
3088 2554 3163 2613 ut

595 2648 895 2724 quatuor
924 2646 1046 2705 aut
1074 2634 1394 2721 quinque.
1416 2644 1942 2702 coaetaneorum
1995 2634 2171 2702 vires
2203 2631 2590 2712 excederet,
2647 2631 2746 2701 ita
2791 2643 2870 2700 ut
2916 2653 3164 2702 omnes

597 2747 757 2795 eum
808 2723 1050 2793 fortem
1099 2720 1535 2810 Arnulphum
1586 2721 2049 2791 nominarent.
2104 2726 2184 2791 Et
2231 2734 2423 2811 pater
2467 2719 2751 2807 quidem
2802 2742 2885 2790 ac
2935 2732 3160 2791 mater

592 2812 968 2902 cupiebant
1007 2811 1206 2880 illum
1249 2809 1518 2881 tradere
1566 2809 1797 2881 studio
1831 2810 2212 2889 literarum,
2267 2807 2383 2878 sed
2439 2809 2809 2900 propinqui
2843 2831 3157 2879 summo·

597 2923 758 2990 pere
797 2899 938 2970 illis
971 2898 1403 2979 resistebant,
1459 2900 1755 2970 maxime
1799 2920 1959 2968 vero
2005 2897 2540 2969 Aldenardensis
2597 2896 3026 2989 Arnulphus‚
3080 2919 3163 2968 ex

645 2999 879 3059 aterno
920 3010 1040 3059 san
1096 2988 1260 3057 uine
1306 3002 1668 3078 cognatuS.
1722 2986 2067 3078 Optabant
2113 3007 2270 3056 vero
2303 2987 2676 3077 propinqui
2707 2985 2864 3058 e'us
2899 2987 2971 3057 in
3008 2987 3163 3057 bel-

625 3077 751 3146 icis
783 3076 990 3147 rebus
1037 3076 1238 3146 ilum
1288 3076 1541 3147 habere
1601 3089 1914 3166 tyronem
1973 3076 2228 3167 potius,
2292 3097 2502 3163 quam
2546 3074 2744 3166 gradi
2797 3098 2886 3146 us
2936 3076 3163 3146 eccle-

600 3164 899 3235 siasticis
929 3176 1006 3234 ut
1041 3165 1372 3237 maternis
1417 3177 1566 3236 erat
1610 3164 1681 3236 in
1710 3165 1883 3235 votis
1914 3164 2544 3235 accommodatum.
2582 3169 2684 3235 Ita
2727 3163 2991 3235 factum
3026 3177 3157 3243 est,

584 3255 680 3325 'ut
710 3253 1046 3325 secularis
1095 3252 1380 3324 militiae
1409 3252 1773 3345 cingulum
1800 3274 1960 3324 cum
2011 3254 2232 3324 multa
2255 3266 2710 3345 cognatorum
2739 3252 3162 3324 exultatione

599 3343 962 3434 acciperet,
1017 3341 1354 3442 spiritalia
1385 3365 1581 3416 arma
1610 3343 2044 3433 postmodum
2081 3343 2368 3415 viriliter
2395 3356 2868 3444 correpturus.
2915 3347 3159 3430 Itaque

602 3453 726 3521 pro
786 3445 936 3502 voto
998 3451 1382 3501 amicorum
1439 3444 1506 3500 et
1550 3430 1890 3503 nobilium
1960 3432 2465 3508 consuetudine
2524 3431 2811 3502 militiae
2862 3432 3160 3521 arreptis

602 3520 846 3610 signis,
888 3519 1160 3610 pietatis
1188 3541 1397 3611 opera
1433 3541 1745 3590 exercere
1773 3520 2063 3602 studuit,
2096 3521 2256 3611 pius
2297 3522 2370 3590 in
2406 3522 2744 3602 subditos,
2785 3542 2952 3611 erga
2984 3542 3161 3611 pau-

602 3631 798 3699 peres
845 3608 1171 3700 profusus
1201 3663 1217 3689 ,
1272 3608 1343 3677 in
1384 3608 1676 3697 judiciis
1724 3620 1953 3680 rectus
1999 3610 2207 3682 simul
2270 3624 2336 3681 et
2384 3610 2815 3692 misericors,
2870 3607 3159 3680 auscul-

600 3698 830 3768 tandis
877 3698 1134 3769 divinis
1181 3696 1429 3767 officiis
1477 3698 1944 3788 maximopere
1993 3699 2324 3781 intentus,
2376 3699 2448 3767 in
2497 3699 2819 3770 amandis
2865 3698 3158 3789 paribus

601 3787 776 3858 mire
838 3799 1122 3879 gratuS,
1176 3786 1246 3857 in
1298 3786 1413 3857 Dei
1489 3787 1735 3858 timore
1794 3787 2084 3870 firmuS‚
2137 3809 2301 3879 erga
2350 3800 2669 3877 parentes
2714 3786 3159 3859 honorandos

597 3876 796 4036 valdff
843 3876 1157 3948 solicitus
1188 3929 1203 3959 ,
1256 3888 1323 3947 et
1369 3875 1556 3967 apud
1606 3898 1847 3946 omnes
1882 3931 1898 3958 ,
1950 3877 2073 3964 qui
2121 3877 2324 3947 illum
2372 3887 2743 3960 noverant,
2811 3876 3160 3969 gratiosus

598 3978 732 4036 etc
787 3988 976 4037 arus.

681 4058 719 4143 ἓ
770 4061 858 4127 2.
911 4055 1008 4126 Ad
1055 4054 1554 4127 ostendendam
1595 4053 2025 4144 corporalem
2056 4053 2210 4143 ejus
2248 4053 2722 4125 fortitudinem
2757 4053 2916 4124 licet
2950 4053 3156 4145 plura

651 4237 677 4263 ⁶
704 4235 921 4299 {naor-ibi,
934 4240 1073 4288 Juxta
1089 4240 1305 4282 Bouand.
1325 4236 1584 4282 debuisse&
1599 4237 1804 4279 Auctore
1822 4235 2040 4279 liu-iulio
2060 4238 2332 4287 synchrono
2350 4237 2464 4278 Abb.
2482 4233 2865 4287 Alderburgemi,
2882 4245 3028 4285 qnam
3048 4235 3157 4276 ndo·

594 4292 1303 4396 ptssvrztvkffssrgssgoffffimm
1322 4342 1445 4385 nulli
1464 4345 1522 4386 ad
1542 4342 1703 4386 Sancti
1721 4345 1887 4386 laudes
1907 4342 2136 4386 momenti
2154 4340 2560 4385 detruncavimus.
2779 4392 2789 4401 ⁶

651 4398 705 4423 ¹⁸¹·
734 4398 807 4437 Ito
824 4401 1043 4439 vocatum
1062 4410 1148 4440 auo
1170 4396 1360 4440 nomine
1379 4397 1534 4440 voluit
1554 4411 1579 4440 e
1600 4399 1882 4449 propinquis
1900 4397 2095 4449 quidum
2116 4395 2298 4438 divitiis
2317 4400 2365 4437 et
2384 4393 2598 4446 potentia
2617 4393 2834 4446 insigms.
2866 4395 2960 4435 Sed
2980 4395 3148 4438 mater·

591 4452 729 4499 juxta
746 4447 941 4492 visionis
962 4454 1211 4502 antequam
1231 4463 1339 4494 eum
1358 4450 1547 4503 pateret
1566 4449 1758 4495 habitae
1777 4453 2075 4503 praesagium
2095 4452 2144 4493 et
2157 4453 2360 4502 jussum.
2378 4451 2753 4502 aristophon-um,
2774 4449 3050 4499 appellabat.
