3308 5004
652 327 781 393 464
1218 346 1297 394 nx
1344 345 1400 393 S.
1453 344 1785 395 :rumano
1831 346 1975 394 aaa.
2027 343 2415 394 cunum„
2786 325 2970 394 mo.
3026 327 3119 394 20

735 432 883 502 48.
935 428 1051 499 Vir
1082 430 1674 501 reverentissimus
1712 431 2156 512 Humbertus,
2201 429 2627 521 Igniacensis
2668 442 2900 521 postea
2955 437 3119 500 coe-⁴

569 539 653 587 no
710 517 754 586 ii
803 518 1218 601 aedificator,
1268 530 1335 589 et
1368 520 1635 610 primus
1670 533 1881 622 pater,
1913 520 1980 589 in
2014 519 2388 590 Claravalle
2429 532 2566 590 tam
2592 519 2843 589 acriter
2869 521 3118 591 morbo

562 627 598 675 e
655 606 934 696 ilepsiae
980 607 1355 689 laborabat,
1400 620 1477 679 ut
1518 621 1767 698 septies
1815 630 2148 679 corruens
2195 630 2335 678 una
2381 607 2516 690 die,
2570 608 2850 679 demum
2900 610 3117 678 etiam

563 629 844 766 egi-ebro
894 698 1189 777 turbato,
1259 698 1366 767 vix
1427 697 1800 768 multorum
1856 698 2180 768 manibus
2238 696 2528 768 fratrum
2590 695 2981 787 colligatus,
3037 698 3114 767 in

567 783 812 855 lectulo
852 798 1212 857 teneretur.
1266 786 1647 856 Adveniens
1706 798 1935 858 autem
1988 786 2399 858 venerabilis
2446 786 2691 866 Abbas,
2749 800 2815 857 et
2854 787 2962 856 sic
3003 784 3117 856 in·-

568 873 846 945 veniens
897 874 1162 954 virum,
1214 896 1418 962 quem
1488 898 1607 966 pro
1678 896 1804 946 sua
1873 876 2234 947 sanctitate
2306 873 2589 965 speciali
2658 876 3122 946 venerabatur

562 962 830 1044 affectu,
886 963 1187 1053 repletus
1219 976 1321 1034 est
1350 962 1516 1045 zelo,
1568 978 1634 1033 et
1671 964 1804 1035 ait:
1842 964 2020 1047 Quid
2069 963 2414 1034 facimus?
2461 968 2739 1045 Eamus»,
2792 985 3104 1035 oremus.

568 1055 646 1120 Ut
691 1064 918 1121 autem
978 1053 1333 1140 ingressus
1377 1053 1752 1123 oratorium
1814 1076 2037 1141 genua
2086 1054 2294 1132 flexit,
2352 1052 2745 1143 praedictus
2792 1052 2896 1121 vir
2936 1054 3116 1123 inter

565 1161 813 1211 manus
846 1142 1226 1211 tenentium
1267 1141 1705 1211 obdormivit.
1736 1143 1865 1224 Qui
1915 1142 2226 1230 sequenti
2257 1141 2370 1212 die
2401 1142 2754 1213 Dominica
2779 1141 2864 1210 dc
2893 1163 3115 1211 manu

560 1229 711 1318 ejus
757 1242 1188 1300 sacramenta
1233 1230 1645 1320 suscipiens,
1685 1229 2051 1321 perfectam
2102 1231 2396 1323 adeptus
2423 1241 2527 1301 est
2558 1231 2987 1322 sospitatem,
3030 1242 3113 1302 ut

566 1317 740 1387 nihil
791 1317 922 1388 tale
962 1340 1268 1406 unquam
1319 1319 1645 1410 deinceps
1695 1332 2063 1420 pateretur.

650 1408 687 1493 ἓ
734 1411 894 1480 am.
947 1408 1138 1478 Circa
1185 1407 1313 1477 hoc
1362 1421 1633 1498 tempus
1691 1430 1759 1477 in
1830 1431 2039 1499 regno
2088 1407 2346 1480 Galliae
2390 1419 2456 1477 et
2524 1407 2841 1478 finitimis
2893 1409 3112 1499 regio-

564 1495 771 1566 nibus
834 1496 1048 1568 fames
1097 1496 1425 1567 invaluit:
1479 1518 1833 1567 servorum
1884 1519 2168 1568 suorum
2224 1497 2500 1575 horrea,
2557 1497 2827 1567 Domini
2903 1499 3113 1567 bene·

562 1583 772 1653 dictio
818 1584 1219 1656 cumulavit.
1274 1585 1626 1674 Siquidem
1668 1608 1888 1674 usque
1927 1586 2012 1656 ad
2048 1608 2308 1656 annum
2347 1585 2544 1655 illum
2591 1607 2977 1672 numquam
3010 1586 3115 1656 eis

563 1671 821 1743 laboris
861 1674 971 1744 sui
1004 1696 1279 1745 annona
1330 1675 1737 1747 suffecerat:
1789 1675 1905 1744 sed
1961 1688 2126 1745 tunc
2176 1688 2326 1765 post
2377 1696 2665 1744 messem
2716 1673 3109 1756 collectam,

558 1759 929 1863 diligenter
959 1763 1287 1834 omnibus
1316 1765 1733 1854 supputatiS‚
1787 1765 1894 1833 vix
1925 1786 2147 1852 usque
2192 1763 2279 1833 ad
2330 1764 2590 1833 Pascha
2622 1763 2756 1832 sibi
2786 1762 3114 1834 sufficere

561 1851 1041 1920 aestimabant.
1080 1856 1249 1922 Cum
1296 1866 1522 1923 autem
1556 1874 1783 1922 emere
1816 1852 2085 1935 vellent,
2128 1866 2451 1943 sumptus
2496 1874 2630 1944 non
2670 1853 3108 1932 invenerunt,

559 1939 745 2025 quod
804 1939 1003 2030 longe
1049 1941 1282 2010 carius
1328 1940 1526 2011 solito
1568 1942 1998 2013 venderetur.
2053 1948 2289 2029 Itaque
2336 1964 2375 2011 a
2425 1956 2730 2031 tempore
2800 1940 3115 2025 Quadra-

563 2028 900 2118 gesimali,
949 2051 1328 2119 pauperum
1379 2030 1463 2099 ad
1507 2052 1622 2100 eos
1677 2031 1975 2101 maxima
2025 2031 2394 2102 multitudo
2448 2030 2800 2101 confluxit.
2839 2031 3113 2113 Quibus

560 2129 916 2207 erogantes
966 2117 1258 2187 fideliter
1300 2119 1479 2205 quod
1534 2120 1900 2201 habebant,
1957 2120 2242 2190 Domino
2294 2118 2775 2202 benedicente,
2827 2141 2909 2189 ex
2960 2142 3111 2190 mo-

562 2204 717 2274 dica
769 2205 884 2275 illa
931 2228 1206 2276 annona
1254 2228 1475 2295 usque
1521 2207 1605 2276 ad
1676 2229 1993 2290 messem,
2050 2209 2182 2300 ipsi
2243 2209 2519 2298 pariter,
2571 2219 2638 2278 et
2683 2209 2803 2296 qui
2863 2229 3108 2298 super-

563 2294 945 2376 veniebant,
1002 2317 1337 2397 pauperes
1387 2297 1974 2367 sustentabantur.

646 2385 684 2470 §
731 2387 899 2455 ὅθ.
956 2390 1187 2455 Virum
1271 2406 1623 2473 auperem‚
1674 2408 1807 2455 non
1859 2386 2060 2488 longe
2092 2409 2133 2456 a
2174 2385 2587 2455 monasterio
2620 2385 3101 2466 habitantem,

557 2493 727 2542 uxor
755 2472 1061 2543 adultera
1116 2496 1226 2543 ma
1256 2473 1473 2545 eficiis
1504 2475 1878 2545 cruciabat.
1933 2481 2122 2548 Sicut
2167 2475 2351 2545 enim
2402 2474 2461 2544 ei
2511 2475 2579 2543 in
2632 2474 2734 2545 ira
2761 2488 2827 2545 et
2875 2473 3111 2546 furore

558 2559 777 2630 fuerat
807 2563 1247 2645 comminata,
1285 2563 1380 2632 ita
1416 2578 1646 2664 egerat
1681 2587 1799 2655 per
1835 2565 2175 2653 malignas
2225 2565 2750 2646 incantationes,
2783 2575 2860 2634 ut
2897 2566 3112 2634 miser

560 2649 766 2720 homo
814 2654 1245 2743 consumptis
1292 2653 1621 2723 carnibus
1664 2675 1787 2724 nec
1848 2670 2073 2744 posset
2125 2654 2319 2735 mori,
2376 2674 2499 2723 nec
2550 2653 2769 2723 vivere
2819 2653 3111 2743 permit-

557 2750 833 2809 teretur.
889 2744 1013 2809 Sae
1068 2741 1177 2810 ius
1213 2741 1513 2828 denique
1561 2755 1626 2812 et
1659 2742 1840 2813 vocis
1887 2764 2121 2822 usum,
2176 2755 2242 2812 et
2288 2763 2570 2814 sensum
2620 2763 2897 2811 omnem
2951 2764 3108 2812 cor-

558 2828 742 2917 poris
789 2829 1022 2899 amitte
1073 2842 1163 2910 at,
1205 2830 1590 2918 iterumque
1619 2832 1904 2911 redibat,
1958 2852 2091 2900 non
2125 2830 2211 2899 ad
2245 2831 2475 2911 vitam,
2520 2830 2638 2901 sed
2682 2831 2765 2900 ad
2816 2845 3105 2900 mortem

557 2917 994 3006 prolixiorem
1028 2918 1400 2989 crudeliter
1447 2932 1825 2990 revocatus.
1879 2919 2259 2989 Adducitur
2292 2919 2581 2988 >tandem
2636 2920 2843 2989 bomo
2881 2918 2965 2987 ad
2998 2920 3108 2987 vi·

554 3026 711 3073 rum
766 3007 878 3075 Dei
921 3007 989 3075 in
1027 3007 1440 3077 monasterio
1487 3009 1960 3078 demorantem
1990 3062 2006 3089 ,
2059 3018 2126 3078 et
2169 3008 2230 3077 ei
2286 3007 2632 3098 tragoedia
2684 3005 3108 3079 miserabilis

553 3092 955 3183 explicatur.
1010 3095 1139 3177 Qui
1190 3096 1622 3166 vehementer
1679 3097 2102 3189 indignam,
2167 3097 2437 3184 antiqui
2484 3096 2700 3166 hostis
2760 3096 3107 3167 malitiam

556 3193 823 3252 tantum
872 3183 1006 3253 sibi
1055 3184 1123 3252 in
1167 3184 1631 3255 Christianum
1681 3207 2079 3277 usurpasse,
2142 3207 2394 3257 vocans
2452 3183 2630 3255 duos
2666 3207 2704 3255 e
2736 3185 3101 3265 fratribus,

556 3281 713 3357 ante
760 3284 1070 3341 sanctum
1114 3272 1325 3343 altare
1359 3272 1711 3344 hominem
1742 3273 2109 3365 deportari,
2152 3274 2384 3363 ibique
2416 3276 2852 3364 superposito
2887 3274 3103 3365 capiti

554 3359 704 3449 ejus
739 3359 1014 3430 vasculo
1053 3362 1549 3432 Eucharistiam
1576 3365 1990 3441 continente,
2028 3364 2097 3433 in
2142 3363 2364 3454 ipsius
2395 3364 2817 3433 Sacramenti
2854 3364 3107 3435 virtute

554 3470 596 3516 a
637 3446 937 3518 laesione
985 3449 1353 3520 Christiani
1375 3452 1574 3542 jubet
1622 3451 2029 3523 daemonem
2072 3452 2445 3543 prohiberi.
2500 3456 2778 3523 Factum
2828 3466 2968 3532 est,
3026 3465 3110 3522 ut

555 3537 926 3694 praecepit,
962 3550 1028 3608 et
1075 3539 1405 3610 miserum
1451 3540 1799 3610 hominem
1843 3554 1996 3633 post
2046 3553 2267 3615 tantos
2312 3542 2664 3613 cruciatus
2715 3540 2886 3611 fides
2942 3562 3105 3632 per-

581 3638 729 3695 ecta
780 3626 1112 3715 perfectae
1162 3627 1459 3698 reddidit
1489 3630 1792 3699 sanitati.

586 3754 589 3755 ν
642 3716 679 3802 ξ
725 3720 868 3789 5¹.
922 3721 1078 3785 Erat
1124 3716 1483 3798 RobertuS,
1540 3718 1691 3806 ejus
1732 3719 1951 3789 sancti
2000 3719 2129 3788 viri
2160 3719 2566 3801 monachus,
2618 3730 2685 3788 et
2712 3718 3106 3789 secundum

552 3824 829 3873 carnem
871 3805 1344 3896 propinquus:
1395 3807 1515 3893 qui
1549 3807 1616 3876 in
1669 3807 2128 3881 adolescentia
2170 3831 2298 3878 sua
2328 3807 2763 3896 quorundam
2816 3829 3107 3899 persua-

553 3893 745 3964 sione
811 3893 1177 3984 deeeptuS,
1232 3894 1638 3966 cluniacum
1709 3918 1856 3968 sese
1928 3896 2332 3967 contulerat.
2390 3895 2807 3966 Venerabilis
2870 3911 3108 3967 autem

556 3986 768 4063 Pater,
825 3997 1185 4086 postquam
1220 3984 1631 4073 aliquandiu
1657 3984 2144 4067 dissimulavit,
2176 3985 2495 4056 eumdem
2537 3984 2810 4054 fratrem
2863 3986 3110 4056 statuit

555 4091 674 4159 per
730 4073 1089 4158 epistolam
1146 4095 1485 4145 revocare.
1545 4079 1694 4157 Quo
1754 4074 2077 4155 dictante,
2147 4073 2562 4144 venerabilis
2625 4073 3104 4164 GuglielmuS,

554 4159 876 4230 Rievallis
911 4173 1141 4251 postea
1191 4164 1587 4233 monasterii
1628 4163 1895 4254 primus
1923 4163 2169 4246 AbbaS,
2204 4163 2274 4232 in
2326 4162 2730 4233 membrana
2761 4162 3105 4245 scribenS,

555 4248 866 4318 eamdem
907 4251 1287 4339 excipiebat
1333 4251 1722 4343 epistolam.
1778 4258 1983 4322 Erant
2022 4252 2206 4321 enim
2262 4251 2466 4322 ambo
2516 4252 2770 4343 pariter
2804 4254 2940 4323 sub
2992 4252 3112 4323 dio

553 4335 898 4407 sedentes:
936 4339 1019 4408 ad
1058 4339 1461 4411 dictandum
1497 4341 1758 4433 quippe
1804 4342 2160 4421 secretius,
2199 4353 2392 4429 septa
2418 4340 2809 4412 monasterii
2839 4342 3111 4432 egressi

552 4422 846 4496 fuerant.
877 4428 1117 4498 Subito
1146 4442 1377 4501 autem
1413 4430 1812 4522 inopinatus
1853 4431 2078 4501 imber
2105 4428 2358 4521 erupit,
2388 4444 2454 4503 et
2487 4429 2547 4501 is
2576 4429 2695 4519 qui
2728 4429 3101 4514 scribebat,
