3308 5004
657 328 740 392 32
1170 346 1248 392 nii
1296 346 1389 393 ss.
1446 347 1640 394 ritmo
1689 346 1913 394 APOST.
1966 349 2043 394 m·
2092 347 2319 395 raom.
2364 344 2517 393 Emit
2842 330 3031 395 AUG.
3085 331 3110 394 Ἰ

569 431 760 499 misit
807 430 892 500 ad
948 429 1191 512 Eliam,
1231 430 1510 500 dicens:
1565 437 1774 503 Haec.
1813 432 2069 502 faciant
2122 432 2293 499 mihi
2342 430 2464 512 dii,
2502 444 2568 500 et
2616 431 2784 501 haec
2835 432 3119 514 addant,

568 519 705 588 nisi
753 543 907 589 cras
960 541 1208 607 ponam
1248 519 1554 589 animam
1592 536 1808 603 tuam,
1847 534 1923 591 ut
1971 523 2277 590 animam
2315 520 2526 590 unius
2559 520 2900 609 ipsorum.
2956 526 3122 591 Cum

570 608 738 680 haec
782 608 1161 678 audivisset
1208 608 1408 677 Elias⁴
1445 609 1740 700 aufugit.
1796 611 2115 692 Ubinam,
2151 631 2432 698 quaeso,
2463 622 2565 678 est
2595 609 2778 678 Elias
2826 609 2940 678 ille
2970 611 3126 682 talis

572 710 939 784 tantusque
982 699 1127 766 vir?
1159 699 1591 788 Propositum
1629 700 1814 768 enim
1847 700 2018 768 mihi
2059 713 2161 770 est
2189 697 2572 778 ostendere,
2627 699 2808 784 quod
2850 713 3125 789 peccato

571 787 1041 856 succubuerit.
1096 791 1237 855 Hoc
1285 799 1515 880 autem
1550 789 1730 868 dico,
1789 810 1921 858 non
1957 810 2297 858 accusans
2333 788 2558 856 virum
2593 788 2790 856 illum
2815 789 3115 877 justum,

570 875 688 943 sed
732 876 977 945 salutis
1028 875 1385 946 materiam
1426 876 1543 945 tibi
1601 900 2023 968 procurans:
2059 890 2136 946 ut
2164 899 2322 946 cum
2359 891 2635 946 sanctos
2668 898 2944 963 quoque
2973 899 3128 967 pec·

568 977 802 1032 cantes
852 964 1129 1046 videris,
1182 978 1248 1034 et
1278 966 1515 1035 desua
1564 966 1786 1036 salute
1838 989 1972 1037 non
2010 967 2477 1056 desperantes,
2516 965 2632 1034 sed
2683 966 2959 1035 divinae
3007 966 3128 1035 be-

569 1054 929 1142 nignitatis
977 1067 1328 1142 compotes
1377 1052 1613 1135 sactOS,
1668 1068 1744 1125 tu
1791 1057 1997 1125 etiam
2051 1057 2109 1124 si
2153 1055 2567 1145 peccaveris,
2604 1053 2896 1122 salutem
2929 1054 3127 1124 valde

569 1163 828 1231 speres.
864 1149 1030 1212 Cum
1085 1144 1300 1233 igitur
1325 1142 1608 1214 dixisset
1636 1146 1684 1212 J
1689 1144 1917 1214 ezabel
1948 1169 1962 1212 :
1996 1150 2175 1213 Haec
2210 1143 2466 1212 faciant
2500 1143 2669 1211 mihi
2705 1143 2827 1225 dii,
2863 1143 3125 1214 ethaeo

567 1230 850 1312 addant,
919 1231 1054 1300 nisi
1105 1254 1258 1300 cras
1311 1253 1562 1322 ponam
1615 1235 1923 1302 animam
1989 1248 2177 1302 tuam
2215 1288 2231 1315 ,
2286 1245 2362 1301 ut
2422 1232 2729 1300 animam
2782 1233 2996 1301 unitis
3042 1255 3128 1302 ex

568 1321 765 1409 ipsis:
807 1320 1072 1389 audivit
1119 1320 1301 1389 Elias
1349 1335 1414 1390 et
1461 1320 1642 1412 fugit
1689 1322 1932 1391 itinere
1966 1322 2235 1390 dierum
2279 1320 2768 1411 quadraginta.
2824 1322 3001 1391 Proh
3027 1321 3129 1391 fa-

565 1409 815 1477 cinus!
872 1413 1139 1490 Quanta
1208 1409 1337 1478 fuit
1400 1411 1565 1481 haec
1612 1411 1987 1482 timiditas!
2045 1411 2349 1479 Mulieris
2399 1410 2611 1479 unius
2661 1410 2928 1479 audivit
2971 1432 3129 1479 ver-

568 1498 763 1577 bum,
811 1510 877 1565 et
926 1496 1686 1590 aufugitquadraginta
1722 1500 1990 1569 dierum
2028 1501 2308 1569 itinere:
2348 1498 2557 1586 idque
2598 1497 2757 1568 fecit
2799 1520 2932 1568 non
2970 1512 3127 1589 post

566 1607 815 1665 unum,
869 1598 989 1654 aut
1029 1586 1349 1669 alterum,
1403 1602 1522 1658 aut
1575 1590 1849 1659 tertium
1898 1589 2126 1659 diem:
2181 1589 2300 1658 sed
2369 1610 2529 1658 cum
2585 1588 2895 1689 primum
2965 1610 3127 1659 mu-

569 1672 759 1742 lieris
808 1696 1033 1743 sermo
1082 1675 1169 1744 ad
1207 1698 1277 1747 se
1326 1677 1631 1767 perlatus
1664 1692 1800 1750 est:
1846 1702 1926 1747 ac
1972 1700 2131 1768 prae
2174 1691 2361 1746 metu
2392 1698 2730 1746 'nesciens
2769 1677 2936 1764 quid
2967 1700 3130 1767 age-

567 1777 707 1842 ret,
754 1776 1022 1833 tantam
1074 1764 1310 1854 fugam
1373 1768 1692 1856 arripuit.
1747 1768 1926 1851 Quid
1990 1769 2118 1837 lioc
2165 1780 2303 1846 est,
2358 1766 2546 1835 Elia?
2600 1772 2790 1835 Tune
2840 1765 2956 1835 ille
3002 1789 3122 1847 eS,

566 1851 686 1938 qui
736 1851 1008 1921 coelum
1066 1853 1401 1934 clausisti,
1459 1855 1759 1945 pluviam
1817 1856 2196 1937 refrenasti,
2253 1856 2395 1924 aeri
2437 1855 2735 1941 jussisti,
2784 1866 2851 1923 et
2889 1855 3125 1956 ignem

565 1961 645 2008 ex
692 1940 829 2010 alto
876 1943 1195 2023 evocasti,
1233 1944 1618 2015 sacerdotes
1663 1946 2083 2027 inter-fecisti,
2124 1959 2187 2014 et
2227 1945 2391 2032 Regi
2428 1943 2657 2014 Achab
2707 1943 2980 2012 dixisti:
3021 1950 3127 2013 Tu

564 2051 660 2109 eS‚
700 2030 820 2115 qui
872 2031 1200 2119 pervertis
1248 2033 1596 2116 Israelem,
1636 2048 1701 2103 et
1731 2035 1982 2104 domus
2029 2035 2244 2125 patris
2277 2034 2411 2102 tui:
2466 2033 2626 2101 item
2678 2032 2891 2101 illud:
2950 2033 3128 2102 vivit

569 2119 924 2200 Dominus,
964 2118 1024 2188 si
1069 2122 1198 2189 erit
1247 2121 1504 2212 pluvia.
1567 2124 1699 2192 nisi
1738 2145 1858 2214 pei·
1904 2146 1980 2193 os
2031 2145 2288 2192 meum:
2327 2121 2448 2208 qui
2481 2121 2781 2207 denique
2832 2120 3125 2190 domum

567 2206 818 2275 viduae
866 2209 1217 2297 copiosam
1266 2211 1642 2297 quamdam
1681 2234 1909 2282 aream
1960 2226 2026 2281 et
2076 2209 2475 2301 manipulos
2522 2210 2831 2291 effecisti,
2864 2223 2930 2279 et
2967 2209 3130 2297 ejus

568 2295 793 2363 filium
834 2309 1183 2366 mortuum
1228 2301 1630 2370 suscitasti?
1678 2301 1881 2382 Talis,
1914 2301 2228 2388 inquam,
2268 2313 2640 2385 tantusque
2674 2299 2779 2367 vir
2808 2298 3127 2369 mulieris

565 2385 773 2453 verbo
821 2385 1082 2468 audit0,
1122 2387 1479 2478 aufugisti,
1519 2405 1585 2460 et
1627 2390 1877 2459 mulier
1924 2412 2064 2458 una
2102 2389 2568 2478 captivum-te
2615 2387 2856 2457 ducit?

653 2474 690 2561 ξ
738 2477 876 2546 18.
933 2480 1077 2547 Duo
1118 2476 1236 2547 illa
1302 2479 1830 2570 propugnacula
1878 2491 1943 2549 et
2005 2500 2221 2558 arceS,
2287 2499 2327 2547 a
2376 2476 2655 2548 duabus
2706 2476 3125 2548 mulieribus

568 2576 732 2632 sunt
780 2564 1216 2656 redargutae.
1272 2574 1511 2637 Petrus
1560 2569 1864 2660 puellam
1927 2568 2266 2646 extimuit,
2321 2580 2386 2636 et
2427 2567 2609 2637 Elias
2656 2566 2930 2636 Jezabel
2981 2567 3126 2637 for-

567 2652 866 2734 midans,
903 2655 973 2722 in
1009 2656 1237 2726 simile
1286 2658 1529 2726 incidit
1581 2671 1965 2747 peccatum,
2009 2671 2074 2727 et
2122 2656 2301 2746 fugit
2347 2656 2592 2726 itinere
2631 2656 2901 2725 dierum
2945 2678 3119 2742 qua-

564 2741 910 2831 draginta.
974 2744 1265 2815 Ubinam
1299 2759 1402 2815 est
1449 2747 1565 2815 ille
1613 2769 1851 2815 servus
1901 2759 2087 2826 tuus,
2143 2746 2311 2827 Elia,
2366 2767 2527 2815 cum
2569 2745 2891 2816 dicebas:
2946 2746 3127 2816 Vivit

566 2831 922 2908 Dominus,
980 2833 1038 2901 si
1087 2835 1216 2903 erit
1259 2834 1516 2923 pluvia,
1571 2836 1707 2903 nisi
1758 2857 1880 2925 per
1926 2857 2003 2904 os
2049 2857 2322 2904 meum:
2385 2857 2546 2904 cum
2603 2834 2833 2904 Achab
2886 2857 3118 2924 regem

565 2919 1054 3018 redarguebas,
1093 2936 1159 2990 et
1206 2923 1436 3012 ignem
1486 2946 1522 2992 e
1555 2923 1745 2994 coelo
1792 2927 2111 3006 evocanS,
2154 2937 2249 2994 tot
2279 2938 2345 2993 et
2377 2936 2564 2992 tanta
2614 2924 2884 2993 fecisti?
2918 2929 3013 2992 En
3043 2936 3125 2994 ut

567 3007 883 3078 mulieris
931 3011 1144 3080 unius
1192 3032 1581 3081 sermonem
1641 3035 1777 3082 non
1830 3014 2246 3082 sustinuisti.
2318 3013 2608 3083 Ubinam
2673 3025 2776 3082 est
2830 3012 2948 3081 illa
3003 3026 3125 3083 tua

566 3097 976 3178 constantia,
1017 3122 1178 3168 cum
1216 3101 1585 3169 Dominum
1637 3124 1881 3193 rogare
1928 3102 2239 3182 noluisti,
2283 3115 2360 3171 ut
2407 3102 2717 3190 pluviam
2753 3101 2947 3171 daret
2980 3114 3120 3171 ter-

566 3189 724 3254 rae‘l
748 3188 1126 3286 Manifestis
1159 3190 1344 3257 enim
1378 3190 1804 3277 quibusdam
1840 3191 2552 3261 demonstrationibus
2584 3203 2647 3259 te
2678 3191 3115 3281 provocabat,

563 3296 765 3361 quasi
814 3275 985 3345 illud
1038 3276 1330 3346 diceret:
1386 3285 1538 3348 Pete
1586 3302 1624 3348 a
1677 3302 1808 3359 me,
1865 3281 2038 3362 Elia,
2092 3293 2168 3349 ut
2219 3293 2437 3349 terrae
2485 3279 2642 3349 dem
2694 3302 2930 3367 aquas.
2990 3285 3123 3350 Po·

567 3375 737 3432 terat
784 3365 899 3433 ille
945 3365 1223 3452 quidem
1278 3366 1345 3435 id
1398 3367 1622 3438 facere
1665 3370 1813 3438 sine
1862 3383 1961 3439 te:
2008 3369 2125 3438 sed
2188 3369 2462 3438 nolebat
2515 3384 2768 3448 tamen,
2827 3383 2903 3437 ut
2949 3391 3123 3456 que-

568 3451 1017 3523 madmodum
1070 3456 1255 3525 mala
1300 3479 1417 3544 per
1460 3470 1519 3526 te
1559 3458 1810 3546 injecta
1857 3459 2153 3538 fuerant,
2194 3458 2287 3527 ita
2336 3471 2402 3527 et
2452 3458 2630 3527 bona
2682 3479 2802 3559 per
2850 3471 2912 3526 te
2951 3479 3123 3527 con-

470 3555 487 3574 ‘
564 3540 993 3611 ciliareiitur.
1048 3550 1144 3612 Tu
1192 3545 1471 3633 quidem
1523 3545 1796 3617 facinus
1847 3547 2256 3617 commisisti
2305 3546 2736 3617 crudelitatis
2788 3545 3115 3637 plenum:

566 3641 635 3697 at
676 3634 852 3700 Deus
900 3632 1362 3703 calamitatem
1416 3647 1676 3705 tantam
1710 3637 2037 3706 misertus
2071 3649 2194 3717 est,
2235 3637 2567 3723 quoniam
2603 3636 2751 3725 ipse
2799 3636 3120 3705 omnium

564 3739 797 3804 rerum
849 3733 1114 3790 creator
1158 3739 1223 3792 et
1253 3723 1480 3812 opifex
1513 3738 1636 3794 est.
1694 3729 2001 3813 Cumque
2048 3725 2366 3794 omnium
2400 3738 2580 3794 esset
2604 3736 2903 3804 curator,
2940 3724 3120 3794 vole-

564 3808 682 3876 bat
732 3807 848 3878 ille
881 3810 1159 3895 quidem
1214 3811 1794 3884 inhumanitatem
1836 3828 2023 3884 tuam
2074 3814 2313 3896 lenire,
2375 3826 2448 3883 tu
2488 3835 2644 3882 vero
2688 3815 2757 3882 in
2808 3813 2928 3881 illa
2967 3835 3123 3903 per·

568 3897 921 3968 manebas.
992 3899 1269 3969 Dicebat
1322 3902 1476 3970 ille:
1531 3903 1694 3972 Novi
1743 3924 1869 3992 ego
1922 3916 2348 3991 praesentem
2414 3902 2904 3983 calamitatem,
2958 3904 3121 3972 novi

568 3999 867 4084 matrum
899 3986 1224 4074 ejulatuS,
1269 4003 1335 4059 et
1368 4012 1738 4081 puerorum
1771 3991 2122 4060 ululatus:
2163 3992 2361 4060 video
2394 4005 2614 4061 terrae
2650 3991 2862 4071 illius,
2904 4013 3118 4078 quam

567 4094 715 4162 ipse
747 4074 899 4158 feci,
937 4079 1235 4167 speciem
1267 4079 1727 4160 immutatam,
1767 4080 1996 4167 itaque
2030 4081 2180 4150 volo
2215 4081 2513 4172 benigne
2537 4102 2695 4150 cum
2735 4080 2856 4149 illa
2886 4102 3115 4171 agere:

566 4160 698 4263 sed·
738 4164 896 4235 nolo
961 4179 1190 4237 tamen
1241 4181 1303 4238 te
1351 4185 1836 4250 contemnere,
1888 4182 1954 4238 et
2012 4170 2162 4240 sine
2227 4181 2344 4238 tuo
2404 4192 2753 4239 consensu
2809 4168 3119 4260 pluviam

565 4264 898 4334 emittere,
959 4277 1045 4325 ne
1094 4256 1433 4327 malorum
1487 4281 1700 4327 causa
1754 4270 1828 4327 tu
1878 4259 1997 4338 sis,
2054 4271 2120 4328 et
2168 4258 2506 4328 bonorum
2541 4280 2787 4348 expers
2834 4258 3113 4327 existas,

566 4343 862 4440 Honoris
897 4342 1131 4434 igitur'
1158 4348 1256 4415 tui
1299 4347 1521 4438 gratia
1571 4347 1637 4414 id
1676 4347 1875 4417 facio.
1916 4351 1968 4419 Ο
2018 4369 2368 4417 summam
2421 4348 2693 4416 Domini
2731 4347 2948 4417 nostri
3001 4347 3122 4416 be-

563 4431 997 4521 nignitatem.
1051 4439 1230 4505 Haec
1259 4436 1539 4524 quidem
1578 4441 1753 4508 Deus
1781 4437 2121 4508 faciebat:
2160 4436 2277 4508 sed
2330 4435 2513 4506 Elias
2545 4449 2775 4507 tamen
2812 4433 3119 4505 multum
