3308 5004
81 327 86 334 ’
148 331 330 398 AUG.
383 333 470 398 27
857 352 936 399 nit
983 353 1039 400 s.
1093 351 1400 400 caussato
1446 351 1647 401 nrisc.
1701 350 1969 416 annu.
2476 338 2603 404 667

148 435 454 506 Christus
487 456 608 537 per
637 456 909 506 servum
952 458 1160 508 suum
1195 435 1586 507 reddiderat
1617 437 1920 519 sanitati,
1958 458 2120 508 eum
2150 438 2483 511 dominus
2511 441 2687 532 ejuS,

148 523 217 593 in
267 536 547 595 terroris
582 524 1004 614 exemplum,
1059 525 1300 610 domui
1342 546 1507 595 suae
1562 538 2031 616 praeponeret.
2077 532 2220 598 Non
2269 540 2375 600 est
2419 529 2695 600 silentio

145 613 599 705 premendum
652 613 855 683 etiam
907 612 1079 685 illud
1131 613 1389 684 factum
1441 614 1913 696 memorabile,
1950 615 2135 703 quod
2173 615 2332 707 plus
2376 630 2443 687 et
2470 618 2696 689 admi-

56 765 61 772 .
142 702 431 773 rationis
481 715 572 774 et.-
608 701 1003 772 formidinis
1063 703 1291 773 habet.
1345 706 1514 772 Cum
1578 703 1685 772 vir
1738 716 2022 775 sanctus
2077 703 2422 775 dioecesin
2491 729 2692 779 suam

144 791 564 873 circumiret,
618 791 689 860 in
727 790 910 873 villa,
961 812 1140 879 quae
1188 791 1491 861 Lannico
1537 790 1817 874 dicitur,
1870 793 1959 862 ab
2012 791 2166 883 ejus
2207 793 2339 864 loci
2387 794 2695 866 dominis

145 882 466 969 exceptus
496 893 623 951 est.
659 885 816 950 Post
865 902 1026 949 uam
1062 891 1290 951 autem
1325 879 1665 962 discessit,
1699 881 2057 953 Anatolius
2106 882 2445 964 medicus,
2485 884 2694 955 homo

146 968 444 1060 pestifer,
487 969 557 1037 in
595 967 793 1038 illum
863 981 1089 1039 ectum
1123 991 1262 1057 quo
1294 991 1468 1040 usus
1496 968 1717 1040 fuerat
1748 983 2033 1040 sanctus
2065 971 2471 1062 Episcopus,
2511 994 2694 1044 scor·

148 1071 291 1128 tum
333 1057 470 1128 sibi
525 1055 740 1126 voluit
777 1056 1056 1127 adduci.
1112 1057 1238 1129 Sed
1289 1056 1645 1128 confestim
1700 1058 1784 1128 ad
1836 1058 2186 1130 incentore
2233 1060 2511 1131 diabolo
2564 1084 2694 1153 pu·

143 1146 327 1218 blica
365 1146 719 1216 vexatione
752 1159 1133 1238 correptus,
1185 1168 1416 1217 coram
1452 1146 1611 1216 aliis
1643 1147 1714 1217 in
1750 1161 2000 1218 terram
2039 1148 2256 1220 elisus
2293 1162 2434 1220 est:
2491 1149 2695 1224 dum·

139 1258 276 1324 que
308 1235 537 1327 palam
577 1232 1019 1306 confiteretur
1048 1236 1450 1305 temeritatis
1489 1258 1658 1307 suae
1688 1258 1761 1307 se
1791 1237 1956 1307 dare
1991 1259 2272 1329 poenas,
2315 1252 2382 1310 et
2424 1238 2549 1308 viri
2577 1241 2695 1310 Dei

138 1326 461 1394 virtutem
512 1337 578 1394 et
618 1346 824 1406 suum
858 1323 1129 1395 facinus
1170 1324 1498 1416 prodidit.

229 1415 265 1501 ἓ
316 1417 461 1485 zv.
516 1412 727 1483 Multa
772 1413 1053 1501 quidem
1123 1436 1243 1505 per
1306 1414 1864 1485 intercessionem
1918 1415 2096 1485 servi
2159 1414 2270 1485 sui
2319 1416 2691 1489 Dominum

136 1500 477 1572 miracula
537 1501 779 1573 fecisse
842 1502 1107 1572 scimus
1139 1557 1157 1585 ,
1211 1502 1327 1574 sed
1378 1526 1456 1573 ea
1505 1504 1741 1574 omnia
1795 1526 2342 1574 commemorare
2404 1505 2689 1596 longum

137 1603 265 1662 est.
314 1595 505 1661 Unus
542 1612 579 1660 e
620 1591 843 1672 nobiS,
897 1592 1017 1684 qui
1049 1591 1218 1662 hacc
1252 1590 1689 1682 scripsimus,
1743 1592 2182 1662 benedictum
2220 1592 2307 1663 ab
2348 1614 2428 1663 eo
2460 1594 2692 1664 oleum

137 1680 358 1771 petiit,
411 1678 876 1770 ampullulam
932 1679 1205 1770 plenam
1256 1680 1543 1771 accepit,
1599 1680 1967 1773 diligenter
1997 1703 2233 1753 secum
2269 1681 2694 1773 absportavit

52 1813 57 1819 -
138 1767 456 1849 domum,
508 1781 575 1837 et
621 1768 808 1838 haud
849 1789 1051 1840 secus
1080 1781 1286 1857 atque
1321 1768 1713 1859 praeclaras
1747 1769 2075 1858 reliquias
2108 1771 2501 1841 asservavit.
2546 1776 2690 1842 Non

136 1857 264 1927 diu
319 1869 471 1947 post
519 1857 844 1926 tertianae
892 1857 1105 1929 febris
1149 1857 1516 1928 ardoribus
1575 1859 1921 1938 afflictus,
1976 1858 2437 1949 ampullulam
2497 1859 2689 1929 illam

134 1967 315 2017 cum,
344 1943 564 2015 multa
619 1947 1097 2027 veneratione,
1164 1947 1398 2036 magni
1448 1948 1777 2037 praesidii
1827 1947 2020 2030 loce,
2074 1949 2158 2018 ad
2227 1959 2435 2039 caput
2483 1971 2690 2019 suum

132 2034 353 2125 jussit
400 2034 760 2124 suspendi.
813 2040 971 2104 Erat
1017 2048 1246 2105 autem
1301 2035 1766 2107 mundissimo
1814 2035 2122 2107 involuta
2159 2036 2390 2117 linte0,
2434 2037 2578 2118 sed,
2617 2049 2694 2107 ut

136 2123 463 2202 arbitror,
501 2123 919 2193 famulorum
976 2123 1394 2216 negligentia
1440 2124 1654 2195 fracta
1693 2124 1847 2206 fuit,
1888 2126 2165 2196 interim
2202 2126 2421 2195 nihilo
2455 2127 2692 2197 minus

137 2209 292 2282 oleo
330 2211 496 2281 adeo
545 2213 727 2283 intra
757 2212 966 2288 ‚illam
1017 2234 1166 2282 sese
1212 2213 1626 2296 continente,
1680 2227 1755 2284 ut
1797 2235 1880 2283 ne
1929 2214 2161 2304 ipsum
2219 2213 2498 2302 quidem
2555 2215 2691 2283 lin-

137 2312 326 2370 teum
375 2300 750 2390 quicquam
804 2300 964 2371 inde
1010 2301 1398 2372 distillaret.
1454 2302 1579 2371 Ubi
1629 2301 2192 2373 animadversum
2247 2314 2348 2371 est
2402 2301 2686 2371 fractam

133 2410 311 2472 esse,
351 2413 625 2461 summa
657 2389 1000 2460 celeritate
1048 2390 1118 2459 in
1168 2389 1357 2461 aliud
1408 2390 1769 2460 vasculum
1804 2391 2032 2460 oleum
2089 2390 2516 2459 transfusum
2559 2403 2682 2472 est,

133 2500 297 2549 mox
346 2477 738 2571 ampullula
777 2478 896 2550 illa
942 2478 1268 2551 dissiliit:
1322 2479 1409 2550 ab
1456 2501 1536 2550 eo
1575 2493 1830 2560 autem,
1869 2479 1992 2568 qui
2032 2478 2200 2549 haec
2248 2479 2688 2550 veracissime

126 2582 653 2649 commemorat,
714 2569 999 2638 Domino
1031 2569 1422 2659 adjuvante,
1463 2569 1673 2640 febris
1711 2567 2235 2670 quamprimum
2279 2567 2637 2639 abscessit.

197 2659 261 2815 ἓ
312 2661 460 2730 28.
508 2663 592 2727 xIn
643 2656 1066 2729 disserendis
1124 2658 1489 2747 scripturis
1535 2656 1792 2726 divinis
1839 2669 1905 2726 et
1950 2656 2494 2728 obscuritatibus
2540 2656 2689 2728 elu-

123 2746 189 2817 ci
254 2743 457 2815 andis
503 2756 763 2833 quanta
810 2746 880 2816 in
931 2746 1049 2816 illo
1098 2747 1317 2848 gratia
1365 2746 1711 2826 enituerit,
1764 2745 1923 2833 quis
1970 2745 2315 2837 explicet?
2365 2750 2520 2819 Erat
2582 2746 2680 2815 illi

121 2855 454 2905 summae
491 2832 647 2905 volu
702 2834 867 2918 tati,
921 2835 980 2906 si
1019 2858 1175 2922 quis
1213 2857 1371 2905 eum
1435 2833 1754 2903 invitaret
1802 2833 1886 2903 ad
1937 2834 2234 2905 obscura
2284 2835 2431 2904 loca
2482 2835 2690 2904 inter-

116 2921 515 3015 pretanda:
568 2945 641 2993 se
721 2924 923 2993 etiam
978 2924 1125 3014 ipse
1173 2923 1578 3014 saepissime
1608 2922 1943 2993 invitabat
1976 2945 2124 3005 noS,
2161 2922 2403 2994 dicens
2439 2924 2682 2993 nobis:

121 3036 161 3080 α
204 3010 518 3082 Scio-vos
553 3033 688 3083 non
742 3012 1122 3104 intelligere
1168 3012 1427 3082 omnia.
1483 3016 1616 3081 Cur
1656 3013 1870 3104 igitur
1908 3033 2043 3082 non
2096 3012 2557 3103 interrogatis,
2614 3026 2687 3082 ut

121 3099 421 3193 possitis
453 3106 914 3189 cognoscere?
960 3107 1101 3172 Non
1155 3122 1427 3192 semper
1473 3123 1720 3171 vaccae
1767 3100 1853 3171 ad
1906 3100 2181 3191 vitulos
2225 3101 2343 3172 sed
2379 3100 2688 3191 plerum·-

118 3213 267 3279 que
305 3188 502 3258 vituli
532 3189 618 3259 ad
664 3213 905 3261 vaccas
956 3202 1347 3281 properant,
1401 3203 1476 3258 ut
1524 3189 1608 3258 de
1658 3190 1987 3261 maternis
2036 3189 2373 3260 uberibus
2423 3190 2688 3280 possint

116 3279 390 3350 famem
439 3277 709 3368 explere
740 3301 963 3348 suam.
1019 3278 1499 3366 Quodquidem
1548 3278 1755 3348 etiam
1800 3301 1917 3350 vos
1964 3278 2250 3349 omnino
2300 3277 2523 3348 facere
2573 3279 2690 3349 de-

113 3369 334 3445 betis,
388 3378 465 3436 ut
512 3367 928 3437 sciscitando
976 3367 1181 3436 etiam
1235 3390 1357 3438 nos
1395 3367 1790 3449 exerceam,
1844 3368 2011 3438 dum
2062 3389 2141 3437 ea
2190 3366 2453 3438 ratione
2503 3389 2688 3438 com-

118 3455 898 3556 pellimur-perquirere
932 3510 947 3537 ,
1005 3455 1188 3525 unde
1244 3456 1438 3527 vobis
1498 3456 1836 3547 spiritalia
1904 3454 2110 3556 mella
2166 3478 2606 3557 promamus.
2651 3481 2686 3524 »

116 3553 422 3617 Cernere
472 3566 541 3612 in
592 3544 787 3613 beato
837 3543 981 3613 viro
1031 3543 1276 3615 licebat
1325 3546 1608 3616 virtutes
1658 3567 1950 3625 omneS,
2008 3545 2473 3635 virginitatem
2525 3568 2684 3615 cum
2791 3619 2798 3627 ,

113 3632 527 3707 sinceritate
572 3632 1040 3719 conjunctam,
1082 3634 1486 3704 modestiam
1537 3656 1699 3703 cum
1752 3633 2187 3713 verecundia,
2245 3634 2683 3724 prudentiam

114 3747 285 3796 cum
325 3721 793 3811 simplicitate,
825 3723 1246 3793 severitatem
1279 3746 1442 3792 cum
1471 3722 2030 3803 mansuetudine,
2054 3722 2514 3792 eruditionem
2546 3723 2686 3792 sive

112 3812 495 3884 scientiam
543 3832 702 3880 cum
756 3810 1193 3881 humilitate:
1248 3811 1547 3898 denique
1596 3811 1802 3881 vitam
1856 3811 2419 3892 immaculatam,
2474 3811 2682 3880 vitam

113 3900 301 3971 nulli
361 3898 879 4000 reprehensioni
928 3900 1343 3982 obnoxiam,
1396 3900 1604 3969 vitam
1674 3900 1783 3970 sui
1845 3922 2120 3991 semper
2166 3899 2494 3969 similem.
2551 3904 2684 3969 Vae

116 3989 303 4060 mihi
358 4010 610 4058 misero
660 3987 999 4079 Cypriano
1034 4044 1049 4070 ‚
1103 3989 1224 4075 qui
1271 3988 1357 4059 ad
1406 3988 1817 4060 discendum
1871 4002 2009 4058 tam
2081 3988 2354 4080 tepidus
2406 3987 2506 4057 fui
2540 4043 2556 4070 ,
2612 4002 2688 4058 ut

109 4078 336 4149 modo
384 4089 451 4146 et
496 4099 865 4168 agnoscam
916 4088 981 4147 et
1027 4076 1297 4147 doleam
1331 4132 1348 4161 ,
1408 4100 1515 4148 me
1562 4078 1647 4147 de
1696 4079 1865 4148 tanti
1916 4077 2125 4148 sontis
2186 4079 2496 4148 ubertate
2547 4097 2680 4146 non

111 4180 403 4239 tantum
457 4166 797 4246 hausisse,
850 4179 1187 4253 quantum
1246 4188 1393 4235 mea
1444 4166 1837 4257 postulabat
1882 4166 2497 4254 ariditasEcquis
2529 4187 2686 4237 vero

106 4248 490 4328 charitatis
536 4256 687 4345 ejus
734 4255 1047 4337 eximiae,
1100 4276 1238 4343 qua
1277 4254 1595 4326 mortales
1629 4277 1871 4326 omnes
1919 4254 2528 4347 complectebatur,
2576 4277 2685 4324 ar-

106 4346 373 4416 dorem
412 4343 669 4414 imitari
717 4347 977 4432 queat?
1023 4349 1179 4413 Erat
1227 4343 1328 4413 illi
1379 4342 1507 4413 hoc
1557 4342 1658 4414 vel
1712 4344 2007 4414 maxime
2054 4357 2119 4414 et
2165 4344 2237 4412 in
2287 4365 2403 4413 ore
2432 4399 2447 4426 ,
2501 4357 2566 4413 et
2616 4345 2685 4413 in

102 4446 427 4527 pectore,
483 4445 559 4501 ut
607 4432 925 4504 inimicos
962 4432 1435 4525 diligeremuS,
1476 4454 1614 4520 quo
1645 4433 1851 4503 etiam
1890 4453 2014 4502 nos
2054 4445 2201 4503 tum
2236 4432 2680 4507 sermonibus
