3308 5004
773 338 901 404 678
1257 357 1337 405 m:
1385 357 1441 405 s.
1479 353 1842 403 *usust-mo
1878 353 2083 404 misc.
2136 354 2213 403 ιι·
2256 352 2430 404 noct.
2481 352 2665 406 noc-r.
2894 335 3198 404 AUGcffl

684 438 970 509 domum
1020 457 1360 527 agrosque
1412 455 1740 508 remeare.
1798 434 1890 506 Ad
1940 457 2115 539 quos
2160 435 2468 517 veniens,
2519 448 2585 506 et
2632 435 2702 508 in
2751 435 3033 524 quibus
3072 457 3203 506 coa·

686 527 967 600 stitutus
1005 524 1218 596 ferme
1269 525 1586 607 triennio,
1636 537 1704 595 et
1749 547 1789 594 a
1838 546 1910 596 se
1949 547 2096 614 Jam
2148 523 2465 596 alienatis
2511 524 2702 596 curis
2746 525 3199 606 secularibus,

685 636 845 687 cum
896 615 981 686 iis
1029 614 1150 702 qui
1198 612 1416 684 eidem
1459 613 1953 695 adhaerebant,
2008 618 2139 685 Deo
2188 613 2475 695 vivebat,
2522 614 2835 715 jeiuniis,
2895 615 3205 686 orationi-

685 705 841 786 bus,
876 703 1040 774 boni
1127 724 1214 773 ue
1252 702 1583 794 operibus
1618 724 1893 785 vacans,
1948 702 2017 772 in
2070 702 2218 795 lege
2271 703 2543 773 Domini
2600 703 2950 775 meditans
3003 704 3116 774 die
3151 724 3205 772 sc

686 805 905 863 nocte.
959 725 1167 862 Etsfle
1213 792 1302 861 iis
1345 813 1523 880 quae
1574 791 1707 864 sibi
1755 796 1932 864 Deus
1968 792 2300 882 cogitanti
2356 804 2562 880 atque
2608 793 2831 863 oranti
2880 791 3208 863 intellecta

684 881 1048 962 revelabat,
1089 893 1155 951 et
1189 895 1579 972 praesentes
1607 895 1674 951 et
1705 882 2037 953 absentes
2083 881 2523 952 sermonibus
2554 903 2636 951 ac
2670 879 2866 953 libris
2915 881 3202 952 docebat.

685 971 872 1041 conti
900 1057 901 1060 Ἴ
927 971 980 1041 it
1024 969 1193 1040 forte
1224 970 1461 1040 eodem
1493 983 1819 1061 tempore,
1850 969 2233 1057 mquidem
2254 992 2334 1040 ex
2368 969 2454 1040 iis
2482 991 2656 1058 quos
2680 970 2933 1041 dicunt
2949 976 3206 1074 Agentes

681 1060 751 1129 in
805 994 1035 1140 rebus,
1073 1058 1257 1150 apud
1294 1060 1679 1149 Hipponem
1733 1059 1999 1152 regium
2048 1061 2488 1143 constitutus,
2545 1059 2714 1129 bene
2760 1059 3201 1136 Christianus.

682 1153 1035 1235 Deumque
1066 1149 1337 1229 timens,
1390 1161 1742 1238 comperta
1796 1148 1944 1236 ejus
2000 1146 2184 1218 bona
2229 1147 2415 1218 fama
2458 1161 2667 1235 atque
2712 1148 3073 1230 doctrine,
3119 1148 3206 1218 de-

682 1237 1012 1308 sideraret
1058 1249 1260 1324 atque
1304 1248 1569 1327 optaret
1611 1259 1773 1307 eum
1825 1233 2074 1320 videre,
2131 1237 2537 1327 promittens
2588 1259 2664 1307 se
2724 1260 2935 1329 posse
2991 1237 3201 1310 mundi

681 1325 891 1413 hujus
921 1347 1161 1397 omnes
1190 1337 1626 1397 contemnere
1650 1347 1738 1398 cu
1793 1325 2063 1396 iditates
2100 1340 2306 1414 atque
2340 1326 2717 1410 illecebraS,
2744 1327 2801 1396 si
2845 1326 3202 1416 aliquando

680 1437 763 1484 ex
793 1416 943 1500 eius
980 1436 1095 1484 ore
1146 1416 1258 1485 Dei
1292 1414 1573 1485 verbum
1620 1437 1714 1486 au
1771 1415 1865 1484 ire
1899 1415 2283 1487 meruisset.
2337 1415 2529 1498 Quod
2579 1437 2737 1486 cum
2780 1415 2866 1485 ad
2915 1438 3003 1488 se
3053 1415 3202 1486 fideli
3273 1457 3274 1472 κ

681 1503 923 1574 fuisset
972 1502 1297 1574 relatione
1356 1501 1705 1585 delatum,
1787 1503 2078 1576 liberare
2140 1505 2448 1575 animam
2503 1505 2795 1594 cupiens
2844 1505 2942 1575 ab
3028 1506 3201 1596 hujus

682 1591 858 1664 vitae
894 1591 1243 1684 periculiS,
1289 1606 1641 1702 morteque
1688 1605 1984 1675 aeterna,
2018 1592 2101 1663 ad
2135 1603 2578 1663 memoratam
2611 1591 2793 1663 ultro
2821 1605 3048 1683 atque
3071 1615 3200 1665 eon·
3273 1603 3274 1672 ζ

680 1681 904 1751 festim
949 1682 1131 1750 venit
1186 1680 1555 1762 civitatem,
1599 1692 1666 1751 et
1723 1682 2070 1752 hominem
2121 1682 2343 1753 visum
2413 1680 2754 1752 allocutus
2792 1682 3198 1771 frequentius
3273 1691 3274 1700 ’

679 1785 886 1858 atque
913 1771 1309 1841 exhortatus
1343 1785 1469 1850 est,
1505 1783 1844 1858 quantum
1897 1775 2074 1841 Deus
2120 1770 2445 1851 donabat,
2479 1783 2558 1842 ut
2605 1771 2789 1860 quod
2844 1777 2988 1843 Deo
3040 1793 3196 1842 vove·

680 1872 807 1941 rat,
861 1858 1193 1929 redderet.
1248 1863 1426 1929 Haec
1464 1880 1538 1928 se
1589 1858 1703 1928 ille
1742 1858 2080 1929 facturum
2111 1859 2199 1931 de
2240 1859 2359 1931 die
2390 1860 2459 1929 in
2500 1860 2681 1929 diem
2730 1860 3190 1950 pollicebatur.

681 1969 806 2018 nec
853 1960 1079 2017 tamen
1108 1949 1176 2017 in
1225 1948 1379 2036 ejus
1414 1960 1577 2017 tunc
1603 1948 1731 2018 hoc
1763 1948 2071 2038 implevit
2106 1948 2512 2037 praesentia.
2552 1947 2680 2019 Sed
2714 1943 2963 2020 vaca're
2999 1951 3190 2037 utique

683 2049 750 2105 et
796 2036 1002 2106 inane
1026 2057 1175 2109 esse
1223 2058 1357 2106 non
1394 2036 1634 2129 potuit,
1669 2034 1851 2125 quod
1893 2059 2011 2128 per
2058 2037 2189 2108 tale
2221 2060 2337 2108 vas
2372 2036 2740 2119 mundum,
2777 2038 2846 2107 in
2888 2038 3188 2109 honorem

683 2123 849 2194 utile
884 2124 1193 2204 Domino.
1246 2125 1331 2195 ad
1378 2147 1584 2196 omne
1620 2147 1798 2216 opus
1846 2125 2104 2198 bonum
2159 2137 2498 2218 paratum,
2551 2126 2623 2197 in
2671 2128 2867 2197 omni
2920 2126 3083 2199 loco
3124 2126 3188 2196 d'r

680 2212 835 2283 vina
873 2213 1629 2305 gerebamrovident-ia.

766 2304 801 2460 ἢ
849 2307 934 2377 4.
988 2304 1237 2373 Eodem
1291 2304 1518 2390 itaque
1567 2315 1871 2393 tempore
1920 2303 1988 2372 in
2039 2302 2328 2374 ecclesia
2369 2304 2793 2396 Hipponensi
2849 2305 3183 2378 catholiea.
3269 2331 3270 2354 ³

675 2395 767 2461 Va
798 2391 984 2461 erius
1032 2389 1312 2463 sanctus
1371 2392 1854 2482 Episcopatum
1960 2393 2213 2464 erebat.
2266 2392 2396 2476 Qui
2454 2413 2653 2474 cum,
2705 2393 3081 2484 flagitante
3119 2414 3186 2463 ee-

676 2479 1057 2552 clesiastica
1107 2482 1530 2562 necessitate,
1566 2480 1652 2551 de
1701 2480 1894 2572 provi
1945 2480 2120 2552 endo
2151 2495 2218 2553 et
2249 2481 2559 2553 ornando
2611 2482 3016 2572 presbytero
3070 2480 3180 2553 civi·

677 2569 877 2651 tatis,
936 2570 1047 2639 Dei
1128 2571 1391 2661 plebem
1454 2570 1961 2657 alloqueretur,
2013 2583 2079 2641 et
2140 2572 2651 2642 exhortaretur:
2728 2574 2864 2659 J'arn
2919 2573 3174 2642 sciente

673 2658 998 2728 catholici
1045 2659 1263 2730 sancti
1301 2659 1667 2761 Augustini
1699 2660 2122 2749 propositum
2152 2672 2216 2731 et
2247 2659 2657 2743 doctrinam,
2694 2681 2908 2730 manu
2938 2660 3164 2753 i'njeda.

668 2747 1002 2835 quoniam
1064 2761 1127 2817 et
1174 2748 1352 2818 idem
1404 2771 1473 2817 in
1538 2748 1796 2839 populo
1852 2770 2137 2818 securus
2185 2760 2249 2821 et
2295 2750 2626 2840 ignarus,
2679 2749 2843 2837 quid
2896 2748 3160 2845 futuru!

671 2848 872 2917 esset,
926 2835 1262 2908 adstabat.
1332 2836 1601 2907 Solebat
1646 2851 1874 2907 autem
1927 2836 2146 2908 laicus
2177 2894 2192 2917 ‚
2248 2850 2323 2908 ut
2384 2838 2582 2908 nobis
2632 2837 2933 2921 dicebat,
2994 2841 3155 2910 aba

674 2937 941 2995 tantum
991 2925 1322 3006 ecclesiis,
1369 2948 1546 3015 quae
1602 2948 1736 2997 non
1789 2926 2118 2997 haberent
2163 2928 2560 3018 Episcopos,
2620 2949 2817 2997 suam
2867 2929 3150 3000 absum
3273 2988 3274 2991 ,

577 3074 585 3081 .
674 3013 1156 3104 praesentiam.
1234 3020 1402 3084 Eum
1451 3038 1526 3084 er
1575 3037 1613 3084 o
1685 3027 2074 3098 tenuerunt,
2126 3028 2193 3088 et
2238 3026 2314 3085 ut
2360 3016 2430 3084 in
2483 3014 2738 3086 talibus
2799 3026 3146 3089 consumam

664 3114 797 3182 est,
842 3102 1176 3203 Episcopo
1222 3103 1513 3174 ordinan
1572 3125 1688 3175 um
1731 3103 2136 3187 intulerunt,
2184 3104 2512 3175 omnibus
2557 3102 2628 3175 id
2677 3126 2821 3175 uno
2873 3117 3154 3176 comum

669 3203 739 3260 et
764 3190 1105 3262 desiderio
1144 3193 1299 3262 fieri
1353 3193 1725 3282 perficique
1770 3194 2179 3282 petentibus,
2236 3214 2625 3285 magnoque
2671 3193 2909 3265 studio
2959 3204 3019 3265 et
3051 3186 3163 3261 rh·

674 3300 861 3348 more
892 3279 1388 3370 flagitantibus,
1424 3281 1717 3352 ubertim
1753 3303 1832 3351 eo
1859 3281 2101 3352 flente:
2155 3281 2513 3353 nonnullis
2543 3281 2821 3370 quidem
2872 3282 3175 3373 lacrymas

671 3366 825 3457 ejus
873 3380 945 3437 ut
986 3369 1182 3438 nobis
1218 3371 1366 3462 ipse
1414 3369 1668 3451 retulit,
1725 3384 1887 3440 tunc
1925 3370 2223 3462 superbe
2265 3371 2903 3461 interpretantibus,
2947 3385 3025 3459 et
3065 3382 3178 3442 tan·

670 3477 878 3542 quam
913 3479 1071 3527 eum
1122 3458 1640 3532 consolantibus
1696 3481 1775 3528 ac
1833 3459 2264 3539 dicentibus,
2312 3460 2476 3547 quia
2515 3459 2717 3531 iocus
2769 3455 3180 3552 presbyterii·

674 3544 832 3615 licet
862 3546 1006 3634 ipse
1042 3549 1299 3635 majore
1329 3547 1586 3639 dignus
1628 3559 1827 3630 esset,
1871 3549 2458 3639 appropinquaret
2481 3560 2709 3619 tamen
2743 3544 3182 3643 Episcopatu.

676 3637 838 3703 Cum
879 3634 991 3704 ille
1039 3634 1245 3706 homo
1293 3637 1455 3717 Dei,
1506 3649 1583 3706 ut
1631 3637 1832 3708 nobis
1879 3638 2158 3721 retulit,
2217 3638 2459 3727 majori
2505 3637 3074 3712 consideratione
3109 3636 3185 3705 in·

674 3722 1004 3813 telligeret
1050 3737 1116 3794 et
1160 3737 1482 3816 gemeret,
1525 3747 1733 3812 quam
1790 3725 2004 3796 multa
2036 3780 2052 3807 ,
2101 3742 2170 3797 et
2215 3748 2423 3814 quam
2499 3749 2748 3817 magua
2821 3748 3008 3798 suae
3055 3727 3188 3797 vitae

671 3812 978 3969 pericula
1027 3813 1110 3882 de
1145 3814 1478 3905 regimine
1514 3828 1580 3884 et
1627 3815 2127 3905 gubernatione
2161 3814 2502 3885 Ecclesiae
2535 3814 2935 3905 impendere
2973 3840 3063 3887 ac
3082 3817 3188 3909 jm

725 3902 834 3970 inc
868 3903 1221 3991 provenire
1268 3916 1626 3993 spectaret,
1672 3918 1875 3990 atque
1925 3904 2077 3974 ideo
2113 3903 2324 3975 fleret.
2372 3909 2707 3974 Eteorum
2759 3916 2949 3983 tunc,
3005 3920 3190 3977 utve·

673 3987 974 4072 luerunt,
1012 3991 1429 4081 completum
1472 4006 1575 4062 est
1605 3992 2054 4063 desiderium.

759 4081 794 4164 ἕ
841 4088 929 4151 ὅ.
982 4084 1227 4150 Factus
1269 4102 1433 4172 ergo
1483 4081 1859 4181 presbyter,
1906 4081 2401 4152 monasterium
2431 4081 2607 4151 intra
2653 4080 3024 4151 ecclesiam
3074 4098 3197 4153 mm

669 4166 990 4248 instituit,
1041 4181 1294 4239 etcum
1371 4170 1484 4239 Dei
1531 4191 1747 4239 servis
1795 4170 2017 4238 vivere
2078 4170 2301 4261 coepit
2354 4170 2737 4241 secundum
2805 4168 3104 4240 modu-tn
3162 4180 3204 4238 et

671 4256 1007 4356 regulam,
1056 4257 1191 4345 sub
1240 4259 1497 4328 sanctis
1567 4263 1613 4327 A
1668 4258 1905 4328 ostolis
1952 4260 2435 4330 constitutam:
2491 4260 2817 4341 Maxime,
2873 4269 2946 4328 ut
3019 4277 3206 4329 nemo

668 4364 1037 4430 quicquam
1073 4347 1424 4436 proprium
1467 4347 1534 4415 in
1571 4346 1615 4417 il
1650 4370 1685 4416 a
1721 4347 2039 4417 societate
2087 4347 2551 4429 haberet„sed
2583 4348 2685 4419 eis
2719 4359 2949 4418 essent
2979 4348 3210 4418 omnia

670 4434 1090 4517 communia,
1144 4447 1207 4504 et
1254 4435 1784 4508 distribueretur
1830 4436 2232 4526 unicuique,
2274 4450 2474 4529 prout
2518 4436 2770 4525 cuique
2813 4457 2993 4526 opus
3043 4448 3204 4507 erat:
