3308 5004
147 337 341 406 AUG.
396 339 481 404 25
564 319 574 328 ⁹
892 356 971 404 nr.
1017 357 1075 405 s.
1129 355 1395 406 canssm
1443 357 1711 405 Anxur.
1763 356 1956 405 nar.
2506 339 2636 404 609

150 440 421 511 natales
468 461 819 522 vocamuS,
871 441 1128 528 quibus
1177 441 1247 511 in
1297 442 1479 512 hanc
1529 441 1754 512 lucem
1807 440 1877 510 in
1926 439 2200 510 delictis
2239 452 2310 510 ,et
2358 439 2726 512 doloribus

151 528 647 599 nascimur'ad
697 528 990 611 doloreS,
1028 529 1288 618 quibus
1336 531 1404 599 in
1448 531 1637 600 hunc
1670 529 2016 599 mundum
2066 550 2227 599 cum
2279 530 2446 599 fletu
2494 528 2725 599 infan-

153 619 291 691 tiae
340 618 686 710 vagientes
733 618 1193 711 ingredimur,
1238 618 1468 691 omnis
1520 620 1730 690 homo
1775 618 1978 706 quasi
2026 617 2301 688 suturae
2352 640 2480 707 per
2515 631 2720 689 totam

152 709 366 778 vitam
437 707 798 808 prophetia
865 707 1227 788 miseriae,
1303 720 1370 778 et
1434 708 1907 782 infelicitatem
1980 720 2266 777 naturae
2323 705 2557 796 prima
2607 707 2728 777 illa

158 795 597 886 lacrymabili
645 819 806 868 voce
844 809 1167 868 testatur:
1206 797 1550 885 siquidem
1604 795 1830 888 primo
1857 807 2039 868 statu
2090 796 2224 864 vita
2256 796 2723 878 nascentium,

128 909 337 974 -quae
384 885 466 955 ad
519 908 795 956 omnem
847 899 1166 977 suspecta
1212 908 1525 967 cursum,
1558 887 1629 955 in
1682 883 2124 956 tribulatione
2154 884 2424 974 agitur:
2463 884 2727 955 Justius

162 998 325 1067 ergo
375 975 503 1044 isti.
543 973 983 1046 celebrantur
1032 976 1318 1057 nataleS,
1378 976 1638 1062 quibus
1687 973 1908 1044 sancti
1956 995 2037 1045 ex
2085 972 2525 1074 corruptibili
2575 973 2729 1043 luce

161 1065 234 1133 in
272 1085 516 1134 novam
569 1063 760 1133 illam
796 1063 1011 1133 futuri
1045 1065 1260 1135 seculi
1311 1063 1597 1135 veniunt
1627 1063 2033 1146 claritatem,
2070 1074 2137 1132 et
2181 1062 2307 1131 filii
2358 1062 2726 1132 hominum

162 1155 234 1222 in
293 1152 731 1244 adoptionem
791 1152 1066 1236 divinae
1106 1153 1538 1242 paternitatis
1586 1150 1996 1234 ascendunt,
2047 1163 2114 1221 et
2154 1164 2509 1221 consortes
2559 1172 2728 1241 pau·

165 1242 393 1312 loante
443 1241 863 1323 mortalium,
916 1241 1146 1312 subito
1194 1242 1377 1313 cives
1412 1242 1763 1333 incipiunt
1809 1263 1961 1311 esse
2006 1239 2455 1331 Angelorum.
2717 1259 2726 1269 ·

252 1334 289 1419 §
341 1337 429 1402 91.
483 1336 574 1401 Ex
621 1350 863 1401 eorum
912 1353 1204 1402 numero
1234 1345 1378 1401 erat
1416 1331 1662 1402 beatus
1709 1330 1850 1412 ille,
1903 1331 2111 1422 cujus
2161 1327 2365 1398 hodie
2416 1327 2728 1419 praecla-

166 1442 322 1491 rum
376 1420 658 1511 gloriosi
706 1419 951 1510 agonis
999 1420 1432 1490 celebramus
1464 1420 1930 1511 triumphum.
1972 1417 2105 1502 Qui
2138 1416 2368 1488 adhuc
2401 1416 2731 1487 Catechu-
2837 1483 2843 1494 ,

167 1530 438 1591 menns,
478 1508 709 1579 adhuc
748 1531 787 1578 a
821 1507 1076 1580 divinis
1111 1509 1382 1601 legibus
1414 1511 1851 1601 peregrinus,
1897 1507 2134 1578 adhuc
2165 1505 2461 1588 ahenas,
2495 1505 2731 1576 omnia

167 1599 240 1668 in
304 1621 373 1668 se
423 1599 653 1670 subito
705 1597 1030 1667 mandata
1103 1599 1421 1688 pietatis,
1474 1599 1638 1669 fidei
1702 1596 2138 1699 plenitudine
2186 1595 2723 1666 consummavit.

171 1688 741 1767 Catechumenus,
784 1686 869 1755 ad
919 1686 1374 1758 consessionis
1438 1700 1822 1758 certamina
1861 1684 2331 1787 progreditur.
2399 1689 2543 1754 Non
2596 1684 2732 1754 tin-

172 1777 359 1866 gitur
408 1775 637 1857 sonte,
692 1774 808 1844 sed
860 1775 1171 1847 abluitur
1221 1777 1561 1867 passione.
1616 1782 1762 1847 Non
1815 1775 2200 1846 vivificatur
2265 1773 2726 1863 baptismate,
2841 1801 2854 1810 ·

173 1865 289 1935 sed
330 1878 548 1935 morte
598 1876 1059 1952 regeneratur.
1102 1871 1180 1936 Et
1218 1864 1385 1952 quid
1439 1865 1719 1935 tandem
1768 1862 2100 1944 crederet,
2140 1862 2242 1931 vel
2282 1861 2449 1949 quid
2505 1883 2627 1950 pro
2655 1881 2734 1930 eo

171 1953 592 2044 redemptori
641 1975 767 2024 suo
841 1953 1623 2050 deberet,‚profusione
1687 1976 1811 2024 san
1925 1952 2059 2023 inis
2131 1951 2520 2022 confitetur.
2590 1954 2736 2019 Non

175 2055 398 2133 potest
443 2041 721 2130 quidem
776 2042 1027 2124 dicere,
1071 2047 1508 2134 Consepultus
1554 2067 1706 2113 sum
1766 2048 1812 2114 C
1863 2044 2025 2112 risco
2051 2063 2174 2132 per
2210 2042 2614 2132 baptismum
2669 2041 2738 2107 in

180 2142 467 2200 mortem
512 2131 663 2221 (Em
700 2137 886 2201 Rom.
930 2131 1048 2222 v1),
1086 2131 1201 2201 sed
1249 2144 1467 2222 potest
1524 2132 1777 2212 dicere,
1835 2137 1960 2200 Per
2007 2142 2295 2200 mortem
2336 2128 2438 2197 illi
2478 2129 2740 2217 jungor

187 2221 258 2288 in
298 2219 670 2311 baptismo,
724 2221 794 2290 id
844 2233 968 2301 est,
1011 2222 1077 2289 in
1132 2231 1371 2291 morte.
1425 2226 1583 2312 Ipse
1628 2222 1811 2290 enim
1851 2219 2183 2288 Dominus
2223 2230 2507 2288 mortem
2538 2238 2735 2285 suam

182 2302 610 2398 baptismum
669 2309 1198 2400 pronunciavit,
1274 2309 1555 2381 dicens:
1626 2311 2036 2401 Baptismate
2085 2308 2293 2376 liabeo
2348 2306 2732 2396 baptizari,

181 2397 365 2485 quod
410 2421 526 2469 vos
578 2421 712 2469 non
767 2398 960 2468 scitis
976 2398 1118 2488 (Eoe
1148 2403 1363 2469 Lucae
1394 2398 1536 2488 x11).
1584 2404 1828 2468 Beatus
1866 2418 2030 2555 ergo
2062 2407 2128 2465 et
2161 2394 2463 2493 inclytus
2491 2393 2738 2461 Christi

182 2488 394 2569 testiS,
449 2488 629 2558 hanc
680 2486 954 2558 Domini
1002 2488 1112 2559 sui
1171 2501 1487 2571 mortem,
1532 2490 1661 2559 etsi
1711 2509 1847 2558 non
1908 2507 1943 2556 e
2001 2484 2125 2555 idit
2173 2495 2522 2575 mysterm,
2579 2480 2739 2572 plus

178 2589 301 2657 est,
354 2578 535 2663 quod
587 2577 899 2647 imitatur
943 2577 1279 2678 exemplo,
1611 2652 1625 2668 ⁶
2111 2663 2123 2675 ο
2247 2661 2259 2673 .
2315 2662 2327 2674 ο
2509 2660 2522 2673 ·
2634 2661 2644 2671 ⁰

265 2668 300 2752 ξ
347 2670 441 2737 3.
495 2671 546 2735 O
593 2679 933 2753 quantum
963 2666 1106 2757 agit
1137 2666 1251 2736 111e
1289 2666 1356 2735 in
1393 2665 1788 2757 pectoribus
1835 2664 2167 2734 humanis
2193 2661 2472 2731 divinus
2503 2662 2742 2750 tgms?

182 2755 736 2825 Catechumenus
783 2767 1130 2825 aeternam
1194 2755 1532 2845 comperit
1581 2754 1817 2823 vitam.
1884 2752 2200 2822 Nondum
2310 2750 2606 2820 roiectus
2652 2749 2739 2819 ad

182 2842 434 2911 Christi
486 2843 834 2925 militiam,
887 2857 954 2914 et
997 2845 1143 2935 jam
1201 2845 1460 2934 dignus
1509 2842 1596 2913 ad
1645 2841 2053 2913 amicitiam:
2094 2862 2227 2909 non
2285 2861 2404 2908 um
2469 2860 2741 2907 assum-

177 2945 344 3033 ptus
392 2931 475 3001 ad
559 2932 998 3015 famulatum,
1051 2945 1115 3004 et
1154 2933 1298 3017 jam
1353 2931 1645 3002 idoneus
1721 2932 1831 3001 ad·
1877 2929 2373 3000 testimonium:
2427 2926 2742 2997 nondum

179 3020 631 3091 intromissus
660 3021 729 3089 in
783 3021 1122 3092 Ecclesiae
1146 3022 1465 3111 januam,
1506 3021 1737 3091 subito
1786 3020 2010 3109 ipsam
2063 3029 2372 3110 penetrat
2416 3016 2745 3116 coelire-

182 3110 370 3212 giam
406 3132 420 3173 ε
477 3109 789 3198 nondum
844 3111 1043 3181 miles
1084 3112 1222 3191 Dei,
1277 3123 1342 3179 et
1367 3108 1515 3198 jam
1551 3110 1920 3191 cohaeres:
1956 3106 2270 3178 nondum
2319 3105 2744 3176 domesticus

181 3222 254 3268 ln
308 3198 515 3267 domo
566 3198 706 3280 Dei,
759 3213 824 3268 et
862 3200 1010 3289 jam
1062 3199 1251 3268 filius
1318 3199 1387 3267 in
1458 3222 1673 3291 regno
1724 3195 1865 3268 Dei:
1910 3203 1987 3266 Et
2034 3218 2201 3267 sane
2250 3195 2428 3266 hanc
2490 3193 2746 3263 meruit

182 3287 478 3378 gloriam
524 3288 935 3357 inconcussa
976 3288 1094 3358 illa
1126 3289 1193 3356 in
1233 3300 1420 3358 tanto
1456 3301 1756 3379 martyre
1787 3286 2005 3359 animi
2040 3285 2257 3357 virtus
2289 3297 2356 3354 et
2404 3281 2564 3352 fidei
2602 3305 2745 3352 ma-

180 3375 504 3536 ᾒηίῑαάο,
559 3377 828 3446 occulto
847 3377 1066 3466 (dico)
1098 3378 1341 3449 Christi
1377 3400 1610 3447 amore
1658 3376 1942 3457 nutrita,
1980 3386 2045 3444 et
2083 3373 2335 3475 subitis
2366 3370 2747 3463 approbata

237 3466 649 3535 ocumentiS.
690 3470 855 3535 Nam
907 3487 1063 3535 cum
1099 3477 1401 3538 secretus
1433 3467 1665 3537 adhuc
1700 3466 1815 3535 Dei
1848 3464 2154 3535 famulus
2204 3485 2273 3531 1n
2305 3474 2745 3552 exceptorum

182 3554 432 3625 ordine
482 3555 829 3635 militaret,
882 3568 947 3626 et
994 3568 1150 3625 ante
1196 3555 1500 3626 tribunal
1550 3555 1805 3646 pagani
1840 3552 2147 3624 Caesaris
2194 3552 2567 3632 assisteret,
2622 3572 2746 3618 au-

184 3644 387 3714 diens
433 3666 590 3713 eum
628 3645 700 3713 in
732 3657 941 3734 caput
981 3645 1529 3717 Christianorum
1577 3658 1903 3716 cruentas
1962 3640 2425 3734 pronunciare
2473 3651 2746 3711 senten-

188 3734 343 3814 tiaS‚
393 3734 576 3824 piam
638 3732 981 3802 dexteram
1034 3734 1122 3803 ab
1169 3734 1575 3824 excipiendo
1641 3745 1998 3819 tamquam
2056 3729 2515 3800 sacrificando
2562 3750 2749 3797 revo-

185 3823 389 3891 cavit:
420 3835 485 3892 et
506 3822 796 3912 implere
826 3822 1161 3914 sacrilega
1189 3823 1394 3893 verba
1432 3824 1875 3903 contremuit,
1909 3820 2078 3908 quia
2100 3820 2445 3890 Christum
2476 3815 2750 3909 paginis

138 3994 141 3995 7
188 3911 420 3981 cordis
468 3912 746 4002 gerebat
786 3912 1223 4002 inscriptum.
1272 3912 1597 4003 Projectis
1644 3912 1876 3998 itaque
1913 3909 2276 3979 codicibus
2309 3920 2468 3977 ante
2513 3904 2751 3975 oculos

195 3998 467 4088 profani
519 4000 807 4091 judicis,
868 4000 1165 4072 nefarias
1214 4001 1369 4090 ejus
1430 4008 1673 4081 voces,
1726 4011 1793 4069 et
1851 3998 2076 4069 edicta
2124 3997 2341 4087 impia
2389 4009 2592 4082 atque
2638 3993 2752 4093 de·

195 4101 404 4171 creta,
460 4102 597 4159 tota
630 4089 777 4178 jam
830 4090 1155 4179 martyris
1190 4089 1502 4161 libertate
1539 4088 1979 4160 condemnat.
2015 4093 2379 4157 Tormenta
2425 4085 2499 4153 in
2531 4082 2754 4153 oculis

194 4190 411 4268 erant,
466 4178 663 4248 dolor
726 4199 991 4258 eorum,
1058 4201 1233 4267 quos
1294 4201 1535 4269 poena,
1579 4178 2028 4258 laceraverat,
2083 4197 2307 4263 usque
2354 4173 2439 4243 ad
2495 4185 2754 4241 metum

195 4265 634 4348 carnificum,
690 4289 915 4368 usque
940 4267 1023 4337 ad
1070 4282 1434 4337 tremorem
1477 4267 1946 4356 torquentium
1982 4263 2445 4355 perveniebat,
2482 4275 2547 4332 et
2575 4262 2760 4330 inter

199 4354 370 4423 haec
418 4356 533 4425 ille
582 4356 1044 4429 Christianum
1084 4380 1155 4426 se
1188 4378 1337 4426 esse
1372 4368 1503 4427 tota
1544 4356 1961 4429 exultatione
1994 4354 2363 4434 clamabat,
2402 4364 2753 4439 tamquam
2856 4367 2860 4371 ·

202 4443 569 4514 Christiani
620 4468 753 4517 non
785 4446 871 4515 ad
903 4446 1270 4537 supplicia,
1308 4446 1421 4516 sed
1463 4446 1545 4515 ad
1593 4445 1896 4537 praemia
1927 4456 2446 4532 quaererentur.
2490 4446 2758 4523 Quanta

367 4568 606 4624 surius
636 4597 653 4609 ·
690 4565 852 4624 Vitae
876 4566 986 4626 SS.
1013 4597 1035 4609 ·
1065 4565 1194 4626 Vol.
1228 4564 1384 4625 vm.
2518 4560 2592 4616 39
