3308 5004
687 362 817 428 360
1274 376 1353 423 m:
1400 375 1454 424 s.
1508 373 1845 425 Amarae
1893 373 2221 423 sussssmn.
2273 374 2475 424 ausc.
2830 354 3011 423 AUG.
3066 355 3161 421 ⁴5

595 463 921 536 custodes
950 517 967 546 ,
1012 484 1098 532 ne
1138 472 1345 532 noctu
1391 460 1634 551 fugiat,
1688 461 1759 529 in
1800 458 2029 530 ‘cellae
2080 459 2377 531 circuitu
2425 459 2832 550 disponunt.
2897 463 3161 528 Verum

595 554 716 624 ille
764 552 921 623 altis
969 551 1290 640 suspiriis
1335 549 1734 637 crebrisque
1772 547 2147 641 gemitibus
2197 559 2465 619 noctem
2518 548 2796 618 trahens
2830 545 3161 638 pervigil,

595 641 723 714 ubi
768 641 1057 713 advertit
1102 639 1421 711 custodes
1467 650 1699 729 optato
1748 658 1993 729 sopore
2030 649 2406 728 correptos,
2444 637 2705 708 scalam
2746 634 3053 706 ascendit
3086 647 3164 705 et

650 753 725 803 er
762 752 1042 800 murum
1077 727 1369 819 aufugit.
1425 732 1592 798 Cum
1640 739 1873 797 autem
1922 725 2252 817 fugiendo
2299 738 2579 806 erraret,
2622 747 2749 796 nee
2781 726 3168 812 sciretque

631 831 889 911 ugeret,
925 817 1199 889 tandem
1233 817 1541 908 pervenit
1578 816 1649 885 in
1694 836 1951 906 pagum
1987 816 2169 885 'uxta
2202 829 2504 887 montem
2537 814 3068 886 Laudunensem
3087 814 3154 894 ⁴,

600 922 804 997 atque
849 907 994 978 illie
1056 907 1126 976 in
1178 905 1506 998 pauperis
1553 904 1921 996 cujusdam
2023 925 2100 974 os
2155 904 2353 975 itium
2404 905 2764 995 ingressus
2794 957 2810 984 ,
2861 902 3158 990 quievit.

602 1001 783 1069 Hora
830 1010 1063 1069 autem
1111 1017 1365 1067 coenae
1411 995 1592 1083 aqua
1639 992 2024 1074 deficiente,
2079 926 2194 1064 ifle
2234 1014 2371 1064 non
2416 993 2664 1083 jussus
2711 991 2851 1063 arri
2908 992 2959 1062 it
3005 1013 3162 1060 am-

603 1088 947 1180 phoram:
1001 1107 1289 1155 currens
1336 1082 1421 1153 ad
1475 1094 1786 1174 puteum,
1841 1082 2075 1153 haurit
2120 1104 2400 1171 aquam,
2457 1081 2662 1151 infert
2709 1081 2782 1151 in
2880 1101 3155 1162 omum,

604 1177 935 1247 omnibus
978 1174 1287 1254 inservit,
1344 1171 1461 1243 sed
1513 1184 1748 1241 mutus
1796 1173 2082 1241 omnino
2132 1172 2542 1261 perseverat.
2598 1171 2741 1242 Sub
2796 1190 3165 1261 vesperam

602 1265 779 1337 redit
827 1264 1033 1334 homo
1081 1262 1169 1332 ab
1217 1261 1388 1332 urbe
1437 1260 1942 1341 Suessionensi,
1998 1268 2204 1347 at‘que
2248 1260 2427 1330 inter
2472 1258 2909 1331 coenandum
2965 1279 3168 1328 com-

605 1364 967 1432 memorat,
1022 1363 1100 1422 ut
1147 1350 1354 1442 vulgo
1404 1348 1732 1420 referente
1781 1361 2200 1450 perceperat,
2238 1347 2538 1419 multum
2589 1368 2938 1418 rumorem
2972 1345 3164 1416 mul·

604 1457 884 1528 tamque
917 1439 1375 1512 turbationem
1424 1438 1728 1510 extitisse
1776 1460 1845 1506 ιη
1897 1437 2177 1530 populis
2223 1438 2313 1508 ob
2357 1438 2741 1508 discessum
2783 1433 3162 1524 cujusdam

605 1531 783 1601 servi
823 1529 965 1608 Dei,
1017 1550 1223 1616 quem
1259 1528 1567 1598 dicerent
1614 1526 1994 1617 aufugisse,
2056 1547 2142 1595 ne
2180 1526 2372 1597 fieret
2424 1527 2650 1596 Abbas
2700 1530 2764 1595 S.
2820 1523 3158 1594 Medardi.

605 1624 732 1690 Per
770 1617 971 1688 multi
1003 1618 1275 1688 interim
1312 1616 1723 1708 ablegantur
1755 1616 1825 1685 in
1859 1616 2197 1706 regioneS,
2233 1626 2310 1686 ut
2341 1628 2656 1685 sanctum
2694 1614 2918 1682 virum
2946 1632 3166 1700 quae-

606 1720 763 1779 rant
844 1730 920 1777 er
955 1706 1183 1798 sylvas
1215 1719 1280 1775 et
1313 1720 1603 1788 monteS,
1640 1705 1865 1775 edicto
1902 1705 2109 1775 etiam
2153 1705 2524 1796 preposite,
2569 1725 2657 1774 ne
2694 1702 2854 1791 quis
2884 1702 3162 1777 reficia-

611 1811 746 1877 tur,
786 1730 1004 1866 (ξουρτ)
1035 1796 1144 1869 vir,
1177 1795 1295 1865 Dei
1331 1806 1640 1886 repertus
1674 1795 1787 1864 sit.

698 1888 735 1973 ξ
781 1890 931 1959 1².
984 1889 1164 1954 Haec
1209 1883 1332 1954 ubi
1379 1882 1639 1953 audivit
1679 1883 1882 1953 heros
1941 1880 2380 1963 reverenduS,
2437 1893 2571 1952 toto
2618 1880 2855 1950 animo
2911 1879 3167 1971 satagit

610 1975 866 2044 evitare
910 1973 1391 2061 quaerentium
1445 1993 1718 2042 manus.
1771 1977 2009 2058 Itaque
2044 1971 2269 2062 prima
2309 1970 2530 2040 noctis
2580 1970 2748 2041 hora
2796 1989 3100 2058 surgens
3127 1990 3165 2039 e

613 2073 848 2144 strate,
900 2062 1044 2132 abit
1089 2062 1170 2132 ad
1226 2061 1386 2153 pagi
1432 2062 1584 2152 ejus
1630 2059 2019 2141 ecclesiam,
2069 2071 2135 2130 et
2181 2071 2339 2129 ante
2375 2060 2670 2149 januam
2723 2069 3159 2150 prostratus,

611 2151 866 2221 clamat
893 2151 977 2222 ad
1015 2140 1418 2246 Deumfium
1471 2148 1690 2221 multo
1740 2148 2037 2239 ploratu,
2089 2148 2240 2250 ejus
2283 2149 2712 2235 majestatem
2744 2145 2830 2216 de
2885 2167 3156 2226 recans,

614 2262 702 2310 ne
734 2262 912 2312 onus
958 2240 1344 2332 regiminiS,
1387 2260 1525 2327 quo
1563 2260 1636 2308 se
1668 2260 1954 2329 prorsus
1987 2237 2354 2328 indignum
2392 2236 2738 2317 censebat,
2776 2259 2822 2305 u
2860 2235 2923 2304 lo
2958 2234 3165 2304 modo

614 2329 749 2400 sibi
798 2329 1100 2420 patiatur
1136 2328 1425 2420 imponi.
1479 2333 1785 2414 Cumque
1832 2326 1954 2396 diu
2003 2326 2444 2412 multumque
2490 2325 2558 2395 id
2608 2335 2893 2404 orasset,
2956 2337 3163 2413 puta·

612 2431 852 2508 retque
950 2440 1135 2489 reces
1175 2439 1337 2488 suas
1384 2439 1425 2487 a
1473 2422 1606 2488 Deo
1652 2415 2032 2497 exauditas,
2070 2414 2472 2493 deliberavit
2509 2413 2748 2516 fugere
2776 2411 2862 2482 ad
2899 2424 3165 2482 remota

611 2509 863 2580 deserti
918 2532 1062 2580 oea.
1101 2513 1179 2578 Et
1204 2529 1361 2579 ecce
1405 2506 1635 2578 subito
1684 2505 1895 2596 lupus
1941 2507 2011 2575 in
2063 2527 2188 2575 ens
2220 2504 2306 2574 ab
2340 2504 2715 2595 improviso
2755 2501 3161 2584 adveniens,

491 2685 498 2688 g
614 2598 719 2668 illi
770 2621 843 2668 se
890 2598 1158 2669 itineris
1205 2596 1524 2666 comitem
1573 2594 1916 2685 adjungit.
1969 2594 2022 2664 Il
2056 2616 2092 2663 e
2141 2606 2331 2663 ratus
2376 2614 2456 2663 ex
2504 2590 2655 2684 lupi
2702 2591 3041 2661 comitatu
3096 2611 3166 2661 se

613 2687 889 2758 facilius
946 2687 1029 2758 ad
1082 2685 1233 2756 avia
1281 2685 1434 2755 loca⁴
1478 2696 2007 2775 perventurum,
2063 2681 2261 2752 illu‘m
2326 2693 2765 2773 praeeuntem
2818 2679 3163 2767 sequitur.

613 2781 715 2847 lta
762 2776 941 2846 duce
988 2775 1154 2867 lupo
1185 2829 1201 2856 ,
1254 2774 1356 2843 vel
1409 2773 1638 2864 potius
1705 2786 1981 2842 auctore
2029 2775 2162 2841 Deo
2193 2824 2208 2852 ,
2272 2784 2468 2841 nocte
2537 2770 2714 2840 redit
2760 2767 2846 2839 ad
2914 2767 3168 2838 urbem

618 2865 1204 2944 Suessionensem,
1258 2861 1644 2951 sedensque
1694 2861 1762 2930 in
1811 2860 1988 2930 clivo
2034 2860 2097 2929 ei
2146 2860 2561 2951 propinque,
2625 2871 2772 2929 orto
2820 2856 2986 2938 sole,
3036 2857 3171 2928 ubi

615 2967 794 3023 esset
840 2954 1139 3043 agnovit.
1183 2952 1427 3021 Animo
1472 2971 1636 3052 ergo
1687 2949 1938 3019 anxius
1973 2960 2038 3017 et
2092 2968 2400 3017 moerore
2455 2947 2833 3029 confectuS,
2885 2946 3171 3016 eminus

615 3040 800 3111 videt
858 3040 1112 3111 fossam
1162 3039 1231 3109 iu
1286 3061 1458 3132 rupe
1491 3094 1506 3122 ‚
1561 3061 1632 3108 in
1680 3060 1818 3126 qua
1876 3036 2143 3127 lapides
2202 3036 2771 3124 quadrabantur:
2825 3047 3027 3122 atque
3101 3035 3170 3104 in

616 3150 795 3213 eam,
850 3129 994 3199 illie
1044 3129 1458 3210 latitaturus,
1511 3125 1888 3197 descendit.
1942 3125 2390 3195 Advenientes
2435 3137 2666 3195 a'utem
2715 3121 3062 3212 agricolae
3107 3136 3170 3193 et

617 3217 980 3308 lapicidae,
1030 3230 1108 3288 ut
1155 3216 1475 3287 viderunt
1519 3214 1872 3286 hominem
1922 3215 1994 3285 in
2042 3227 2225 3285 veste
2271 3214 2523 3283 humili
2571 3226 2637 3285 et
2667 3212 2841 3283 nihil
2878 3211 3174 3298 loquen-

614 3320 779 3388 tem,
832 3306 1415 3376 renunciaverunt
1461 3306 1529 3374 in
1581 3304 1948 3374 civitatem.
2003 3302 2217 3387 Quale
2254 3325 2412 3373 vero
2459 3302 2791 3394 gaudium
2822 3355 2839 3382 ,
2901 3314 3172 3388 quanta

614 3392 975 3465 celebritas
1025 3416 1178 3465 mox
1227 3396 1297 3463 in
1348 3394 1521 3464 urbe
1566 3394 1879 3475 extiterit,
1935 3414 2070 3463 non
2121 3403 2453 3482 putamus
2498 3391 2648 3462 fieri
2683 3411 2905 3482 posse,
2955 3401 3037 3458 ut
3078 3389 3171 3459 ab

614 3483 760 3553 ullo
818 3483 1100 3554 homino
1162 3481 1518 3553 referatur.
1592 3487 1855 3552 Exeunt
1910 3481 2227 3552 Monachi
2291 3503 2453 3551 cum
2515 3479 2839 3560 clericis,
2892 3476 3171 3548 nobiles

615 3594 777 3642 cum
826 3571 1115 3642 urbanis
1145 3626 1162 3653 ,
1214 3584 1281 3641 et
1337 3571 1624 3672 ligatum
1683 3570 2053 3661 fugitivum
2104 3590 2308 3640 suum
2370 3569 2778 3660 pertrahunt
2842 3566 2927 3636 ad
2975 3565 3168 3637 beati

614 3659 914 3730 Medardi
964 3660 1351 3741 eeclesiam,
1390 3658 1605 3732 invito
1636 3659 2133 3731 demandantes
2168 3680 2429 3729 munus
2461 3657 2830 3745 locumque
2859 3654 3169 3726 Abbatis.

613 3751 733 3821 Vix
792 3748 1065 3820 tandem
1134 3748 1251 3818 ille
1311 3771 1431 3818 ora
1477 3749 1869 3831 resolvens,
1923 3771 1959 3816 «
1990 3753 2290 3828 Revera,
2342 3747 2439 3817 ait
2470 3802 2487 3829 ,
2541 3747 2678 3818 nisi
2725 3744 2981 3816 divinis
3029 3766 3173 3816 nu-

610 3840 800 3910 tibus
847 3838 1163 3908 resistere
1211 3837 1683 3919 formidarem,
1784 3836 1920 3907 uod
1970 3836 2329 3927 imponitis
2379 3857 2662 3927 prorsus
2690 3835 3165 3905 abnuerem.»

698 3930 735 4017 ἓ
784 3931 932 3999 18.
986 3926 1344 3999 Consensit
1389 3927 1618 4029 itaque
1667 3859 1777 3997 νεῗ
1819 3927 2102 4007 invituS,
2156 3926 2395 4012 sicque
2432 3925 2535 3996 illi
2584 3924 2915 3995 coenobio
2961 3944 3171 4012 prae·

607 4017 850 4099 fectus,
902 4016 1124 4086 sancti
1170 4016 1449 4088 Ordinis
1496 4028 1917 4086 instaurator
1964 4015 2167 4106 longe
2214 4014 2564 4099 optimus,
2617 4013 2886 4084 studuit
2945 4033 3167 4102 prava

605 4106 977 4196 corrigere,
1032 4105 1195 4176 vitia
1227 4104 1544 4177 funditus
1591 4105 1954 4195 extirpare,
1994 4125 2219 4174 mores
2257 4102 2549 4173 fratrum
2584 4104 2782 4172 suavi
2815 4121 3160 4182 sermone,

608 4195 919 4285 exemplo
961 4207 1329 4285 praeeunte
1362 4249 1378 4277 ,
1432 4193 1713 4264 assidue
1759 4214 2192 4285 componere,
2249 4204 2314 4263 et
2358 4191 2691 4280 quicquid
2744 4188 3167 4261 monasticae

522 4299 530 4308 ·
613 4282 893 4372 regulae
938 4282 1476 4366 adversabatur,
1531 4304 1749 4373 ocyus
1798 4282 2192 4373 profligare.
2258 4279 2454 4351 Credi
2501 4282 2611 4351 vix
2660 4279 2899 4372 possit,
2949 4298 3163 4365 quam

609 4368 801 4440 brevi
869 4384 1174 4461 tempore
1246 4372 1452 4444 totius
1516 4371 1832 4442 coenobii
1879 4383 2100 4442 status
2158 4368 2245 4440 ad
2310 4369 2577 4460 primae
2640 4367 3053 4460 integritatis
3098 4379 3164 4437 et

659 4496 685 4523 *
712 4495 847 4539 Mona
865 4497 1075 4538 σῑαοοὴιι
1091 4501 1164 4539 eet
1185 4498 1245 4539 ια
1264 4498 1430 4539 urbem
1449 4498 1587 4546 ιαοη.
1603 4499 1755 4541 leucia
1776 4497 1961 4548 neptem
1980 4508 2007 4538 e
2031 4493 2367 4540 suen-ionibus
2386 4498 2601 4539 Sounoua.
