3308 5004
577 346 705 411 5⁴6
1164 365 1244 412 nn
1290 365 1347 412 s.
1401 361 1737 412 unanimam
1780 352 1926 410 aaa.
1978 360 2365 410 cunum..
2714 343 2903 411 ΑΗΕ.
2956 344 3045 411 20

490 468 573 519 ex
616 448 878 537 quibus
921 470 1008 519 us
1056 470 1145 519 ue
1191 447 1398 517 hodie
1467 447 1899 518 monimenta
1962 446 2252 517 certiora
2319 451 2683 535 superesse
2737 466 3053 519 noscun-

493 552 628 619 tur,
679 550 745 608 et
790 539 861 608 in
911 543 1040 609 Ecc
1070 537 1213 608 esia
1260 535 1629 616 Orientali,
1683 547 1751 606 et
1809 534 2000 627 apud
2049 535 2230 606 soles
2292 534 2639 606 occiduos·
2686 535 3053 626 Hyberno-

490 648 676 708 rum,
726 640 792 698 et
837 650 877 698 a
926 626 1213 698 meridie
1259 626 1332 696 in
1372 624 1858 697 remotissimis
1918 623 2183 695 finibus
2244 625 2769 715 Hispaniarum,
2832 637 2901 697 et
2959 626 3054 696 ab

492 714 816 804 aquilone
862 717 931 785 in
982 715 1234 786 insulis
1280 736 1460 804 quae
1559 713 1753 786 roeul
1800 725 1987 795 sunt,
2040 713 2287 786 Daciae
2334 713 2761 802 Svediaeque
2811 714 3055 806 opinio

490 805 643 896 ejus
688 805 1138 876 celeberrima
1185 803 1340 875 fuit.
1394 808 1515 874 Cre
1567 825 1681 874 ras
1737 802 2053 891 undique
2113 802 2488 962 recifiebat
2546 802 2874 894 epistolas
2903 858 2920 886 ,
2984 816 3056 875 et

491 892 844 965 reddebat.
899 893 1214 981 Undique
1260 894 1323 965 ei
1371 894 1572 963 xenia
1607 892 2084 974 mittebantur,
2125 912 2224 961 un
2282 893 2443 980 ique
2478 892 2630 983 ejus
2664 891 3054 965 benedictio

491 979 875 1072 petebatur.
928 988 1279 1054 Postremo
1315 982 1519 1071 quasi
1551 980 1712 1053 vitis
1743 980 2371 1062 abundantissima,
2418 980 2575 1069 ejus
2612 981 2851 1073 opinio
2885 1004 3057 1054 suos

492 1071 804 1160 undique
850 1072 1171 1164 palmites
1220 1071 1659 1163 propagavit,
1712 1083 1995 1160 excepto
2041 1069 2227 1158 quod
2277 1070 2350 1140 in
2399 1083 2653 1140 terram
2700 1071 3055 1163 ,lerosoly-

490 1160 853 1243 mitanam,
907 1161 1227 1250 quamvis
1275 1160 1471 1231 locus
1516 1170 1697 1231 esset
1740 1182 1783 1229 a
1831 1166 2012 1250 Rege
2059 1170 2367 1249 paratus,
2419 1160 2509 1229 ob
2558 1159 2885 1231 incursus
2924 1183 3054 1251 pa·

490 1271 834 1339 ganorum
867 1263 935 1321 et
965 1250 1144 1320 aeris
1177 1250 1388 1320 intem
1445 1249 1683 1332 eriem,
1728 1269 1866 1318 non
1896 1248 2242 1337 acquievit
2273 1248 2542 1319 mittere
2573 1248 2819 1319 fratres
2856 1271 3045 1321 suos.

488 1343 722 1439 Neque
756 1361 913 1409 vero
945 1339 1328 1442 Episcopus
1368 1271 1488 1407 ifle
1525 1338 1990 1430 incongruum
2033 1336 2298 1424 aliquid
2339 1359 2720 1428 usurpasse
2749 1337 3044 1420 videtur,

497 1449 619 1514 qul
656 1440 809 1519 post
842 1449 1116 1499 sacrum
1156 1449 1312 1516 elus
1348 1427 1641 1509 obitum,
1680 1426 1849 1496 dum
1882 1426 2127 1496 fratres
2155 1425 2651 1509 consolaretur,
2688 1427 2867 1497 inter
2896 1449 3051 1497 cae-

493 1527 637 1586 tera
682 1517 816 1586 hoc
861 1538 1138 1605 quoque
1170 1517 1241 1586 in
1277 1517 1502 1619 ipsius
1537 1528 1947 1607 prosecutus
1973 1528 2077 1586 est
2106 1514 2384 1586 laudem
2413 1539 2428 1583 :
2464 1516 2631 1603 quia
2663 1515 2734 1585 in
2768 1537 3049 1587 omnem

491 1617 744 1675 terram
775 1604 981 1675 exivit
1011 1627 1225 1676 sonus
1255 1628 1431 1696 eJuS‚
1476 1618 1544 1675 et
1574 1605 1644 1674 in
1680 1604 1857 1675 fines
1886 1604 2078 1675 orbis
2117 1617 2335 1675 terrae
2368 1604 2572 1674 verba
2611 1604 2829 1676 iltius.

580 1697 617 1783 ξ
650 1699 806 1767 25.
845 1696 1176 1765 vincebat
1205 1707 1433 1765 tamen
1470 1694 1971 1764 sublimitatem
2006 1693 2334 1775 nominis»,
2372 1693 2734 1765 humilitas
2768 1694 3049 1766 cordis:

492 1804 619 1853 nec
667 1795 937 1853 tantum
989 1795 1251 1873 poterat
1297 1784 1668 1854 universus
1714 1782 2027 1852 mundus
2065 1804 2224 1851 eum
2268 1782 2554 1873 erigere,
2600 1797 2940 1871 quantum
2977 1805 3056 1854 se

490 1873 642 1961 ipse
688 1871 985 1961 dejicere
1032 1872 1248 1942 solus.
1302 1878 1633 1944 Summus
1682 1872 2132 1962 reputabatur
2177 1871 2267 1940 ab
2312 1871 2665 1954 omnibuS,
2719 1872 3055 1942 infimum

491 1961 645 2050 ipse
692 1982 765 2030 se
814 1972 1181 2051 reputans:
1233 1973 1300 2031 et
1345 1982 1554 2049 quem
1602 1961 1738 2030 sibi
1784 1982 2051 2037 omnes,
2105 1961 2256 2050 ipse
2292 1981 2367 2029 se
2408 1961 2672 2030 nemini
2708 1961 3056 2052 praefere-

493 2050 635 2118 bat.
690 2050 995 2137 Denique
1042 2051 1223 2121 sicut
1270 2050 1471 2119 nobis
1518 2050 1799 2137 saepius
1846 2039 2207 2129 fatebatur,
2265 2050 2445 2119 inter
2491 2070 2804 2120 summos
2835 2072 3055 2138 quos-

492 2159 630 2225 que
675 2137 971 2209 honores
1017 2151 1082 2209 et
1128 2138 1392 2210 favores
1439 2139 1860 2230 populorum
1909 2138 2014 2208 vel
2065 2137 2478 2208 sublimium
2539 2157 2998 2228 personarum
3033 2195 3050 2217 ,

493 2226 787 2297 alterum
838 2228 972 2300 sibi
1021 2240 1378 2300 mutuatus
1425 2227 1779 2297 hominem
1829 2227 2214 2309 videbatur,
2255 2246 2466 2314 seque
2505 2228 2734 2318 potius
2767 2240 3054 2319 reputa-

492 2316 610 2386 bat
646 2316 1026 2398 absentem,
1078 2317 1257 2387 velut
1284 2317 1634 2406 quoddam
1676 2317 2031 2387 somnium
2066 2338 2186 2387 sus
2240 2316 2484 2387 icatUS.
2526 2317 2652 2386 Ubi
2686 2338 2845 2386 vero
2878 2317 3058 2387 sim-

491 2405 814 2564 fliciores
860 2406 925 2476 ei
971 2406 1236 2488 fratreS‚
1291 2418 1369 2477 ut
1413 2405 1687 2487 assolet,
1739 2404 2140 2476 fiducialius
2216 2418 2658 2493 oquerentur,
2710 2419 2777 2476 et
2821 2407 3058 2478 amica

519 2493 728 2566 iceret
773 2518 1046 2586 semper
1085 2495 1486 2566 humilitate
1532 2494 1707 2576 frui,
1762 2494 1861 2566 ibi
1910 2517 1982 2564 se
2030 2495 2377 2566 invenisse
2425 2493 2808 2586 gaudebat,
2861 2508 2932 2579 et
2978 2496 3054 2565 in

491 2585 846 2674 propriam
896 2585 1158 2657 redisse
1187 2607 1582 2676 personam.
1629 2589 1875 2654 Innata
1912 2585 1975 2653 ei
2017 2605 2073 2653 a
2101 2606 2312 2673 puero
2352 2584 2790 2666 verecundia,
2825 2607 3058 2673 usque

492 2673 578 2742 ad
629 2673 814 2744 diem
867 2674 1324 2764 perseveravit
1368 2686 1778 2745 extremum.
1834 2672 2004 2742 Inde
2051 2684 2219 2753 erat,
2275 2672 2461 2761 quod
2512 2673 2670 2743 licet
2717 2686 2855 2743 tam
2899 2697 3058 2746 ma-

492 2785 674 2852 gnus
723 2775 900 2833 esset
945 2777 1011 2833 et
1056 2763 1369 2835 excelsus
1416 2764 1487 2833 in
1539 2763 1748 2832 verbo
1796 2761 2081 2851 gloriae,
2136 2782 2499 2849 nunquam
2553 2775 2806 2842 tamen,
2868 2763 3057 2834 sicut

492 2872 696 2942 saepe
742 2852 1141 2922 audivimus
1186 2874 1348 2922 eum
1400 2863 1929 2943 protestantem,
1984 2850 2054 2919 in
2105 2850 2490 2938 quamlibet
2537 2851 2788 2921 humili
2850 2866 3050 2923 coetu

492 2941 643 3009 sine
692 2953 880 3011 metu
924 2955 991 3009 et
1042 2941 1418 3011 reverentia
1466 2941 1753 3011 verbum
1803 2938 2000 3020 fecit,
2055 2951 2277 3010 tacere
2326 2940 2550 3032 magis
2600 2940 3037 3021 desideranS,

492 3029 628 3099 nisi
660 3029 1121 3100 conscientiae
1152 3030 1471 3120 propriae
1510 3028 1818 3099 stimulis
1864 3042 2249 3120 urgeretur,
2298 3051 2459 3098 cum
2510 3030 2755 3100 timore
2806 3028 2916 3098 Dei
2975 3040 3045 3098 et

493 3117 828 3188 charitate
868 3118 1189 3188 fraterna.

580 3209 617 3293 ξ
654 3211 818 3279 26.
855 3208 1257 3277 Patientiam
1292 3208 1445 3296 ejus
1487 3206 1785 3276 maxime
1812 3206 2097 3293 quidem
2129 3206 2504 3277 Dominicis
2540 3206 2825 3297 flagellis
2851 3227 3048 3276 exer-

492 3294 771 3365 citatam
823 3296 1147 3365 novimus
1194 3307 1260 3364 et
1308 3296 1709 3385 probatam:
1762 3296 1882 3383 qui
1934 3296 2267 3365 nimirum
2319 3296 2407 3367 ab
2454 3296 2608 3387 ipso
2664 3317 2830 3366 suae
2877 3316 3053 3366 con-

493 3383 829 3453 versionis
877 3385 1076 3454 initio
1120 3404 1344 3470 usque
1377 3383 1462 3452 ad
1494 3383 1680 3452 diem
1716 3405 1950 3454 sacrae
1983 3384 2435 3475 depositionis
2468 3397 2654 3455 tanta
2686 3384 3048 3468 sustinuit,

491 3483 570 3541 ut
618 3473 753 3541 vita
799 3473 972 3560 ejus,
1025 3473 1135 3542 his
1182 3473 1304 3559 qui
1353 3485 1704 3555 noverant,
1761 3495 1898 3543 non
1950 3474 2087 3543 nisi
2132 3473 2475 3560 quaedam
2528 3475 2767 3545 mortis
2816 3488 3054 3563 prote-

495 3561 658 3631 latio
706 3560 1073 3631 videretur.
1126 3562 1477 3631 Caeterum
1519 3584 1683 3652 erga
1722 3562 2039 3632 homines
2076 3583 2376 3650 quoque,
2419 3564 2545 3632 etsi
2581 3564 2801 3633 rarior
2838 3565 2902 3634 ei
2935 3585 3057 3635 oc-

494 3651 682 3721 casio
732 3650 1002 3720 minora
1047 3649 1334 3721 forsitan
1388 3650 1754 3741 patientiae
1784 3706 1800 3733 ‚
1904 3651 2077 3721 otuit
2123 3652 2589 3751 experimenta
2645 3663 3003 3742 praestare
3033 3710 3050 3735 ,

493 3738 870 3809 dicendum
922 3753 1150 3809 tamen
1202 3739 1303 3809 vel
1354 3740 1670 3820 breviter,
1728 3762 1815 3810 ne
1913 3740 2073 3830 ujus
2113 3740 2393 3827 quidem
2435 3742 2848 3832 apparuisse
2886 3763 3055 3813 eum

491 3829 767 3899 virtutis
815 3829 1226 3898 immunem.
1283 3834 1361 3897 Et
1406 3829 1573 3916 quia
1621 3851 1842 3918 genus
1892 3827 2021 3898 hoc
2069 3830 2436 3920 patientiae
2484 3829 2729 3900 solitus
2769 3842 2915 3900 erat
2949 3831 3058 3900 di-

490 3939 646 3987 cere
697 3918 1116 4008 tripartitum
1146 3918 1202 3997 *‚
1257 3918 1573 3988 videlicet
1617 3916 1706 3987 ad
1758 3918 2123 3987 verborum
2161 3919 2482 4007 injuriaS,
2526 3918 2613 3988 ad
2647 3919 2906 3989 damna
2944 3943 3060 3990 re-

495 4028 678 4089 rum,
730 4019 795 4076 et
846 4007 931 4075 ad
980 4008 1289 4097 corporis
1337 4007 1746 4079 laesionem:
1802 4006 1888 4076 de
1935 4006 2234 4110 singulis
2283 4008 2562 4097 singula
2603 4007 2841 4078 saltem
2889 4032 3059 4099 pro-

496 4117 841 4184 ponamus
909 4096 1268 4187 exempla,
1333 4118 1511 4185 quae
1576 4096 1850 4165 interim
1928 4097 2128 4167 nobis
2195 4110 2593 4167 occurrunt.
2668 4097 3061 4187 Scripserat

501 4183 875 4271 aliquando
911 4186 1026 4255 Dei
1059 4186 1368 4255 famulus
1409 4185 1494 4255 ad
1527 4184 1944 4275 Episcopum
1982 4185 2280 4273 aliquem
2317 4185 2388 4221 μ
2426 4185 2512 4257 de
2549 4187 2748 4258 curia
2782 4199 2846 4257 et
2885 4208 3062 4259 eon-

499 4273 656 4343 silio
696 4273 923 4364 RegiS‚
963 4296 1254 4345 monens
1282 4296 1442 4344 eum
1478 4295 1689 4364 super
1726 4274 2148 4362 quibusdam
2197 4276 2491 4367 negotiis
2540 4277 2707 4368 Regi
2756 4277 3062 4349 suadere

555 4434 580 4459 ¹·
610 4435 729 4474 Nota
748 4432 1041 4482 tripartitum
1060 4432 1296 4484 patentiae
1317 4447 1481 4486 genus.

555 4487 611 4515 *⁸
639 4488 888 4528 scalenum
905 4489 1072 4529 Antist.
1093 4489 1329 4531 Suession-
1350 4491 1434 4531 Est
1450 4486 1596 4540 Epist.
1616 4492 1709 4533 223.
