3308 5004
735 352 862 420 324
2854 347 3040 414 AUG.
3093 347 3176 413 ss

1171 554 1409 657 VITA
1473 551 1934 657 SANCTAE
2000 550 2652 656 ATHANASIAE

1507 794 1870 875 EJUSQUE
1919 794 2334 863 MIRACULA

645 1013 688 1061 A
734 1011 993 1071 Quonu
1038 1009 1188 1060 vino
1235 1009 1338 1060 1²10
1383 1009 1681 1059 namura
1702 1040 1718 1069 ,
1784 1008 1896 1067 om
1943 1009 2175 1057 raam
2219 1009 2304 1056 n
2348 1006 2540 1068 vmrr,
2593 1008 2825 1057 raam
2869 1008 2910 1056 A
2958 1007 3187 1056 nuut-

732 1120 919 1169 mans
965 1118 1174 1168 1rsms
1222 1108 1278 1168 s.
1331 1113 1784 1165 annuamus
1829 1112 2110 1165 Aunrvir.
2163 1117 2242 1165 ιιι
2289 1116 2559 1165 smmum:
2604 1112 3082 1164 maranen.

1374 1270 1560 1373 Flor.
1604 1329 1782 1375 saec.
1834 1314 1926 1371 VI
1964 1343 2045 1356 —
2084 1313 2139 1371 Ε
2182 1282 2447 1373 Gracia.

734 1517 773 1603 ὃ
818 1522 896 1590 1.
948 1514 1250 1603 Apostoli
1295 1514 1492 1585 Pauli
1558 1526 2000 1606 praeceptum
2048 1526 2197 1596 est,
2257 1527 2336 1584 ut
2376 1518 2782 1584 Sanctorum
2834 1513 3188 1584 memoriis

648 1605 1273 1675 communicemus.
1323 1608 1574 1673 Eorum
1627 1625 1783 1674 vero
1831 1604 2039 1673 vitam
2089 1621 2294 1690 atque
2333 1602 2835 1674 institutionem
2884 1602 3193 1671 conscri-

646 1692 833 1774 bere,
863 1704 930 1763 et
967 1714 1118 1763 eam
1155 1692 1543 1783 legentibus
1577 1692 1665 1762 ad
1698 1713 2140 1763 communem
2173 1692 2540 1762 utilitatem
2576 1712 2984 1781 proponere,
3018 1688 3195 1760 illud

649 1793 832 1852 certe
879 1781 1230 1852 laudabile
1275 1793 1379 1851 est
1406 1804 1487 1851 ac
1520 1781 1845 1851 salutare.
1880 1786 2122 1851 Beatae
2153 1780 2367 1871 igitur
2413 1780 2753 1852 foeminae
2784 1779 3197 1852 Athanasiae

651 1871 863 1941 vitam
926 1870 1364 1942 conscribere
1416 1870 1831 1940 conabimur
1864 1924 1879 1952 ,
1933 1891 2158 1961 pauca
2201 1870 2544 1958 quaedam
2592 1889 2831 1940 eorum
2877 1886 3058 1971 quae
3110 1867 3195 1938 ad

649 1958 841 2029 illam
902 1959 1291 2051 pertinent,
1361 1958 1670 2029 oratione
1720 1971 2240 2049 percurrentes:
2311 1981 2395 2029 ne
2459 1958 2789 2048 temporis
2842 1957 3195 2028 diuturni·

651 2060 786 2206 taflte
833 2070 944 2119 res
990 2048 1184 2139 ipsae
1230 2048 1562 2119 oblivioni
1621 2047 1910 2118 traditae
1943 2103 1958 2130 ,
2014 2047 2336 2138 plurimis
2395 2047 2800 2117 hominibus
2854 2045 3190 2116 damnum

651 2158 690 2207 a
744 2146 963 2207 erant.

736 2227 775 2313 ὅ
825 2230 913 2295 8.
966 2230 1148 2296 Haec
1207 2224 1509 2296 foemina
1578 2224 1786 2296 laude
1832 2224 2091 2316 digna,
2166 2225 2249 2294 ed
2317 2223 2853 2295 immortalitatis
2916 2223 3195 2294 nomine

649 2313 985 2471 Braedita,
1047 2336 1228 2403 quae
1273 2315 1479 2385 vitam
1530 2314 1756 2406 ipsam
1806 2315 1979 2385 bene
2013 2313 2365 2404 transegit,
2418 2314 2671 2400 Deique
2709 2313 3191 2384 universorum

704 2403 924 2472 omini
970 2403 1301 2493 optimam
1352 2403 1681 2473 ancillam
1731 2424 1805 2473 se
1851 2401 2192 2493 praebuit,
2250 2414 2440 2493 patre
2489 2402 2739 2484 Niceta,
2779 2414 2998 2471 matre
3036 2422 3193 2471 vero

649 2496 870 2574 Irene,
921 2502 1071 2564 orta
1116 2507 1240 2575 est,
1298 2492 1705 2585 parentibus
1749 2514 1917 2563 sane
1964 2513 2212 2583 genere
2260 2490 2810 2582 praestantibus,
2859 2502 2927 2561 et
2978 2494 3188 2562 Deum

649 2581 847 2650 valde
885 2582 1292 2652 timentibus
1321 2637 1336 2666 ,
1429 2583 1502 2652 ui
1555 2581 1841 2651 domum
1891 2581 1962 2650 in
2012 2580 2245 2651 insula
2290 2581 2545 2672 Aegina
2652 2579 3104 2651 ossidebant:
3158 2602 3192 2648 e

646 2670 907 2828 guibus
946 2671 1201 2761 genita,
1241 2685 1306 2741 et
1343 2603 1429 2741 ag
1464 2670 1669 2741 vitam
1710 2669 2092 2740 humanam
2132 2683 2466 2759 promota,
2500 2669 2602 2739 uti
2635 2669 2955 2740 issimum
2986 2668 3193 2756 quod·

698 2780 810 2828 am
844 2759 1267 2829 sanctissimi
1319 2760 1615 2850 Spiritus
1661 2781 1781 2828 vas
1827 2759 2063 2828 extitit.
2117 2758 2246 2829 Illa
2276 2780 2437 2829 cum
2471 2771 2649 2828 esset
2687 2778 2906 2827 annos
2932 2770 3195 2848 septem

648 2859 833 2929 nata,
873 2849 1062 2919 brevi
1095 2860 1402 2937 tempore
1435 2848 1845 2918 Psalterium
1882 2846 2188 2929 edidicit,
2228 2860 2293 2917 et
2321 2846 2578 2917 divinis
2618 2846 2836 2917 literis
2877 2859 3198 2937 prompto

647 2936 884 3005 animo
922 2958 1201 3024 operam
1244 2936 1567 3007 navabat.
1874 3011 1879 3014 .
3174 2989 3180 2994 -

741 3026 778 3180 ἐξ
813 3028 906 3095 8.
948 3027 1115 3095 Cum
1151 3025 1363 3115 igitur
1398 3026 1701 3113 quodam
1735 3024 1849 3093 die
1874 3023 2161 3103 sederet,
2205 3035 2271 3093 et
2302 3022 2448 3093 sola
2480 3024 2683 3094 telam
2721 3034 2991 3105 texeret,
3025 3023 3199 3093 vidit

651 3123 751 3181 ste
783 3111 920 3182 lam
972 3113 1349 3200 quamdam
1399 3112 1597 3184 valde
1644 3134 1678 3182 s
1730 3112 2085 3182 lendidam
2134 3111 2220 3181 ad
2271 3133 2477 3182 suum
2527 3134 2752 3199 usque
2790 3123 3030 3203 pectus
3080 3112 3201 3182 de·

651 3199 1002 3282 scendere,
1041 3223 1249 3288 seque
1278 3201 1366 3272 ab
1401 3202 1520 3272 illa
1558 3224 1680 3272 mu
1713 3214 1855 3271 tum
1889 3200 2248 3280 illustrari,
2295 3223 2376 3271 ac
2408 3202 2679 3272 stellam
2714 3202 2936 3292 ipsam
2965 3214 3202 3291 postea

651 3311 734 3359 ex
763 3289 985 3359 oculis
1034 3291 1182 3360 suis
1228 3311 1652 3360 evanescere.
1709 3295 1803 3360 Ex
1847 3312 1927 3360 ea
1956 3290 2169 3382 igitur
2201 3312 2274 3360 re
2320 3313 2483 3362 cum
2521 3290 2677 3379 ejus
2710 3290 2945 3360 anima
2977 3290 3199 3362 multo

651 3376 918 3448 lumine
957 3377 1297 3450 illustrata
1328 3391 1525 3461 esset,
1563 3379 1848 3449 omnino
1894 3380 2071 3449 vitae
2104 3379 2321 3467 hujus
2366 3380 2737 3450 vanitatem
2776 3378 3004 3448 odisse
3041 3400 3198 3449 coe·

649 3466 776 3555 pit.
829 3470 1138 3554 Cumque
1194 3467 1326 3536 sibi
1391 3468 1860 3558 proposuisset
1918 3467 2004 3538 ad
2065 3468 2516 3540 monasticam
2566 3468 3072 3538 institutionem
3128 3490 3199 3538 se

648 3553 980 3636 conferre,
1033 3556 1184 3646 ejus
1281 3567 1548 3626 arentes
1595 3556 1878 3628 invitam
1927 3568 1993 3627 et
2040 3557 2339 3628 nimium
2389 3569 2846 3639 recusantem,
2901 3556 3196 3627 multam

647 3642 714 3713 ei
749 3643 1139 3714 violentiam
1175 3667 1215 3715 a
1268 3644 1602 3727 hibenteS‚
1627 3667 1789 3715 cum
1826 3645 1970 3716 viro
2001 3645 2451 3717 collocarunt:
2489 3668 2627 3734 quo
2664 3667 2828 3717 cum
2856 3645 3197 3717 sexdecim

650 3731 834 3804 solos
872 3733 1021 3802 dies
1065 3733 1420 3815 habitavit,
1484 3756 1562 3805 ac
1602 3748 1880 3825 repente
1916 3735 2125 3805 vidua
2159 3737 2515 3806 remansit.
2565 3740 2730 3805 Cum
2774 3734 2960 3805 enim
3014 3739 3199 3806 Mau-

649 3821 803 3891 risii
838 3820 875 3857 ²*
921 3822 1203 3894 barbari
1236 3823 1553 3894 homines
1592 3823 1662 3892 in
1706 3824 1861 3893 illas
1900 3824 2215 3914 regiones
2255 3825 2691 3915 irrupissent,
2744 3837 2948 3912 atque
2993 3825 3197 3894 Atha-

649 3911 890 3980 nasiae
927 3912 1030 3982 vir
1067 3912 1153 3982 ad
1191 3912 1526 4002 praelium
1589 3934 1910 4004 egressus
1957 3924 2178 3995 esset,
2222 3912 2512 4002 judiciis
2560 3912 2736 3996 illis,
2797 3933 2975 4001 quae
3024 3913 3199 3984 Deus

649 4000 863 4080 novit,
907 3998 1164 4071 factum
1203 4012 1305 4073 est
1337 4014 1412 4072 ut
1441 4001 1673 4093 gladio
1712 4001 2234 4072 interficeretur.

737 4091 774 4176 ἓ
820 4094 906 4163 4.
959 4095 1125 4161 Cum
1167 4091 1381 4180 igitur
1439 4090 1734 4161 multum
1777 4092 2106 4181 temporis
2155 4091 2666 4182 praeteriisset,
2722 4101 2787 4161 et
2824 4091 3195 4161 Athanasia

652 4197 888 4247 secum
936 4178 1088 4269 ipsa
1136 4190 1444 4259 certaret,
1481 4189 1549 4249 et
1593 4178 1681 4249 ad
1740 4180 2190 4250 monasticam
2227 4180 2436 4250 vitam
2471 4193 2768 4250 mentem
2813 4180 3188 4271 dirigeret,

650 4264 880 4355 regale
925 4266 1272 4353 quoddam
1313 4268 1613 4338 edictum
1648 4280 1927 4358 repente
1968 4268 2307 4370 prolatum
2342 4280 2466 4350 est,
2514 4281 2591 4339 ut
2632 4269 2980 4351 muliereS,
3017 4290 3193 4356 quae

654 4365 910 4444 nuptae
955 4376 1092 4424 non
1142 4367 1357 4438 erant,
1410 4378 1534 4426 seu
1590 4356 1837 4428 viduae
1867 4413 1882 4440 ,
1938 4358 2023 4429 i1s
2064 4358 2248 4440 viriS,
2301 4358 2425 4445 qui
2471 4372 2698 4428 essent
2742 4380 2822 4429 ex
2863 4358 3183 4434 natione.

704 4478 731 4507 *
757 4478 930 4522 Helius
948 4490 974 4523 e
993 4490 1161 4533 graeca
1177 4483 1336 4525 radice
1358 4483 1585 4525 nanu-mit
1601 4482 1700 4526 atri
1721 4495 1807 4528 seu
1824 4485 1976 4535 Lybu,
1994 4495 2114 4536 quos
2132 4484 2271 4527 latim
2290 4485 2480 4527 Mauros
2498 4487 2733 4528 dixerunt.
