3308 5004
672 312 806 380 666
1285 330 1368 378 nn
1412 330 1472 379 s.
1526 329 1859 380 amnuo
1905 327 2051 378 ant.
2102 327 2489 379 emunt.
2818 308 3008 376 AUG.
3061 310 3152 376 2⁰

582 415 946 508 imponere
965 413 1040 490 di
1093 426 1397 486 naretur.
1442 419 1930 487 Intumuerant
1959 415 2146 487 enim
2169 415 2440 508 ‚mirum
2471 411 2541 481 in
2579 410 2868 483 modum
2916 433 3158 504 genua

582 503 755 595 ejus.
792 510 1057 575 Excusa
1152 516 1438 575 tautem
1490 525 1563 576 se
1594 503 1700 574 vir
1733 504 1873 586 Dei,
1925 504 2167 576 dicens
2199 524 2274 574 se
2315 523 2449 573 non
2488 522 2639 573 esse
2669 500 2861 572 illius
2890 501 3152 584 meriti,

582 617 627 666 a
669 615 808 682 quo
837 592 1001 663 talia
1046 592 1383 664 beneficia
1416 591 1748 664 deberent
1778 593 2139 684 postulari.
2170 590 2449 662 Claudis
2480 590 2768 684 reddere
2792 611 3146 681 gressum,

581 681 1008 776 Apostolicae
1051 703 1225 762 esse,
1281 703 1417 752 non
1468 703 1664 763 suae,
1703 681 1999 754 virtutis.
2037 682 2272 753 Victus
2303 679 2581 752 tandem
2618 679 2834 771 patris
2882 679 3160 749 instan-

580 773 701 855 ιίΔ,
730 770 1030 863 signavit
1056 793 1352 862 puerum
1399 793 1482 841 ac
1514 770 1806 844 dimisit.
1842 773 1974 855 Qui
1998 792 2077 842 ex
2122 791 2204 841 ea
2235 770 2422 842 hora·
2437 768 2813 849 convaluit,
2850 781 2919 838 et
2958 767 3150 839 infra

581 882 843 954 paucos
866 858 1041 941 dies,
1083 860 1278 930 omni
1304 872 1573 931 tumore
1597 858 1933 951 deposito,
1967 861 2057 931 ab
2103 858 2344 931 eodem
2394 858 2646 929 iterum
2689 869 2881 947 patre
2925 856 3158 930 multa

583 949 965 1043 gratiarum
1006 949 1276 1024 actione
1323 947 1678 1031 reductus,
1730 949 2105 1021 incolumis
2151 948 2427 1020 oblatus
2472 959 2577 1019 est
2621 947 2768 1017 viro
2808 947 2953 1017 Dei.

667 1041 707 1128 ξ
750 1042 905 1111 55.
960 1037 1243 1109 Divertit
1271 1037 1649 1126 aliquando
1687 1038 2028 1109 nobilium
2058 1037 2308 1109 cohors
2337 1036 2640 1107 militum
2667 1034 3145 1117 claravallem,

581 1140 662 1199 ut
707 1139 1026 1199 sanctum
1077 1127 1386 1199 viderent
1431 1127 1785 1198 Abbatetn.
1839 1132 2056 1218 Prope
2124 1139 2355 1197 autem
2404 1137 2551 1197 erat
2619 1147 2900 1196 sacrum
2966 1129 3154 1208 Qua·

583 1217 1017 1308 dragesimae
1080 1230 1391 1318 tempus:
1443 1228 1509 1288 et
1556 1215 1660 1286 illi
1707 1237 1949 1287 omnes
2004 1216 2143 1286 fere
2202 1215 2541 1374 {uveneffi
2593 1213 2808 1285 dediti
2856 1213 3156 1285 militiae

585 1305 910 1387 seculari,
948 1305 1416 1377 circumibant
1457 1318 1867 1393 quaerentes
1888 1304 2203 1376 execrabi
2233 1327 2309 1376 es
2344 1303 2503 1374 illas
2552 1301 2929 1384 nundinas,
2972 1324 3155 1390 quas

583 1394 793 1484 vulgo
827 1406 1099 1465 torneas
1130 1407 1398 1465 vocant.
1452 1394 1684 1486 Coepit
1731 1394 1962 1482 itaque
1990 1394 2080 1466 ab
2108 1394 2209 1466 eis
2248 1406 2476 1485 petere
2510 1414 2770 1482 paucos
2803 1391 2985 1472 illos,
3023 1391 3157 1480 qui

586 1497 747 1554 ante
792 1482 1409 1575 Quadragesimam
1458 1496 1869 1574 supererant
1913 1483 2086 1565 dies,
2143 1504 2230 1553 ne
2276 1482 2493 1553 armis
2539 1481 2816 1551 interim
2867 1492 3156 1551 uteren-

586 1585 722 1644 tur.
774 1572 1044 1656 Quibus
1088 1573 1435 1643 obstinato
1505 1573 1742 1642 animo
1787 1572 1941 1663 ejus
1988 1572 2428 1660 acquiescere
2493 1569 2774 1651 monitis
2846 1591 3157 1639 renuen-

584 1661 818 1734 tibus:
877 1687 905 1727 ι
939 1660 1246 1743 confide,
1299 1661 1418 1743 ait,
1472 1661 1543 1731 in
1596 1660 1931 1742 Domino,
1987 1661 2320 1750 quoniam
2369 1659 2519 1762 ipse
2577 1659 2749 1729 mihi
2797 1657 2994 1729 dabit
3036 1658 3159 1728 in-

583 1751 859 1833 duciaS,
909 1771 1086 1853 quas
1145 1750 1436 1852 negatis.
1468 1772 1504 1818 »
1554 1754 1633 1821 Et
1680 1751 2009 1822 accersito
2077 1750 2319 1830 fratre,
2389 1748 2591 1840 Jubct
2635 1748 2738 1819 eis
2782 1746 3155 1819 cervisiam

585 1839 975 1931 propinan,
1028 1838 1446 1909 benedicens
1490 1860 1672 1919 eam,
1723 1851 1789 1910 et
1834 1839 2097 1921 dicenS,
2149 1849 2229 1908 ut
2260 1838 2604 1930 potionem
2654 1836 2968 1908 biberent
2999 1835 3160 1906 ani-

587 1949 892 1998 marum.
936 1927 1267 1998 Biberunt
1312 1948 1476 2018 ergo
1518 1928 1797 2018 pariter,
1847 1927 2133 2017 quidam
2176 1941 2402 1997 tamen
2447 1926 2644 1995 inviti
2703 1947 2865 2016 prae
2909 1946 3153 1996 amore

591 2016 833 2098 seculi,
866 2028 1245 2087 metuentes
1291 2038 1478 2098 eum,
1515 2038 1726 2104 quem
1759 2031 1990 2107 postea
2022 2015 2282 2109 experti
2332 2026 2517 2097 sunt,
2547 2014 2824 2084 divinae
2870 2013 3153 2085 virtutis

588 2104 937 2175 effectum.
993 2110 1076 2175 Ut
1124 2105 1312 2176 enim
1381 2105 1642 2196 egressi
1711 2120 1876 2176 sunt
1929 2105 2109 2178 fores
2183 2103 2630 2186 monasterii,
2685 2103 2950 2174 mutuis
2998 2124 3153 2175 sese

588 2205 965 2284 coeperunt
1010 2193 1447 2264 inflammare
1492 2194 1959 2276 sermonibus,
2010 2193 2178 2282 quia
2222 2215 2342 2264 cor
2392 2215 2632 2264 eorum
2687 2204 2833 2263 erat
2889 2191 3149 2264 ardens

589 2282 663 2353 in
710 2283 835 2352 εἰς.
888 2283 1280 2374 Inspirante
1324 2305 1489 2374 ergo
1538 2287 1696 2365 Deo,
1748 2296 1814 2354 et
1843 2295 2162 2355 currente
2209 2282 2528 2354 velociter
2572 2281 2780 2352 verbo
2816 2281 2996 2371 ejus,
3041 2303 3152 2352 ea-

584 2370 745 2442 dem
795 2372 966 2442 horfi
1019 2372 1312 2454 reversi,
1363 2383 1431 2442 et
1473 2372 1789 2444 conversi
1835 2395 1877 2442 a
1928 2373 2109 2443 vitiis
2174 2373 2370 2451 suis,
2445 2369 2796 2462 spirituali
2852 2369 3148 2440 militiae

590 2460 864 2533 dextras
910 2460 1273 2534 dederunt.
1311 2466 1619 2546 Quorum
1678 2461 1963 2551 quidam
2012 2460 2244 2532 adhuc
2299 2459 2600 2532 militant
2638 2464 2808 2531 Deo:
2858 2457 3153 2548 quidam

584 2572 745 2621 vero
794 2564 1084 2642 regnant
1129 2573 1288 2621 cum
1336 2572 1441 2633 eo,
1496 2552 1795 2622 vinculis
1842 2552 2074 2622 carnis
2106 2550 2433 2622 absoluti.
2839 2574 2840 2577 ¹
3103 2634 3119 2647 .

674 2642 713 2727 ἓ
757 2643 923 2712 ὅθ.
974 2639 1151 2724 Quid
1202 2652 1435 2711 autem
1486 2640 1771 2723 mirum,
1823 2639 2008 2729 quod
2058 2640 2320 2710 devotis
2354 2640 2544 2710 hunc
2591 2636 2948 2708 hominem
2987 2635 3156 2707 coltt

587 2727 942 2816 obsequiis
989 2729 1216 2817 maj0r
1259 2741 1471 2810 aetas,
1539 2729 1611 2798 in
1673 2730 1880 2821 quus
1944 2728 2302 2819 devotione
2367 2727 2604 2798 divina
2649 2727 2869 2798 virtus
2925 2726 3156 2817 ipsam

585 2838 863 2905 quoque
909 2816 1273 2889 infantiam
1321 2817 1591 2898 excitat,
1645 2832 1992 2908 expertem
2029 2817 2262 2889 adhuc
2302 2817 2610 2898 rationis,
2647 2827 2716 2886 et
2759 2814 3154 2886 devotionis

589 2906 959 2997 ignaram?
1004 2912 1266 2978 Norunt
1315 2905 1519 2977 multi
1574 2905 1917 2978 illustrem
1949 2907 2275 2994 juvenem
2326 2905 2748 2978 Waltherum
2799 2904 2885 2975 de
2920 2909 3157 2974 Monte

589 2993 923 3075 mirabili,
965 2995 1170 3085 cujus
1205 3007 1494 3085 patruus
1538 2994 1747 3065 frater
1793 2993 2204 3076 WaltheruS,
2258 2994 2438 3065 inter
2482 3015 2600 3065 eos
2693 3016 2825 3065 uos
2870 2991 3157 3084 praedi-

588 3083 822 3153 ximus
855 3083 1130 3165 militeS,
1184 3106 1454 3155 sacram
1489 3084 1560 3154 in
1612 3083 1984 3154 claravalle
2018 3083 2336 3154 militiam
2386 3096 2489 3154 est
2537 3106 2662 3175 pro
2690 3104 2912 3153 essus.
2947 3087 3157 3153 Hunc

588 3192 751 3262 ergo
781 3171 1204 3244 Waltherum
1239 3174 1607 3254 minorem,
1640 3194 1804 3243 cum
1830 3172 2063 3244 adbuc
2093 3172 2482 3243 infantulus
2513 3184 2713 3254 esset,
2747 3184 2815 3241 et
2847 3170 3155 3243 necdum

591 3259 681 3331 ab
712 3272 871 3331 ortu
900 3282 1031 3332 suo
1055 3283 1361 3332 mensem
1397 3260 1673 3331 tertium
1708 3261 2135 3354 explevisset,
2169 3275 2388 3333 mater
2418 3283 2546 3333 sua
2593 3250 3156 3332 benedicendum

593 3348 843 3428 obtulit
908 3350 1051 3421 viro
1099 3351 1240 3432 Dei,
1293 3348 1810 3441 gratulabunda
1857 3362 1923 3422 et
1967 3350 2284 3423 exultans
2317 3405 2336 3433 ‚
2386 3350 2572 3439 quod
2626 3351 2700 3420 in
2764 3349 2974 3420 domo
3023 3370 3159 3420 sua

590 3450 969 3510 mereretur
1013 3440 1269 3510 habere
1314 3452 1454 3510 tam
1516 3451 1837 3511 sanctum
1897 3440 2147 3511 virum.
2200 3444 2368 3510 Cum
2423 3461 2509 3510 ue
2563 3440 2667 3510 vir
2733 3439 2892 3519 Dei,
2968 3438 3160 3508 sicut

593 3548 868 3619 semper
911 3529 982 3599 in
1017 3528 1209 3598 omni
1250 3527 1402 3598 loco
1432 3525 1656 3597 facere
1678 3541 2151 3610 consueverat,
2185 3527 2273 3599 de
2310 3552 2384 3600 sa
2417 3542 2531 3599 ute
2559 3542 2625 3599 et
2670 3526 3160 3599 aedificatione

591 3617 988 3688 animarum
1035 3615 1124 3687 ad
1164 3616 1696 3706 circumpositos
1725 3618 2160 3707 loqueretur:
2204 3617 2535 3703 praedicti
2576 3630 2797 3688 mater
2830 3616 3151 3698 infantiS,

595 3718 835 3777 tenens
880 3727 1043 3776 eum
1093 3705 1162 3774 in
1213 3704 1501 3795 gremio,
1552 3705 1836 3778 sedebat
1880 3729 2082 3778 secus
2110 3706 2318 3798 pedes
2364 3708 2540 3798 ejus,
2583 3706 2848 3777 Accidit
2884 3720 3151 3787 autem,

588 3807 667 3865 ut
702 3794 881 3865 inter
927 3792 1353 3882 loquendum
1406 3816 1692 3865 manum
1726 3795 2103 3884 aliquando
2155 3796 2609 3888 protenderet,
2642 3808 2710 3867 et
2754 3794 3155 3886 apprehen-

589 3882 751 3955 dere
797 3904 952 3953 eam
983 3897 1351 3955 conaretur
1384 3882 1795 3955 infantulus
1828 3884 2218 3956 Advertitur
2261 3898 2493 3956 autem
2524 3897 2816 3956 conatus
2894 3882 3149 3964 arvuli,

589 3993 753 4044 cum
775 3972 1057 4063 saepius
1088 3972 1157 4043 id
1186 3971 1478 4055 fecisset,
1530 3984 1596 4044 et
1626 3974 2045 4045 mirantibus
2074 3974 2443 4056 universis,
2476 3973 2683 4045 datur
2727 3975 2790 4043 ei
2850 3973 3150 4052 acuitas,

589 4073 671 4132 ut
717 4083 1006 4133 manum
1054 4062 1271 4153 possit
1314 4061 1836 4153 apprehendere
1880 4085 2093 4152 quam
2142 4064 2423 4154 optavit.
2475 4068 2647 4135 Tum
2697 4085 2851 4134 vero
2892 4063 3159 4133 mirum

596 4150 669 4220 in
721 4149 1006 4221 modum
1046 4172 1208 4222 cum
1243 4151 1624 4221 reverentia
1670 4152 1957 4224 alteram
2006 4173 2295 4223 manum
2343 4175 2544 4223 suam
2579 4173 3011 4245 supponens,
3052 4148 3159 4221 al-

595 4250 740 4309 tera
787 4252 1028 4311 tenens
1062 4263 1214 4312 eam
1250 4238 1496 4312 detulit
1526 4238 1614 4310 ad
1664 4264 1742 4313 os
1787 4264 2023 4325 suum,
2074 4244 2147 4313 ef
2171 4240 2527 4313 osculatus
2558 4256 2662 4312 est
2697 4264 2876 4312 eam.
2920 4246 3158 4328 Neque

596 4326 667 4396 id
716 4328 927 4400 semel
962 4342 1256 4430 tantum,
1319 4328 1438 4400 sed
1480 4328 1678 4401 toties
1725 4331 2041 4415 faciebat,
2091 4331 2362 4419 quoties
2408 4331 2676 4404 beatam
2730 4352 3018 4402 manum
3064 4342 3156 4400 te-

600 4436 761 4486 nere
811 4438 1192 4507 permissus
1228 4433 1354 4489 est.
