3308 5004
112 357 281 425 AUG.
335 358 423 422 29
711 372 779 421 Π(
826 372 1018 420 rxsro
1065 371 1401 420 naconmr.
1456 372 1511 419 s.
1564 370 1789 419 somn.
1845 372 2023 419 ΒΑΡτ.
2428 349 2554 422 737

111 473 173 532 et
195 459 389 531 morti
438 457 740 530 similem
775 478 1098 528 somnum
1137 455 1566 526 deduxisset:
1602 467 1670 527 et
1698 478 1819 548 per
1855 455 2233 544 quamdam
2268 456 2642 529 fenestram

27 584 28 589 ¹
108 552 500 639 intempesta
550 558 745 617 nocte
791 568 863 618 se
911 546 982 616 in
1031 544 1371 636 templum
1421 544 1836 626 demisisset,
1877 545 2135 616 sensim
2175 558 2241 616 et
2290 546 2440 617 sine
2469 561 2645 619 stre-

107 640 267 732 pitu,
319 658 514 707 sacro
559 646 796 726 aperto
843 634 1070 706 loculo
1115 635 1188 726 (o
1235 656 1379 704 rem
1428 646 1493 704 et
1539 632 1727 704 sactu
1772 647 1838 704 et
1894 634 2142 705 auditu
2193 636 2640 728 terribilem),

109 727 344 829 accipit
392 725 786 816 pretiosam,
838 745 1017 811 quae
1049 723 1596 803 desiderabatur,
1653 724 2050 794 dexteram:
2103 737 2169 793 et
2218 747 2494 795 summo
2556 728 2649 796 si-

110 818 302 887 lentio
348 835 687 895 reversuS,
752 812 1120 903 diligenter
1167 812 1446 901 quidem
1499 811 1686 902 apud
1738 834 1811 883 se
1873 823 2097 884 servat
2140 813 2326 901 quod
2377 813 2648 886 furatus

112 907 337 985 fuerat,
393 926 477 973 ne
526 914 1059 993 cognosceretur
1087 902 1176 972 ab
1223 901 1459 988 aliquo
1497 901 1978 971 barbarorum.

191 997 226 1083 ς
267 998 398 1067 1⁸2.
452 990 627 1062 Hinc
667 990 1020 1082 egreditur
1064 989 1456 1071 Antiochia,
1500 1003 1569 1060 et
1621 991 1750 1060 iter
1796 990 1954 1061 iniit
2011 1013 2263 1082 magno
2315 1003 2503 1062 metu
2550 992 2649 1062 af·

110 1083 337 1165 fectus,
382 1104 466 1150 ne
512 1102 622 1151 res
668 1079 861 1149 fieret
908 1078 1273 1149 manifesta
1325 1078 1654 1162 inimiciS,
1709 1079 1796 1149 ad
1846 1079 2322 1167 exequendum
2399 1103 2647 1183 propo·

106 1174 304 1244 situm
343 1169 583 1241 multis
628 1190 834 1260 saepe
880 1181 1083 1239 utens
1179 1168 1477 1238 recibus.
1529 1173 1782 1239 Locum
1849 1181 2077 1239 autem
2132 1168 2303 1252 loco,
2358 1184 2423 1240 et
2477 1193 2649 1240 civi·
2766 1240 2775 1255 ,

104 1273 300 1331 tatem
328 1259 599 1329 civitate
623 1259 1087 1341 commutans,
1153 1257 1491 1328 estinabat
1520 1257 1607 1326 ad
1638 1258 1922 1328 exitum.
1960 1262 2264 1347 Cumque
2298 1258 2649 1331 lethiferas

101 1350 253 1421 illas
292 1349 436 1419 vias
468 1347 568 1417 sic
618 1348 1051 1439 pervasisset,
1121 1346 1427 1436 pervenit
1472 1346 1557 1415 ad
1629 1347 1805 1416 fines
1862 1352 2248 1430 RomanOS,
2303 1371 2640 1440 magnum

147 1438 374 1509 uidem
410 1435 610 1506 illum
661 1449 921 1505 metum
969 1436 1345 1517 excutien3‚
1391 1434 1728 1506 audacius
1774 1449 2002 1505 autem
2053 1449 2118 1506 et
2179 1438 2646 1508 confidentius

97 1462 429 1599 ffestinans
474 1524 560 1595 ad
627 1524 885 1615 regiam
935 1524 1305 1595 civitatem.
1357 1529 1726 1612 Postquam
1776 1545 1934 1596 vero
1979 1525 2206 1595 fidelis
2270 1531 2650 1617 Imperator

97 1619 250 1705 ejus
287 1613 563 1685 rescivit
609 1612 1089 1691 adventum‚et
1123 1636 1192 1683 re
1219 1612 1616 1683 admirabili
1652 1613 1781 1684 fuit
1806 1613 2345 1705 obstupefactuS,
2384 1616 2649 1686 Christo

95 1704 373 1795 quidem
427 1724 563 1773 non
613 1713 877 1804 poterat
907 1724 1109 1860 agere
1156 1703 1412 1793 gratias
1467 1724 1591 1793 pro
1624 1701 1980 1793 dignitate,
2035 1716 2110 1774 ut
2155 1725 2360 1792 quem
2420 1705 2650 1795 inspe-

101 1808 324 1864 ratum
373 1791 740 1883 impediret
804 1812 938 1882 gau
993 1791 1181 1861 ium:
1234 1812 1352 1860 eos
1397 1804 1624 1861 autem
1658 1845 1680 1873 ,
1750 1792 1871 1880 qui
1920 1792 2049 1861 hoc
2118 1804 2434 1863 sanctum
2484 1815 2647 1863 cum

95 1881 404 1971 hymniS,
460 1880 903 1971 lampadibus
950 1891 1017 1950 et
1059 1881 1438 1972 unguentis
1470 1891 1698 1951 essent
1730 1882 2146 1973 suscepturi,
2186 1894 2252 1952 et
2283 1881 2367 1952 ad
2415 1882 2651 1974 ipsum

98 1970 405 2052 allaturi,
457 1969 722 2039 emisit:
753 1981 832 2038 ut
876 1970 1059 2039 sicut
1098 1969 1246 2060 ipse
1292 1992 1430 2039 vooe
1457 1971 1818 2040 clamantis
1849 1972 1917 2040 in
1949 1972 2204 2041 deserto
2236 1993 2477 2062 parare
2507 1971 2653 2042 vias

101 2059 425 2142 Domini,
477 2070 542 2129 et
609 2058 890 2128 semitas
957 2072 1175 2129 rectas
1223 2057 1485 2140 facere,
1554 2059 1802 2149 jussus
1862 2071 2048 2128 erat:
2119 2060 2213 2129 ita
2260 2060 2464 2131 etiam
2517 2060 2654 2151 ipsi

100 2147 562 2217 Christianam
598 2147 1014 2238 ingredienti
1061 2147 1430 2228 civitatem,
1465 2158 1532 2217 et
1578 2170 1618 2217 a
1665 2170 1801 2234 qua
1828 2148 1983 2235 ejus
2017 2150 2237 2237 gratia
2285 2170 2421 2218 non
2452 2148 2654 2238 longe

97 2236 362 2320 aberat,
416 2248 828 2327 pararentur
876 2236 1143 2307 honesti
1193 2247 1259 2306 et
1302 2235 1534 2305 decori
1574 2238 1955 2326 ingressus.
1992 2240 2155 2305 Cum
2192 2259 2354 2327 ergo
2401 2259 2654 2328 appro-

93 2324 476 2417 pinquaret
506 2324 1031 2407 Chalcedonam,
1087 2326 1282 2396 navis
1315 2325 1596 2412 quidem
1644 2324 1902 2393 emissa
1947 2338 2049 2393 est
2079 2327 2551 2415 Imperatoria,
2590 2338 2656 2396 et

91 2414 410 2484 Pontifex
457 2436 617 2484 cum
674 2413 1173 2495 sacerdotibuS,
1223 2426 1290 2483 et
1336 2414 1762 2500 quicumque
1809 2434 1886 2481 ex
1939 2426 2185 2482 senatu
2243 2426 2437 2484 erant
2484 2413 2655 2484 clari

83 2519 155 2574 et
201 2502 512 2575 illustres
568 2502 819 2585 simul,
864 2516 943 2574 ut
1001 2526 1277 2574 sacrum
1327 2502 1526 2573 illum
1591 2501 1997 2571 thesaurum
2049 2501 2381 2574 inferrent
2425 2504 2495 2573 in
2548 2526 2657 2573 re-

81 2593 313 2684 giam,
353 2616 512 2663 cum
564 2593 824 2681 quibus
857 2591 1169 2662 fidelium
1209 2613 1483 2680 quoque
1531 2589 1903 2660 multitudo
1928 2591 2101 2661 urbe
2139 2614 2437 2683 egressa,
2479 2591 2657 2663 mari

76 2684 148 2752 ei
202 2683 634 2773 navigarunt
677 2681 977 2761 obviam,
1015 2694 1092 2751 ut
1123 2702 1281 2750 eum
1332 2679 1776 2750 deducerent.

178 2772 221 2857 ἓ
274 2774 413 2843 18.
464 2775 833 2857 Postquam
881 2782 1108 2841 autem
1150 2767 1283 2840 fuit
1328 2779 1693 2858 susceptus
1728 2769 1795 2837 in
1859 2790 2107 2839 manus
2158 2769 2536 2851 Pontificis‚
2589 2780 2656 2840 et

75 2858 257 2948 ejus
309 2857 657 2929 ferebatur
702 2858 915 2942 ulnis,
968 2871 1033 2929 et
1083 2859 1154 2927 in
1200 2879 1385 2927 mare
1445 2856 1792 2938 ascendit,
1852 2856 2102 2928 licebat
2148 2857 2381 2932 videre
2430 2858 2657 2949 ipsam

76 2967 377 3037 quoque
409 2968 628 3033 aquae
651 2960 965 3019 naturam
1001 2946 1344 3038 placidam
1378 2958 1444 3016 et
1465 2944 1939 3033 tranquillam,
1970 2946 2300 3020 mollibus
2326 2947 2661 3018 fluctibus

75 3047 260 3109 ante
301 3056 542 3105 navem
591 3037 1006 3119 exilientem,
1059 3049 1127 3106 et
1170 3035 1257 3105 ad
1308 3039 1763 3125 Imperatores
1810 3035 1967 3124 ejus
2012 3058 2298 3106 cursum
2352 3035 2662 3128 dirigen—

78 3140 269 3197 tem.
297 3128 504 3193 Porro
551 3138 778 3196 autem
829 3124 1092 3212 aliquid
1171 3146 1400 3212 uoque
1432 3123 1683 3193 accidit
1729 3124 1886 3193 aliis
1937 3124 2162 3216 magis
2208 3124 2646 3205 admirabile,

77 3228 154 3287 ct
215 3212 518 3303 dignum
569 3218 775 3283 Manu
822 3146 1214 3283 veneranda
1278 3212 1775 3283 Praecursoris.
1829 3212 2075 3285 Aderat
2120 3213 2306 3281 enim
2365 3212 2514 3283 dies
2562 3212 2662 3282 fe-

76 3318 251 3375 stus
303 3312 698 3372 sanctorum
748 3300 1102 3372 luminum
1131 3302 1188 3386 *‚
1228 3302 1298 3371 in
1330 3323 1467 3391 quo
1496 3324 1653 3371 vera
1686 3301 1806 3371 illa
1848 3302 1987 3384 lux,
2031 3300 2359 3372 Jordanis
2399 3302 2663 3372 fluenta

72 3389 592 3481 complectenS,
647 3390 997 3460 humanae
1044 3402 1331 3461 naturae
1375 3390 1855 3460 contritionem
1907 3390 2323 3461 reformavit.
2357 3395 2434 3461 Et
2491 3407 2663 3479 quo-

73 3483 295 3552 niam
342 3479 786 3569 praecedente
833 3478 946 3549 die
981 3480 1256 3572 jejunio
1311 3501 1476 3572 prae
1528 3500 1890 3570 urgamur‚
1959 3479 2212 3551 accidit
2260 3492 2338 3550 ut
2384 3480 2457 3550 in
2507 3480 2665 3572 ipsa

74 3571 273 3641 hora
321 3569 733 3658 vespertina,
784 3568 858 3638 in
905 3591 1044 3657 qua
1094 3590 1244 3640 mos
1290 3580 1392 3640 est
1440 3573 1482 3638 C
1542 3568 1846 3641 ristianis
1944 3591 2221 3671 eragere
2267 3569 2661 3639 sanctifica-

68 3662 389 3738 tionem,
435 3657 670 3728 divina
695 3662 939 3728 Manus
963 3657 1357 3730 advenerit:
1410 3680 1620 3746 quam
1649 3679 1810 3727 cum
1847 3591 2097 3729 Christi
2129 3658 2658 3729 amantissimus

66 3755 512 3840 Imperator,
555 3759 907 3835 tamquam
954 3746 1246 3819 coeleste
1292 3746 1556 3818 donum
1596 3759 1663 3818 et
1707 3747 1797 3817 ab
1837 3747 2121 3818 interitu
2179 3746 2490 3817 alienum
2541 3769 2664 3818 su-

67 3836 463 3938 scepisset,
506 3847 573 3905 et
616 3835 980 3926 amplexus
1027 3849 1251 3920 esset,
1304 3835 1770 3924 desideriique
1833 3847 1900 3905 et
1949 3836 2110 3910 fidei
2158 3835 2503 3926 lacrymas
2567 3834 2665 3905 ef·-

68 3926 424 4006 fudisset,
475 3939 554 3994 re
606 3925 752 3994 onit
798 3925 869 3994 in
921 3925 1149 3996 medio
1188 3924 1602 4016 templorum
1656 3924 2033 4016 regalium:
2087 3924 2258 3996 adeo
2304 3937 2383 3994 ut
2422 3946 2666 3996 omnes

66 4012 469 4086 crederent
517 3946 959 4105 illumipsurn
997 4013 1240 4086 adesse
1285 4015 1689 4106 Baptistam,
1728 4015 1856 4084 etsi
1906 4014 2038 4084 sub
2071 4013 2478 4105 adspectum
2524 4034 2667 4084 non

68 4101 407 4186 caderet,
460 4114 527 4172 et
573 4123 698 4194 pro
751 4103 961 4173 ositas
993 4124 1212 4192 aquas
1257 4125 1385 4173 sua
1432 4102 1865 4174 sanctificare
1896 4102 2195 4174 dextera.
2242 4104 2420 4174 Hinc
2467 4124 2672 4174 cane-

69 4194 376 4265 bantur
410 4125 833 4283 hymnodiae
860 4191 1171 4282 spiritua,
1225 4191 1417 4262 illata
1465 4190 1734 4263 lumina
1768 4192 2108 4284 templum
2149 4192 2669 4272 illuminabant,

70 4279 438 4356 omnium
482 4281 668 4352 oculi
715 4280 803 4351 ad
853 4301 1121 4353 sacram
1151 4303 1436 4374 capsam
1470 4294 1666 4354 erant
1699 4281 1943 4374 aperti,
1995 4294 2062 4353 et
2106 4281 2446 4374 adspectu
2500 4281 2675 4352 liau-

69 4369 394 4445 riebant
428 4369 1078 4442 sanctificationem.

143 4501 178 4528 ¹·
210 4494 500 4549 Epiphania
519 4495 718 4540 nomini.
891 4535 902 4536 a
1614 4503 1621 4512 ·
2118 4505 2129 4518 ·

267 4580 529 4638 surius
543 4608 569 4626 -
593 4577 758 4641 Vitae
781 4579 891 4642 SS.
913 4608 939 4626 -
956 4578 1086 4641 Vol.
1127 4574 1286 4641 vm.
2026 4673 2045 4687 ν
2441 4580 2517 4638 47
