3308 5004
691 312 821 379 tm
1601 326 1684 376 ιε
1727 327 1786 375 s.
1837 326 2140 376 nonnum
2861 307 3042 376 Aue.
3083 307 3123 374 k

689 417 729 503 §
773 417 923 490 18.
974 417 1069 483 Eo
1123 424 1429 503 tempore
1459 466 1477 493 ,
1527 433 1667 500 quo
1726 417 1800 483 B.
1860 411 2260 482 Dominicus
2312 409 2658 482 Bononiae
2714 413 3120 492 morabatur,

601 515 749 574 erat
813 493 911 573 ibi
974 502 1297 593 Magister
1359 501 1711 573 conradus
1779 506 1987 571 Teuto
2020 554 2038 583 ,
2110 522 2315 588 quem
2385 521 2562 571 suae
2607 498 2959 571 sodalitati
3013 500 3130 570 ad*-

593 592 802 683 Jungi
861 610 1299 681 summopere
1357 591 1690 679 optabant
1754 589 2020 661 fratres.
2083 594 2350 661 Interea
2399 588 2808 660 venerabilis
2852 588 3128 676 quidam

600 680 1067 752 cisterciensis
1114 679 1410 750 instituti
1458 680 1651 750 Prior
1699 677 1857 750 illac
1888 678 2356 767 proficiscens,
2403 676 2905 772 pro'singulari
2962 679 3130 749 ami-

598 770 760 842 citia
793 823 810 854 ,
878 790 1090 858 quam
1147 790 1308 839 cum
1378 769 1575 839 beato
1639 768 1787 840 viro
1847 773 2104 839 Romae
2149 779 2623 848 contraxerat,
2694 788 2853 837 eum
2920 771 3134 838 Bono·

600 859 757 930 niae
812 858 1088 934 invisit:
1153 879 1454 944 cumque
1522 857 1746 949 pridie
1809 856 2320 945 Assumptionis
2387 856 2825 928 beatissimae
2883 857 3128 926 Mariae

598 947 690 1018 de
734 946 1146 1018 coelestibus
1191 945 1426 1017 dulcia
1475 946 1651 1016 inter
1697 967 1769 1015 se
1816 944 2161 1033 colloquia
2207 944 2580 1027 haberent,
2633 944 2892 1014 fiducia
2938 943 3135 1014 sami-

602 1036 920 1107 liaritatis
964 1035 1064 1106 ait
1108 1040 1182 1105 B.
1236 1034 1635 1106 Dominicus
1682 1034 1768 1103 ad
1817 1034 2124 1105 amicum
2157 1035 2501 1105 Priorem:
2554 1056 2594 1102 α
2635 1035 2972 1104 Confiteor
3009 1033 3135 1104 hoc

604 1126 753 1209 tibi,
809 1125 1033 1205 Prior,
1088 1146 1198 1193 me
1247 1145 1607 1211 nunquam
1671 1123 2047 1211 quicquam
2116 1123 2186 1193 in
2234 1123 2366 1194 hac
2414 1122 2552 1193 vita
2597 1123 3056 1213 postulavisse
3097 1144 3138 1192 a

604 1214 931 1295 Domine,
976 1212 1161 1302 quod
1198 1223 1329 1283 hon
1367 1235 1492 1313 pro
1539 1225 1690 1282 voto
1739 1212 2191 1302 impetrarim.
2243 1218 2373 1283 Nec
2421 1224 2649 1282 tamen
2683 1211 2753 1281 id
2787 1211 2975 1281 ullus
3007 1233 3138 1281 un-

604 1326 813 1392 quam
862 1324 945 1372 ex
985 1324 1093 1372 me
1140 1301 1436 1383 rescivit,
1485 1316 1552 1371 et
1598 1313 1674 1371 tu
1718 1323 1993 1389 quoque
2022 1300 2193 1373 illud
2231 1301 2516 1371 tacitum
2567 1299 2876 1380 habebis,
2912 1298 3138 1387 quoad

604 1405 957 1483 superstes
992 1412 1135 1461 ero.
1167 1413 1205 1457 »
1254 1390 1378 1461 Ille
1408 1389 1766 1461 admirans
1815 1405 1950 1461 tam
1987 1412 2213 1460 raram
2244 1390 2316 1459 in
2352 1403 2588 1460 sancto
2637 1390 2781 1459 viro
2815 1389 3130 1480 gratiam,

604 1479 815 1551 simul
862 1479 1068 1550 etiam
1122 1500 1257 1549 non
1295 1479 1682 1562 immemor,
1715 1501 1925 1567 quam
1956 1479 2279 1549 ardenter
2308 1493 2639 1568 cuperent
2670 1479 2915 1548 fratres
2945 1482 3140 1548 Prae-

607 1569 947 1639 dicatores
992 1568 1062 1637 in
1098 1590 1306 1638 suum
1345 1567 1902 1638 contubernium·
1930 1567 2212 1658 perduci
2265 1567 2671 1658 magistrum
2721 1566 3137 1648 conradum,

606 1658 705 1727 ait
752 1657 835 1727 ad
886 1678 1089 1727 eum:
1144 1661 1329 1749 Roga
1357 1679 1521 1748 ergo
1554 1661 1791 1738 Deum,
1832 1670 2045 1746 pater,
2081 1671 2160 1727 ut
2193 1656 2316 1727 tibi
2365 1656 2698 1747 largiatur
2729 1656 3140 1746 magistrum

608 1746 1024 1817 Conradum.
1067 1767 1273 1832 quem
1316 1746 1657 1816 intantum
1708 1758 2033 1837 expetunt
2080 1745 2321 1816 fratres
2370 1745 2621 1816 habere
2658 1744 2955 1815 socium.
3013 1749 3143 1815 Re·-

607 1835 889 1938 spondit
933 1834 1038 1904 illi
1074 1835 1174 1904 vir
1219 1835 1505 1906 beatus:
1560 1856 1597 1901 «ι
1640 1841 1833 1915 Rem,
1875 1833 2105 1915 frater,
2155 1833 2508 1904 difficilem
2561 1834 2773 1925 petis:
2810 1845 3142 1903 attamen

600 1946 667 1995 si
699 1923 899 1994 velim
935 1924 1064 1993 hac
1095 1936 1288 1994 nocte
1339 1924 1702 1994 Dominum
1754 1923 2134 2013 deprecari,
2170 1923 2256 1993 de
2288 1922 2490 1995 solita
2531 1925 2687 2012 ejus
2719 1922 3146 2012 benignitate

610 2011 785 2082 nihil
845 2012 1171 2103 ambigo,
1220 2011 1390 2100 quin
1451 2012 1539 2083 sit
1598 2025 1867 2083 nostras
1911 2011 2351 2083 admissurus
2414 2033 2670 2102 preces.
2710 2033 2750 2079 1»
2799 2010 3147 2082 Absolutis

607 2100 1045 2191 completorii
1095 2101 1439 2192 precibus,
1496 2100 1597 2169 vir
1627 2101 1744 2170 Dei
1779 2114 2135 2192 praesente
2162 2100 2393 2171 Priore
2440 2099 2560 2171 illo
2602 2112 2672 2171 et
2714 2100 3015 2181 vidente,
3076 2100 3143 2169 in

607 2190 916 2260 oratione
966 2211 1153 2259 more
1200 2212 1329 2260 suo
1377 2189 1631 2258 mansit
1675 2189 1747 2270 in
1797 2188 2084 2260 ecclesia
2135 2188 2447 2282 pervigil.
2506 2188 2957 2260 Illucescente
3003 2188 3143 2270 die,

607 2278 934 2349 fratribus
970 2279 1232 2369 primae
1283 2300 1515 2369 preces
1562 2277 2133 2368 persolventibus,
2172 2294 2237 2349 et
2267 2283 2552 2349 cantore
2585 2278 2952 2368 hymnum,
2987 2282 3150 2348 Jam

609 2369 779 2439 lucis
831 2377 972 2438 orto
1015 2369 1233 2438 sidere
1265 2422 1282 2449 ,
1335 2368 1747 2448 inchoante,
1793 2390 1951 2438 ecce
1999 2389 2249 2438 novum
2304 2387 2535 2437 revera
2583 2366 2780 2438 sidus
2828 2365 3145 2435 futurum

608 2457 938 2549 magister
977 2456 1330 2529 conradus
1360 2456 1447 2527 ad
1484 2455 1691 2548 pedes
1729 2461 1801 2527 B.
1853 2456 2186 2527 Dominici
2217 2455 2627 2537 advolvitur,
2663 2455 2944 2527 admitti.
2968 2475 3048 2525 se
3081 2455 3148 2526 in

604 2546 885 2617 fratrem
928 2547 1264 2617 instanter
1305 2558 1372 2617 et
1418 2546 1776 2617 humiliter
1805 2560 1954 2616 orat
1991 2559 2057 2617 et
2089 2547 2435 2636 impetrat.

693 2638 729 2724 ξ
770 2639 909 2709 u.
962 2640 1029 2706 Is
1064 2640 1133 2705 F.
1187 2636 1539 2707 Conradus
1570 2637 1707 2706 vita
1744 2635 2133 2726 religiosus,
2169 2634 2238 2703 in
2292 2632 2869 2726 praelectionibus
2912 2631 3154 2704 dexter

609 2737 677 2795 et
720 2725 1088 2815 gratiosuS,
1155 2736 1223 2793 et
1267 2724 1529 2795 obitum
1558 2746 1790 2806 suum,
1824 2739 1889 2794 et
1914 2724 2168 2803 locum,
2222 2723 2293 2793 in
2333 2746 2472 2812 quo
2496 2736 2673 2794 esset
2703 2722 3147 2804 decessurus,

656 2812 965 2883 raedixit.
1016 2818 1310 2898 Jamque
1372 2825 1586 2883 morte
1629 2812 2076 2892 adventante,
2143 2811 2627 2902 Parthenopoli
2684 2811 2828 2881 sive
2872 2812 3155 2914 Magde-

656 2901 811 2992 urgi
855 2901 1136 2991 degens,
1188 2901 1422 2971 Priore
1466 2913 1533 2971 et
1578 2900 1908 2971 fratribus
1960 2901 2457 2990 praesentibuS,
2511 2900 2813 2971 suaviter
2869 2902 3150 2981 cecinit,

609 2994 890 3062 Caritate
920 2991 1193 3059 Domino
1240 2991 1574 3059 canticum
1602 3013 1869 3069 novum,
1913 2991 2225 3080 alleluja.
2265 2994 2342 3057 Et
2387 3011 2548 3058 cum
2600 2988 2787 3059 aliud
2828 3010 2963 3059 non
2995 3011 3157 3080 pro-

607 3077 837 3157 ferret,
882 3077 1126 3148 fratres
1171 3076 1493 3148 dicebant
1543 3091 1802 3168 septem
1853 3078 2179 3148 Psalmo&
2233 3082 2403 3146 Tum
2454 3077 2570 3147 ille
2615 3077 2874 3168 apertis
2927 3078 3156 3149 oculis

607 3166 1181 3255 circumspiciens
1219 3188 1480 3248 omneS,
1514 3166 1729 3237 dixit:
1785 3169 2102 3238 Domt'nus
2137 3168 2492 3237 vobiscum.
2530 3167 2677 3240 Illis
2725 3167 3157 3256 responden·-

610 3254 818 3334 tibus‚
870 3260 953 3325 Ec
990 3279 1140 3325 cum
1184 3258 1432 3347 spiritu
1478 3266 1613 3337 tuo,
1668 3255 2068 3347 subjunxit:
2137 3256 2477 3325 Fidelium
2521 3260 2793 3328 animae
2843 3278 2974 3349 per
3024 3256 3158 3326 mi-

607 3344 1043 3415 sericordiam
1073 3346 1197 3414 Dei
1222 3346 1642 3428 requiescant
1674 3346 1747 3415 in
1786 3368 1976 3436 pace.
2017 3349 2279 3415 Fratres
2330 3345 2854 3435 responderunt,
2907 3349 3149 3425 Amen,

610 3444 676 3502 et
721 3445 1092 3522 coeperunt
1118 3433 1339 3524 legere
1372 3433 1680 3505 Psalmos
1725 3433 2122 3521 quindecim
2159 3433 2532 3524 graduum.
2588 3433 2713 3505 Ubi
2744 3443 3160 3504 ventum-est

610 3520 695 3591 ad
745 3543 825 3591 ea
875 3522 1077 3592 verba
1125 3521 1375 3591 Psalmi
1421 3522 1780 3614 centesimi
1815 3523 2142 3594 tricesimi
2194 3522 2424 3613 primi,
2461 3528 2645 3593 Haec
2688 3525 2955 3615 requies
2999 3546 3160 3592 mea

610 3610 683 3680 in
713 3612 1012 3680 seculum
1045 3612 1297 3681 seculi:
1349 3610 1621 3681 sublato
1679 3611 1986 3691 brachio,
2038 3624 2107 3681 et
2153 3612 2219 3681 in
2271 3612 2539 3682 coelum
2592 3612 2851 3681 intento
2901 3610 3153 3702 digito,

609 3720 728 3769 ore
754 3698 1072 3790 jucundo
1109 3712 1175 3770 et
1205 3699 1554 3770 luculenta
1601 3699 1773 3771 facie
1805 3701 2128 3791 spiritum
2164 3699 2484 3771 reddidit.
2523 3706 2692 3770 Tum
2725 3722 2883 3771 vero
2909 3721 3161 3770 omnoe

611 3809 736 3879 pro
770 3787 1145 3858 reverentia
1191 3788 1561 3859 salvatoris
1610 3789 1932 3879 prostrati
1979 3802 2163 3869 sunt,
2196 3800 2264 3858 et
2292 3788 2576 3876 quidam
2626 3810 2706 3858 ex
2736 3790 2838 3861 eis
2887 3801 3160 3858 tantam

596 3898 881 3949 sensere
940 3875 1376 3946 dulcedinem
1409 3932 1425 3959 ,
1476 3891 1809 3964 quantam
1873 3899 1997 3949 nec
2044 3878 2322 3948 credere
2354 3931 2370 3959 ,
2425 3900 2551 3947 nec
2594 3878 2980 3968 exprimere
3029 3898 3161 3967 po·

607 3978 909 4036 tnerunt.
955 3965 1068 4036 Illi
1095 3965 1301 4035 etiarn
1350 3965 1471 4054 qui
1514 3965 1825 4037 defuncti
1862 3988 2117 4057 corpus
2173 3966 2572 4047 induerunt,
2622 3967 2866 4037 miram
2914 3965 3162 4037 odoris

596 4053 1053 4146 fragrantiam
1203 4076 1501 4144 rccpere,
1613 4077 1742 4125 uae
1785 4056 1993 4126 etiam
2045 4057 2116 4126 in
2165 4055 2442 4126 illorum
2494 4055 2817 4127 manibus
2874 4055 2998 4125 diu
3047 4056 3164 4125 in·-

607 4141 848 4244 baesit.
901 4149 1065 4214 Vere
1154 4156 1340 4214 eatas
1385 4157 1453 4213 et
1505 4076 1820 4216 efficaces
1883 4145 2097 4233 patris
2142 4144 2357 4214 nostri
2405 4166 2666 4234 prece5‚
2709 4166 2887 4233 quae
2941 4143 3156 4214 talem

607 4244 868 4322 gratiae
914 4232 1162 4315 filium,
1200 4245 1266 4303 et
1296 4232 1557 4323 gloriae
1588 4232 2038 4304 cohaeredem
2084 4234 2178 4302 im
2232 4245 2453 4303 etrare
2500 4246 2926 4304 meruerunt.

699 4321 740 4408 ὃ
783 4325 927 4394 15.
977 4323 1258 4411 Recepit
1298 4334 1528 4392 autem
1580 4327 1651 4391 B.
1724 4322 2125 4394 Dominicus
2279 4322 2527 4393 noniae
2586 4323 2655 4393 in
2700 4344 2903 4392 suum
2956 4320 3166 4392 insti-

615 4421 839 4489 tutum
887 4408 1091 4479 etiam
1153 4409 1483 4481 Thomam
1523 4409 1862 4503 Apulum,
1914 4433 2120 4501 quem
2190 4423 2471 4502 propter
2523 4410 3038 4502 simplicitatem
3089 4423 3169 4480 et
