3308 5004
702 338 830 402 546
1290 353 1370 398 nn
1417 353 1470 398 s.
1528 352 1856 399 auximano
1903 352 2042 398 Ana.
2098 352 2485 399 emnium..
2832 333 3018 399 AUG.
3078 335 3184 400 20

612 461 819 527 quam
872 436 1238 507 attulerant
1285 437 1355 504 in
1409 437 1715 527 grabato.
1771 441 1846 505 In
1929 436 2215 504 flumine
2278 458 2553 524 quoque
2620 436 2966 527 praedicto
3020 442 3189 507 Μο-

614 528 780 599 sella
818 527 987 596 dum
1034 526 1121 595 ob
1171 525 1669 595 intolerabilem
1712 526 2274 595 concurrentium
2328 525 2845 595 multitudinem
2909 526 3014 594 vir
3050 527 3186 596 Dei

614 617 933 687 navicula
967 615 1344 695 veheretur,
1397 637 1580 683 unus
1627 636 1709 684 ex
1747 614 1880 694 his,
1921 614 2042 701 qui
2074 636 2315 683 curam
2358 614 2862 694 desiderabant,
2910 637 3188 685 caecus

614 705 957 776 clamabat
990 705 1059 773 in
1112 703 1327 784 litore,
1366 703 1738 774 obsecrans
1786 716 1863 773 ut
1899 704 2269 773 duceretur
2302 703 2387 771 ad
2435 726 2621 773 eum.
2676 709 2981 790 Cumque
3048 704 3185 774 ille

605 795 747 885 jam
784 792 1247 885 pertransiret,
1287 793 1579 862 audiens
1615 793 1820 862 homo
1861 793 2296 882 navigantem
2324 806 2476 883 post
2505 814 2664 862 eum
2695 792 2879 862 haud
2917 793 3183 883 procul

613 907 654 954 a
690 884 882 953 litore
951 882 1383 973 piscatorem,
1431 881 1888 951 diffibulatam
1942 882 2258 973 protinus
2305 880 2768 972 chlamydem,
2823 903 2960 968 qua
3019 894 3187 951 erat

616 986 913 1063 opertuS,
949 970 1308 1062 porrigens
1343 970 1468 1052 illi,
1510 982 1703 1060 rogat
1739 982 1818 1040 ut
1841 971 1910 1038 in
1952 969 2343 1039 naviculam
2396 971 2835 1061 reciperetur.
2872 975 3184 1040 Factum

614 1073 752 1131 est:
798 1073 863 1130 et
894 1073 968 1130 ut
1047 1060 1306 1128 ervenit
1352 1058 1438 1128 ad
1489 1073 1833 1140 sanctum,
1880 1059 2077 1147 juxta
2123 1059 2284 1128 fidei
2336 1082 2502 1131 suae
2554 1059 3124 1150 magnitudinem
3160 1116 3178 1138 ,

616 1171 867 1251 magna
919 1171 993 1218 ve
1025 1149 1266 1218 ocitate
1298 1148 1427 1217 sub
1478 1170 1688 1217 manu
1735 1148 1885 1238 ejus
1926 1148 2078 1217 visu
2129 1162 2420 1238 recept0,
2462 1149 2753 1218 miratus
2813 1147 3186 1219 clamabat

615 1260 687 1309 se
710 1239 936 1307 videre
967 1237 1198 1320 colles,
1228 1237 1455 1306 videre
1488 1236 1827 1317 nominee,
1860 1237 2086 1306 videre
2117 1238 2396 1307 arbores
2420 1249 2486 1307 et
2517 1251 2782 1307 caetera
2802 1238 3176 1308 universa.

703 1330 740 1415 ξ
786 1330 868 1398 8.
920 1326 1164 1396 Paucis
1197 1327 1283 1394 ab
1315 1326 1552 1395 eodem
1603 1326 1750 1395 loco
1802 1325 2216 1395 milliaribus
2249 1327 2457 1396 distat
2494 1328 2932 1406 coenobium,
2971 1328 3183 1413 quod

616 1416 837 1486 sancti
876 1414 1220 1485 Benedicti
1275 1415 1554 1484 nomine
1603 1428 1881 1484 vocant:
1937 1416 2055 1484 ubi
2118 1437 2290 1506 puer
2340 1415 2633 1485 claudus
2679 1428 2745 1485 et
2781 1439 2818 1485 a
2875 1417 3184 1486 renibus

617 1504 818 1585 infra,
862 1505 1052 1573 omni
1104 1526 1384 1595 prorsus
1428 1504 1893 1574 membrorum
1947 1503 2315 1574 destitutus
2347 1503 2597 1585 offici0,
2653 1505 2816 1575 solis
2874 1502 2957 1573 ad
3015 1527 3186 1574 mo-

619 1594 915 1663 vendum
962 1593 1284 1663 manibus
1317 1592 1639 1662 utebatur
1683 1605 1746 1663 et
1789 1593 2093 1674 renibuS,
2136 1593 2342 1683 pedes
2372 1608 2720 1664 emortuos
2747 1593 2957 1663 simul
2993 1617 3176 1664 cum

616 1683 806 1751 tibiis
841 1694 991 1773 post
1040 1705 1110 1752 se
1145 1682 1698 1764 trahens-Quem
1744 1704 1822 1751 ex
1863 1682 2302 1773 Burgundiae
2353 1683 2666 1772 partibus
2718 1695 2905 1774 pater
2953 1682 3180 1751 adve-

615 1783 829 1852 ctum,
884 1784 1039 1840 ante
1079 1792 1299 1840 annos
1346 1784 1641 1857 quatuor
1688 1771 1784 1840 ibi
1820 1771 2208 1858 reliquerat,
2250 1783 2315 1840 et
2358 1784 2608 1841 extunc
2647 1770 2935 1842 fratrum
2983 1770 3177 1841 elee-

623 1861 932 1949 mosynis
972 1859 1304 1928 alebatur.
1370 1865 1603 1946 Itaque
1642 1882 1801 1930 cum
1853 1860 2031 1929 beati
2080 1862 2203 1929 viri
2249 1860 2677 1931 sanctitatem
2718 1873 2785 1930 et
2844 1860 3172 1941 virtuteS,

617 1970 793 2035 quas
819 1950 1152 2019 Dominus
1181 1949 1594 2038 operabatur
1626 1949 1692 2018 in
1730 1950 1746 2016 i
1804 1971 1901 2029 SO,
1949 1971 2066 2038 per
2096 1971 2371 2019 omnem
2409 1950 2829 2040 provinciam
2867 1947 3176 2020 celebris

613 2036 797 2106 fama
871 2037 982 2106 vul
1037 2049 1200 2118 aret,
1264 2038 1664 2125 impositum
1718 2059 1760 2128 p
1792 2050 2024 2108 austro
2073 2038 2391 2107 eumdem
2446 2060 2781 2129 puerum,
2832 2037 3177 2127 praedicti

622 2126 933 2196 coenobii
1013 2139 1222 2196 ratres
1270 2126 1706 2197 adduxerunt
1738 2126 1822 2195 ad
1877 2149 2062 2207 eum,
2127 2141 2487 2217 rogantes,
2551 2140 2625 2196 ut
2673 2127 2870 2197 solita
2915 2127 3174 2216 pietate

619 2214 872 2284 misero
904 2216 1320 2285 subveniret.
1364 2216 1735 2302 Acquievit,
1781 2215 2109 2305 imposuit
2157 2238 2430 2298 manns,
2491 2217 2748 2296 oravit,
2805 2228 2871 2285 et
2917 2215 3171 2285 eadem

623 2303 788 2372 hora
830 2326 1073 2374 sanum
1127 2304 1447 2384 reddidit,
1488 2305 1699 2373 libere
1729 2316 2046 2385 stantem,
2102 2304 2310 2374 libere
2345 2305 2798 2396 gradientem.
2856 2306 3169 2392 Denique

617 2393 799 2462 sicut
830 2393 916 2462 ab
946 2393 1251 2483 ejusdem
1290 2393 1417 2463 loci
1472 2394 1722 2463 Abbate
1764 2415 1986 2482 nuper
2030 2394 2451 2483 accepimuS,
2489 2416 2709 2482 usque
2762 2394 2964 2462 hodie
3024 2392 3171 2462 fra-

617 2493 800 2551 trum
898 2506 1095 2552 ecora
1131 2482 1310 2552 idem
1349 2506 1523 2574 puer
1569 2482 1940 2552 incolumis
1975 2484 2283 2570 sequitur
2319 2495 2383 2553 et
2417 2482 2716 2556 custodit
2747 2508 2762 2547 :
2798 2495 2863 2553 et
2914 2483 2970 2554 si
3002 2484 3169 2571 quis

619 2571 792 2641 scire
887 2571 1203 2652 esiderat,
1258 2577 1559 2642 ‚loannes
1605 2584 1708 2643 est
1748 2593 1993 2641 nomen
2044 2572 2221 2659 eJuS.

705 2662 741 2747 ξ
789 2664 884 2731 9.
935 2660 1114 2730 Alter
1166 2661 1370 2730 etiam
1420 2660 1751 2741 clauduS,
1806 2661 1873 2728 in
1926 2662 2233 2751 ejusdem
2288 2662 2682 2733 monasterii
2736 2661 2989 2730 vicinia
3039 2660 3170 2731 de-

619 2771 810 2839 genS,
863 2750 1098 2818 eodem
1155 2764 1455 2838 tempore
1502 2750 1584 2819 ad
1666 2749 1993 2840 praedicti
2053 2750 2263 2840 patris
2325 2751 2545 2821 sancti
2607 2750 3166 2820 benedictionem

617 2850 903 2907 sanatus
931 2851 1053 2919 est,
1105 2850 1172 2907 et
1218 2861 1530 2928 gressum
1586 2841 1859 2929 recepit.
1920 2838 2048 2908 Sed
2097 2852 2161 2909 et
2202 2861 2411 2928 prope
2471 2845 2849 2909 Leucorum
2913 2839 3163 2909 urbem

617 2925 789 3007 locO,
842 2928 952 2996 cui
1005 2949 1249 2995 nomen
1302 2938 1405 2996 est
1431 2927 1896 3010 Gundervilla,
1931 2928 2111 2997 idem
2165 2929 2267 2997 vir
2306 2929 2415 2998 Dei
2468 2929 2841 2999 foeminam
2880 2948 3152 2997 caecam

616 3015 1034 3084 illuminavit
1080 3014 1210 3084 s'ub
1241 3016 1461 3085 oculis
1496 3017 1992 3106 plurimorum,
2036 3019 2157 3105 qui
2205 3017 2290 3087 de
2338 3029 2474 3087 tota
2523 3018 2984 3088 confluxerant
3033 3035 3152 3082 re-

613 3103 838 3203 gione.
894 3108 1242 3173 Caeterum
1290 3105 1496 3173 nimis
1543 3105 1845 3187 difficile,
1882 3119 2001 3175 aut
2037 3106 2457 3175 omnimodis
2494 3105 2916 3195 impossibile
2944 3102 3147 3183 foret,

615 3192 879 3260 itineris
930 3192 1116 3261 illius
1158 3192 1503 3283 magnalia
1553 3194 1875 3265 universa
1922 3196 2326 3283 complecti:
2380 3194 2497 3264 sed
2550 3217 2771 3282 neque
2827 3191 3163 3286 propositi

614 3281 825 3349 nostri
869 3292 992 3361 est,
1039 3280 1383 3368 ejusmodi
1418 3281 1620 3352 modo
1670 3285 1992 3374 prosequi
2042 3285 2264 3375 signa,
2295 3296 2359 3353 et
2408 3285 2777 3354 narrandis
2827 3285 3163 3353 virtutum

614 3368 938 3468 operibus
970 3391 1248 3460 operam
1300 3370 1484 3439 dare.
1541 3373 1665 3441 Hic
1714 3373 1899 3441 enim
1963 3373 2228 3443 viarum
2284 3386 2582 3453 tuarum,
2650 3386 2841 3463 pater
2895 3371 3163 3441 dulcis-

614 3479 809 3537 sime,
855 3457 1015 3528 finis
1063 3458 1326 3541 beatus,
1379 3471 1444 3529 et
1503 3459 1616 3529 hic
1658 3461 1848 3531 labor
1895 3461 2185 3532 ultimus
2245 3461 2392 3531 fuit.
2451 3468 2523 3531 In
2582 3461 2709 3532 hoc
2766 3483 2970 3551 opere
3020 3482 3163 3530 non

616 3545 850 3615 minus
897 3547 1052 3617 utili
1107 3569 1314 3634 quam
1365 3547 1668 3630 difficili,
1729 3573 1852 3620 nec
1919 3552 2153 3620 minus
2205 3550 2603 3641 desperatae
2653 3573 2863 3637 quam
2930 3571 3166 3619 neces-

610 3634 831 3705 sariae
861 3638 1050 3725 pacis
1088 3635 1355 3709 labores
1396 3649 1550 3709 tuos
1583 3639 1878 3729 gloriose
1909 3640 2299 3729 complevit,
2337 3641 2456 3727 qui
2487 3640 2854 3729 magnifice
2884 3660 3162 3729 semper

611 3723 992 3796 honestavit
1040 3739 1103 3796 te
1141 3725 1208 3794 in
1250 3725 1604 3797 laboribus
1665 3730 1823 3807 tuis,
1861 3741 1926 3797 et
1987 3741 2047 3798 te
2102 3729 2171 3797 in
2232 3752 2358 3799 suo
2411 3730 2728 3810 nomine,
2791 3742 2855 3798 et
2906 3748 3163 3797 nomen

608 3835 814 3883 suum
855 3816 920 3882 in
961 3827 1021 3884 te
1070 3814 1481 3905 glorificant,
1539 3822 1672 3887 Rex
1710 3818 1966 3908 gloriae
2009 3818 2339 3887 Dominus
2373 3823 2547 3888 Deus
2588 3831 2774 3888 tuus.

698 3904 734 3989 ξ
782 3907 938 3974 lo.
995 3908 1073 3972 Ut
1120 3903 1384 3994 expleta
1435 3907 1838 3976 Metensium
1890 3906 2468 3988 reconciliatione,
2512 3920 2576 3976 et
2622 3905 3021 4008 provinciae
3050 3903 3163 3974 illi

611 4011 780 4081 pace
843 3992 1110 4063 reddita
1143 4047 1159 4075 ,
1218 4007 1405 4082 pater
1453 4008 1735 4063 sanctus
1782 3995 1867 4063 ad
1920 3997 2409 4065 monasterium
2467 3996 2717 4076 rediit,
2790 3998 2982 4085 gravi
3031 3994 3163 4064 ad-

610 4080 894 4150 modum
937 4082 1366 4172 jamjamque
1430 4082 1814 4153 deficientis
1864 4083 2194 4173 languore
2241 4086 2551 4175 corporis
2598 4095 2981 4174 occupatus
3012 4140 3027 4164 ,
3084 4084 3159 4153 in

613 4180 798 4238 tanta
832 4182 1057 4240 tamen
1107 4171 1439 4241 suavitate
1471 4185 1535 4242 et
1573 4171 1940 4241 dulcedine
1978 4174 2266 4263 spiritus
2295 4174 2599 4261 quotidie
2643 4172 3163 4264 propinquabat

614 4256 698 4326 ad
748 4260 1001 4329 exitum
1033 4315 1047 4340 ,
1101 4261 1242 4328 acsi
1296 4274 1494 4349 portu
1544 4262 1875 4351 navigans
1909 4318 1923 4343 ,
1980 4263 2312 4352 paulatim
2381 4263 2526 4332 vela
2565 4263 2955 4352 deponeret.
3005 4261 3162 4330 Evi-

617 4344 855 4414 denter
893 4369 1167 4434 quoque
1199 4348 1526 4419 fratribus
1565 4351 1793 4438 ajebat
1826 4376 1838 4419 :
1879 4356 2120 4421 «Haec
2156 4364 2318 4421 sunt
2345 4353 2570 4434 verba,
2616 4374 2790 4440 quae
2822 4351 3162 4437 loquebar

618 4433 704 4502 ab
754 4456 893 4516 νος,
944 4458 1102 4505 cum
1159 4439 1516 4527 praeterita
1554 4439 1820 4529 hyeme,
1858 4453 2302 4532 aegrotarem,
2354 4463 2491 4511 non
2542 4442 2732 4512 vobis
2759 4461 2933 4523 esse,
2968 4439 3159 4527 quod
