3308 5004
151 339 290 413 me.
329 343 361 411 l
1066 359 1148 410 nx
1192 359 1250 407 s.
1303 357 1606 409 nonnico
2391 345 2418 410 l
2433 345 2518 411 57

146 469 175 516 a
211 446 433 516 nomino
479 445 768 536 accepit.
824 444 1036 515 Multa
1080 444 1267 514 enim
1319 442 1553 514 futura
1610 443 1950 535 praevidit
1994 443 2392 516 divinorum
2440 468 2609 517 con·-

142 527 282 607 scius
325 555 758 606 arcanorum:
820 535 1024 622 eique
1098 533 1433 604 Dominus
1490 555 1621 603 ceu
1693 532 2085 623 specialiter
2125 533 2376 605 dilecto
2421 536 2605 606 diem

134 624 307 694 obitus
343 626 443 696 sui
494 623 846 694 indicavit.
900 627 1048 707 Qua
1094 622 1282 692 enim
1332 622 1597 693 ratione
1633 622 1889 692 celaret
1914 644 2078 692 eum
2125 636 2417 694 mortem
2447 646 2606 716 pro-

168 713 322 796 riam,
365 713 479 801 qui
530 712 907 784 multorum
958 711 1257 782 aliorum
1318 734 1359 781 a
1403 732 1691 802 corpore
1756 710 2237 803 migrationem
2293 714 2358 783 ei
2422 735 2608 786 reve-

132 735 367 872 lliverat?
411 807 620 872 Erant
663 802 722 871 ei
766 801 1111 890 lacrymae
1158 800 1271 870 die
1325 822 1405 870 ac
1463 812 1662 870 nocte
1711 821 1875 891 prae
1922 800 2268 872 desiderio
2326 802 2606 873 videndi

138 888 319 960 faciem
349 891 492 961 Dei:
526 904 593 961 et
620 889 885 961 audivit
905 889 1326 960 desiderium
1362 889 1688 981 pauperis
1718 890 2076 960 Dominus.
2129 891 2364 960 Oranti
2389 892 2601 972 enim,

139 990 180 1047 et
207 979 571 1051 coelestium
622 978 1039 1081 appetitione
1087 979 1520 1049 vehementer
1550 979 1894 1049 aestuanti
1934 978 2215 1067 juvenis
2252 978 2607 1051 formosis-

139 1066 296 1138 simus
336 1069 615 1150 adstitit,
667 1081 901 1156 aitque
932 1068 1017 1138 ad
1066 1089 1268 1138 eum:
1319 1067 1486 1137 Veni
1516 1066 1768 1137 dilecte
1824 1066 1958 1135 mi:
2002 1068 2184 1147 veni,
2246 1067 2610 1160 ingredere

137 1154 181 1222 in
205 1178 328 1227 vera
362 1157 641 1249 gaudia.
692 1160 745 1228 O
793 1179 1074 1228 suavem
1130 1168 1197 1227 et
1239 1156 1432 1227 omni
1491 1155 1847 1226 charitatis
1902 1155 2273 1227 dulcedine
2380 1157 2606 1227 lenam

136 1242 260 1314 beati
300 1248 418 1316 viri
466 1247 932 1318 vocationem:
983 1267 1121 1332 qua
1152 1266 1291 1316 non
1326 1245 1411 1315 ad
1461 1245 1728 1315 caduca
1751 1257 1817 1314 et
1856 1265 2053 1326 vana,
2107 1245 2223 1314 sed
2261 1267 2302 1314 a
2389 1244 2606 1317 solida

132 1351 467 1424 semperque
513 1334 849 1406 duratura
884 1335 1147 1493 gaudia
1180 1347 1483 1404 vocatur.
1537 1339 1703 1403 Vere
1751 1333 2020 1403 felicem
2069 1333 2449 1416 hominem,
2484 1336 2608 1422 qui

130 1424 346 1507 accitus,
381 1446 516 1495 non
567 1425 761 1515 petiit
809 1424 877 1493 in
934 1425 1151 1505 uciaS,
1206 1437 1557 1510 tamquam
1589 1422 1901 1511 judicem
1951 1421 2428 1495 reformidans:
2481 1444 2608 1494 nec

128 1511 297 1583 venire
330 1513 574 1602 jussus
620 1513 703 1583 ad
763 1534 1046 1585 coenam
1100 1533 1425 1603 magnam
1475 1512 1675 1603 Agni,
1748 1533 1976 1582 moras
2024 1512 2299 1593 nexuit,
2353 1525 2607 1582 temere

125 1602 489 1672 excusando:
536 1602 654 1672 sed
691 1602 1115 1692 praecinctos
1164 1601 1425 1671 habens
1467 1600 1769 1680 lumbos,
1805 1613 1873 1671 et
1918 1599 2241 1672 lucernas
2288 1600 2608 1671 ardentes

126 1685 174 1755 in
210 1692 512 1762 manibus
559 1692 731 1773 suis,
786 1690 1095 1793 pulsanti
1140 1689 1624 1761 incunctanter
1654 1689 1948 1792 aperuit,
2003 1690 2440 1777 venientique
2481 1695 2609 1760 Do-

123 1775 263 1847 mino
314 1780 529 1851 multa
597 1780 947 1850 alacr1tate
1015 1778 1289 1850 obviam
1362 1791 1777 1869 properavit.
1843 1777 2212 1848 Gratulans
2267 1779 2499 1865 itaque
2544 1789 2612 1849 et

120 1865 321 1952 gratias
364 1890 580 1960 agens
628 1869 731 1938 vir
784 1869 901 1939 Dei
949 1867 1034 1937 de
1079 1880 1265 1938 certa
1310 1868 1780 1959 expectatione
1825 1866 2098 1938 futurae
2143 1867 2444 1958 gloriae,
2499 1868 2608 1937 in·
2645 1911 2650 1916 -

119 1951 233 2051 visit
257 1957 585 2043 quosdam
634 1978 672 2027 e
720 1958 908 2028 Clero
954 1955 1332 2039 Bononiae,
1388 1956 1767 2026 admodum
1818 1957 1955 2047 ipsi
2001 1956 2249 2027 charos
2294 1969 2358 2026 et
2407 1955 2610 2027 fami-

117 2037 314 2114 hares:
362 2067 667 2133 cumque
711 2046 797 2116 de
841 2057 1244 2135 contemptu
1306 2043 1588 2126 mundi,
1640 2057 1708 2114 et
1756 2045 1929 2115 vitae
1976 2044 2189 2135 hujus
2241 2044 2610 2136 praeterla-

114 2126 292 2203 bentis
329 2136 622 2205 vanitate
670 2157 829 2205 cum
866 2134 967 2206 eis
1012 2133 1440 2217 contulisset,
1488 2134 1765 2204 tandem
1803 2134 1905 2204 eis
1941 2133 2371 2216 valefaciens,
2411 2133 2606 2204 dixitz

115 2223 268 2315 gvos
309 2224 588 2310 quidem
636 2223 1033 2295 charissimi
1102 2245 1290 2293 nunc
1350 2245 1459 2293 me
1500 2244 1748 2294 sanum
1800 2222 2084 2293 videtis:
2125 2222 2243 2294 sed
2292 2244 2420 2315 ego
2453 2234 2613 2293 ante

110 2304 260 2377 illam
306 2312 822 2383 celeberrimam
902 2310 1343 2383 beatissimae
1404 2312 1637 2382 Matris
1685 2311 1801 2380 Dei
1862 2312 2410 2402 assumptionem
2447 2366 2464 2394 ,
2524 2310 2611 2381 ad

110 2396 428 2471 Dominum
465 2401 897 2492 proficiscar.
920 2427 941 2462 n

172 2488 343 2559 Lma
388 2495 461 2560 V.
516 2493 552 2577 ξ
600 2496 676 2564 1.
731 2495 1099 2576 Postquam
1139 2487 1501 2560 absolutus
1526 2487 1657 2560 fuit
1684 2486 2035 2559 secundus
2065 2488 2410 2580 generalis
2442 2492 2615 2559 Con-

108 2576 303 2648 ventus
347 2579 491 2650 sive
541 2579 957 2680 Capitulum,
1005 2581 1246 2649 beatus
1294 2578 1699 2649 Dominicus
1747 2578 2174 2668 Hugolinum
2227 2579 2613 2649 Ostiensem

108 2660 506 2768 Episcopum,
541 2690 661 2754 qul
685 2680 832 2738 tum
862 2666 1049 2758 apud
1076 2667 1406 2737 Insubres
1436 2667 1499 2737 le
1547 2680 1705 2737 atus
1744 2681 1889 2736 erat
1922 2665 2272 2737 Pontificis
2308 2666 2609 2748 Maximi,

110 2769 200 2836 pro
265 2776 411 2845 ejus
487 2777 744 2838 amore,
795 2767 862 2825 et
910 2756 1335 2846 promotione
1404 2759 1493 2826 Or
1545 2756 1682 2825 inis
1748 2755 1858 2825 sui
1935 2754 2191 2825 invisit.
2248 2761 2615 2826 Revertens

108 2852 289 2912 autem
336 2845 424 2915 ab
479 2845 598 2915 illo
647 2845 780 2915 sub
853 2845 1057 2915 finem
1111 2845 1371 2915 mensis
1414 2845 1628 2926 sulii,
1684 2844 2062 2913 Bononiam
2127 2844 2327 2914 valde
2388 2843 2616 2914 fessus

110 2930 266 3000 venit.
316 2938 480 3005 Erat
510 2933 696 3003 enim
729 2933 1279 3004 ferventissimus
1327 2946 1585 3015 aestus,
1641 2945 1709 3002 et
1769 2931 2077 3003 laborem
2127 2934 2397 3003 itineris
2461 2954 2618 3023 per-

109 3017 423 3092 molestum
454 3035 875 3113 susceperat.
906 3023 1188 3092 Interim
1222 3043 1358 3092 non
1402 3022 1637 3092 habita
1666 3022 1816 3110 ejus
1850 3022 2284 3093 lassitudinis
2321 3022 2609 3103 ratione,

111 3123 221 3174 cum
264 3112 496 3182 Priore
543 3111 817 3189 domus,
854 3111 977 3198 qui
1012 3116 1309 3181 Ventura
1356 3110 1740 3193 dicebatur,
1793 3122 1859 3180 et
1905 3132 2066 3181 cum
2121 3114 2191 3179 F.
2246 3110 2618 3202 Rudolpho

112 3210 280 3292 usque
326 3199 394 3270 in
448 3212 721 3270 noctem
763 3199 848 3270 de
895 3212 1078 3270 statu
1123 3211 1189 3269 et
1236 3199 1445 3270 rebus
1493 3199 1774 3270 Ordinis
1848 3199 2279 3286 loquebatur.
2335 3200 2445 3270 Illi
2492 3222 2617 3270 cu-

111 3277 279 3355 bitum
317 3288 509 3369 ituri,
567 3290 902 3359 instanter
947 3289 1259 3369 orabant,
1300 3300 1381 3360 ut
1427 3288 1621 3358 daret
1671 3288 1980 3359 membra
2029 3287 2209 3360 fessa
2255 3289 2494 3376 quieti,
2548 3301 2615 3358 et

116 3376 418 3448 matutinis
471 3378 795 3469 precibus
841 3398 978 3447 non
1029 3379 1408 3448 interesset.
1463 3377 1591 3447 Sed
1647 3377 1764 3446 ille
1815 3377 2139 3468 precibus
2185 3400 2424 3448 eorum
2474 3399 2612 3447 non

117 3464 530 3555 acquiescens,
577 3466 647 3535 in
698 3465 1058 3539 ecclesiam
1100 3488 1174 3536 se
1205 3465 1519 3548 contulit,
1557 3477 1622 3535 et
1656 3487 1843 3536 more
1889 3489 2018 3537 suo
2065 3466 2209 3537 illic
2261 3478 2616 3556 pernocta-

120 3560 431 3649 '¹13atque
489 3555 696 3625 etiam
736 3553 822 3624 ad
876 3555 1243 3625 matutinas
1293 3576 1528 3645 preces
1575 3555 1781 3624 venit.
1852 3556 1946 3626 Iis
2001 3555 2363 3637 absolutiS,
2444 3555 2618 3625 dixit

124 3635 298 3733 Priori,
344 3666 425 3741 se
468 3643 703 3714 dolere
749 3656 980 3734 caput.
1035 3644 1203 3714 Inde
1246 3656 1391 3714 tum
1420 3643 1646 3734 coepit
1682 3644 2044 3734 perspicue
2091 3643 2406 3715 laborare
2435 3665 2617 3714 mor-

123 3716 492 3818 {aquibus
536 3754 619 3802 ex
669 3731 800 3802 hac
839 3731 975 3802 vita
1009 3732 1405 3804 subtractus
1433 3746 1558 3802 est.
1614 3732 1743 3803 Sed
1794 3732 1953 3803 licet
1998 3733 2099 3803 illi
2131 3756 2259 3804 sua
2290 3744 2616 3823 caperent

126 3827 514 3902 met-emaum,
552 3833 776 3892 mente
807 3821 1285 3902 confirmatus,
1326 3821 1578 3912 spiritu
1603 3820 2146 3894 Deoindefessus
2171 3821 2611 3902 adhaerebat,

132 3906 253 3993 ,mna
292 3910 521 3980 animi
554 3909 910 3980 tolerantia
933 3932 1052 3981 eas
1098 3911 1410 4002 corporis
1444 3910 1795 3981 molestias
1830 3910 2201 4001 perferens,
2236 3922 2314 3981 ut
2347 3931 2619 4001 semper

126 3997 413 4090 Juepndus
461 4012 530 4069 et
576 3999 818 4068 hilaris
863 4012 1249 4090 appareret,
1302 4000 1575 4070 tametsi
1613 4021 1774 4070 eum
1817 4012 1882 4070 et
1927 3999 2324 4070 exhauriret
2363 3998 2619 4089 dysen-

136 4083 257 4168 lfflfl,
286 4100 351 4157 et
397 4087 615 4158 febris
666 4101 1001 4160 exureret.
1056 4087 1293 4159 Sciens
1360 4099 1589 4161 autern
1653 4110 1693 4158 e
1742 4089 2132 4179 propinquo
2181 4088 2423 4158 mortis
2485 4087 2618 4158 sibi

134 4172 426 4247 munnere
459 4176 671 4259 diem,
713 4177 922 4267 jussit
971 4176 1263 4247 novitios
1318 4177 1407 4249 ad
1458 4201 1532 4248 se
1569 4177 1851 4249 adduci.
1895 4183 2024 4247 Eos
2073 4190 2469 4269 praesentes
2514 4198 2620 4248 se-

134 4266 463 4359 {euqvultu
510 4265 810 4348 intuens,
841 4266 928 4336 ad
976 4287 1283 4337 amorem
1340 4268 1457 4337 Dei
1504 4280 1570 4338 et
1605 4267 1909 4347 Ordinis,
1963 4266 2047 4336 ad
2099 4266 2527 4336 devotionem
2554 4280 2623 4338 et

130 4354 352 4441 lssssluti
404 4355 771 4426 monastici
801 4356 1308 4426 observantiam
1338 4355 1567 4428 verbis
1594 4356 2011 4448 gratissimis
2059 4355 2431 4426 invitabat:
2470 4378 2618 4426 mo-

127 4446 274 4519 mque
317 4465 449 4515 suo
495 4454 857 4518 contentus
891 4467 1113 4529 sacco,
1151 4445 1362 4516 etiam
1402 4455 1541 4516 tam
1581 4445 1836 4518 afflicta
1871 4444 2260 4518 valetudine
2291 4444 2515 4517 noluit
2545 4446 2618 4516 in
