3308 5004
692 290 821 356 330
1578 303 1659 351 mt·
1705 303 1763 352 s.
1814 300 2179 353 Ammasu
2826 286 3011 352 AUG.
3072 286 3154 352 ss

600 396 911 479 Cumque
948 390 1296 469 exiissent,
1371 388 1441 456 in
1482 386 1727 458 faciem
1779 388 2226 470 ceciderunt,
2280 399 2346 458 et
2403 387 2751 459 ululatum
2815 409 3155 479 magnum

600 481 1012 560 emittenteS,
1066 478 1200 549 sibi
1261 498 1496 566 preces
1554 498 1596 546 a
1641 487 1881 548 sancta
1929 477 2217 547 muliere
2275 476 2620 568 impartiri
2683 476 3149 567 postularunt.

603 568 731 639 Illa
781 590 934 639 vero
982 567 1309 638 omnibus
1365 564 1646 653 quidem
1727 568 1981 656 pariter
2028 567 2202 636 bene
2270 579 2548 657 precata
2591 578 2743 636 est:
2811 567 3154 636 Marinam

603 670 831 728 autem
879 669 945 727 et
974 654 1427 747 Euphrasiam
1458 653 1648 723 ulnis
1696 655 1845 726 suis
1868 654 2224 727 honoratis
2261 677 2371 724 am
2431 655 2614 725 lexa:
2660 660 2844 735 «En,
2896 654 3151 742 inquit,

603 767 873 818 sorores
920 767 1109 814 meae
1155 743 1468 823 dilectae,
1520 764 1601 813 ex
1642 742 1771 812 hoc
1818 743 1974 834 ipso
2020 744 2131 814 die
2177 765 2221 813 a
2266 765 2355 814 no
2410 744 2468 815 is
2522 765 2978 833 separamur:
3030 741 3155 812 sed

604 836 676 904 in
725 834 956 904 futuro
988 833 1110 903 illo
1157 832 1390 903 seculo
1423 853 1671 902 rursus
1704 853 1831 901 nos
1853 838 2031 903 Deus
2059 833 2476 922 conjunget:
2520 832 2632 902 det
2679 844 2906 902 autem
2958 830 3158 901 vobis

604 945 872 1014 pacem,
924 922 1327 992 charitatem
1379 931 1445 990 et
1476 920 1944 1002 concordiam,
1997 934 2063 992 et
2110 920 2395 1011 impleat
2425 943 2543 991 vos
2577 920 2903 991 omnibus
2952 919 3158 991 bonis

603 1013 825 1083 suis.»
875 1016 1057 1081 Haec
1105 1022 1170 1080 et
1216 1010 1352 1079 alia
1400 1030 1562 1079 cum
1624 1008 1930 1091 dixisset,
1982 1010 2135 1100 ejus
2180 1008 2393 1083 facies
2439 1009 2659 1079 instar
2707 1008 2997 1080 luminis
3052 1006 3156 1078 ef·

603 1100 821 1183 fulsit,
876 1100 970 1170 ita
1004 1113 1081 1169 ut
1126 1099 1247 1186 qui
1295 1097 1383 1168 ad
1432 1117 1584 1167 eam
1624 1097 1992 1169 videndam
2047 1120 2127 1169 eo
2176 1110 2522 1180 venerant,
2576 1097 3035 1168 admiratione
3093 1107 3159 1166 et

604 1201 884 1282 stupore
924 1187 1386 1259 afficerentur.

692 1282 729 1367 ἓ
774 1284 927 1352 16.
980 1276 1321 1360 Quoniam
1371 1295 1530 1344 vero
1576 1273 1726 1343 dies
1755 1272 1971 1346 festus
2019 1274 2278 1356 aderat,
2331 1297 2470 1362 quo
2518 1274 3000 1346 sanctissimae
3038 1272 3158 1343 Dei

605 1366 960 1469 genitricis
1006 1363 1400 1454 Assumptio
1440 1361 1849 1443 celebratur,
1903 1385 2145 1435 omnes
2194 1365 2295 1434 sic
2342 1364 2766 1434 admonens:
2828 1361 3154 1441 «Videte,

603 1456 857 1542 lnquit,
915 1475 999 1523 ne
1044 1452 1210 1540 quid
1253 1474 1492 1523 eorum
1540 1473 1720 1539 quae
1766 1451 1850 1521 ad
1901 1451 2083 1522 diem
2133 1452 2385 1525 festum
2436 1453 2782 1543 pertinent
2825 1450 3156 1521 infectum

605 1543 1204 1646 praetermittatis:
1255 1542 1487 1628 itaque
1518 1553 1585 1610 et
1624 1539 2054 1631 psalmorum
2088 1541 2428 1623 ordinem,
2466 1552 2533 1611 et
2578 1541 3045 1612 ministerium
3088 1538 3156 1606 in

608 1653 797 1724 ipsos
842 1644 1117 1722 egentes
1157 1651 1282 1721 pro
1319 1629 1587 1700 viribus
1624 1628 1991 1720 diligenter
2037 1630 2512 1718 exequamini:
2564 1628 2816 1699 deinde
2865 1640 3019 1719 post
3052 1625 3157 1694 di-

607 1723 847 1791 vinum
899 1719 998 1790 rei
1038 1741 1270 1791 sacrae
1319 1718 1784 1789 ministerium
1835 1717 2101 1788 humile
2161 1719 2292 1788 hoc
2350 1739 2606 1808 corpus
2655 1740 2886 1788 meum
2943 1731 3157 1787 terrae

608 1808 1022 1880 mandetis»
1057 1813 1238 1878 Haec
1283 1829 1445 1877 cum
1495 1807 1999 1898 praecepisset,
2047 1819 2115 1877 et
2151 1807 2329 1878 duas
2376 1827 2665 1887 sororeS,
2721 1827 2898 1893 quas
2945 1826 3157 1897 supra

608 1897 936 1980 diximus,
989 1896 1376 1986 amplexata
1423 1909 1623 1976 esset,
1672 1896 1742 1965 in
1796 1917 1966 1986 pace
2010 1895 2338 1966 dormivit
2381 1919 2463 1965 ac
2511 1895 2887 1982 requievit:
2943 1894 3037 1963 ita
3083 1905 3157 1962 ut

607 1987 726 2073 qui
776 2008 926 2055 eam
969 1984 1310 2066 viderunt,
1361 1984 1720 2056 communi
1770 2006 2015 2054 somno
2077 1984 2496 2072 requievisse
2540 1985 2940 2064 crederent,
2995 2002 3153 2051 nam

608 2096 725 2145 ore
771 2086 974 2161 atque
1005 2072 1242 2144 -oculis
1274 2072 1559 2151 clausis,
1612 2073 1902 2143 minime
1933 2073 2036 2142 illi
2084 2095 2261 2165 opus
2293 2072 2446 2155 fuit,
2499 2073 2621 2160 qui
2669 2073 2837 2142 haec
2874 2072 3156 2141 honeste

606 2175 1070 2255 componeret.
1104 2168 1181 2232 At
1228 2183 1520 2241 sorores,
1576 2161 1663 2230 ad
1713 2174 1986 2232 sanctas
2031 2162 2183 2252 ejus
2232 2161 2563 2248 reliquias
2601 2183 2674 2231 se
2720 2160 3150 2249 abjicientes,

609 2265 673 2322 et
713 2273 908 2323 suam
943 2251 1304 2322 orbitatem
1354 2250 1837 2341 deplorantes:
1877 2255 2217 2333 Quonam,
2263 2251 2613 2339 inquiunt,
2656 2271 2843 2319 nunc
2891 2248 3147 2328 abiisti,

611 2353 829 2410 mater
876 2353 1113 2410 nostra
1157 2353 1419 2420 sancta,
1471 2351 1537 2409 et
1574 2338 2122 2425 immortalitatis
2168 2360 2554 2430 cognomen
2614 2338 2928 2408 habens?
2976 2342 3157 2420 Quo-

610 2429 815 2500 modo
854 2451 979 2499 nos
1018 2430 1115 2499 ita
1159 2427 1365 2500 orbas
1412 2427 1865 2515 dereliquisti,
1918 2450 1955 2497 e
2006 2440 2236 2500 nostro
2273 2438 2650 2519 conspectu
2695 2427 3158 2496 evanescens?

612 2519 903 2589 Ubinam
958 2518 1239 2608 posthac
1270 2517 1656 2608 angelicam
1701 2517 1947 2587 faciem
1999 2530 2185 2589 tuam
2219 2518 2343 2588 ads
2399 2515 2893 2589 iciemusYUbi
2925 2536 3156 2586 vocem

610 2607 799 2677 illam
852 2620 1039 2677 tuam
1090 2606 1484 2688 audiemuS,
1527 2628 1667 2693 qua
1715 2618 1950 2676 nostra
1998 2605 2209 2676 corda
2262 2628 2342 2676 ex
2399 2606 2757 2686 ilar-entur,
2798 2617 2865 2674 et
2899 2604 2988 2673 ad
3039 2603 3157 2701 δοῖ

611 2718 858 2766 norum
910 2717 1199 2787 operum
1258 2695 1489 2765 studia
1541 2695 1976 2764 excitentur?
2039 2695 2432 2765 Extinctum
2501 2707 2603 2764 est
2679 2705 2954 2764 nostrae
3012 2714 3157 2783 spei

608 2783 1017 2854 fomentum.
1070 2789 1171 2853 Tu
1219 2805 1406 2853 nunc
1452 2782 1739 2864 dormiS‚
1784 2795 1851 2852 et
1883 2804 2007 2852 nos
2064 2783 2135 2851 in
2186 2783 2514 2874 segnitia,
2575 2781 2764 2852 velut
2818 2794 3152 2860 mortuae,

605 2873 945 2960 jacemus.
999 2877 1141 2942 Non
1196 2870 1502 2961 amplius
1547 2883 1611 2941 te
1660 2870 2024 2941 nobiscum
2073 2875 2217 2941 una
2265 2882 2649 2942 versantem
2698 2870 3152 2941 habebimus:

610 2960 816 3050 elegit
860 2960 1046 3029 enim
1089 2972 1152 3029 te
1169 2960 1537 3054 ⁸Dominus,
1579 2959 1764 3029 etad
1809 2959 2203 3028 mansiones
2244 2959 2401 3031 illas
2438 2972 2750 3030 aeternas
2796 2958 3086 3029 vocavit.

700 3052 834 3121 12.
889 3053 1057 3118 Cum
1100 3048 1267 3117 haec
1300 3061 1364 3117 et
1393 3048 1503 3118 his
1542 3047 1801 3118 similia
1841 3047 2252 3118 lamentatae
2303 3046 2619 3130 fuissent,
2650 3059 2717 3117 et
2747 3059 3154 3119 consuetum

611 3135 820 3206 officii
869 3157 1202 3206 canonem
1244 3136 1314 3204 in
1362 3157 1444 3205 ea
1489 3135 2037 3225 complevissent,
2090 3150 2243 3236 post
2290 3137 2779 3226 mysteriorum
2828 3148 3150 3226 tempus,

615 3246 892 3294 sacrum
943 3223 1116 3293 illud
1165 3245 1420 3312 corpus
1467 3224 1538 3293 in
1589 3223 1838 3295 loculis
1884 3229 2289 3315 repositum,
2347 3225 2418 3295 in
2469 3239 2652 3296 terra
2697 3236 3157 3316 congruenter

613 3311 1098 3382 condiderunt.
1152 3317 1338 3395 Quae
1386 3333 1544 3381 vero
1592 3312 1844 3383 mulier
1891 3314 1960 3382 in
2037 3314 2190 3404 ejus
2244 3312 2473 3384 locum
2517 3314 2893 3394 successit,
3002 3332 3158 3402 rope

615 3400 1015 3491 sepulcrum
1071 3422 1508 3491 permanens,
1564 3422 1784 3488 neque
1832 3414 2030 3472 nocte
2060 3424 2283 3489 neque
2330 3402 2443 3472 die
2489 3400 2683 3472 illinc
2732 3401 2924 3473 disce
2976 3402 3151 3478 ebat,

617 3489 1035 3579 lacrymanS,
1088 3502 1153 3559 et
1204 3488 1401 3559 beata
1451 3489 1569 3558 illa
1615 3488 1917 3561 foemina
1967 3513 2039 3561 se
2084 3493 2393 3561 orbatam
2459 3491 2733 3582 lugenS.
2787 3491 2909 3561 Cui
2957 3491 3157 3560 Atha-

614 3579 806 3648 nasia
860 3579 929 3646 in
973 3578 1237 3647 somnis
1285 3600 1665 3668 apparens:
1736 3584 1915 3659 Esto,
1982 3579 2230 3666 inquit,
2284 3580 2466 3650 bono
2513 3579 2785 3660 anim0,
2832 3592 2922 3648 ·et
2979 3590 3157 3649 certo

614 3667 759 3737 fore
790 3667 983 3748 scito,
1033 3678 1134 3748 ut,
1187 3666 1548 3755 completis
1580 3668 2043 3758 quadraginta
2090 3668 2339 3738 diebus
2373 3680 2524 3758 post
2563 3689 2797 3737 meum
2846 3667 3154 3746 obitum,

613 3756 947 3847 recipiam
1012 3755 1194 3841 quod
1247 3778 1288 3825 a
1355 3761 1487 3826 Deo
1547 3756 1698 3846 ipso
1746 3769 2106 3858 receptura
2154 3778 2336 3826 sum.
2389 3762 2569 3826 Haec
2616 3756 2832 3847 igitur
2874 3777 3039 3826 cum
3092 3755 3157 3825 in

615 3846 881 3918 somnis
941 3844 1244 3926 vidisset,
1295 3858 1688 3934 experrecta
1742 3845 2145 3926 dubitabat,
2211 3844 2545 3932 quidnam
2595 3844 2726 3915 hoc
2767 3845 2991 3915 visum
3026 3897 3047 3925 ,
3101 3856 3162 3912 et

616 3946 892 4004 sanctae
924 3932 1236 4006 mulieris
1269 3935 1554 4004 verbum
1584 3934 2028 4025 significaret.
2068 3938 2374 4020 Cumque
2406 3932 2988 4023 quadragesimus
3018 3933 3160 4003 dies

614 4024 936 4103 venisset,
1000 4044 1313 4110 quaeque
1391 4044 1657 4093 sorores
1725 4022 2218 4092 monasterium
2288 4022 2738 4102 habitabant,
2793 4021 2862 4090 id
2911 4020 3158 4091 oblitae

612 4111 722 4200 (ut
769 4132 970 4200 saepe
1002 4133 1137 4181 usu
1174 4111 1445 4192 evenire
1492 4109 1884 4200 soleo-post
1914 4111 2091 4180 duos
2130 4111 2278 4179 dies
2308 4109 2510 4181 illum
2542 4110 3155 4201 quadragesimum

618 4198 801 4268 diem
849 4200 1161 4270 futurum
1197 4200 1691 4278 existimarent,
1723 4200 1874 4289 eJ‘us
1908 4199 2043 4269 diei
2080 4220 2382 4289 vespere,
2419 4199 2661 4280 sorori,
2693 4221 2871 4286 quae
2920 4220 3160 4291 supra-

619 4286 802 4355 dicta
831 4301 955 4366 est,
996 4293 1068 4356 B.
1106 4288 1475 4358 Athanasia
1508 4310 1579 4357 se
1611 4288 1939 4357 offerens:
1986 4292 2141 4368 Cur,
2176 4287 2422 4374 inquit,
2461 4287 2556 4357 ita
2587 4287 3158 4377 quadragesimos

621 4373 768 4443 dies
818 4397 1004 4445 meos
1047 4375 1442 4466 neglexisti,
1500 4399 1720 4464 neque
1766 4399 1942 4464 quae
2001 4377 2086 4446 ad
2140 4397 2520 4467 pauperum
2571 4375 3151 4470 distributionem,
