3308 5004
720 331 805 395 58
968 340 975 347 ⁴
1205 349 1284 395 nn
1330 347 1389 395 s.
1438 347 1864 395 mnazwomo
1910 345 2343 395 wmronmnst
2391 344 2592 396 nrisc.
2879 326 3055 394 AUG.
3103 327 3126 393 l

634 432 982 524 proposito
1032 433 1517 522 perseveretis:
1579 454 1720 520 quo
1772 454 1889 523 per
1937 431 2225 523 gratiam
2299 430 2410 501 Dei
2479 429 2752 521 possitis
2806 431 2873 499 in
2920 451 3137 500 eorum

635 543 923 591 numero
961 521 1373 622 computari,
1426 521 1543 608 qui
1583 521 1778 603 mihi,
1834 522 1990 590 licet
2038 519 2180 589 indi
2241 542 2350 599 no,
2396 519 2747 589 commissi
2793 531 3020 589 sunt.»

720 613 757 698 ξ
808 615 945 683 15.
999 610 1181 681 Obin
1226 622 1509 679 sanctus
1541 611 1920 700 Episcopus
1968 609 2168 681 Calcn
2227 609 2282 677 is
2330 609 2641 700 Augusti,
2694 630 2871 677 anno
2919 606 3143 676 salutis

633 700 1156 790 nongentesimo
1200 698 1888 790 octogesimoquartO,
1940 698 2390 790 Episcopatus
2424 698 2533 768 sui
2574 697 3137 783 vicesimoquarto‚

634 800 964 879 regnante
1019 786 1379 857 Ethelredo
1429 793 1632 877 Rege.
1698 792 1958 877 Corpus
2003 788 2153 878 ejus
2216 786 2444 856 subita
2517 786 2986 855 immutatione
3032 783 3145 853 suit

633 890 1059 957 renovatum,
1097 876 1309 947 lacteo
1335 875 1632 946 candore
1661 875 2038 966 perfusum,
2067 897 2394 963 roseoque
2426 875 2674 945 rubore
2705 886 3138 952 venustatum,
3240 867 3251 884 '

631 964 723 1034 ita
771 977 850 1035 ut
893 964 1405 1053 quodammodo
1466 966 1817 1055 septennis
1869 966 2059 1055 pueri
2112 963 2373 1033 vultum
2421 986 2581 1054 prae
2635 985 2706 1033 se
2744 962 2914 1032 ferre
2977 960 3146 1031 vide-

634 1068 842 1124 retur.
880 1060 993 1125 Est
1038 1069 1265 1124 autem
1313 1053 1692 1124 wintoniae
1742 1054 1807 1122 in
1853 1054 2097 1124 veteris
2146 1054 2543 1122 monasterii
2591 1066 2832 1143 crypta
2886 1050 2964 1121 ad
3028 1055 3144 1119 Au-

630 1142 904 1213 stralem
958 1143 1176 1214 sancti
1212 1142 1449 1212 altaris
1498 1142 1799 1233 plagam,
1854 1143 2035 1212 sicut
2066 1140 2229 1211 olim
2272 1141 2559 1212 caelitus
2601 1141 2661 1211 ei
2715 1152 3143 1210 monstratum

631 1232 875 1314 fuerat,
918 1253 1245 1322 perquam
1301 1230 1678 1301 honorilice
1727 1230 2170 1300 tumulatum.

718 1323 754 1408 ξ
802 1327 950 1394 Ιθ.
1003 1324 1194 1389 Anno
1233 1320 1321 1389 ab
1369 1320 1561 1389 obitu
1610 1341 1735 1390 suo
1774 1319 2185 1389 duodecimo
2237 1318 2516 1388 cuidam
2564 1340 2767 1388 caeco
2816 1316 3140 1408 apparuit,

633 1410 1087 1500 praecipiens,
1133 1420 1210 1477 ut
1257 1408 1384 1477 iret
1429 1408 1870 1489 wintoniam,
1924 1408 2007 1477 ad
2069 1408 2291 1498 ipsius
2340 1407 2647 1477 tumbam
2703 1407 2923 1478 visum
2975 1426 3144 1474 recu·

632 1509 1039 1588 paraturus:
1093 1496 1540 1583 addiditque:
1620 1502 1708 1566 Ea
1760 1501 1968 1567 causa
2020 1508 2080 1564 te
2147 1518 2333 1566 nunc
2382 1497 2644 1577 inviso,
2698 1508 2764 1565 et
2823 1517 2993 1583 quae
3039 1491 3150 1562 tibi

630 1599 960 1655 eventura
1008 1600 1193 1667 sunt,
1249 1586 1591 1676 praedlc0‚
1637 1600 1716 1656 ut
1760 1599 1916 1655 tuae
1957 1583 2200 1655 salutis
2249 1586 2554 1676 signum,
2596 1584 2663 1653 id
2714 1585 3034 1655 omnibus
3068 1594 3150 1650 te·

632 1686 885 1744 statum
934 1674 1222 1755 efficiat,
1266 1676 1449 1762 quod
1513 1687 1819 1764 oporteat
1869 1696 1975 1743 me
2022 1673 2269 1743 elevari
2332 1675 2419 1744 ab
2465 1695 2544 1742 eo
2593 1673 2863 1743 tumulo
2914 1673 2980 1741 in
3027 1690 3150 1758 quo

634 1785 821 1833 nunc
847 1762 1165 1833 conditus
1195 1786 1375 1832 sum.
1415 1764 1688 1834 Dicente
1727 1785 1951 1845 caecO,
1989 1785 2059 1832 se
2090 1762 2316 1832 locum
2363 1762 2638 1831 tumbae
2685 1763 2838 1833 e'us
2881 1760 3146 1835 nescire,

635 1856 924 1923 Sanctus
973 1853 1361 1942 respondit:
1418 1858 1581 1922 Cum
1633 1875 1714 1922 eo
1764 1852 2064 1933 veneriS,
2121 1853 2537 1922 monachum
2591 1785 3018 1921 Wulstanum
3076 1844 3151 1916 ad

636 1954 696 2010 te
742 1940 950 2011 acciri
1002 1962 1238 2011 cures:
1291 1942 1408 2028 qui
1484 1941 1599 2010 ubi
1662 1946 1863 2010 verba
1924 1955 2036 2010 tua
2087 1940 2406 2021 audierit,
2464 1962 2616 2009 mox
2666 1940 2754 2009 ad
2810 1961 3031 2009 meum
3100 1948 3155 2004 te

632 2029 926 2100 adducet
975 2030 1398 2119 sepulcrum,
1442 2042 1506 2098 et
1536 2029 1628 2098 ibi
1659 2029 2100 2120 recuperabis
2139 2030 2476 2107 amissum
2523 2028 2784 2098 lumen.
2824 2028 3000 2097 Fecit
3028 2024 3150 2102 ille,

632 2132 708 2187 ut
760 2132 905 2187 erat
940 2119 1205 2209 jussuS‚
1272 2132 1336 2188 et
1386 2120 1646 2209 integra
1701 2131 2096 2209 recuperata
2147 2118 2472 2199 sanitate,
2541 2117 2622 2186 ad
2677 2140 2806 2187 sua
2860 2134 3154 2185 reversus

631 2221 756 2278 est.
796 2206 1225 2277 Translatum
1262 2218 1488 2276 autem
1549 2222 1647 2276 est
1712 2230 1965 2298 corpus
2013 2208 2193 2277 beati
2251 2207 2377 2276 viri
2426 2211 2466 2276 4
2518 2206 2682 2277 Idus
2734 2204 3149 2280 Decembris,

631 2309 698 2365 et
748 2296 812 2364 in
865 2296 1073 2365 choro
1120 2295 1448 2365 ecclesiae
1510 2297 1912 2386 repositum,
1966 2296 2088 2365 ubi
2135 2296 2288 2382 ejus
2337 2296 2600 2365 meritis
2655 2317 2878 2383 usque
2927 2294 2994 2362 in
3044 2291 3156 2361 ho·
3267 2298 3268 2385 J

633 2384 955 2453 diernum
1011 2384 1190 2453 diem
1247 2385 1462 2454 multa
1516 2390 1688 2454 Deus
1745 2385 2074 2454 miracula
2137 2385 2380 2453 effecit.
2435 2390 2610 2454 Puer
2676 2383 2962 2471 quidam
3017 2401 3155 2471 par·

632 2472 835 2543 vulus
882 2472 951 2543 in
1004 2473 1290 2543 infantia
1344 2473 1701 2545 oculorum
1755 2474 2019 2545 lumine
2079 2473 2396 2544 orbatus,
2450 2496 2609 2543 cum
2659 2473 2750 2543 ad
2802 2470 3015 2544 sancti
3066 2488 3159 2538 se·

633 2562 952 2653 pulcrum
990 2576 1166 2635 esset
1213 2563 1579 2642 adductus,
1639 2586 1793 2634 mox
1823 2563 2114 2654 depulsa
2148 2575 2250 2632 est
2288 2562 2512 2654 caligo
2549 2564 2806 2644 omnis,
2840 2575 2905 2631 et
2937 2558 3159 2631 oculos

630 2653 782 2742 ejus
831 2651 1159 2740 splendor
1191 2652 1370 2722 lucis
1416 2652 1713 2742 aperuit.

719 2741 934 2827 §12
1012 2746 1254 2811 Furem
1335 2741 1705 2829 quemdam
1758 2740 1844 2810 ob
1922 2739 2341 2830 multiplices
2406 2738 2651 2829 culpas
2701 2743 2769 2809 S.
2831 2738 3163 2840 Elphegus

631 2830 1016 2919 Episcopus
1077 2829 1369 2917 flagellis
1415 2851 1720 2910 caesum,
1792 2830 1996 2918 cippo
2058 2829 2440 2919 constringi
2496 2828 2735 2918 jussit,
2791 2827 3164 2897 acrioribus

633 2916 998 3006 suppliciis
1046 2918 1531 2988 cruciandum.
1568 2923 1731 2988 Cum
1786 2918 1885 2986 sic
1932 2941 2006 2987 er
2055 2938 2094 2986 o
2123 2918 2246 2986 diu
2277 2916 2392 2986 ille
2431 2917 2756 2987 'acuisset
2793 2918 2863 2985 in
2912 2913 3159 3006 poenis»,

630 3002 930 3092 quadam
985 3020 1180 3075 nocte
1227 3029 1314 3097 ap
1368 3007 1549 3076 aruit
1595 3008 1653 3075 ei
1721 3012 1785 3076 S.
1842 2941 2298 3075 Ethely'wotdus
2332 3061 2348 3087 ‚
2454 3005 2685 3074 icens:
2746 3007 2950 3075 Miser
2984 3060 2998 3087 ,
3050 3020 3165 3070 cur

631 3106 818 3162 tanto
869 3105 1172 3184 tempore
1221 3095 1285 3163 in
1370 3118 1447 3165 oc
1482 3096 1672 3186 ligno
1707 3095 2109 3165 distineris?
2146 3094 2522 3184 Respondit
2570 3094 2709 3163 ille:
2769 3096 3024 3186 Dignas
3053 3091 3166 3187 ἀοῖ

633 3182 819 3250 mine
869 3203 1125 3271 poenas
1172 3182 1327 3265 luo,
1401 3186 1560 3272 quia
1616 3206 1748 3252 non
1803 3206 1956 3254 raro
2033 3184 2100 3253 in
2153 3182 2335 3253 furto
2405 3182 2926 3272 deprehensuS,
2983 3178 3165 3250 nolui

632 3271 1058 3360 resipiscere,
1099 3272 1212 3341 sed
1264 3272 1491 3342 scelus
1541 3272 1712 3341 illud
1773 3274 2020 3343 iterum
2085 3284 2289 3359 atque
2337 3272 2583 3341 iterum
2636 3272 2948 3362 repetivi.
3003 3266 3169 3339 Dixit

632 3359 696 3427 ei
737 3374 1060 3430 sanctus:
1099 3365 1175 3430 At
1226 3361 1322 3431 vel
1364 3383 1548 3430 nunc
1579 3384 1771 3431 cessa
1826 3384 1861 3430 a
1925 3361 2149 3443 furtiS,
2204 3361 2569 3447 abeasque,
2614 3362 2701 3431 ab
2752 3361 2864 3430 his
2903 3377 3169 3447 compe-

631 3446 841 3517 dibus
888 3448 1271 3521 absolutus.
1338 3449 1701 3520 Confestim
1754 3450 1869 3520 ille
1933 3473 2224 3540 surgens
2290 3462 2354 3519 et
2401 3450 2675 3531 exienS,
2746 3448 3046 3541 procidit
3088 3442 3166 3514 ad

635 3535 843 3626 pedes
891 3541 956 3606 S.
1012 3538 1294 3629 Elphegi
1349 3539 1699 3629 Episcopi,
1771 3539 2207 3627 narravitque
2268 3538 2328 3608 ei
2377 3538 2619 3607 ordine
2687 3560 2830 3613 rem
2885 3550 3164 3629 gestam.

632 3625 761 3695 Ille
811 3648 964 3696 vero
1001 3650 1123 3718 pro
1172 3628 1341 3697 tanti
1392 3628 1605 3719 patris
1648 3629 1901 3698 bonore
1952 3628 2262 3719 permisit
2298 3650 2454 3698 eum
2509 3627 2828 3697 illaesum
2869 3627 3082 3699 abire.
