3308 5004
617 338 747 404 200
1227 355 1307 403 ns
1354 354 1410 403 s.
1462 353 1742 403 Abasaro
1789 352 1973 403 conr.
2027 353 2379 404 cannara
2794 336 2982 405 Ana.
3035 340 3076 405 7

531 438 1007 532 suggestiones
1059 452 1127 510 et
1186 439 1693 530 persuasioneS,
1748 438 1980 529 signo.
2015 451 2295 512 sanctae
2342 439 2582 510 Crucis
2635 460 2710 510 se
2760 461 3073 511 commu-

531 529 753 608 niens,
807 528 902 598 ita
948 528 1090 598 ait:
1144 550 1181 594 «
1214 527 1337 598 Abi
1385 548 1671 620 serpens
1720 540 2020 599 tortuose
2081 529 2151 598 in
2210 528 2533 599 flammas
2590 539 2768 606 tuas,
2831 549 3076 618 meque

529 617 820 690 missum
863 616 1093 688 facito.
1127 621 1272 688 Non
1305 616 1490 687 enim
1550 638 1712 688 vera
1761 615 1930 687 haec
1976 629 2102 698 est,
2153 639 2365 705 quam
2415 639 2579 707 prae
2617 628 2683 688 te
2729 616 2885 698 fet-S,
2951 619 3076 688 ho-

529 707 743 779 minis
760 705 1045 798 effigieS,
1079 704 1198 776 sed
1238 705 1597 777 maledicta
1630 716 1734 777 est
1771 705 2545 796 commentitia-species
2593 718 2783 777 tua.»
2814 705 2910 777 Ad
2947 705 3076 776 has

531 796 709 870 servi
756 796 873 866 Dei
905 817 1105 866 voces
1152 794 1269 865 ille
1315 808 1510 865 satan
1566 794 1869 876 evanuit,
1915 816 2044 865 nec
2089 795 2464 884 quicquam
2515 795 2683 865 mali
2742 816 2823 865 ex
2869 816 2944 866 ea
2978 796 3078 865 vi-

533 886 726 960 sione
770 884 1086 956 Albertus
1136 905 1504 976 perpessus
1551 896 1675 955 est.

623 977 660 1063 ἓ
703 978 792 1048 ὅ.
843 973 1014 1044 Inde
1043 995 1226 1045 anno
1272 972 1611 1055 absoluto,
1650 972 1880 1062 palam
1932 994 2006 1044 se
2036 972 2413 1044 monastica
2442 972 2861 1063 professione
2902 970 3082 1042 obli-

536 1062 742 1157 gavit,
794 1084 1003 1151 quam
1054 1062 1288 1133 animo
1326 1062 1624 1153 jamtum
1662 1060 1936 1145 fecerat,
1988 1062 2269 1151 quando
2316 1061 2629 1132 habitum
2673 1061 3075 1154 religiosum

538 1152 863 1242 suscepit.
912 1152 1063 1221 Fuit
1101 1172 1304 1243 porro
1344 1151 1476 1221 vita
1506 1151 1658 1241 ejus
1691 1150 1886 1222 valde
1932 1172 2166 1222 severa
2193 1163 2258 1221 et
2288 1173 2555 1242 aspera,
2611 1151 2905 1240 insignis
3047 1187 3079 1199 -

540 1241 801 1321 tientia,
833 1239 1186 1328 multaque
1208 1239 1295 1309 de
1326 1261 1400 1309 se
1431 1239 1704 1312 virtutis
1728 1239 2042 1330 exempla
2068 1239 2459 1331 praebebat.
2489 1239 2697 1310 Feriis
2724 1260 2930 1312 secun
2987 1239 3073 1338 is,

538 1330 803 1419 quartis
851 1343 917 1399 et
962 1329 1212 1410 sextis,
1269 1327 1496 1398 cilicio
1559 1350 1839 1400 carnem
1887 1329 2212 1400 domabat
2266 1351 2462 1399 suam
2497 1383 2512 1407 ‚
2565 1350 2716 1398 earn
2774 1326 3079 1399 assiduis

534 1418 819 1511 jejuniis
866 1417 1274 1497 macerabat,
1305 1417 1372 1486 in
1405 1416 1832 1508 palmitibuS,
1861 1418 2049 1489 nudo
2078 1417 2350 1508 corpori
2386 1417 2709 1499 admotis,
2748 1415 3073 1495 cubabat,

540 1507 699 1580 rudi
753 1528 980 1597 panno
1032 1505 1294 1598 tegebat
1321 1527 1597 1597 corpuS,
1654 1521 1873 1577 vestes
1918 1506 2086 1578 viles
2132 1506 2305 1577 ferre
2346 1527 2482 1577 non
2521 1506 2993 1577 erubescebat.
3029 1510 3082 1574 Α

541 1597 701 1666 vino
734 1595 1110 1677 abstinens,
1172 1617 1391 1683 aquae
1439 1609 1676 1686 potum
1735 1595 1835 1665 illi
1887 1594 2327 1684 praeferebat,
2392 1617 2478 1665 ne
2536 1595 2773 1666 vinum
2823 1592 3080 1664 blande

540 1682 963 1774 ingrediens,
1015 1683 1329 1755 luxuriae
1364 1683 1665 1755 fomenta
1710 1707 1794 1756 su
1850 1683 2200 1775 peditaret.
2248 1684 2461 1755 Sextis
2499 1679 2689 1754 feriis
2740 1683 2904 1775 pani
2951 1703 3079 1754 suo

541 1772 989 1863 absynthium
1058 1773 1461 1856 immiscuit,
1505 1786 1570 1844 et
1629 1707 1934 1845 vestibus
1984 1774 2247 1865 asperis
2292 1773 2572 1844 vexabat
2632 1794 2938 1854 carnem,
2995 1793 3082 1841 ne

588 1885 714 1933 uas
737 1860 839 1931 illi
871 1861 1200 1934 adversus
1226 1862 1545 1954 spiritum
1578 1861 2062 1935 delectationes
2102 1863 2492 1954 parturiret.
2546 1862 2774 1933 Otium
2807 1881 3082 1951 semper

570 1952 742 2043 ugit,
795 1951 863 2020 in
907 1950 1086 2022 bona
1124 1973 1164 2022 o
1257 1972 1331 2022 ra
1381 1964 1709 2042 perpetuo
1755 1952 2083 2033 intentuS‚
2137 1964 2212 2022 ut
2252 1973 2412 2022 eum
2462 1950 2815 2052 malignus
2860 1948 3082 2019 hostis

545 2060 816 2141 semper
863 2039 1063 2113 bonis
1088 1973 1294 2111 regiis
1339 2054 1750 2131 occupatum
1791 2041 2150 2111 inveniret.
2203 2039 2539 2111 Castitatis
2571 2038 2703 2141 fult
2748 2059 3080 2129 perquam

545 2127 921 2214 studiosuS,
959 2129 1384 2200 obedientiae
1415 2144 1691 2200 sanctae
1719 2142 2110 2200 constanter
2140 2142 2205 2199 et
2234 2129 2498 2219 integre
2529 2127 2873 2199 addictus,
2909 2131 3084 2196 Pau-

543 2229 804 2310 pertate
849 2230 914 2288 et
959 2217 1348 2289 humilitate
1376 2217 1574 2289 facile
1620 2240 1864 2289 omnes
1910 2217 2304 2310 superabat,
2342 2217 2727 2288 doctrinam
2761 2215 3084 2286 ecclesia·

544 2307 782 2379 sticam
818 2307 1127 2378 moribus
1155 2306 1613 2377 ornatissimis
1646 2307 2058 2379 illustrabat.
2097 2312 2313 2379 Omne
2343 2305 2839 2398 patrimonium
2872 2325 3081 2376 suum

543 2395 614 2465 in
666 2417 1001 2487 pauperes
1047 2395 1288 2467 fratres
1334 2394 1711 2468 distribuit.
1765 2397 2003 2466 Divina
2049 2417 2323 2485 quoque
2357 2393 2676 2485 perfusus
2714 2392 3078 2484 sapientia,

542 2483 964 2558 intrinsecus
996 2507 1267 2576 semper
1286 2484 1695 2558 coelestibus
1741 2484 2097 2557 fruebatur
2133 2483 2727 2556 delectationibus.
2759 2481 3084 2554 Infideles

540 2574 835 2645 Judaeos
882 2574 1295 2645 concionum
1348 2596 1632 2645 suarum
1676 2575 1888 2645 radiis
1930 2574 2220 2645 mirifice
2266 2573 2697 2655 illustrabat,
2753 2594 2876 2643 nec
2923 2592 3082 2642 raro

541 2685 621 2735 ex
655 2663 792 2734 illis
825 2663 911 2733 ad
962 2663 1209 2734 Christi
1260 2662 1658 2753 religionem
1709 2662 2046 2752 quosdam
2100 2662 2419 2734 traduxit.

631 2755 667 2841 ξ
712 2756 808 2824 θ.
866 2758 947 2824 Ut
994 2774 1150 2822 vero
1174 2750 1557 2843 perfectius
1595 2774 1804 2842 opera
1848 2752 2084 2821 divina
2129 2763 2598 2839 exequeretur,
2656 2749 2837 2819 diem
2880 2760 3086 2819 natu-

480 2910 483 2913 ,
544 2841 787 2921 ralem‚
842 2841 1029 2912 hunc
1059 2841 1129 2910 in
1184 2840 1465 2910 modum
1515 2839 2011 2911 distribuebat:
2055 2845 2105 2910 Α
2138 2840 2360 2931 prima
2397 2840 2615 2910 noctis
2648 2838 2817 2909 hora
2863 2860 3089 2926 usque

542 2930 629 3001 ad
683 2929 974 3011 tertiam,
1028 2930 1312 3000 vacabat
1346 2929 1692 3019 precibus.
1732 2929 1900 3000 Inde
1926 2930 2199 3020 corpori
2238 2928 2554 3001 nonnihil
2591 2927 2816 2999 somni
2856 2927 3087 2997 indul-

542 3039 736 3111 gens.
790 3031 942 3109 post
973 3040 1294 3088 somnum
1330 3018 1792 3088 revertebatur
1828 3018 1913 3087 ad
1963 3018 2315 3100 exercitia,
2416 3017 2625 3088 uibus
2671 3038 2832 3088 caro
2883 3017 3087 3087 casti·
3191 3074 3198 3091 .

593 3119 845 3176 aretur.
899 3112 1132 3177 Postea
1181 3105 1267 3175 ad
1319 3106 1696 3177 matutinas
1727 3128 1961 3197 preces
2011 3106 2361 3198 persolven
2419 3129 2493 3177 as
2543 3127 2615 3176 se
2660 3105 3079 3181 conferebat.
3191 3102 3200 3113 ’

601 3216 898 3282 eumque
942 3216 1099 3265 cum
1153 3194 1478 3285 lacrymis
1524 3216 1753 3269 orans,
1807 3195 1895 3266 ad
1941 3210 2166 3266 ortum
2207 3217 2518 3277 aurorae,
2575 3194 2715 3265 ibat
2769 3195 2854 3264 ad
2920 3195 3086 3265 offe-

544 3281 839 3354 rendum
890 3283 1336 3355 sacrificium.
1374 3284 1496 3353 His
1543 3283 1903 3365 absolutiS,
1956 3297 2033 3355 ut
2078 3299 2255 3356 esset
2293 3280 2381 3354 ad
2430 3282 2772 3373 ejusmodi
2808 3283 3082 3373 pietatis

545 3370 773 3442 officia
796 3385 862 3442 et
891 3373 1209 3444 exercitia
1239 3372 1464 3474 aptior
1493 3385 1699 3461 atque
1731 3373 2062 3465 paratior,
2086 3395 2130 3444 a
2157 3374 2398 3444 Tertiis
2426 3386 2651 3461 usque
2679 3371 2767 3441 ad
2801 3377 3086 3461 Vesper-

546 3460 728 3531 tinas
769 3482 1029 3551 preceS,
1073 3462 1433 3553 quippiam
1483 3463 1630 3532 suis
1680 3464 2005 3534 manibus
2048 3463 2485 3554 operabatur.
2532 3466 2737 3532 Porro
2779 3460 3087 3530 Horariis

549 3549 689 3620 sive
736 3550 1097 3621 Canonicis
1129 3550 1450 3642 precibus
1491 3550 1998 3622 studiosissime
2044 3573 2125 3621 ex
2178 3551 2353 3633 letiS,
2404 3550 2490 3622 ad
2550 3562 2880 3621 consueta
2929 3571 3090 3640 poe-

549 3637 874 3709 nitentiae
907 3638 1137 3710 studia
1177 3662 1247 3712 se
1276 3639 1707 3711 conferebat:
1758 3663 1937 3729 quae
1982 3641 2102 3730 qui
2154 3662 2261 3712 em
2313 3653 2448 3710 tam
2502 3636 2853 3731 praeclara
2895 3638 2965 3707 in
3008 3659 3089 3708 eo

545 3727 846 3807 extitere,
890 3740 969 3799 ut
1013 3728 1217 3798 etiam
1253 3729 1749 3800 miraculorum
1785 3729 2006 3820 gloria
2051 3752 2092 3799 a
2142 3741 2330 3821 patre
2364 3729 2713 3800 luminum
2760 3727 3092 3797 meruerit

543 3816 999 3888 cohonestari.
1051 3821 1259 3888 Porro
1306 3817 1392 3887 ad
1442 3817 1903 3889 sacerdotium
1961 3817 2469 3909 promovendus
2518 3839 2682 3888 cum
2720 3828 2922 3897 esset,
2984 3827 3086 3886 te-

545 3906 859 3978 stabatur
904 3927 976 3977 se
1008 3906 1299 3977 invitum
1351 3906 1469 3977 illo
1509 3906 1793 3978 initiari.
1846 3912 1990 3978 Non
2038 3907 2227 3978 enim
2256 3905 2361 3977 fas
2389 3918 2514 3990 est,
2566 3906 2815 3993 inquit,
2861 3916 2939 3975 ut
2987 3905 3094 3974 in-

544 3993 802 4087 dignus
843 4006 1109 4066 tantum
1148 3996 1551 4096 mysterium
1601 3996 2038 4067 administret
2074 3995 2354 4087 populo,
2393 4016 2517 4065 nec
2563 4015 2690 4085 ego
2731 4016 2840 4065 me
2879 3991 3089 4064 talem

543 4084 833 4174 reperio,
885 4084 1004 4173 qui
1056 4105 1315 4176 posstm
1347 4107 1471 4175 pro
1515 4084 1852 4175 dignitate
1883 4085 2112 4157 isthuc
2157 4084 2400 4172 exequi
2431 4083 2920 4154 ministerium.
2966 4087 3091 4153 Ve-

544 4192 700 4242 rum
738 4173 1087 4244 enimvero
1135 4173 1308 4243 nihil
1355 4174 1518 4244 moti
1567 4179 1798 4244 Patres
1825 4172 1893 4243 id
1924 4195 2145 4266 genus
2187 4172 2627 4245 sermonibus
2671 4172 2847 4261 ejuS,
2900 4193 3093 4242 com-

547 4259 876 4350 pulerunt
914 4284 1072 4333 eum
1126 4261 1472 4353 proficisci
1520 4268 1903 4333 Messanam
1934 4316 1953 4344 ,
2008 4263 2131 4333 ubi
2193 4262 2556 4334 sacerdotii
2615 4283 2873 4332 munus
2927 4282 3088 4330 cum

546 4348 765 4420 multa
817 4350 1209 4422 humilitate
1240 4364 1305 4421 et
1351 4350 1709 4423 devotione
1772 4351 2118 4444 suscepit:
2179 4373 2470 4441 moxque
2515 4351 2586 4421 in
2636 4349 2875 4422 eadem
2915 4348 3092 4420 urbe
