3308 5004
713 318 840 385 364
1311 334 1390 381 nr
1436 334 1493 381 s.
1544 330 1882 382 musteo
1930 331 2259 382 suession.
2312 330 2512 381 episc.
2850 312 3036 380 AUG.
3102 314 3191 380 ⁴5

625 419 857 490 infans
897 417 1158 506 absque
1190 417 1411 489 oculis
1456 438 1608 488 esse
1652 417 1882 489 editus
1943 417 2014 487 in
2065 416 2316 487 lucem.
2370 415 2633 504 Ecquid
2682 437 2840 487 vero
2875 429 3021 487 tum
3078 415 3187 486 fa-

624 522 856 580 cerent
901 505 1352 579 obstetrices?
1410 506 1619 578 Valde
1685 507 1941 577 animis
2001 518 2475 577 consternatae
2540 505 2929 596 plangunt,
2992 504 3189 576 clam

625 594 1201 668 mussitabundae
1262 594 1677 678 condolent,
1729 610 1795 667 et
1840 594 2068 666 modis
2116 593 2444 666 omnibus
2491 592 2657 664 dant
2703 615 2983 685 operam
3012 647 3035 675 ,
3101 617 3192 666 ne

627 698 845 757 mater
872 684 1003 755 filii
1028 685 1422 757 caecitatem
1453 685 1799 756 resciscat.
1847 683 2152 754 Evolutis
2193 705 2308 754 sex
2337 682 2606 765 diebus,
2640 705 2721 753 ex
2752 682 3185 755 ancillarum

627 796 988 846 murmure
1034 774 1520 845 animadvertit
1567 785 1881 844 matrona
1919 772 2282 864 quippiam
2332 793 2545 862 puero
2593 771 2952 856 accidisse,
2990 771 3188 860 quod

625 863 824 935 fateri
864 886 1002 935 non
1038 863 1415 934 auderent.
1459 863 1759 934 Accersit
1813 862 2286 954 pedissequaS,
2339 860 2730 931 sciscitatur
2776 882 2945 931 num
3028 862 3190 932 ueri

625 974 736 1024 res
782 974 1023 1025 omnes
1082 951 1311 1023 salvae
1358 952 1520 1022 sint.
1583 956 1751 1022 Prae
1820 972 2070 1043 pavore
2132 971 2269 1021 non
2336 949 2597 1021 audent
2658 950 2820 1021 illae
2867 950 2943 1020 in
3000 950 3186 1021 icare

625 1063 922 1133 puerum
973 1064 1256 1112 caecum
1307 1051 1546 1111 natum
1577 1094 1599 1122 ‚
1658 1062 1743 1111 ne
1794 1040 1949 1111 novi
1997 1039 2255 1111 doloris
2303 1040 2608 1112 accessio
2656 1038 2760 1109 illi
2821 1038 3186 1109 interitum

626 1130 934 1201 adferat:
987 1129 1106 1202 sed
1167 1151 1309 1199 rem
1369 1127 1743 1199 salutarem
1798 1130 2474 1212 comminiscuntur,
2536 1129 2733 1199 a'unt
2791 1149 2863 1198 se
2917 1127 3184 1199 idcirco

626 1219 1050 1301 conturbari,
1104 1218 1286 1306 quod
1336 1217 1567 1288 infans
1617 1217 1757 1300 ille,
1808 1218 1910 1289 uti
1961 1241 2085 1310 par
2130 1231 2299 1297 erat,
2354 1230 2513 1288 ante
2607 1239 2647 1287 a
2702 1216 2988 1287 tismum
3041 1239 3181 1287 non

626 1309 717 1380 sit
745 1308 1018 1380 oblatus
1066 1306 1243 1378 servi
1290 1307 1408 1377 Dei
1453 1306 1795 1397 Arnulphi
1841 1308 2219 1378 obtutibus
2260 1312 2564 1378 Matrona
2599 1306 2645 1375 il
2681 1306 2739 1375 is
2771 1306 3179 1387 assentitur,

627 1397 839 1468 mittit
886 1394 1307 1466 infantulum
1356 1394 1442 1465 ad
1493 1395 1848 1466 hominem
1907 1399 2043 1478 Dei,
2095 1418 2303 1467 orans
2350 1410 2416 1467 et
2463 1394 2847 1486 postulans,
2902 1408 2981 1465 ut
3030 1394 3177 1466 suis

628 1507 790 1557 eum
858 1485 1186 1555 manibus
1256 1497 1368 1555 tan
1420 1496 1491 1554 at
1556 1497 1620 1554 et
1680 1485 2063 1555 benedicat.
2132 1490 2328 1556 Paret
2385 1483 2501 1554 ille
2558 1483 2888 1554 maternis
2950 1484 3173 1565 votiS,

627 1595 886 1665 perque
917 1572 1283 1644 fenestram
1332 1596 1373 1643 a
1469 1595 1542 1643 se
1589 1574 1833 1664 recipit
1880 1574 2237 1657 infantem,
2290 1573 2523 1644 fundit
2571 1594 2782 1664 super
2826 1595 2987 1644 eum
3024 1595 3181 1663 pre-

627 1685 766 1743 ces,
822 1676 932 1732 tan
989 1662 1039 1732 it
1072 1662 1270 1733 illum
1310 1675 1375 1732 et
1404 1661 1772 1745 benedicit,
1810 1662 2028 1733 saliva
2059 1662 2199 1734 oris
2229 1663 2339 1735 sui
2373 1662 2531 1732 linit
2559 1662 2922 1732 oculorum
2956 1662 3176 1742 sedes,

629 1773 789 1822 mox
834 1773 964 1822 ocu
1000 1752 1019 1821 i
1053 1751 1238 1822 caeci
1274 1763 1656 1839 patescunt,
1692 1764 1760 1821 et
1791 1751 1861 1821 in
1897 1752 2119 1843 ipsius
2157 1752 2333 1822 servi
2383 1750 2499 1821 Dei
2548 1772 2670 1821 ora
2719 1749 2984 1841 primos
3018 1772 3182 1821 suos

627 1841 902 1911 vibrant
949 1838 1203 1910 radios
1257 1840 1593 1910 Redditur
1640 1840 1803 1910 inde
1848 1841 1994 1923 eiS,
2049 1840 2170 1928 qui
2222 1861 2378 1911 eum
2434 1840 2845 1910 attulerant:
2900 1839 2989 1909 ab
3041 1839 3179 1911 illis

627 1929 713 1999 ad
748 1940 1034 1999 matrem
1084 1928 1507 2017 deportatur,
1542 1928 2014 2001 exultantibus
2043 1928 2227 2018 quod
2262 1950 2500 1999 recens
2548 1941 2730 2010 nato,
2769 1928 2929 1997 novi
2958 1940 3183 2000 essent

625 2017 857 2089 collati
911 2016 1119 2087 oculi.
1173 2022 1344 2088 Tum
1392 2039 1552 2089 vero
1599 2040 1855 2109 magna
1919 2017 2286 2088 admiratio
2336 2016 2598 2088 invadit
2655 2028 2947 2086 matrem
2985 2071 3003 2098 ,
3073 2017 3182 2087 cui

628 2106 1034 2196 contigisset
1089 2106 1265 2177 scire
1325 2105 1550 2178 filium
1613 2108 1810 2199 prius
1880 2106 2353 2177 illuminatum
2392 2162 2408 2189 ‚
2477 2128 2688 2194 quam
2748 2106 3178 2196 cognovisset

627 2217 913 2266 caecum
963 2207 1229 2266 natum.
1283 2200 1441 2285 Ipsa
1487 2216 1786 2284 quoque,
1838 2209 1916 2266 ut
1954 2197 2056 2265 vir
2085 2196 2202 2266 Dei
2236 2194 2668 2286 promiserat,
2710 2217 2751 2264 a
2783 2206 3028 2284 partus
3062 2216 3177 2265 an·

628 2284 918 2376 goribus
971 2284 1107 2354 cito
1153 2298 1219 2355 et
1264 2283 1529 2375 integre
1580 2284 1921 2369 absoluta,
1984 2284 2108 2354 viri
2165 2283 2709 2371 incolumitatem
2762 2282 2974 2375 paulo
3034 2296 3179 2374 post

626 2373 1003 2464 conspexit.
1042 2377 1225 2444 Haec
1258 2386 1486 2444 autem
1522 2374 1760 2444 omnia
1792 2374 1910 2456 ita,
1946 2387 2022 2445 ut
2052 2373 2383 2455 diximuS‚
2437 2386 2629 2465 gesta
2673 2394 2845 2454 esse,
2891 2371 3176 2464 ipsemet

629 2475 936 2544 testatur,
990 2461 1156 2533 olim
1204 2462 1485 2551 quidem
1534 2484 1782 2535 caecus
1832 2476 2061 2545 natus,
2102 2475 2169 2534 et
2214 2484 2254 2533 a
2292 2462 2438 2533 viro
2486 2462 2604 2533 Dei
2637 2475 2945 2544 curatus,
2995 2483 3176 2533 nunc

626 2573 786 2624 vero
818 2552 1025 2623 homo
1063 2552 1397 2642 perfectae
1429 2553 1672 2624 aetatis
1716 2565 1782 2622 et
1810 2553 2353 2623 Archidiaconus
2401 2556 2664 2634 PetruS,
2703 2572 2842 2622 uno
2871 2551 3175 2643 capitulo

627 2654 924 2730 quatuor
956 2640 1294 2712 miracula
1339 2640 1767 2733 complexuS,
1821 2654 1978 2712 ante
2013 2642 2352 2742 provisam
2390 2640 2646 2712 Albrici
2692 2640 3172 2731 proditionem,

627 2730 948 2821 conjugis
992 2730 1147 2821 ejus
1177 2752 1455 2823 operam
1500 2744 1860 2812 structam,
1909 2730 2246 2801 Gnidonis
2296 2730 2749 2809 sanationem,
2803 2750 3179 2819 puerperae

631 2819 1132 2901 liberationem,
1183 2835 1250 2890 et
1294 2818 1479 2908 quod
1529 2820 1616 2891 iis
1668 2819 2128 2910 praestantius
2174 2831 2298 2900 est,
2345 2840 2556 2890 novos
2588 2817 2827 2889 oculos
2876 2819 3180 2889 oratione

631 2908 809 2978 servi
840 2908 958 2977 Dei
991 2908 1239 2998 potius»,
1280 2929 1488 2996 quam
1534 2920 1821 2979 naturae
1849 2907 2103 2988 debito,
2146 2907 2569 2997 impetratos.

722 3004 761 3079 ἓ
809 3000 960 3069 19.
1013 3001 1126 3067 Est
1174 2994 1346 3066 illud
1388 3017 1663 3085 quoque
1711 3017 2253 3067 commemorare
2300 3017 2547 3087 operae
2595 2993 2894 3088 pretium
2926 3051 2942 3079 ,
2995 2994 3180 3066 unde

632 3084 1045 3167 advertatur,
1082 3106 1292 3172 quam
1327 3084 1672 3156 subtiliter
1701 3097 1768 3155 et
1814 3097 2129 3186 prompte
2178 3084 2295 3154 ille
2326 3085 2624 3187 quadam
2661 3084 2777 3155 Dei
2814 3107 3176 3176 praeroga-

634 3173 770 3243 tiva
801 3172 1034 3244 futura
1066 3172 1498 3264 praeviderit.
1554 3173 1893 3264 Conjuges
1941 3173 2068 3256 ilh,
2118 3195 2295 3261 quos
2336 3196 2483 3262 Jam
2518 3172 2847 3256 diximuS,
2879 3173 3176 3264 jampri-

632 3260 791 3330 dem
825 3260 1038 3331 filiam
1074 3275 1458 3354 genuerant
1503 3262 1698 3332 vultu
1731 3261 2076 3345 decoram,
2112 3284 2290 3351 quae
2324 3285 2445 3353 per
2485 3262 2555 3333 id
2596 3275 2869 3353 tempus
2904 3262 3176 3333 nubiles

633 3349 896 3420 habens
919 3372 1160 3433 annos,
1186 3352 1275 3422 ab
1299 3351 1439 3421 illis
1465 3350 1665 3421 militi
1701 3352 1976 3421 cuidam
2003 3352 2355 3423 natalibus
2385 3374 2520 3422 non
2544 3352 2797 3442 impari
2823 3351 3045 3422 fuerat
3070 3351 3181 3421 de-

633 3451 982 3528 sponsata.
1035 3447 1113 3510 At
1158 3439 1301 3521 illa,
1348 3452 1425 3510 ut
1452 3462 1524 3509 se
1554 3440 1760 3512 habet
1791 3440 2122 3531 puellaris
2168 3440 2473 3523 lascivia,
2516 3440 2891 3528 quemdam
2932 3439 3172 3519 alium,

631 3525 840 3598 rebus
877 3540 943 3597 et
991 3549 1240 3619 genere
1287 3528 1706 3611 inferiorem,
1761 3528 1919 3620 plus
1967 3528 2289 3621 diligens,
2344 3529 2708 3601 recusabat
2751 3551 3088 3618 sponsum
3140 3550 3176 3597 a

631 3615 1040 3706 parentibus
1078 3615 1417 3687 delectum
1452 3670 1468 3698 ,
1521 3618 1761 3688 crebro
1799 3619 2090 3709 juram,
2144 3618 2329 3706 quod
2368 3619 2668 3709 seipsam
2718 3617 3176 3696 interficeret,

630 3704 764 3776 nisi
799 3705 1055 3795 cupitis
1101 3704 1540 3794 amplexibus
1588 3707 1944 3797 potiretur.
1998 3711 2092 3777 Ea
2130 3707 2693 3779 incommoditate
2735 3719 3050 3797 parentes
3079 3705 3181 3777 af-

628 3792 811 3877 fecti,
867 3795 1088 3864 virum
1142 3793 1257 3863 Dei
1304 3793 1743 3884 Arnulphum
1792 3796 2192 3878 consulunt,
2247 3797 2424 3867 scire
2469 3795 2851 3886 cupientes,
2891 3793 3058 3883 quid
3113 3796 3176 3865 in

628 3905 710 3953 ea
754 3882 1122 3954 afflictione
1170 3882 1342 3974 ipsis
1388 3882 1784 3954 faciendum
1836 3884 2029 3955 foret.
2082 3883 2208 3955 Ille
2254 3884 2513 3955 auditis
2559 3906 2797 3955 eorum
2834 3884 3181 3972 querimo-

629 3972 790 4055 niis,
842 3985 1310 4064 opportunum
1359 3972 1640 4060 quidem
1678 3984 1745 4043 et
1780 3972 1981 4063 plane
2014 3972 2327 4043 divinum
2364 3973 2464 4046 eis
2499 3996 2908 4064 responsum
2951 3971 3176 4043 dedit:

630 4083 667 4127 «
700 4066 1078 4143 canonum,
1136 4061 1383 4149 inquit,
1437 4061 1843 4132 auctoritate
1890 4074 2209 4145 cavetur,
2264 4084 2351 4132 ne
2400 4062 2631 4154 puella
2681 4063 2796 4133 cui
2852 4084 2989 4132 non
3040 4061 3181 4133 vult

622 4148 985 4241 jungatur.
1037 4150 1335 4238 Ideoque
1385 4151 1736 4241 praecipio
1782 4151 1976 4220 vobis
2007 4205 2023 4232 ‚
2083 4163 2159 4221 ut
2216 4149 2520 4242 puellam
2579 4152 2639 4222 ei
2688 4174 2892 4239 quem
2946 4164 3170 4232 amat,

627 4238 974 4327 collocetis
1047 4240 1512 4311 matrimonio.
1582 4244 1665 4311 Ut
1711 4239 1895 4309 enim
1958 4240 2049 4310 ob
2110 4254 2370 4310 vestrae
2438 4240 2795 4342 religionis
2852 4241 3169 4311 meritum

629 4326 829 4396 nobis
889 4339 1239 4399 ostensum
1309 4341 1456 4412 est,
1512 4328 1721 4420 paulo
1790 4340 1942 4420 post
1997 4328 2319 4422 videbitis
2366 4351 2516 4399 eam
2586 4330 2788 4400 lllum
2838 4351 3167 4419 sponsum

630 4414 945 4490 ardenter
1013 4430 1371 4507 expetere,
1446 4419 1649 4508 cujus
1722 4440 1764 4487 a
1804 4437 1906 4490 ‘se
1977 4418 2383 4509 conjugium
2459 4429 2596 4489 tam
2675 4417 2982 4490 studiose
3030 4419 3166 4510 jam
