3308 5004
2903 126 3298 239 ''¹''

719 347 848 412 592
1284 363 1363 409 nn
1407 363 1467 410 s.
1518 361 1815 411 Annon-No
1863 361 2063 411 asise.
2120 362 2486 411 aot-nouae..
2862 345 3074 412 ΑΗΕ.
3125 346 3221 412 24

634 454 917 538 Semper
948 469 1111 537 erga
1144 468 1481 536 pauperes
1512 443 1995 534 obsequiosus,
2032 469 2198 538 erga
2238 446 2641 538 peregrinos
2667 445 2980 537 diligens
3020 461 3213 517 erat:

630 539 891 625 quibus
923 550 1103 606 certe
1140 535 1482 623 ejusmodi
1520 535 1910 626 praestabat
1951 535 2510 629 humanitatiset
2538 535 2898 607 charitatis
2927 535 3210 612 officia.

631 640 710 697 ut
741 627 872 695 nisi
903 626 1061 717 quis
1103 623 1460 695 fundatam
1506 625 1573 694 in
1612 623 1878 695 Christo
1914 624 2197 695 haberet
2235 638 2562 705 mentem,
2603 646 2738 694 non
2779 624 3218 717 dignaretur

630 715 737 784 vel
784 714 1193 801 aequalibus
1242 713 1664 800 impendere,
1717 735 1894 801 quae
1942 712 2059 783 ille
2107 713 2444 805 perpetim
2495 711 2748 783 luridis
2794 728 2862 784 et
2892 714 3214 806 abjectis

631 804 1033 874 hominibus
1081 802 1468 872 exhibebat.
1523 803 1829 890 Denique
1873 803 2062 871 omni
2116 802 2471 872 Pontificio
2535 801 2718 872 fastu
2765 802 3212 894 posthabito,

632 891 1048 983 populorum
1099 913 1138 960 a
1196 891 1502 961 minibus
1542 891 1897 982 neglectiS,
1940 892 2341 981 principum
2378 904 2607 982 spreta
2636 890 3057 979 frequentia,
3105 892 3212 962 fa-

632 981 1052 1051 mulantium
1101 1002 1141 1048 o
1195 1003 1266 1049 se
1319 982 1455 1049 uiis
1503 980 1925 1070 postpositiS,
1983 1002 2367 1071 pauperum
2415 994 2483 1050 et
2528 980 2960 1069 captivorum
3028 1003 3216 1051 con·

630 1070 863 1140 sortiis
892 1091 1166 1160 semper
1195 1069 1278 1137 de
1309 1071 1687 1139 ectabatur.
1727 1069 1851 1139 Sed
1894 1069 2062 1156 quid
2105 1070 2217 1140 his
2256 1068 2526 1139 diutius
2556 1069 3214 1141 commemorandis

628 1160 984 1239 immoror,
1041 1158 1346 1245 quando,
1402 1170 1476 1228 ut
1517 1180 1751 1227 verum
1796 1157 2031 1239 fatear,
2078 1179 2439 1246 nunquam
2470 1158 2631 1244 quis
2661 1180 2872 1246 quam
2905 1180 2996 1228 ea
3026 1172 3210 1229 tem·

630 1260 891 1337 pestate
924 1249 993 1316 in
1031 1247 1234 1317 bonis
1265 1246 1677 1317 inchoandis
1708 1246 2104 1328 studiosior,
2153 1269 2512 1334 nunquam
2548 1246 2617 1316 in
2660 1247 3014 1317 inchoatis
3047 1271 3210 1338 per·

631 1337 1049 1407 severantior
1081 1349 1146 1405 et
1177 1337 1601 1406 constantior
1631 1336 1701 1405 in
1739 1336 1977 1406 Galliis
2005 1336 2182 1407 suit?
2215 1341 2448 1405 Posset
2479 1336 2664 1405 enim
2699 1337 2860 1425 quis
2895 1337 3006 1405 vel
3041 1360 3206 1407 raro

630 1427 960 1516 arripere,
1016 1425 1131 1495 sed
1184 1426 1291 1494 vix
1338 1438 1460 1494 aut
1490 1424 1773 1494 difficile
1815 1440 2144 1516 perpetuo
2176 1439 2425 1510 tenere.
2466 1424 2592 1493 Hic
2637 1446 2815 1506 vero,
2850 1425 3046 1512 quod
3087 1449 3200 1496 se·

637 1514 766 1584 mel
819 1514 1198 1605 proposuit,
1256 1526 1584 1605 perpetuo
1634 1515 1943 1583 retinuit.
2002 1514 2198 1597 Quod
2257 1519 2390 1582 Deo
2454 1514 2760 1603 primum
2825 1514 3058 1595 vovit,
3133 1514 3200 1583 id

633 1602 848 1674 nullis
896 1603 1140 1673 mundi
1193 1625 1274 1672 ne
1325 1603 1484 1673 otiis
1532 1602 1748 1673 voluit
1794 1602 2205 1694 obligatum.
2259 1602 2452 1685 Quod
2500 1602 2698 1672 initio
2737 1602 3074 1693 arripuit,
3114 1602 3200 1673 ad

632 1692 839 1762 finem
877 1713 1101 1779 usque
1144 1713 1265 1782 per
1318 1692 1495 1761 uxit:
1534 1692 1602 1760 in
1629 1693 1922 1783 jejuniis
1954 1692 2306 1773 assiduuS,
2348 1691 2415 1760 in
2454 1690 2708 1782 vigiliis
2742 1712 3038 1781 pernox.

721 1785 757 1869 ἓ
805 1785 937 1854 n.
975 1782 1053 1850 Ri
1107 1802 1293 1850 orem
1327 1802 1491 1851 sane
1526 1781 1781 1850 nimiae
1819 1780 2278 1852 abstinentiae
2308 1801 2425 1849 ora
2464 1779 2723 1881 pallida
2751 1780 3202 1851 demonstra·

632 1869 832 1939 bant:
871 1803 1190 1939 maxifiae
1222 1869 1546 1957 lacrymis
1579 1869 1963 1945 humectae,
2001 1869 2230 1939 cordis
2260 1870 2740 1938 contritionem
2776 1869 3196 1958 prodebant.

636 1959 935 2028 Lumbos
984 1957 1241 2027 ferrum
1289 1957 1827 2048 constringebat.
1882 1958 2071 2027 Talia
2118 1957 2317 2027 miles
2348 1957 2594 2028 Christi
2632 1958 2698 2025 in
2734 1979 2868 2027 suo
2902 1980 3199 2049 corpore

634 2047 956 2137 stigmata
1002 2046 1522 2128 circumferens,
1575 2047 2005 2137 voluptatum
2061 2046 2420 2116 illecebras
2467 2059 2533 2116 et
2593 2045 2990 2118 diabolicas
3050 2070 3198 2139 per·

633 2137 1014 2216 suasiones,
1070 2140 1200 2205 Deo
1250 2135 1639 2217 miserante,
1696 2135 1893 2205 facile
1940 2136 2383 2225 contempsit.
2433 2135 2705 2205 Sciebat
2733 2135 2925 2205 enim
2971 2138 3198 2207 Domi·

634 2246 803 2293 num
876 2230 1111 2295 Jesum
1187 2224 1532 2295 Christum
1562 2278 1581 2306 ‚
1659 2238 1737 2295 ut
1807 2246 1931 2294 nos
2004 2225 2093 2294 ab
2149 2224 2445 2294 aeternis
2503 2224 2741 2315 poenis
2807 2223 3190 2302 liberanet.

632 2312 855 2385 multo
901 2315 1210 2404 graviora
1263 2312 1668 2403 pertulisse:
1721 2326 1787 2383 et
1835 2312 2051 2383 multa
2088 2326 2471 2400 martyrum
2505 2312 2727 2382 millia
2759 2316 3191 2402 persecutio-

634 2404 743 2473 nis
793 2418 1119 2492 tempore,
1174 2402 1471 2484 vincula,
1524 2423 1857 2482 carceres,
1914 2402 2152 2491 igneS,
2224 2401 2478 2474 bestias
2547 2415 2752 2489 atque
2812 2402 3191 2474 innumera

635 2507 1127 2563 tormentorum
1178 2514 1431 2583 genera
1478 2491 1728 2563 Christi
1775 2495 1988 2562 causa
2041 2490 2384 2563 tolerasse.
2431 2491 2593 2581 Ejus
2621 2513 2904 2579 quoque
2943 2491 3188 2571 lectus,

632 2604 768 2652 non
819 2605 898 2653 ex
948 2581 1276 2652 mollibus
1326 2580 1608 2672 plumis»,
1667 2581 1950 2670 pictisve
1986 2581 2254 2670 tapetis,
2293 2578 2411 2649 sed
2443 2602 2523 2650 ex
2562 2580 2830 2669 asperis
2869 2581 3191 2673 virgultis

633 2670 1088 2741 sternebatur.
1143 2675 1218 2739 In
1259 2691 1340 2740 eo
1371 2669 1895 2760 corpusculum,
1921 2670 2215 2759 jejuniis
2251 2683 2315 2739 et
2350 2669 2606 2759 vigiliis
2636 2667 3033 2752 defessum,
3070 2694 3188 2741 ceu

632 2774 984 2851 acceptam
1038 2764 1168 2828 Deo
1217 2759 1565 2828 victimam
1618 2761 2030 2849 reponebat:
2082 2758 2468 2839 secundum
2530 2755 2828 2848 Apostoli
2908 2782 3187 2848 praece-

636 2862 857 2939 ptum,
908 2870 1163 2938 corpus
1211 2870 1418 2918 suum
1466 2848 1798 2919 exhibens
1847 2848 2142 2917 hostiam
2201 2848 2577 2928 viventem,
2645 2858 2997 2930 sanctam,
3063 2854 3186 2918 Deo

637 2938 1055 3029 placentem:
1111 2936 1283 3007 illud
1331 2958 1607 3023 quoque
1652 2936 1963 3027 ejusdem
2012 2934 2315 3027 Apostoli
2370 2935 2795 3006 decantans:
2833 2940 2986 3006 Non
3021 2948 3172 3007 sunt

634 3026 838 3096 condi
893 3048 1017 3095 nae
1069 3026 1424 3116 passiones
1473 3025 1688 3115 hujus
1740 3025 2091 3115 temporis,
2143 3024 2230 3095 ad
2279 3023 2584 3095 suturam
2632 3023 2957 3115 gloriam,
3003 3043 3172 3112 quae

636 3117 858 3184 revela
913 3116 1052 3185 itur
1083 3115 1151 3183 in
1191 3114 1416 3184 nobis,
2597 3146 2600 3155 ·
2737 3150 2774 3171 «-

724 3205 761 3291 ξ
807 3206 945 3275 18.
997 3202 1288 3273 Ardebat
1335 3224 1493 3273 vero
1532 3223 1807 3274 summo
1843 3202 2072 3272 studio
2111 3202 2524 3272 monasteria
2555 3214 2623 3272 et
2657 3199 2811 3271 loca
2840 3223 3042 3273 sacra
3068 3223 3184 3293 per

636 3313 878 3361 omnes
928 3293 1250 3362 Franciae
1298 3291 1688 3381 provincias
1733 3290 2206 3373 construendi,
2264 3291 2560 3360 maxime
2605 3291 2880 3361 veroin
2910 3314 3038 3382 pro
3126 3291 3184 3360 'a

637 3380 974 3450 dioecesi:
1026 3380 1147 3451 ubi
1176 3402 1342 3451 sane
1374 3380 1588 3451 multa
1622 3380 1979 3459 coenobia,
2014 3401 2233 3467 eaque
2260 3378 2495 3469 ampla
2528 3390 2593 3448 et
2625 3379 2918 3461 nobilia,
2959 3403 3006 3450 a
3067 3404 3189 3451 un·
3257 3420 3260 3433 =

636 3469 978 3540 damentis
1025 3469 1372 3540 condidit:
1427 3491 1561 3540 non
1608 3491 1828 3558 pauca
1865 3491 2040 3548 vero,
2081 3468 2391 3559 priorum
2424 3467 2821 3538 Antistitum
2863 3483 2937 3540 et
2965 3470 3188 3542 Abba·

637 3571 784 3628 tum
832 3557 1101 3629 desidia
1149 3558 1481 3649 neglecta,
1523 3558 1954 3628 instauravit.
1993 3556 2324 3648 Inprimis
2357 3571 2587 3627 autem
2630 3555 2857 3647 ipsam
2901 3573 3188 3630 matrem

635 3647 1036 3728 Ecclesiam,
1075 3669 1238 3737 prae
1270 3648 1622 3728 omnibus,
1659 3648 1780 3735 qui
1810 3659 1968 3717 ante
1996 3668 2156 3717 eum
2189 3645 2493 3727 fuerunt,
2530 3646 2916 3737 EpiscopiS,
2955 3648 3186 3729 rebus,

634 3736 912 3827 opibus,
970 3735 1447 3824 thesaurisque
1498 3736 1821 3827 plurimis
1867 3735 2331 3826 locupletavit,
2385 3745 2591 3823 atque
2652 3734 2831 3805 inter
2883 3734 3034 3807 alia
3087 3759 3192 3809 or·

637 3838 960 3896 namenta
1010 3825 1261 3896 lectum
1311 3825 1470 3896 lecit
1514 3847 1687 3896 auro
1736 3823 2113 3905 inclusum,
2167 3824 2255 3893 ob
2294 3845 2597 3894 amorem
2635 3836 3022 3915 perpetuae
3051 3827 3190 3897 Vir·

636 3915 821 4006 ginis
867 3927 933 3985 ct
978 3915 1456 3985 sanctissimae
1504 3913 1873 3984 Genitricis
1923 3913 2079 3982 Dei:
2133 3913 2404 3983 Clerum
2461 3933 2602 4000 quo
2653 3933 2740 3982 ue
2797 3912 3188 4004 plurimum

637 4004 988 4084 adunavit,
1044 4025 1345 4090 eumque
1393 4002 1893 4074 Ecclesiasticis
1937 4001 2332 4092 disciplinis
2369 4001 2613 4071 mirabi
2649 4001 2775 4071 iter
2815 4001 3110 4088 imbuit,
3135 4016 3192 4072 et

636 4093 706 4161 in
757 4090 1380 4164 subministrandis
1427 4092 1779 4181 ali-mentis
1830 4092 2174 4179 rebusque
2208 4090 2639 4172 necessariis,
2678 4089 2953 4182 largum
2989 4114 3074 4164 se
3099 4091 3191 4165 itti

635 4195 1148 4272 procuratorem
1182 4180 1516 4251 exhibuit.
1555 4179 1994 4252 xenodochia
2026 4202 2303 4269 quoque
2329 4191 2397 4249 et
2425 4178 2828 4250 matriculas
2866 4181 3185 4257 extruxit.

635 4292 987 4341 annonam
1022 4270 1479 4342 sufficientem
1518 4269 1660 4339 illic
1702 4269 2177 4341 habitantibus
2217 4267 2694 4358 suppeditans.
2737 4267 3002 4340 Eadem
3036 4273 3191 4343 curi

635 4372 702 4428 et
746 4359 1109 4451 diligentia
1157 4359 1346 4429 vicos
1396 4359 1719 4450 publicos
1763 4371 1830 4429 et
1880 4358 2185 4450 plebejas
2217 4357 2542 4428 ecclesias
2575 4356 2916 4440 fundavit,
2957 4359 3070 4432 vel
3103 4371 3190 4431 et·

633 4447 775 4516 iam
821 4449 1202 4538 reparavit:
1259 4469 1384 4517 nec
1435 4447 1578 4518 ulla
1627 4447 1963 4519 dioecesis
1996 4448 2066 4516 in
2098 4447 2370 4519 cunctis
2403 4444 2783 4517 Galliarum
2815 4447 3188 4539 provinciis

3211 4528 3240 4844 l
