3308 5004
186 283 335 348 Ama.
376 282 412 347 4
1127 300 1206 348 mi
1254 299 1310 347 s.
1364 299 1668 349 nommco
2451 284 2580 350 169

181 395 379 475 ageret.
423 383 788 473 Repositus
831 394 937 453 est
966 396 1203 454 autem
1239 383 1305 453 in
1357 384 1661 472 quodam
1712 384 2060 468 cubiculo,
2105 396 2171 456 et
2218 384 2663 457 administra-

179 485 287 541 tum
325 473 375 542 ei
411 485 509 543 est
543 486 885 542 extremae
934 472 1289 544 Unctionis
1322 486 1863 544 sacramentum.
1909 479 2216 562 Cumque
2248 473 2660 563 aliquandiu

168 561 281 631 illie
303 560 547 643 suisset,
584 566 654 630 F.
691 560 1049 651 Adolpbus
1094 583 1169 631 ca
1228 575 1304 631 ut
1348 563 1498 650 ejus
1538 575 1979 643 sustentans,
2036 563 2361 634 sudorem
2429 584 2664 653 panno

165 649 311 719 lineo
347 672 381 719 a
417 649 591 720 facie
649 648 1066 740 detergebat.
1132 655 1179 719 F
1207 650 1415 721 ebant
1464 673 1619 721 vero
1668 651 1910 722 fratres
1939 706 1958 734 ,
2006 652 2132 740 qui
2177 652 2507 734 aderant,
2562 651 2663 722 vi·-

162 739 354 808 dentes
377 739 522 829 jam
576 738 647 807 in
694 760 914 828 agone
965 740 1221 809 versari
1269 739 1764 812 charissimum
1819 753 2107 831 patrem,
2169 742 2374 832 cujus
2421 763 2495 813 se
2539 740 2662 812 do·-

166 827 344 897 lebant
382 827 861 986 l(lzogsolatione
915 826 1221 910 destitui,
1278 851 1663 917 numquam
1726 830 1798 900 in
1852 851 1933 900 ea
1981 830 2389 902 consolandi
2434 830 2659 922 gratia

230 937 346 986 rem
428 939 466 985 a
522 929 710 986 ituri.

172 939 253 1092 βξ
288 1010 367 1079 4.
417 1010 547 1075 Eos
597 1006 677 1074 ut'
715 1004 885 1075 vidit
918 1007 1019 1075 vir
1051 1007 1293 1077 beatus
1332 1005 1663 1096 lacrymis
1698 1003 2012 1076 infusos:
2060 1029 2096 1074 «
2125 1006 2363 1088 Nolite,
2402 1006 2652 1094 inquit,

170 1093 712 1176 llerecharissimi,
760 1116 884 1164 nec
935 1117 1051 1166 vos
1087 1094 1437 1186 perturbet
1483 1094 1865 1185 corporalis
1905 1093 2019 1165 hic
2067 1117 2108 1165 a
2156 1095 2347 1165 vobis
2395 1094 2662 1167 disces-

168 1205 265 1261 sus,
298 1183 358 1250 in
397 1205 478 1253 eo
527 1182 699 1264 loc0,
728 1182 813 1252 ad
848 1205 1054 1271 quem
1092 1206 1279 1254 nunc
1312 1184 1733 1274 proficiscor,
1778 1183 2015 1254 utilior
2045 1183 2238 1254 vobis
2271 1206 2408 1266 ero,
2443 1205 2657 1271 quam

166 1269 241 1340 hic
277 1270 518 1343 fuerim
551 1296 566 1336 ε
620 1272 893 1360 vitaque
942 1271 1245 1354 functus,
1286 1272 1446 1363 plus
1485 1272 1750 1361 aliquid
1803 1272 1994 1345 vobis
2033 1272 2406 1351 conseram,
2442 1295 2654 1359 quam

164 1359 240 1429 hie
276 1383 313 1430 a
344 1384 450 1431 me
480 1373 836 1451 expectare
885 1362 1247 1452 possetis»
1296 1366 1551 1452 Ingens
1577 1362 1747 1432 haec
1785 1374 1932 1431 erat
1971 1361 2327 1432 morientis
2361 1360 2647 1443 fiducia,

194 1449 386 1520 nando
434 1472 563 1521 nec
612 1450 785 1520 mori
837 1449 1089 1530 timuit,
1149 1473 1273 1521 nec
1321 1450 1406 1520 de
1454 1451 1628 1520 vitae
1662 1462 1980 1521 aeternae
2018 1449 2213 1520 aditu
2270 1449 2650 1532 dubitavit,

160 1470 399 1608 fidenter
447 1538 784 1630 pollicens
824 1560 895 1608 se
943 1539 1016 1608 in
1065 1539 1185 1609 illa
1231 1540 1680 1611 constitutum
1716 1594 1732 1620 ‚
1799 1538 1966 1609 filiis
2035 1539 2651 1629 patrocinaturum.

158 1627 412 1708 Quodam
449 1641 680 1698 autem
711 1627 917 1697 fratre
948 1650 1029 1698 ex
1062 1628 1182 1698 illo
1226 1640 1691 1714 percontante,
1720 1628 1845 1698 ubi
1874 1627 2070 1698 vellet
2095 1650 2167 1698 se
2263 1628 2371 1697 liri
2402 1648 2658 1717 corpus

158 1738 342 1796 suum,
389 1715 749 1818 respondit
797 1738 869 1789 se
918 1717 1088 1787 velle
1138 1715 1310 1788 illud
1346 1716 1553 1787 condi
1614 1717 1748 1787 sub
1811 1715 2107 1807 pedibus
2184 1729 2445 1787 ratrum
2496 1738 2657 1787 suo·

156 1824 295 1872 rum.
351 1810 453 1876 Ita
504 1805 833 1875 invitatus
878 1805 962 1875 ad
1016 1806 1318 1897 nuptias,
1379 1806 1587 1897 elegit
1635 1805 2090 1877 novissimum
2157 1806 2432 1888 locum,
2492 1827 2652 1877 cum

146 1892 256 1975 jam
303 1916 624 1965 summus
658 1893 1153 1984 paterfamilias
1192 1897 1279 1964 ad
1313 1894 1768 1985 superiorem,
1808 1907 2042 1985 utpote
2085 1895 2388 1964 amicum
2442 1894 2659 1964 hono-

153 1993 379 2060 ratum,
432 2005 596 2053 eum
649 1980 1049 2065 transferet,
1114 2006 1349 2054 coram
1398 1984 1607 2055 simul
1658 1983 2264 2054 discumbentibus
2311 1984 2382 2053 in
2438 1983 2660 2074 gloria

146 2070 499 2142 sublimiter
547 2071 1006 2142 evehendum.

211 2161 360 2245 §5-
436 2165 832 2231 Convocans
893 2174 1123 2230 autem
1172 2160 1256 2230 ad
1326 2182 1399 2232 se
1447 2160 1751 2230 Priorem
1800 2171 1867 2229 et
1932 2160 2221 2244 fratres,
2275 2161 2448 2230 dixit
2503 2160 2652 2231 eis:

146 2249 511 2337 Praeparate
562 2271 701 2321 vos.
737 2249 884 2321 Illis
918 2248 1005 2319 ad
1045 2249 1717 2319 commendationem
1768 2248 2169 2319 solemniter
2202 2249 2655 2340 praeparatiS,

144 2335 235 2403 ait:
269 2340 607 2409 sustinete
636 2337 865 2408 adhuc
902 2360 1300 2428 parumper;
1331 2337 1579 2408 deinde
1613 2337 1709 2407 ait
1740 2338 1932 2407 Prior
1971 2337 2057 2406 ad
2097 2361 2285 2408 eum:
2325 2344 2422 2408 Tu
2451 2337 2654 2419 nosti,

144 2437 322 2512 pater,
372 2450 586 2517 quam
639 2448 765 2497 nos
793 2426 1069 2507 deseras
1100 2427 1440 2497 desolatos
1473 2439 1539 2497 et
1587 2439 1993 2496 moerentes.
2029 2432 2364 2498 Memento
2413 2426 2654 2507 nostri,

142 2527 199 2583 ut
234 2538 379 2587 ores
427 2518 798 2587 Dominum
845 2538 967 2606 pro
1018 2518 1239 2587 nobiS.
1280 2522 1452 2588 Tum
1502 2516 1620 2586 ille
1667 2516 1772 2585 vir
1810 2516 2320 2598 sanctissimae,
2377 2527 2557 2587 totus
2584 2516 2656 2585 in

144 2604 315 2675 Deum
361 2607 757 2696 absorptus,
810 2604 1103 2677 sublatis
1129 2628 1410 2677 sursum
1452 2605 1801 2686 manibuS,
1856 2604 2051 2675 dixit:
2089 2628 2124 2672 «
2151 2610 2346 2675 Pater
2392 2615 2652 2686 sancte,

143 2694 367 2776 tuscis,
420 2695 591 2783 quia
641 2694 932 2764 libenter
981 2695 1244 2784 perstiti
1291 2696 1360 2764 in
1414 2694 1762 2765 voluntate
1814 2705 1951 2774 tua,
2006 2705 2073 2763 et
2110 2694 2291 2776 illos,
2329 2716 2504 2781 quos
2536 2691 2659 2762 de·-

142 2779 267 2851 disti
306 2783 480 2853 mihi
526 2782 888 2854 custodivi.
927 2787 1007 2852 At
1057 2806 1245 2854 nunc
1293 2783 1705 2854 commendo
1759 2804 1876 2852 eos
1925 2782 2092 2853 tibi:
2150 2796 2222 2852 tu
2263 2782 2417 2853 illos
2464 2803 2662 2851 serva

142 2872 486 2942 etcustodi.
523 2877 666 2963 Ego
704 2871 787 2941 ad
832 2885 894 2942 te
929 2872 1124 2942 venio
1164 2877 1359 2943 Pater
1381 2872 1769 2944 coelestis.»
1809 2871 2061 2942 Deinde
2104 2883 2255 2962 post
2292 2870 2658 2961 paululum

144 2957 209 3033 ait
232 2960 310 3030 ad
360 2960 636 3032 fratres:
691 2961 979 3053 Incipite
1017 2961 1190 3052 jam.
1228 2967 1376 3045 Qua
1418 2982 1572 3030 vero
1606 2960 1988 3041 devotione,
2031 2960 2291 3048 quibus
2331 2957 2661 3049 lacrymis

144 3050 641 3140 &singultibus
719 3063 1069 3140 peractum
1147 3050 1352 3121 suerit
1410 3048 2039 3120 commendationis
2113 3049 2463 3129 officium,
2519 3069 2659 3118 non

148 3139 318 3209 nescit
365 3139 507 3222 ille,
570 3137 695 3227 qui
744 3161 875 3209 non
904 3141 1192 3229 spernit
1242 3161 1474 3229 preces
1541 3159 1956 3229 pauperum,
2010 3151 2078 3208 et
2124 3139 2428 3227 gemitus
2470 3158 2659 3206 moe-

149 3228 399 3298 rentium
456 3251 598 3299 non
633 3227 948 3318 despicit.
1907 3305 1916 3317 ‚

202 3316 363 3403 §0-
420 3318 549 3388 Ille
583 3318 841 3387 interea
891 3316 1221 3407 migrans,
1279 3316 1461 3386 labia
1513 3318 1828 3387 movebat
1875 3314 1959 3385 ad
2014 3336 2274 3406 preceS,
2329 3313 2490 3384 licet
2536 3335 2660 3383 vox

153 3404 387 3500 minime
435 3408 835 3478 sentiretur.
873 3410 949 3477 In
977 3419 1279 3477 extrema
1326 3405 1924 3476 commendatione
1950 3403 2281 3475 fratribus
2315 3426 2440 3494 pro
2471 3424 2661 3473 more

155 3487 541 3567 dicentibus:
598 3494 966 3566 Subvenite
1012 3496 1233 3567 sancti
1297 3496 1450 3575 Dei,
1502 3495 1845 3565 occurrite
1903 3493 2144 3585 Angeli
2203 3492 2476 3564 Domini
2522 3505 2653 3561 etc.

156 3577 389 3677 elevatas
432 3598 678 3656 tenens
725 3584 796 3653 in
846 3583 1113 3655 coelum
1168 3606 1456 3665 manuS‚
1526 3584 1851 3675 spiritum
1913 3582 2296 3653 exhalavit:
2354 3604 2475 3652 nec
2525 3580 2663 3650 du-

160 3662 291 3740 bium
320 3674 499 3763 quin
548 3671 892 3763 Angelicis
941 3672 1265 3744 manibus
1310 3684 1663 3762 exceptuS,
1702 3672 1991 3743 Domino
2023 3673 2114 3742 sit
2150 3682 2650 3762 praesentatus

164 3757 343 3855 ansit
389 3776 626 3833 autem
661 3783 919 3852 corpus
953 3762 1267 3832 exanime
1298 3762 1369 3831 in
1410 3762 1641 3831 cinere
1665 3760 1932 3850 jacens,
1975 3761 2428 3831 moerentium
2463 3758 2659 3827 luctu

166 3851 522 4011 mtseragile,
572 3851 737 3921 fidei
786 3851 1037 3942 pietate
1082 3851 1418 3933 amabile,
1462 3862 1530 3920 et
1593 3873 1717 3941 pro
1764 3850 1916 3941 ejus
1976 3851 2337 3920 sanctitate
2383 3846 2660 3918 cunctis

169 3949 346 4011 vettera
399 3942 416 4009 i
454 3963 522 4011 e.
850 3974 861 3983 ·

220 4023 339 4108 δῖ.
394 4027 634 4100 Adfuit
678 4051 715 4097 e
746 4050 1031 4119 corpore
1078 4028 1361 4100 abeunti
1411 4028 1554 4097 viro
1603 4026 2046 4103 sanctissimo
2093 4025 2491 4096 beatissima
2539 4022 2659 4093 Dei

170 4107 308 4185 liter
347 4140 518 4188 cum
570 4117 738 4188 Filio
785 4140 953 4198 suo,
1007 4130 1073 4188 et
1119 4116 1536 4208 Angelorum
1595 4117 1897 4187 suaviter
1960 4115 2473 4185 modulantium
2521 4112 2658 4183 fre-

169 4206 333 4278 ‘tuenti
371 4206 706 4288 exercitu,
743 4206 1066 4297 spiritum
1115 4207 1268 4297 ejus
1316 4206 1388 4275 in
1427 4206 1654 4277 coelos
1704 4227 1942 4277 secum
1975 4204 2354 4283 abducens,
2406 4222 2655 4289 quem·-

166 4282 482 4367 admodum
520 4294 760 4366 fideles
792 4296 1077 4384 quidam
1131 4317 1253 4385 per
1293 4294 1775 4365 revelationem
1825 4293 2246 4364 didicerunt.
2284 4296 2434 4374 Qua
2464 4290 2655 4360 enim

165 4367 283 4449 hora
304 4384 622 4467 decessit,
674 4389 838 4455 Ven.
893 4390 964 4454 F.
1016 4384 1257 4466 Guala,
1296 4383 1487 4454 Prior
1520 4383 2128 4455 Dominicanorum
2161 4379 2646 4461 Brixiensium‚
