<?xml version="1.0" encoding="UTF-8"?>
<!DOCTYPE html PUBLIC "-//W3C//DTD XHTML 1.0 Transitional//EN"
    "http://www.w3.org/TR/xhtml1/DTD/xhtml1-transitional.dtd">
<html xmlns="http://www.w3.org/1999/xhtml" xml:lang="en" lang="en">
 <head>
  <title>
</title>
<meta http-equiv="Content-Type" content="text/html;charset=utf-8" />
  <meta name='ocr-system' content='tesseract 3.04.00' />
  <meta name='ocr-capabilities' content='ocr_page ocr_carea ocr_par ocr_line ocrx_word'/>
</head>
<body>
  <div class='ocr_page' id='page_1' title='image "./historiaeseuvit01lippgoog_0696.png"; bbox 0 0 3308 5004; ppageno 0'>
   <div class='ocr_carea' id='block_1_1' title="bbox 740 325 3182 396">
    <p class='ocr_par' dir='ltr' id='par_1_1' title="bbox 740 325 3182 396">
     <span class='ocr_line' id='line_1_1' title="bbox 740 325 3182 396; baseline -0.002 0"><span class='ocrx_word' id='word_1_1' title='bbox 740 329 870 396; x_wconf 75' lang='lat'><strong>652</strong></span> <span class='ocrx_word' id='word_1_2' title='bbox 1262 341 1345 393; x_wconf 71' lang='lat' dir='ltr'><strong>nn</strong></span> <span class='ocrx_word' id='word_1_3' title='bbox 1392 345 1447 395; x_wconf 89' lang='lat' dir='ltr'><strong>s.</strong></span> <span class='ocrx_word' id='word_1_4' title='bbox 1499 341 1769 395; x_wconf 69' lang='lat' dir='ltr'><strong>axonam</strong></span> <span class='ocrx_word' id='word_1_5' title='bbox 1814 343 1985 394; x_wconf 73' lang='lat' dir='ltr'><strong>nne.</strong></span> <span class='ocrx_word' id='word_1_6' title='bbox 2035 345 2114 394; x_wconf 73' lang='lat' dir='ltr'><strong>nr</strong></span> <span class='ocrx_word' id='word_1_7' title='bbox 2159 343 2360 394; x_wconf 80' lang='lat' dir='ltr'><strong>scens</strong></span> <span class='ocrx_word' id='word_1_8' title='bbox 2407 344 2521 393; x_wconf 82' lang='grc' dir='ltr'><strong>ιι.</strong></span> <span class='ocrx_word' id='word_1_9' title='bbox 2863 325 3063 394; x_wconf 73' lang='lat' dir='ltr'><strong>Auo.</strong></span> <span class='ocrx_word' id='word_1_10' title='bbox 3101 326 3182 392; x_wconf 68' lang='lat'><strong>27</strong></span> 
     </span>
    </p>
   </div>
   <div class='ocr_carea' id='block_1_2' title="bbox 571 429 3262 4520">
    <p class='ocr_par' dir='ltr' id='par_1_2' title="bbox 651 429 3262 1035">
     <span class='ocr_line' id='line_1_2' title="bbox 651 429 3192 588; baseline -0.002 -84"><span class='ocrx_word' id='word_1_11' title='bbox 651 443 732 504; x_wconf 87' lang='lat' dir='ltr'><strong>ut</strong></span> <span class='ocrx_word' id='word_1_12' title='bbox 759 443 956 503; x_wconf 91' lang='lat' dir='ltr'><strong>erant</strong></span> <span class='ocrx_word' id='word_1_13' title='bbox 988 430 1057 502; x_wconf 90' lang='lat' dir='ltr'><strong>in</strong></span> <span class='ocrx_word' id='word_1_14' title='bbox 1093 452 1367 502; x_wconf 86' lang='lat' dir='ltr'><strong>carcere</strong></span> <span class='ocrx_word' id='word_1_15' title='bbox 1399 429 1628 520; x_wconf 83' lang='lat' dir='ltr'><strong>positi,</strong></span> <span class='ocrx_word' id='word_1_16' title='bbox 1671 442 1738 500; x_wconf 89' lang='lat' dir='ltr'><strong>et</strong></span> <span class='ocrx_word' id='word_1_17' title='bbox 1768 429 1903 502; x_wconf 92' lang='lat' dir='ltr'><strong>alia</strong></span> <span class='ocrx_word' id='word_1_18' title='bbox 1940 430 2139 511; x_wconf 89' lang='lat' dir='ltr'><strong>mira,</strong></span> <span class='ocrx_word' id='word_1_19' title='bbox 2181 451 2361 518; x_wconf 85' lang='lat' dir='ltr'><strong>quae</strong></span> <span class='ocrx_word' id='word_1_20' title='bbox 2397 451 2525 521; x_wconf 84' lang='lat' dir='ltr'><strong>ego</strong></span> <span class='ocrx_word' id='word_1_21' title='bbox 2565 441 2842 588; x_wconf 56' lang='lat' dir='ltr'><strong>gropter</strong></span> <span class='ocrx_word' id='word_1_22' title='bbox 2869 450 3192 520; x_wconf 85' lang='lat' dir='ltr'><strong>compen·</strong></span> 
     </span>
     <span class='ocr_line' id='line_1_3' title="bbox 652 517 3193 610; baseline -0.001 -19"><span class='ocrx_word' id='word_1_23' title='bbox 652 520 848 591; x_wconf 91' lang='lat' dir='ltr'><strong>dium</strong></span> <span class='ocrx_word' id='word_1_24' title='bbox 880 519 1128 602; x_wconf 71' lang='lat' dir='ltr'><strong>molius</strong></span> <span class='ocrx_word' id='word_1_25' title='bbox 1156 519 1400 590; x_wconf 88' lang='lat' dir='ltr'><strong>censui</strong></span> <span class='ocrx_word' id='word_1_26' title='bbox 1435 540 1567 589; x_wconf 88' lang='lat' dir='ltr'><strong>non</strong></span> <span class='ocrx_word' id='word_1_27' title='bbox 1597 517 1990 590; x_wconf 86' lang='lat' dir='ltr'><strong>scribenda.</strong></span> <span class='ocrx_word' id='word_1_28' title='bbox 2022 524 2260 607; x_wconf 75' lang='lat' dir='ltr'><strong>Itaque</strong></span> <span class='ocrx_word' id='word_1_29' title='bbox 2285 541 2445 589; x_wconf 91' lang='lat' dir='ltr'><strong>cum</strong></span> <span class='ocrx_word' id='word_1_30' title='bbox 2476 517 2564 588; x_wconf 91' lang='lat' dir='ltr'><strong>de</strong></span> <span class='ocrx_word' id='word_1_31' title='bbox 2613 518 2882 590; x_wconf 83' lang='lat' dir='ltr'><strong>uissent</strong></span> <span class='ocrx_word' id='word_1_32' title='bbox 2899 518 3193 610; x_wconf 78' lang='lat' dir='ltr'>produci</span> 
     </span>
     <span class='ocr_line' id='line_1_4' title="bbox 652 607 3194 700; baseline -0.001 -20"><span class='ocrx_word' id='word_1_33' title='bbox 652 609 766 681; x_wconf 89' lang='lat' dir='ltr'><strong>die</strong></span> <span class='ocrx_word' id='word_1_34' title='bbox 798 608 1243 688; x_wconf 80' lang='lat' dir='ltr'><strong>adveniente,</strong></span> <span class='ocrx_word' id='word_1_35' title='bbox 1296 620 1375 679; x_wconf 92' lang='lat' dir='ltr'><strong>ut</strong></span> <span class='ocrx_word' id='word_1_36' title='bbox 1428 608 1499 678; x_wconf 93' lang='lat' dir='ltr'><strong>in</strong></span> <span class='ocrx_word' id='word_1_37' title='bbox 1554 608 1702 679; x_wconf 86' lang='lat' dir='ltr'><strong>foro</strong></span> <span class='ocrx_word' id='word_1_38' title='bbox 1752 620 2369 699; x_wconf 82' lang='lat' dir='ltr'><strong>prosternerentur,</strong></span> <span class='ocrx_word' id='word_1_39' title='bbox 2422 607 2646 697; x_wconf 91' lang='lat' dir='ltr'><strong>coepit</strong></span> <span class='ocrx_word' id='word_1_40' title='bbox 2691 607 3194 700; x_wconf 54' lang='lat' dir='ltr'><strong>beafflattssia</strong></span> 
     </span>
     <span class='ocr_line' id='line_1_5' title="bbox 653 695 3195 783; baseline -0.001 -15"><span class='ocrx_word' id='word_1_41' title='bbox 653 697 855 769; x_wconf 86' lang='lat' dir='ltr'><strong>solito</strong></span> <span class='ocrx_word' id='word_1_42' title='bbox 902 709 1219 768; x_wconf 86' lang='lat' dir='ltr'><strong>sanctum</strong></span> <span class='ocrx_word' id='word_1_43' title='bbox 1278 695 1631 768; x_wconf 80' lang='lat' dir='ltr'><strong>Aurelium</strong></span> <span class='ocrx_word' id='word_1_44' title='bbox 1701 696 1959 768; x_wconf 88' lang='lat' dir='ltr'><strong>sanctis</strong></span> <span class='ocrx_word' id='word_1_45' title='bbox 2018 718 2289 766; x_wconf 86' lang='lat' dir='ltr'><strong>armare</strong></span> <span class='ocrx_word' id='word_1_46' title='bbox 2351 695 2697 783; x_wconf 76' lang='lat' dir='ltr'><strong>alloquiis,</strong></span> <span class='ocrx_word' id='word_1_47' title='bbox 2765 695 2962 767; x_wconf 87' lang='lat' dir='ltr'><strong>Sicut</strong></span> <span class='ocrx_word' id='word_1_48' title='bbox 3027 697 3195 766; x_wconf 88' lang='lat' dir='ltr'><strong>enim</strong></span> 
     </span>
     <span class='ocr_line' id='line_1_6' title="bbox 652 784 3198 875; baseline -0.001 -16"><span class='ocrx_word' id='word_1_49' title='bbox 652 785 1003 875; x_wconf 84' lang='lat' dir='ltr'><strong>quondam</strong></span> <span class='ocrx_word' id='word_1_50' title='bbox 1055 785 1159 857; x_wconf 91' lang='lat' dir='ltr'><strong>illi</strong></span> <span class='ocrx_word' id='word_1_51' title='bbox 1204 785 1387 857; x_wconf 84' lang='lat' dir='ltr'><strong>beati</strong></span> <span class='ocrx_word' id='word_1_52' title='bbox 1419 784 1725 868; x_wconf 76' lang='lat' dir='ltr'><strong>Adriani,</strong></span> <span class='ocrx_word' id='word_1_53' title='bbox 1769 785 1864 856; x_wconf 86' lang='lat' dir='ltr'><strong>ita</strong></span> <span class='ocrx_word' id='word_1_54' title='bbox 1891 797 1960 856; x_wconf 78' lang='lat' dir='ltr'><strong>et</strong></span> <span class='ocrx_word' id='word_1_55' title='bbox 1991 785 2122 858; x_wconf 91' lang='lat' dir='ltr'><strong>ista</strong></span> <span class='ocrx_word' id='word_1_56' title='bbox 2169 785 2414 857; x_wconf 88' lang='lat' dir='ltr'><strong>merito</strong></span> <span class='ocrx_word' id='word_1_57' title='bbox 2440 796 2509 856; x_wconf 92' lang='lat' dir='ltr'><strong>et</strong></span> <span class='ocrx_word' id='word_1_58' title='bbox 2546 785 2828 855; x_wconf 88' lang='lat' dir='ltr'><strong>nomine</strong></span> <span class='ocrx_word' id='word_1_59' title='bbox 2877 807 3027 855; x_wconf 87' lang='lat' dir='ltr'><strong>non</strong></span> <span class='ocrx_word' id='word_1_60' title='bbox 3077 785 3198 856; x_wconf 85' lang='lat' dir='ltr'><strong>dis-</strong></span> 
     </span>
     <span class='ocr_line' id='line_1_7' title="bbox 653 873 3262 1032; baseline -0.002 -86"><span class='ocrx_word' id='word_1_61' title='bbox 653 874 952 1032; x_wconf 77' lang='lat' dir='ltr'><strong>similis,f</strong></span> <span class='ocrx_word' id='word_1_62' title='bbox 980 895 1188 945; x_wconf 90' lang='lat' dir='ltr'><strong>suum</strong></span> <span class='ocrx_word' id='word_1_63' title='bbox 1231 896 1367 946; x_wconf 91' lang='lat' dir='ltr'><strong>non</strong></span> <span class='ocrx_word' id='word_1_64' title='bbox 1399 873 1714 947; x_wconf 77' lang='lat' dir='ltr'><strong>cessabat</strong></span> <span class='ocrx_word' id='word_1_65' title='bbox 1747 874 1999 956; x_wconf 80' lang='lat' dir='ltr'><strong>virum,</strong></span> <span class='ocrx_word' id='word_1_66' title='bbox 2045 875 2293 948; x_wconf 87' lang='lat' dir='ltr'><strong>virtute</strong></span> <span class='ocrx_word' id='word_1_67' title='bbox 2322 895 2461 963; x_wconf 89' lang='lat' dir='ltr'><strong>qua</strong></span> <span class='ocrx_word' id='word_1_68' title='bbox 2509 884 2816 965; x_wconf 85' lang='lat' dir='ltr'><strong>poterat,</strong></span> <span class='ocrx_word' id='word_1_69' title='bbox 2857 873 3194 946; x_wconf 84' lang='lat' dir='ltr'><strong>instruere</strong></span> <span class='ocrx_word' id='word_1_70' title='bbox 3261 913 3262 942; x_wconf 74' lang='grc'>;</span> 
     </span>
     <span class='ocr_line' id='line_1_8' title="bbox 651 975 1339 1035; baseline -0.006 0"><span class='ocrx_word' id='word_1_71' title='bbox 651 986 735 1035; x_wconf 87' lang='lat' dir='ltr'><strong>ac</strong></span> <span class='ocrx_word' id='word_1_72' title='bbox 782 985 909 1035; x_wconf 88' lang='lat' dir='ltr'><strong>con</strong></span> <span class='ocrx_word' id='word_1_73' title='bbox 942 975 1189 1034; x_wconf 90' lang='lat' dir='ltr'><strong>ortare.</strong></span> <span class='ocrx_word' id='word_1_74' title='bbox 1336 1017 1339 1024; x_wconf 15' lang='grc' dir='ltr'><em>Α</em></span> 
     </span>
    </p>

    <p class='ocr_par' dir='ltr' id='par_1_3' title="bbox 571 1049 3262 3697">
     <span class='ocr_line' id='line_1_9' title="bbox 742 1049 3192 1211; baseline -0.002 -86"><span class='ocrx_word' id='word_1_75' title='bbox 742 1054 780 1211; x_wconf 57' lang='grc' dir='ltr'><strong>ῗ</strong></span> <span class='ocrx_word' id='word_1_76' title='bbox 830 1058 991 1125; x_wconf 71' lang='lat'><strong>22.</strong></span> <span class='ocrx_word' id='word_1_77' title='bbox 1045 1057 1201 1124; x_wconf 90' lang='lat' dir='ltr'><strong>Post</strong></span> <span class='ocrx_word' id='word_1_78' title='bbox 1250 1051 1418 1122; x_wconf 88' lang='lat' dir='ltr'><strong>haec</strong></span> <span class='ocrx_word' id='word_1_79' title='bbox 1459 1051 1740 1139; x_wconf 87' lang='lat' dir='ltr'><strong>jussum</strong></span> <span class='ocrx_word' id='word_1_80' title='bbox 1790 1062 1893 1122; x_wconf 86' lang='lat' dir='ltr'><strong>est</strong></span> <span class='ocrx_word' id='word_1_81' title='bbox 1937 1072 2020 1124; x_wconf 87' lang='lat' dir='ltr'><strong>ex</strong></span> <span class='ocrx_word' id='word_1_82' title='bbox 2067 1064 2431 1142; x_wconf 86' lang='lat' dir='ltr'><strong>praecepto</strong></span> <span class='ocrx_word' id='word_1_83' title='bbox 2460 1049 2725 1142; x_wconf 88' lang='lat' dir='ltr'><strong>judicis</strong></span> <span class='ocrx_word' id='word_1_84' title='bbox 2771 1049 2946 1123; x_wconf 87' lang='lat' dir='ltr'><strong>duci</strong></span> <span class='ocrx_word' id='word_1_85' title='bbox 2989 1073 3107 1123; x_wconf 87' lang='lat' dir='ltr'><strong>eos</strong></span> <span class='ocrx_word' id='word_1_86' title='bbox 3137 1053 3192 1121; x_wconf 88' lang='lat' dir='ltr'><strong>in</strong></span> 
     </span>
     <span class='ocr_line' id='line_1_10' title="bbox 653 1139 3192 1232; baseline -0.001 -21"><span class='ocrx_word' id='word_1_87' title='bbox 653 1163 739 1232; x_wconf 91' lang='lat' dir='ltr'><strong>pa</strong></span> <span class='ocrx_word' id='word_1_88' title='bbox 770 1141 1016 1223; x_wconf 88' lang='lat' dir='ltr'><strong>atium,</strong></span> <span class='ocrx_word' id='word_1_89' title='bbox 1053 1153 1259 1230; x_wconf 90' lang='lat' dir='ltr'><strong>atque</strong></span> <span class='ocrx_word' id='word_1_90' title='bbox 1304 1140 1456 1212; x_wconf 87' lang='lat' dir='ltr'><strong>sisti</strong></span> <span class='ocrx_word' id='word_1_91' title='bbox 1501 1140 1573 1211; x_wconf 92' lang='lat' dir='ltr'><strong>in</strong></span> <span class='ocrx_word' id='word_1_92' title='bbox 1629 1152 2009 1231; x_wconf 87' lang='lat' dir='ltr'><strong>conspectu</strong></span> <span class='ocrx_word' id='word_1_93' title='bbox 2055 1139 2450 1214; x_wconf 85' lang='lat' dir='ltr'><strong>consulum.</strong></span> <span class='ocrx_word' id='word_1_94' title='bbox 2501 1140 2633 1223; x_wconf 87' lang='lat' dir='ltr'><strong>Qui</strong></span> <span class='ocrx_word' id='word_1_95' title='bbox 2680 1153 3078 1232; x_wconf 80' lang='lat' dir='ltr'><strong>coeperunt</strong></span> <span class='ocrx_word' id='word_1_96' title='bbox 3113 1143 3192 1211; x_wconf 85' lang='lat' dir='ltr'><strong>eis</strong></span> 
     </span>
     <span class='ocr_line' id='line_1_11' title="bbox 654 1228 3262 1330; baseline -0.001 -30"><span class='ocrx_word' id='word_1_97' title='bbox 654 1231 883 1321; x_wconf 88' lang='lat' dir='ltr'><strong>primo</strong></span> <span class='ocrx_word' id='word_1_98' title='bbox 921 1230 1147 1300; x_wconf 89' lang='lat' dir='ltr'><strong>minas</strong></span> <span class='ocrx_word' id='word_1_99' title='bbox 1179 1242 1245 1299; x_wconf 91' lang='lat' dir='ltr'><strong>et</strong></span> <span class='ocrx_word' id='word_1_100' title='bbox 1275 1241 1566 1300; x_wconf 88' lang='lat' dir='ltr'><strong>terrores</strong></span> <span class='ocrx_word' id='word_1_101' title='bbox 1604 1228 1911 1300; x_wconf 79' lang='lat' dir='ltr'><strong>incutere</strong></span> <span class='ocrx_word' id='word_1_102' title='bbox 1942 1254 1959 1295; x_wconf 72' lang='grc' dir='ltr'>ε</span> <span class='ocrx_word' id='word_1_103' title='bbox 1996 1228 2247 1300; x_wconf 90' lang='lat' dir='ltr'><strong>deinde</strong></span> <span class='ocrx_word' id='word_1_104' title='bbox 2276 1250 2443 1320; x_wconf 84' lang='lat' dir='ltr'><strong>opes</strong></span> <span class='ocrx_word' id='word_1_105' title='bbox 2474 1241 2678 1330; x_wconf 89' lang='lat' dir='ltr'><strong>atque</strong></span> <span class='ocrx_word' id='word_1_106' title='bbox 2709 1229 2943 1299; x_wconf 49' lang='lat' dir='ltr'><strong>fasces</strong></span> <span class='ocrx_word' id='word_1_107' title='bbox 2989 1230 3190 1321; x_wconf 81' lang='lat' dir='ltr'><strong>digni·</strong></span> <span class='ocrx_word' id='word_1_108' title='bbox 3261 1307 3262 1316; x_wconf 10' lang='grc' dir='ltr'>ἶ</span> 
     </span>
     <span class='ocr_line' id='line_1_12' title="bbox 654 1317 3184 1408; baseline -0.001 -19"><span class='ocrx_word' id='word_1_109' title='bbox 654 1330 870 1389; x_wconf 91' lang='lat' dir='ltr'><strong>tatum</strong></span> <span class='ocrx_word' id='word_1_110' title='bbox 917 1317 1246 1408; x_wconf 79' lang='lat' dir='ltr'><strong>polliceri,</strong></span> <span class='ocrx_word' id='word_1_111' title='bbox 1298 1317 1580 1406; x_wconf 77' lang='lat' dir='ltr'><strong>quibuS,</strong></span> <span class='ocrx_word' id='word_1_112' title='bbox 1625 1318 1685 1387; x_wconf 88' lang='lat' dir='ltr'><strong>si</strong></span> <span class='ocrx_word' id='word_1_113' title='bbox 1731 1338 1969 1390; x_wconf 88' lang='lat' dir='ltr'><strong>eorum</strong></span> <span class='ocrx_word' id='word_1_114' title='bbox 2019 1317 2343 1388; x_wconf 84' lang='lat' dir='ltr'><strong>cederent</strong></span> <span class='ocrx_word' id='word_1_115' title='bbox 2388 1317 2724 1398; x_wconf 75' lang='lat' dir='ltr'><strong>constliiS,</strong></span> <span class='ocrx_word' id='word_1_116' title='bbox 2779 1317 3184 1390; x_wconf 84' lang='lat' dir='ltr'><strong>fruerentur.</strong></span> 
     </span>
     <span class='ocr_line' id='line_1_13' title="bbox 658 1405 3262 1491; baseline 0 -14"><span class='ocrx_word' id='word_1_117' title='bbox 658 1408 753 1477; x_wconf 90' lang='lat' dir='ltr'><strong>Iis</strong></span> <span class='ocrx_word' id='word_1_118' title='bbox 802 1428 958 1477; x_wconf 86' lang='lat' dir='ltr'><strong>vero</strong></span> <span class='ocrx_word' id='word_1_119' title='bbox 991 1407 1402 1479; x_wconf 83' lang='lat' dir='ltr'><strong>inconcusse</strong></span> <span class='ocrx_word' id='word_1_120' title='bbox 1446 1406 1867 1478; x_wconf 89' lang='lat' dir='ltr'><strong>durantibus</strong></span> <span class='ocrx_word' id='word_1_121' title='bbox 1912 1407 1984 1476; x_wconf 92' lang='lat' dir='ltr'><strong>in</strong></span> <span class='ocrx_word' id='word_1_122' title='bbox 2019 1428 2150 1478; x_wconf 89' lang='lat' dir='ltr'><strong>sua</strong></span> <span class='ocrx_word' id='word_1_123' title='bbox 2196 1405 2651 1491; x_wconf 62' lang='lat' dir='ltr'><strong>confessione,</strong></span> <span class='ocrx_word' id='word_1_124' title='bbox 2695 1407 3188 1480; x_wconf 80' lang='lat' dir='ltr'><strong>lictoribuseos</strong></span> <span class='ocrx_word' id='word_1_125' title='bbox 3261 1457 3262 1460; x_wconf 63' lang='lat'><strong>,</strong></span> 
     </span>
     <span class='ocr_line' id='line_1_14' title="bbox 656 1493 3185 1654; baseline -0 -87"><span class='ocrx_word' id='word_1_126' title='bbox 656 1494 1014 1654; x_wconf 49' lang='lat' dir='ltr'><strong>asgicgnant</strong></span> <span class='ocrx_word' id='word_1_127' title='bbox 1048 1493 1511 1587; x_wconf 58' lang='lat' dir='ltr'><strong>perimendos</strong></span> <span class='ocrx_word' id='word_1_128' title='bbox 1551 1501 1879 1566; x_wconf 86' lang='lat' dir='ltr'><strong>Sanctum</strong></span> <span class='ocrx_word' id='word_1_129' title='bbox 1915 1515 2074 1566; x_wconf 83' lang='lat' dir='ltr'><strong>vero</strong></span> <span class='ocrx_word' id='word_1_130' title='bbox 2114 1496 2480 1586; x_wconf 86' lang='lat' dir='ltr'><strong>Georgium</strong></span> <span class='ocrx_word' id='word_1_131' title='bbox 2516 1493 2912 1566; x_wconf 86' lang='lat' dir='ltr'><strong>decernunt</strong></span> <span class='ocrx_word' id='word_1_132' title='bbox 2959 1496 3185 1568; x_wconf 78' lang='lat' dir='ltr'><strong>solum·</strong></span> 
     </span>
     <span class='ocr_line' id='line_1_15' title="bbox 662 1583 3182 1675; baseline -0.001 -19"><span class='ocrx_word' id='word_1_133' title='bbox 662 1607 729 1656; x_wconf 90' lang='lat' dir='ltr'><strong>m</strong></span> <span class='ocrx_word' id='word_1_134' title='bbox 828 1606 870 1655; x_wconf 95' lang='lat' dir='ltr'><strong>o</strong></span> <span class='ocrx_word' id='word_1_135' title='bbox 914 1583 1151 1666; x_wconf 90' lang='lat' dir='ltr'><strong>abire,</strong></span> <span class='ocrx_word' id='word_1_136' title='bbox 1205 1606 1329 1675; x_wconf 94' lang='lat' dir='ltr'><strong>pro</strong></span> <span class='ocrx_word' id='word_1_137' title='bbox 1380 1605 1501 1667; x_wconf 86' lang='lat' dir='ltr'><strong>eo,</strong></span> <span class='ocrx_word' id='word_1_138' title='bbox 1565 1584 1752 1672; x_wconf 90' lang='lat' dir='ltr'><strong>quod</strong></span> <span class='ocrx_word' id='word_1_139' title='bbox 1801 1583 1937 1675; x_wconf 90' lang='lat' dir='ltr'><strong>ipsi</strong></span> <span class='ocrx_word' id='word_1_140' title='bbox 1983 1584 2348 1675; x_wconf 79' lang='lat' dir='ltr'><strong>optimates</strong></span> <span class='ocrx_word' id='word_1_141' title='bbox 2386 1595 2451 1655; x_wconf 90' lang='lat' dir='ltr'><strong>et</strong></span> <span class='ocrx_word' id='word_1_142' title='bbox 2500 1585 2763 1674; x_wconf 85' lang='lat' dir='ltr'><strong>priores</strong></span> <span class='ocrx_word' id='word_1_143' title='bbox 2822 1585 3076 1675; x_wconf 87' lang='lat' dir='ltr'><strong>palatii</strong></span> <span class='ocrx_word' id='word_1_144' title='bbox 3114 1585 3182 1654; x_wconf 88' lang='lat' dir='ltr'><strong>nil</strong></span> 
     </span>
     <span class='ocr_line' id='line_1_16' title="bbox 571 1672 3178 1762; baseline -0.002 -16"><span class='ocrx_word' id='word_1_145' title='bbox 571 1729 587 1746; x_wconf 82' lang='lat'><strong>.</strong></span> <span class='ocrx_word' id='word_1_146' title='bbox 655 1672 1126 1744; x_wconf 85' lang='lat' dir='ltr'><strong>conviciorum</strong></span> <span class='ocrx_word' id='word_1_147' title='bbox 1175 1672 1535 1744; x_wconf 74' lang='lat' dir='ltr'><strong>audissent</strong></span> <span class='ocrx_word' id='word_1_148' title='bbox 1580 1693 1741 1743; x_wconf 90' lang='lat' dir='ltr'><strong>eum</strong></span> <span class='ocrx_word' id='word_1_149' title='bbox 1793 1672 2244 1762; x_wconf 82' lang='lat' dir='ltr'><strong>proferentem</strong></span> <span class='ocrx_word' id='word_1_150' title='bbox 2295 1672 2626 1743; x_wconf 87' lang='lat' dir='ltr'><strong>adversus</strong></span> <span class='ocrx_word' id='word_1_151' title='bbox 2688 1678 2948 1743; x_wconf 72' lang='lat' dir='ltr'><strong>vatem·</strong></span> <span class='ocrx_word' id='word_1_152' title='bbox 2985 1695 3178 1745; x_wconf 89' lang='lat' dir='ltr'><strong>suum.</strong></span> 
     </span>
     <span class='ocr_line' id='line_1_17' title="bbox 658 1760 3178 1850; baseline 0 -18"><span class='ocrx_word' id='word_1_153' title='bbox 658 1760 822 1832; x_wconf 90' lang='lat' dir='ltr'><strong>Illos</strong></span> <span class='ocrx_word' id='word_1_154' title='bbox 852 1761 1037 1832; x_wconf 90' lang='lat' dir='ltr'><strong>enim</strong></span> <span class='ocrx_word' id='word_1_155' title='bbox 1090 1760 1270 1832; x_wconf 88' lang='lat' dir='ltr'><strong>solos</strong></span> <span class='ocrx_word' id='word_1_156' title='bbox 1301 1773 1585 1833; x_wconf 86' lang='lat' dir='ltr'><strong>censent</strong></span> <span class='ocrx_word' id='word_1_157' title='bbox 1616 1762 1934 1833; x_wconf 83' lang='lat' dir='ltr'><strong>Saraceni</strong></span> <span class='ocrx_word' id='word_1_158' title='bbox 1972 1761 2490 1844; x_wconf 74' lang='lat' dir='ltr'><strong>interimendoS,</strong></span> <span class='ocrx_word' id='word_1_159' title='bbox 2526 1761 2645 1850; x_wconf 89' lang='lat' dir='ltr'><strong>qui</strong></span> <span class='ocrx_word' id='word_1_160' title='bbox 2685 1761 2938 1832; x_wconf 84' lang='lat' dir='ltr'><strong>relicta</strong></span> <span class='ocrx_word' id='word_1_161' title='bbox 2985 1784 3178 1834; x_wconf 84' lang='lat' dir='ltr'><strong>eorum</strong></span> 
     </span>
     <span class='ocr_line' id='line_1_18' title="bbox 658 1849 3178 1942; baseline 0.001 -23"><span class='ocrx_word' id='word_1_162' title='bbox 658 1852 869 1932; x_wconf 71' lang='lat' dir='ltr'><strong>secta,</strong></span> <span class='ocrx_word' id='word_1_163' title='bbox 906 1860 1180 1920; x_wconf 80' lang='lat' dir='ltr'><strong>vertunt</strong></span> <span class='ocrx_word' id='word_1_164' title='bbox 1216 1871 1291 1920; x_wconf 92' lang='lat' dir='ltr'><strong>se</strong></span> <span class='ocrx_word' id='word_1_165' title='bbox 1327 1849 1410 1919; x_wconf 90' lang='lat' dir='ltr'><strong>ad</strong></span> <span class='ocrx_word' id='word_1_166' title='bbox 1464 1849 1921 1921; x_wconf 85' lang='lat' dir='ltr'><strong>Christianam</strong></span> <span class='ocrx_word' id='word_1_167' title='bbox 1971 1850 2207 1931; x_wconf 86' lang='lat' dir='ltr'><strong>fidem,</strong></span> <span class='ocrx_word' id='word_1_168' title='bbox 2261 1849 2362 1920; x_wconf 84' lang='lat' dir='ltr'><strong>vel</strong></span> <span class='ocrx_word' id='word_1_169' title='bbox 2412 1851 2533 1938; x_wconf 90' lang='lat' dir='ltr'><strong>qui</strong></span> <span class='ocrx_word' id='word_1_170' title='bbox 2590 1849 3075 1941; x_wconf 84' lang='lat' dir='ltr'><strong>blasphemias</strong></span> <span class='ocrx_word' id='word_1_171' title='bbox 3102 1852 3178 1942; x_wconf 76' lang='lat' dir='ltr'><strong>ja·</strong></span> 
     </span>
     <span class='ocr_line' id='line_1_19' title="bbox 659 1937 3175 2031; baseline 0 -23"><span class='ocrx_word' id='word_1_172' title='bbox 659 1949 854 2008; x_wconf 85' lang='lat' dir='ltr'><strong>etant</strong></span> <span class='ocrx_word' id='word_1_173' title='bbox 896 1938 1229 2009; x_wconf 87' lang='lat' dir='ltr'><strong>adversus</strong></span> <span class='ocrx_word' id='word_1_174' title='bbox 1276 1937 1732 2029; x_wconf 79' lang='lat' dir='ltr'><strong>legislatorem</strong></span> <span class='ocrx_word' id='word_1_175' title='bbox 1785 1960 2019 2010; x_wconf 90' lang='lat' dir='ltr'><strong>suum.</strong></span> <span class='ocrx_word' id='word_1_176' title='bbox 2074 1938 2199 2009; x_wconf 86' lang='lat' dir='ltr'><strong>Sed</strong></span> <span class='ocrx_word' id='word_1_177' title='bbox 2253 1938 2369 2028; x_wconf 83' lang='lat' dir='ltr'><strong>iue</strong></span> <span class='ocrx_word' id='word_1_178' title='bbox 2426 1939 2748 2030; x_wconf 83' lang='lat' dir='ltr'><strong>egregius</strong></span> <span class='ocrx_word' id='word_1_179' title='bbox 2809 1942 3015 2012; x_wconf 89' lang='lat' dir='ltr'><strong>testis</strong></span> <span class='ocrx_word' id='word_1_180' title='bbox 3058 1962 3175 2031; x_wconf 83' lang='lat' dir='ltr'><strong>pro-</strong></span> 
     </span>
     <span class='ocr_line' id='line_1_20' title="bbox 659 2025 3169 2118; baseline 0 -22"><span class='ocrx_word' id='word_1_181' title='bbox 659 2025 851 2096; x_wconf 89' lang='lat' dir='ltr'><strong>tinus</strong></span> <span class='ocrx_word' id='word_1_182' title='bbox 916 2038 996 2097; x_wconf 90' lang='lat' dir='ltr'><strong>ut</strong></span> <span class='ocrx_word' id='word_1_183' title='bbox 1063 2048 1136 2098; x_wconf 87' lang='lat' dir='ltr'><strong>se</strong></span> <span class='ocrx_word' id='word_1_184' title='bbox 1185 2027 1523 2118; x_wconf 86' lang='lat' dir='ltr'><strong>comperit</strong></span> <span class='ocrx_word' id='word_1_185' title='bbox 1578 2026 1965 2114; x_wconf 89' lang='lat' dir='ltr'><strong>dereliqui,</strong></span> <span class='ocrx_word' id='word_1_186' title='bbox 2017 2048 2143 2097; x_wconf 88' lang='lat' dir='ltr'><strong>nec</strong></span> <span class='ocrx_word' id='word_1_187' title='bbox 2190 2027 2323 2099; x_wconf 90' lang='lat' dir='ltr'><strong>sub</strong></span> <span class='ocrx_word' id='word_1_188' title='bbox 2372 2049 2512 2099; x_wconf 90' lang='lat' dir='ltr'><strong>uno</strong></span> <span class='ocrx_word' id='word_1_189' title='bbox 2574 2051 2734 2099; x_wconf 91' lang='lat' dir='ltr'><strong>cum</strong></span> <span class='ocrx_word' id='word_1_190' title='bbox 2799 2031 3019 2101; x_wconf 86' lang='lat' dir='ltr'><strong>sociis</strong></span> <span class='ocrx_word' id='word_1_191' title='bbox 3068 2031 3169 2098; x_wconf 76' lang='lat' dir='ltr'><strong>ictu</strong></span> 
     </span>
     <span class='ocr_line' id='line_1_21' title="bbox 663 2114 3170 2209; baseline -0.001 -25"><span class='ocrx_word' id='word_1_192' title='bbox 663 2115 1019 2186; x_wconf 87' lang='lat' dir='ltr'><strong>mucronis</strong></span> <span class='ocrx_word' id='word_1_193' title='bbox 1068 2115 1548 2206; x_wconf 88' lang='lat' dir='ltr'><strong>perimendum</strong></span> <span class='ocrx_word' id='word_1_194' title='bbox 1587 2115 2018 2203; x_wconf 88' lang='lat' dir='ltr'><strong>adjudicari:</strong></span> <span class='ocrx_word' id='word_1_195' title='bbox 2073 2139 2110 2183; x_wconf 86' lang='lat'>«</span> <span class='ocrx_word' id='word_1_196' title='bbox 2143 2121 2347 2198; x_wconf 86' lang='lat' dir='ltr'><strong>Num,</strong></span> <span class='ocrx_word' id='word_1_197' title='bbox 2384 2118 2508 2199; x_wconf 80' lang='lat' dir='ltr'><strong>ait,</strong></span> <span class='ocrx_word' id='word_1_198' title='bbox 2563 2137 2606 2185; x_wconf 93' lang='lat' dir='ltr'><strong>o</strong></span> <span class='ocrx_word' id='word_1_199' title='bbox 2660 2116 3068 2209; x_wconf 64' lang='lat' dir='ltr'><strong>Principes„</strong></span> <span class='ocrx_word' id='word_1_200' title='bbox 3111 2114 3170 2184; x_wconf 76' lang='lat' dir='ltr'><strong>de</strong></span> 
     </span>
     <span class='ocr_line' id='line_1_22' title="bbox 659 2203 3168 2296; baseline 0 -22"><span class='ocrx_word' id='word_1_201' title='bbox 659 2203 1083 2293; x_wconf 74' lang='lat' dir='ltr'><strong>professione</strong></span> <span class='ocrx_word' id='word_1_202' title='bbox 1118 2226 1307 2286; x_wconf 88' lang='lat' dir='ltr'><strong>mea,</strong></span> <span class='ocrx_word' id='word_1_203' title='bbox 1349 2225 1558 2292; x_wconf 85' lang='lat' dir='ltr'><strong>quam</strong></span> <span class='ocrx_word' id='word_1_204' title='bbox 1607 2226 1848 2276; x_wconf 88' lang='lat' dir='ltr'><strong>coram</strong></span> <span class='ocrx_word' id='word_1_205' title='bbox 1885 2204 2076 2275; x_wconf 88' lang='lat' dir='ltr'><strong>vobis</strong></span> <span class='ocrx_word' id='word_1_206' title='bbox 2127 2203 2439 2275; x_wconf 91' lang='lat' dir='ltr'><strong>nondum</strong></span> <span class='ocrx_word' id='word_1_207' title='bbox 2493 2205 2775 2296; x_wconf 83' lang='lat' dir='ltr'><strong>protuli,</strong></span> <span class='ocrx_word' id='word_1_208' title='bbox 2837 2203 3168 2278; x_wconf 78' lang='lat' dir='ltr'><strong>dubitatis?</strong></span> 
     </span>
     <span class='ocr_line' id='line_1_23' title="bbox 658 2292 3160 2396; baseline 0 -33"><span class='ocrx_word' id='word_1_209' title='bbox 658 2296 788 2363; x_wconf 77' lang='lat' dir='ltr'><strong>Aut</strong></span> <span class='ocrx_word' id='word_1_210' title='bbox 829 2293 1084 2383; x_wconf 90' lang='lat' dir='ltr'><strong>putatis</strong></span> <span class='ocrx_word' id='word_1_211' title='bbox 1114 2314 1224 2362; x_wconf 93' lang='lat' dir='ltr'><strong>me</strong></span> <span class='ocrx_word' id='word_1_212' title='bbox 1254 2293 1339 2363; x_wconf 92' lang='lat' dir='ltr'><strong>de</strong></span> <span class='ocrx_word' id='word_1_213' title='bbox 1371 2293 1701 2384; x_wconf 89' lang='lat' dir='ltr'><strong>magistro</strong></span> <span class='ocrx_word' id='word_1_214' title='bbox 1747 2305 1969 2364; x_wconf 84' lang='lat' dir='ltr'><strong>vestro</strong></span> <span class='ocrx_word' id='word_1_215' title='bbox 1996 2292 2482 2384; x_wconf 87' lang='lat' dir='ltr'><strong>discipuloque</strong></span> <span class='ocrx_word' id='word_1_216' title='bbox 2520 2306 2806 2365; x_wconf 90' lang='lat' dir='ltr'><strong>satanae</strong></span> <span class='ocrx_word' id='word_1_217' title='bbox 2837 2297 3160 2396; x_wconf 77' lang='lat' dir='ltr'><strong>quicquam</strong></span> 
     </span>
     <span class='ocr_line' id='line_1_24' title="bbox 657 2379 3151 2474; baseline -0.001 -23"><span class='ocrx_word' id='word_1_218' title='bbox 657 2379 822 2451; x_wconf 90' lang='lat' dir='ltr'><strong>boni</strong></span> <span class='ocrx_word' id='word_1_219' title='bbox 872 2381 1217 2473; x_wconf 80' lang='lat' dir='ltr'><strong>cogitare?</strong></span> <span class='ocrx_word' id='word_1_220' title='bbox 1265 2387 1403 2472; x_wconf 90' lang='lat' dir='ltr'><strong>Ego</strong></span> <span class='ocrx_word' id='word_1_221' title='bbox 1450 2382 1664 2461; x_wconf 90' lang='lat' dir='ltr'><strong>enim,</strong></span> <span class='ocrx_word' id='word_1_222' title='bbox 1716 2393 1798 2452; x_wconf 92' lang='lat' dir='ltr'><strong>ut</strong></span> <span class='ocrx_word' id='word_1_223' title='bbox 1842 2382 2073 2452; x_wconf 80' lang='lat' dir='ltr'><strong>verius</strong></span> <span class='ocrx_word' id='word_1_224' title='bbox 2107 2381 2521 2474; x_wconf 87' lang='lat' dir='ltr'><strong>agnoscatis,</strong></span> <span class='ocrx_word' id='word_1_225' title='bbox 2561 2381 2796 2466; x_wconf 90' lang='lat' dir='ltr'><strong>illum,</strong></span> <span class='ocrx_word' id='word_1_226' title='bbox 2837 2381 3151 2474; x_wconf 68' lang='lat' dir='ltr'><strong>quieidem</strong></span> 
     </span>
     <span class='ocr_line' id='line_1_25' title="bbox 660 2468 3140 2564; baseline 0.003 -24"><span class='ocrx_word' id='word_1_227' title='bbox 660 2471 1087 2561; x_wconf 87' lang='lat' dir='ltr'><strong>praeceptori</strong></span> <span class='ocrx_word' id='word_1_228' title='bbox 1121 2481 1366 2553; x_wconf 85' lang='lat' dir='ltr'><strong>vestro,</strong></span> <span class='ocrx_word' id='word_1_229' title='bbox 1405 2470 1913 2562; x_wconf 86' lang='lat' dir='ltr'><strong>transfigurans</strong></span> <span class='ocrx_word' id='word_1_230' title='bbox 1960 2492 2033 2542; x_wconf 87' lang='lat' dir='ltr'><strong>se</strong></span> <span class='ocrx_word' id='word_1_231' title='bbox 2073 2470 2142 2541; x_wconf 92' lang='lat' dir='ltr'><strong>in</strong></span> <span class='ocrx_word' id='word_1_232' title='bbox 2185 2470 2523 2562; x_wconf 77' lang='lat' dir='ltr'><strong>Angelum</strong></span> <span class='ocrx_word' id='word_1_233' title='bbox 2572 2470 2780 2555; x_wconf 85' lang='lat' dir='ltr'><strong>lucis,</strong></span> <span class='ocrx_word' id='word_1_234' title='bbox 2841 2468 3140 2564; x_wconf 62' lang='grc' dir='ltr'><strong>φρει-υἷι.</strong></span> 
     </span>
     <span class='ocr_line' id='line_1_26' title="bbox 660 2559 3262 2656; baseline -0 -27"><span class='ocrx_word' id='word_1_235' title='bbox 660 2559 1065 2630; x_wconf 91' lang='lat' dir='ltr'><strong>daemonem</strong></span> <span class='ocrx_word' id='word_1_236' title='bbox 1118 2559 1331 2631; x_wconf 91' lang='lat' dir='ltr'><strong>fuisse</strong></span> <span class='ocrx_word' id='word_1_237' title='bbox 1378 2559 1626 2643; x_wconf 87' lang='lat' dir='ltr'><strong>credo,</strong></span> <span class='ocrx_word' id='word_1_238' title='bbox 1680 2574 1745 2630; x_wconf 90' lang='lat' dir='ltr'><strong>et</strong></span> <span class='ocrx_word' id='word_1_239' title='bbox 1793 2559 1982 2630; x_wconf 90' lang='lat' dir='ltr'><strong>hunc</strong></span> <span class='ocrx_word' id='word_1_240' title='bbox 2037 2560 2378 2650; x_wconf 85' lang='lat' dir='ltr'><strong>perfidum</strong></span> <span class='ocrx_word' id='word_1_241' title='bbox 2445 2561 2720 2630; x_wconf 78' lang='lat' dir='ltr'><strong>cunctis</strong></span> <span class='ocrx_word' id='word_1_242' title='bbox 2768 2560 3143 2656; x_wconf 69' lang='lat' dir='ltr'><strong>abjectiorem</strong></span> <span class='ocrx_word' id='word_1_243' title='bbox 3261 2606 3262 2619; x_wconf 25' lang='grc' dir='ltr'><strong>η</strong></span> 
     </span>
     <span class='ocr_line' id='line_1_27' title="bbox 663 2647 3262 2736; baseline -0.002 -18"><span class='ocrx_word' id='word_1_244' title='bbox 663 2647 1072 2720; x_wconf 87' lang='lat' dir='ltr'><strong>hominibus</strong></span> <span class='ocrx_word' id='word_1_245' title='bbox 1117 2648 1338 2719; x_wconf 89' lang='lat' dir='ltr'><strong>sentio</strong></span> <span class='ocrx_word' id='word_1_246' title='bbox 1369 2702 1385 2730; x_wconf 93' lang='lat'><strong>,</strong></span> <span class='ocrx_word' id='word_1_247' title='bbox 1436 2660 1672 2736; x_wconf 88' lang='lat' dir='ltr'><strong>utpote</strong></span> <span class='ocrx_word' id='word_1_248' title='bbox 1707 2647 1984 2720; x_wconf 90' lang='lat' dir='ltr'><strong>diabolo</strong></span> <span class='ocrx_word' id='word_1_249' title='bbox 2031 2647 2420 2720; x_wconf 74' lang='lat' dir='ltr'><strong>credentem</strong></span> <span class='ocrx_word' id='word_1_250' title='bbox 2450 2703 2466 2731; x_wconf 92' lang='lat'><strong>,</strong></span> <span class='ocrx_word' id='word_1_251' title='bbox 2517 2660 2585 2719; x_wconf 89' lang='lat' dir='ltr'><strong>et</strong></span> <span class='ocrx_word' id='word_1_252' title='bbox 2628 2649 3011 2722; x_wconf 76' lang='lat' dir='ltr'><strong>Antichristi</strong></span> <span class='ocrx_word' id='word_1_253' title='bbox 3046 2665 3158 2714; x_wconf 81' lang='lat' dir='ltr'><strong>tm-</strong></span> <span class='ocrx_word' id='word_1_254' title='bbox 3261 2656 3262 2669; x_wconf 61' lang='lat'>¹</span> 
     </span>
     <span class='ocr_line' id='line_1_28' title="bbox 664 2736 3262 2827; baseline -0.001 -21"><span class='ocrx_word' id='word_1_255' title='bbox 664 2737 990 2819; x_wconf 89' lang='lat' dir='ltr'><strong>nistrum,</strong></span> <span class='ocrx_word' id='word_1_256' title='bbox 1051 2760 1130 2808; x_wconf 87' lang='lat' dir='ltr'><strong>ac</strong></span> <span class='ocrx_word' id='word_1_257' title='bbox 1179 2737 1499 2808; x_wconf 85' lang='lat' dir='ltr'><strong>vitiorum</strong></span> <span class='ocrx_word' id='word_1_258' title='bbox 1534 2737 1867 2809; x_wconf 30' lang='lat' dir='ltr'><strong>*omnium</strong></span> <span class='ocrx_word' id='word_1_259' title='bbox 1931 2736 2431 2827; x_wconf 81' lang='lat' dir='ltr'><strong>labyrinthum.</strong></span> <span class='ocrx_word' id='word_1_260' title='bbox 2485 2738 2616 2821; x_wconf 85' lang='lat' dir='ltr'><strong>Qui</strong></span> <span class='ocrx_word' id='word_1_261' title='bbox 2665 2760 2812 2809; x_wconf 89' lang='lat' dir='ltr'><strong>non</strong></span> <span class='ocrx_word' id='word_1_262' title='bbox 2868 2739 3066 2811; x_wconf 83' lang='lat' dir='ltr'><strong>solum</strong></span> <span class='ocrx_word' id='word_1_263' title='bbox 3102 2755 3165 2803; x_wconf 85' lang='lat' dir='ltr'><strong>se</strong></span> <span class='ocrx_word' id='word_1_264' title='bbox 3261 2758 3262 2771; x_wconf 55' lang='lat'>¹</span> 
     </span>
     <span class='ocr_line' id='line_1_29' title="bbox 659 2826 3262 2918; baseline -0 -23"><span class='ocrx_word' id='word_1_265' title='bbox 659 2826 730 2895; x_wconf 92' lang='lat' dir='ltr'><strong>in</strong></span> <span class='ocrx_word' id='word_1_266' title='bbox 781 2827 1177 2917; x_wconf 82' lang='lat' dir='ltr'><strong>voraginem</strong></span> <span class='ocrx_word' id='word_1_267' title='bbox 1226 2826 1532 2897; x_wconf 89' lang='lat' dir='ltr'><strong>barathri</strong></span> <span class='ocrx_word' id='word_1_268' title='bbox 1575 2826 1938 2906; x_wconf 88' lang='lat' dir='ltr'><strong>immersit,</strong></span> <span class='ocrx_word' id='word_1_269' title='bbox 1992 2826 2440 2897; x_wconf 80' lang='lat' dir='ltr'><strong>verumetiam</strong></span> <span class='ocrx_word' id='word_1_270' title='bbox 2490 2838 2556 2896; x_wconf 93' lang='lat' dir='ltr'><strong>et</strong></span> <span class='ocrx_word' id='word_1_271' title='bbox 2590 2848 2708 2897; x_wconf 87' lang='lat' dir='ltr'><strong>vos</strong></span> <span class='ocrx_word' id='word_1_272' title='bbox 2757 2829 3172 2918; x_wconf 57' lang='lat' dir='ltr'><strong>pedissmuos</strong></span> <span class='ocrx_word' id='word_1_273' title='bbox 3261 2832 3262 2835; x_wconf 75' lang='grc'>’</span> 
     </span>
     <span class='ocr_line' id='line_1_30' title="bbox 660 2913 3262 3006; baseline -0.002 -20"><span class='ocrx_word' id='word_1_274' title='bbox 660 2936 850 2997; x_wconf 76' lang='grc' dir='ltr'>ειιοε,</span> <span class='ocrx_word' id='word_1_275' title='bbox 887 2938 1010 3006; x_wconf 74' lang='lat' dir='ltr'><strong>per,</strong></span> <span class='ocrx_word' id='word_1_276' title='bbox 1039 2914 1277 2986; x_wconf 87' lang='lat' dir='ltr'><strong>inania</strong></span> <span class='ocrx_word' id='word_1_277' title='bbox 1300 2927 1552 2985; x_wconf 91' lang='lat' dir='ltr'><strong>statuta</strong></span> <span class='ocrx_word' id='word_1_278' title='bbox 1582 2914 1881 2985; x_wconf 87' lang='lat' dir='ltr'><strong>aeternis</strong></span> <span class='ocrx_word' id='word_1_279' title='bbox 1905 2914 2248 2986; x_wconf 85' lang='lat' dir='ltr'><strong>dedicavit</strong></span> <span class='ocrx_word' id='word_1_280' title='bbox 2276 2914 2692 2986; x_wconf 84' lang='lat' dir='ltr'><strong>incendiis.»</strong></span> <span class='ocrx_word' id='word_1_281' title='bbox 2720 2921 2928 2988; x_wconf 84' lang='lat' dir='ltr'><strong>Tunc</strong></span> <span class='ocrx_word' id='word_1_282' title='bbox 2953 2913 3177 2988; x_wconf 64' lang='lat' dir='ltr'><strong>insuta</strong></span> <span class='ocrx_word' id='word_1_283' title='bbox 3261 2956 3262 2973; x_wconf 65' lang='lat'><em>2</em></span> 
     </span>
     <span class='ocr_line' id='line_1_31' title="bbox 662 2999 3182 3095; baseline 0.001 -23"><span class='ocrx_word' id='word_1_284' title='bbox 662 3023 981 3093; x_wconf 88' lang='lat' dir='ltr'><strong>proceres</strong></span> <span class='ocrx_word' id='word_1_285' title='bbox 1026 3003 1371 3085; x_wconf 82' lang='lat' dir='ltr'><strong>concitati,</strong></span> <span class='ocrx_word' id='word_1_286' title='bbox 1422 3003 1575 3095; x_wconf 89' lang='lat' dir='ltr'><strong>pari</strong></span> <span class='ocrx_word' id='word_1_287' title='bbox 1613 3025 1775 3073; x_wconf 89' lang='lat' dir='ltr'><strong>eum</strong></span> <span class='ocrx_word' id='word_1_288' title='bbox 1816 3003 2029 3075; x_wconf 89' lang='lat' dir='ltr'><strong>simul</strong></span> <span class='ocrx_word' id='word_1_289' title='bbox 2061 3026 2219 3075; x_wconf 91' lang='lat' dir='ltr'><strong>cum</strong></span> <span class='ocrx_word' id='word_1_290' title='bbox 2261 3004 2547 3074; x_wconf 88' lang='lat' dir='ltr'><strong>caeteris</strong></span> <span class='ocrx_word' id='word_1_291' title='bbox 2594 3008 2956 3077; x_wconf 72' lang='lat' dir='ltr'><strong>sententia</strong></span> <span class='ocrx_word' id='word_1_292' title='bbox 2991 2999 3182 3075; x_wconf 73' lang='lat' dir='ltr'><strong>necari</strong></span> 
     </span>
     <span class='ocr_line' id='line_1_32' title="bbox 660 3090 3185 3184; baseline -0.001 -23"><span class='ocrx_word' id='word_1_293' title='bbox 660 3092 1119 3184; x_wconf 89' lang='lat' dir='ltr'><strong>praecipiunt.</strong></span> <span class='ocrx_word' id='word_1_294' title='bbox 1160 3097 1324 3162; x_wconf 88' lang='lat' dir='ltr'><strong>Cum</strong></span> <span class='ocrx_word' id='word_1_295' title='bbox 1369 3105 1598 3163; x_wconf 88' lang='lat' dir='ltr'><strong>autem</strong></span> <span class='ocrx_word' id='word_1_296' title='bbox 1635 3090 2077 3175; x_wconf 90' lang='lat' dir='ltr'><strong>ducerentur,</strong></span> <span class='ocrx_word' id='word_1_297' title='bbox 2129 3113 2379 3163; x_wconf 90' lang='lat' dir='ltr'><strong>rursus</strong></span> <span class='ocrx_word' id='word_1_298' title='bbox 2417 3091 2729 3163; x_wconf 82' lang='lat' dir='ltr'><strong>bellatrix</strong></span> <span class='ocrx_word' id='word_1_299' title='bbox 2794 3096 2924 3166; x_wconf 87' lang='lat' dir='ltr'><strong>Dei</strong></span> <span class='ocrx_word' id='word_1_300' title='bbox 2967 3091 3185 3167; x_wconf 70' lang='lat' dir='ltr'><strong>Natalia</strong></span> 
     </span>
     <span class='ocr_line' id='line_1_33' title="bbox 660 3180 3262 3273; baseline 0.001 -23"><span class='ocrx_word' id='word_1_301' title='bbox 660 3180 886 3272; x_wconf 88' lang='lat' dir='ltr'><strong>coepit</strong></span> <span class='ocrx_word' id='word_1_302' title='bbox 939 3180 1164 3251; x_wconf 89' lang='lat' dir='ltr'><strong>virum</strong></span> <span class='ocrx_word' id='word_1_303' title='bbox 1199 3203 1402 3251; x_wconf 92' lang='lat' dir='ltr'><strong>suum</strong></span> <span class='ocrx_word' id='word_1_304' title='bbox 1442 3202 1722 3253; x_wconf 87' lang='lat' dir='ltr'><strong>monere</strong></span> <span class='ocrx_word' id='word_1_305' title='bbox 1767 3192 1833 3252; x_wconf 93' lang='lat' dir='ltr'><strong>et</strong></span> <span class='ocrx_word' id='word_1_306' title='bbox 1877 3180 2139 3270; x_wconf 89' lang='lat' dir='ltr'><strong>alloqui</strong></span> <span class='ocrx_word' id='word_1_307' title='bbox 2200 3180 2310 3253; x_wconf 91' lang='lat' dir='ltr'><strong>his</strong></span> <span class='ocrx_word' id='word_1_308' title='bbox 2366 3181 2639 3253; x_wconf 79' lang='lat' dir='ltr'><strong>verbis:</strong></span> <span class='ocrx_word' id='word_1_309' title='bbox 2696 3203 2735 3248; x_wconf 82' lang='lat'><strong>«</strong></span> <span class='ocrx_word' id='word_1_310' title='bbox 2782 3186 3028 3273; x_wconf 74' lang='lat' dir='ltr'><strong>Aequo</strong></span> <span class='ocrx_word' id='word_1_311' title='bbox 3071 3193 3187 3252; x_wconf 62' lang='lat' dir='ltr'><strong>oeto</strong></span> <span class='ocrx_word' id='word_1_312' title='bbox 3261 3206 3262 3209; x_wconf 44' lang='lat'>¹</span> 
     </span>
     <span class='ocr_line' id='line_1_34' title="bbox 661 3267 3262 3365; baseline 0.001 -27"><span class='ocrx_word' id='word_1_313' title='bbox 661 3267 922 3350; x_wconf 90' lang='lat' dir='ltr'><strong>animo,</strong></span> <span class='ocrx_word' id='word_1_314' title='bbox 964 3268 1243 3341; x_wconf 91' lang='lat' dir='ltr'><strong>domine</strong></span> <span class='ocrx_word' id='word_1_315' title='bbox 1276 3291 1497 3352; x_wconf 78' lang='lat' dir='ltr'><strong>meuS,</strong></span> <span class='ocrx_word' id='word_1_316' title='bbox 1548 3283 1615 3341; x_wconf 90' lang='lat' dir='ltr'><strong>et</strong></span> <span class='ocrx_word' id='word_1_317' title='bbox 1660 3269 1924 3341; x_wconf 89' lang='lat' dir='ltr'><strong>sustine</strong></span> <span class='ocrx_word' id='word_1_318' title='bbox 1973 3269 2368 3360; x_wconf 89' lang='lat' dir='ltr'><strong>paululum,</strong></span> <span class='ocrx_word' id='word_1_319' title='bbox 2414 3270 2642 3341; x_wconf 88' lang='lat' dir='ltr'><strong>sciens</strong></span> <span class='ocrx_word' id='word_1_320' title='bbox 2673 3283 2740 3339; x_wconf 90' lang='lat' dir='ltr'><strong>te</strong></span> <span class='ocrx_word' id='word_1_321' title='bbox 2787 3295 2964 3346; x_wconf 88' lang='lat' dir='ltr'><strong>mox</strong></span> <span class='ocrx_word' id='word_1_322' title='bbox 2997 3271 3192 3364; x_wconf 72' lang='lat' dir='ltr'><strong>paint</strong></span> <span class='ocrx_word' id='word_1_323' title='bbox 3261 3324 3262 3365; x_wconf 21' lang='grc' dir='ltr'>ἦ</span> 
     </span>
     <span class='ocr_line' id='line_1_35' title="bbox 661 3356 3262 3455; baseline 0 -24"><span class='ocrx_word' id='word_1_324' title='bbox 661 3356 975 3448; x_wconf 83' lang='lat' dir='ltr'><strong>martyrii</strong></span> <span class='ocrx_word' id='word_1_325' title='bbox 1019 3359 1420 3449; x_wconf 84' lang='lat' dir='ltr'><strong>potiturum,</strong></span> <span class='ocrx_word' id='word_1_326' title='bbox 1479 3370 1548 3430; x_wconf 91' lang='lat' dir='ltr'><strong>et</strong></span> <span class='ocrx_word' id='word_1_327' title='bbox 1585 3380 1908 3429; x_wconf 89' lang='lat' dir='ltr'><strong>coronam</strong></span> <span class='ocrx_word' id='word_1_328' title='bbox 1953 3357 2505 3449; x_wconf 89' lang='lat' dir='ltr'><strong>incorruptibilis</strong></span> <span class='ocrx_word' id='word_1_329' title='bbox 2553 3359 2732 3429; x_wconf 89' lang='lat' dir='ltr'><strong>vitae</strong></span> <span class='ocrx_word' id='word_1_330' title='bbox 2760 3361 3191 3455; x_wconf 75' lang='lat' dir='ltr'><strong>adepturam.</strong></span> <span class='ocrx_word' id='word_1_331' title='bbox 3261 3410 3262 3451; x_wconf 56' lang='lat'><em>³</em></span> 
     </span>
     <span class='ocr_line' id='line_1_36' title="bbox 660 3446 3262 3541; baseline 0.002 -26"><span class='ocrx_word' id='word_1_332' title='bbox 660 3449 805 3516; x_wconf 84' lang='lat' dir='ltr'><strong>Non</strong></span> <span class='ocrx_word' id='word_1_333' title='bbox 851 3446 1036 3518; x_wconf 89' lang='lat' dir='ltr'><strong>enim</strong></span> <span class='ocrx_word' id='word_1_334' title='bbox 1080 3446 1463 3519; x_wconf 88' lang='lat' dir='ltr'><strong>timendum</strong></span> <span class='ocrx_word' id='word_1_335' title='bbox 1498 3460 1601 3517; x_wconf 88' lang='lat' dir='ltr'><strong>est</strong></span> <span class='ocrx_word' id='word_1_336' title='bbox 1648 3448 1822 3517; x_wconf 91' lang='lat' dir='ltr'><strong>mori</strong></span> <span class='ocrx_word' id='word_1_337' title='bbox 1866 3468 1990 3538; x_wconf 91' lang='lat' dir='ltr'><strong>pro</strong></span> <span class='ocrx_word' id='word_1_338' title='bbox 2031 3447 2319 3529; x_wconf 86' lang='lat' dir='ltr'><strong>Christo,</strong></span> <span class='ocrx_word' id='word_1_339' title='bbox 2355 3446 2478 3535; x_wconf 87' lang='lat' dir='ltr'><strong>qui</strong></span> <span class='ocrx_word' id='word_1_340' title='bbox 2525 3448 2672 3519; x_wconf 90' lang='lat' dir='ltr'><strong>suis</strong></span> <span class='ocrx_word' id='word_1_341' title='bbox 2722 3470 2982 3523; x_wconf 81' lang='lat' dir='ltr'><strong>revera</strong></span> <span class='ocrx_word' id='word_1_342' title='bbox 3026 3468 3197 3541; x_wconf 70' lang='lat' dir='ltr'><strong>pm-</strong></span> <span class='ocrx_word' id='word_1_343' title='bbox 3261 3458 3262 3529; x_wconf 51' lang='lat' dir='ltr'><strong>i</strong></span> 
     </span>
     <span class='ocr_line' id='line_1_37' title="bbox 662 3533 3262 3628; baseline 0.003 -25"><span class='ocrx_word' id='word_1_344' title='bbox 662 3533 856 3616; x_wconf 85' lang='lat' dir='ltr'><strong>dixit,</strong></span> <span class='ocrx_word' id='word_1_345' title='bbox 892 3536 1020 3619; x_wconf 89' lang='lat' dir='ltr'><strong>Qui</strong></span> <span class='ocrx_word' id='word_1_346' title='bbox 1050 3535 1425 3628; x_wconf 89' lang='lat' dir='ltr'><strong>perdiderit</strong></span> <span class='ocrx_word' id='word_1_347' title='bbox 1471 3535 1778 3606; x_wconf 88' lang='lat' dir='ltr'><strong>animam</strong></span> <span class='ocrx_word' id='word_1_348' title='bbox 1835 3558 2031 3609; x_wconf 89' lang='lat' dir='ltr'><strong>suam</strong></span> <span class='ocrx_word' id='word_1_349' title='bbox 2070 3548 2350 3627; x_wconf 92' lang='lat' dir='ltr'><strong>propter</strong></span> <span class='ocrx_word' id='word_1_350' title='bbox 2393 3535 2651 3627; x_wconf 89' lang='lat' dir='ltr'><strong>ipsum,</strong></span> <span class='ocrx_word' id='word_1_351' title='bbox 2689 3558 2864 3610; x_wconf 88' lang='lat' dir='ltr'><strong>eum</strong></span> <span class='ocrx_word' id='word_1_352' title='bbox 2903 3541 2982 3610; x_wconf 89' lang='lat' dir='ltr'><strong>in</strong></span> <span class='ocrx_word' id='word_1_353' title='bbox 3019 3540 3199 3609; x_wconf 77' lang='lat' dir='ltr'><strong>vitm</strong></span> <span class='ocrx_word' id='word_1_354' title='bbox 3261 3582 3262 3623; x_wconf 32' lang='lat' dir='ltr'><strong>i</strong></span> 
     </span>
     <span class='ocr_line' id='line_1_38' title="bbox 662 3622 3262 3697; baseline -0 -4"><span class='ocrx_word' id='word_1_355' title='bbox 662 3634 1008 3695; x_wconf 87' lang='lat' dir='ltr'><strong>aeternam</strong></span> <span class='ocrx_word' id='word_1_356' title='bbox 1051 3625 1399 3697; x_wconf 83' lang='lat' dir='ltr'><strong>custodire</strong></span> <span class='ocrx_word' id='word_1_357' title='bbox 1445 3622 1665 3694; x_wconf 87' lang='lat' dir='ltr'><strong>illam.</strong></span> <span class='ocrx_word' id='word_1_358' title='bbox 1711 3648 1748 3692; x_wconf 83' lang='lat'><strong>»</strong></span> <span class='ocrx_word' id='word_1_359' title='bbox 1949 3674 1952 3677; x_wconf 49' lang='lat'><em>2</em></span> <span class='ocrx_word' id='word_1_360' title='bbox 3261 3636 3262 3679; x_wconf 57' lang='lat'>¹</span> 
     </span>
    </p>

    <p class='ocr_par' dir='ltr' id='par_1_4' title="bbox 660 3712 3262 4520">
     <span class='ocr_line' id='line_1_39' title="bbox 758 3712 3262 3800; baseline 0 -14"><span class='ocrx_word' id='word_1_361' title='bbox 758 3714 796 3800; x_wconf 67' lang='grc' dir='ltr'>ἓ</span> <span class='ocrx_word' id='word_1_362' title='bbox 844 3718 1001 3786; x_wconf 66' lang='lat'><strong>28.</strong></span> <span class='ocrx_word' id='word_1_363' title='bbox 1054 3718 1236 3784; x_wconf 90' lang='lat' dir='ltr'><strong>Haec</strong></span> <span class='ocrx_word' id='word_1_364' title='bbox 1270 3735 1424 3783; x_wconf 86' lang='lat' dir='ltr'><strong>vero</strong></span> <span class='ocrx_word' id='word_1_365' title='bbox 1471 3712 1835 3783; x_wconf 87' lang='lat' dir='ltr'><strong>audientes</strong></span> <span class='ocrx_word' id='word_1_366' title='bbox 1883 3712 2182 3796; x_wconf 75' lang='lat' dir='ltr'><strong>lictoreS,</strong></span> <span class='ocrx_word' id='word_1_367' title='bbox 2220 3712 2549 3785; x_wconf 88' lang='lat' dir='ltr'><strong>commoti</strong></span> <span class='ocrx_word' id='word_1_368' title='bbox 2587 3726 2755 3785; x_wconf 88' lang='lat' dir='ltr'><strong>sunt</strong></span> <span class='ocrx_word' id='word_1_369' title='bbox 2803 3715 2956 3799; x_wconf 72' lang='lat' dir='ltr'><strong>ira,</strong></span> <span class='ocrx_word' id='word_1_370' title='bbox 2993 3727 3208 3788; x_wconf 51' lang='grc' dir='ltr'><strong>ειη</strong></span> <span class='ocrx_word' id='word_1_371' title='bbox 3261 3722 3262 3725; x_wconf 75' lang='grc'>’</span> 
     </span>
     <span class='ocr_line' id='line_1_40' title="bbox 661 3801 3206 3893; baseline 0.002 -22"><span class='ocrx_word' id='word_1_372' title='bbox 661 3815 912 3891; x_wconf 91' lang='lat' dir='ltr'><strong>perunt</strong></span> <span class='ocrx_word' id='word_1_373' title='bbox 957 3802 1129 3875; x_wconf 88' lang='lat' dir='ltr'><strong>alter</strong></span> <span class='ocrx_word' id='word_1_374' title='bbox 1174 3801 1370 3873; x_wconf 88' lang='lat' dir='ltr'><strong>alteri</strong></span> <span class='ocrx_word' id='word_1_375' title='bbox 1426 3801 1701 3871; x_wconf 89' lang='lat' dir='ltr'><strong>dicere:</strong></span> <span class='ocrx_word' id='word_1_376' title='bbox 1754 3805 1890 3871; x_wconf 90' lang='lat' dir='ltr'><strong>Ista</strong></span> <span class='ocrx_word' id='word_1_377' title='bbox 1931 3802 2253 3873; x_wconf 88' lang='lat' dir='ltr'><strong>meretrix</strong></span> <span class='ocrx_word' id='word_1_378' title='bbox 2290 3815 2356 3872; x_wconf 90' lang='lat' dir='ltr'><strong>et</strong></span> <span class='ocrx_word' id='word_1_379' title='bbox 2394 3803 2758 3893; x_wconf 81' lang='lat' dir='ltr'><strong>impostrix</strong></span> <span class='ocrx_word' id='word_1_380' title='bbox 2795 3805 3050 3877; x_wconf 79' lang='lat' dir='ltr'><strong>suasit</strong></span> <span class='ocrx_word' id='word_1_381' title='bbox 3088 3804 3206 3875; x_wconf 71' lang='lat' dir='ltr'><strong>vim</strong></span> 
     </span>
     <span class='ocr_line' id='line_1_41' title="bbox 664 3889 3206 3987; baseline 0.001 -26"><span class='ocrx_word' id='word_1_382' title='bbox 664 3912 794 3961; x_wconf 90' lang='lat' dir='ltr'><strong>suo</strong></span> <span class='ocrx_word' id='word_1_383' title='bbox 827 3905 1057 3962; x_wconf 87' lang='lat' dir='ltr'><strong>nostra</strong></span> <span class='ocrx_word' id='word_1_384' title='bbox 1088 3891 1402 3961; x_wconf 88' lang='lat' dir='ltr'><strong>deserere</strong></span> <span class='ocrx_word' id='word_1_385' title='bbox 1440 3890 1779 3972; x_wconf 87' lang='lat' dir='ltr'><strong>instituta,</strong></span> <span class='ocrx_word' id='word_1_386' title='bbox 1821 3901 1888 3961; x_wconf 88' lang='lat' dir='ltr'><strong>et</strong></span> <span class='ocrx_word' id='word_1_387' title='bbox 1919 3889 2151 3961; x_wconf 89' lang='lat' dir='ltr'><strong>adhuc</strong></span> <span class='ocrx_word' id='word_1_388' title='bbox 2185 3911 2320 3961; x_wconf 92' lang='lat' dir='ltr'><strong>non</strong></span> <span class='ocrx_word' id='word_1_389' title='bbox 2359 3890 2551 3960; x_wconf 86' lang='lat' dir='ltr'><strong>timet</strong></span> <span class='ocrx_word' id='word_1_390' title='bbox 2583 3912 2747 3960; x_wconf 87' lang='lat' dir='ltr'><strong>eum</strong></span> <span class='ocrx_word' id='word_1_391' title='bbox 2781 3895 3016 3966; x_wconf 86' lang='lat' dir='ltr'><strong>nobis</strong></span> <span class='ocrx_word' id='word_1_392' title='bbox 3046 3910 3206 3987; x_wconf 72' lang='lat' dir='ltr'><strong>pne-</strong></span> 
     </span>
     <span class='ocr_line' id='line_1_42' title="bbox 664 3978 3210 4071; baseline 0.002 -23"><span class='ocrx_word' id='word_1_393' title='bbox 664 3979 977 4051; x_wconf 87' lang='lat' dir='ltr'><strong>sentibus</strong></span> <span class='ocrx_word' id='word_1_394' title='bbox 1010 3980 1346 4062; x_wconf 89' lang='lat' dir='ltr'><strong>animare,</strong></span> <span class='ocrx_word' id='word_1_395' title='bbox 1381 4000 1467 4049; x_wconf 93' lang='lat' dir='ltr'><strong>ne</strong></span> <span class='ocrx_word' id='word_1_396' title='bbox 1499 3978 1768 4051; x_wconf 86' lang='lat' dir='ltr'><strong>dubitet</strong></span> <span class='ocrx_word' id='word_1_397' title='bbox 1801 3978 1978 4049; x_wconf 88' lang='lat' dir='ltr'><strong>hanc</strong></span> <span class='ocrx_word' id='word_1_398' title='bbox 2013 3978 2217 4050; x_wconf 88' lang='lat' dir='ltr'><strong>vitam</strong></span> <span class='ocrx_word' id='word_1_399' title='bbox 2255 3991 2532 4071; x_wconf 90' lang='lat' dir='ltr'><strong>propter</strong></span> <span class='ocrx_word' id='word_1_400' title='bbox 2564 3979 3018 4055; x_wconf 78' lang='lat' dir='ltr'><strong>crucifixum</strong></span> <span class='ocrx_word' id='word_1_401' title='bbox 3039 3980 3210 4061; x_wconf 64' lang='lat' dir='ltr'><strong>mit-</strong></span> 
     </span>
     <span class='ocr_line' id='line_1_43' title="bbox 665 4067 3208 4226; baseline 0.002 -89"><span class='ocrx_word' id='word_1_402' title='bbox 665 4079 828 4138; x_wconf 91' lang='lat' dir='ltr'><strong>tere.</strong></span> <span class='ocrx_word' id='word_1_403' title='bbox 865 4075 1079 4157; x_wconf 78' lang='lat' dir='ltr'><strong>Atque</strong></span> <span class='ocrx_word' id='word_1_404' title='bbox 1111 4069 1204 4139; x_wconf 85' lang='lat' dir='ltr'><strong>ita</strong></span> <span class='ocrx_word' id='word_1_405' title='bbox 1236 4067 1435 4139; x_wconf 90' lang='lat' dir='ltr'><strong>humi</strong></span> <span class='ocrx_word' id='word_1_406' title='bbox 1460 4090 1609 4139; x_wconf 88' lang='lat' dir='ltr'><strong>eam</strong></span> <span class='ocrx_word' id='word_1_407' title='bbox 1641 4079 2172 4159; x_wconf 88' lang='lat' dir='ltr'><strong>prosternentes,</strong></span> <span class='ocrx_word' id='word_1_408' title='bbox 2209 4069 2611 4139; x_wconf 79' lang='lat' dir='ltr'><strong>avulserunt</strong></span> <span class='ocrx_word' id='word_1_409' title='bbox 2641 4069 2962 4226; x_wconf 78' lang='lat' dir='ltr'><strong>cadpillos</strong></span> <span class='ocrx_word' id='word_1_410' title='bbox 2987 4068 3208 4164; x_wconf 59' lang='lat' dir='ltr'><strong>equs</strong></span> 
     </span>
     <span class='ocr_line' id='line_1_44' title="bbox 660 4155 3207 4253; baseline 0.004 -28"><span class='ocrx_word' id='word_1_411' title='bbox 660 4155 839 4247; x_wconf 88' lang='lat' dir='ltr'><strong>ejus,</strong></span> <span class='ocrx_word' id='word_1_412' title='bbox 878 4157 1136 4248; x_wconf 85' lang='lat' dir='ltr'><strong>pugnis</strong></span> <span class='ocrx_word' id='word_1_413' title='bbox 1181 4170 1249 4227; x_wconf 91' lang='lat' dir='ltr'><strong>et</strong></span> <span class='ocrx_word' id='word_1_414' title='bbox 1277 4156 1587 4227; x_wconf 87' lang='lat' dir='ltr'><strong>calcibus</strong></span> <span class='ocrx_word' id='word_1_415' title='bbox 1626 4155 2023 4229; x_wconf 87' lang='lat' dir='ltr'><strong>immaniter</strong></span> <span class='ocrx_word' id='word_1_416' title='bbox 2067 4177 2218 4227; x_wconf 89' lang='lat' dir='ltr'><strong>eam</strong></span> <span class='ocrx_word' id='word_1_417' title='bbox 2268 4157 2650 4238; x_wconf 73' lang='lat' dir='ltr'><strong>caedenteS,</strong></span> <span class='ocrx_word' id='word_1_418' title='bbox 2744 4178 2937 4232; x_wconf 83' lang='lat' dir='ltr'><strong>onec</strong></span> <span class='ocrx_word' id='word_1_419' title='bbox 2974 4178 3207 4253; x_wconf 53' lang='lat' dir='ltr'><strong>enpr-</strong></span> 
     </span>
     <span class='ocr_line' id='line_1_45' title="bbox 661 4244 3204 4350; baseline 0.004 -39"><span class='ocrx_word' id='word_1_420' title='bbox 661 4244 1017 4326; x_wconf 86' lang='lat' dir='ltr'><strong>venirent,</strong></span> <span class='ocrx_word' id='word_1_421' title='bbox 1083 4245 1204 4316; x_wconf 90' lang='lat' dir='ltr'><strong>ubi</strong></span> <span class='ocrx_word' id='word_1_422' title='bbox 1262 4244 1553 4317; x_wconf 86' lang='lat' dir='ltr'><strong>debebat</strong></span> <span class='ocrx_word' id='word_1_423' title='bbox 1610 4266 1772 4315; x_wconf 91' lang='lat' dir='ltr'><strong>cum</strong></span> <span class='ocrx_word' id='word_1_424' title='bbox 1830 4244 2037 4317; x_wconf 91' lang='lat' dir='ltr'><strong>sociis</strong></span> <span class='ocrx_word' id='word_1_425' title='bbox 2091 4244 2661 4317; x_wconf 81' lang='lat' dir='ltr'><strong>trucidari.·‘1&#39;um</strong></span> <span class='ocrx_word' id='word_1_426' title='bbox 2700 4267 2871 4319; x_wconf 83' lang='lat' dir='ltr'><strong>vero</strong></span> <span class='ocrx_word' id='word_1_427' title='bbox 2909 4251 3204 4350; x_wconf 54' lang='lat' dir='ltr'><strong>prim!</strong></span> 
     </span>
     <span class='ocr_line' id='line_1_46' title="bbox 662 4330 3205 4425; baseline 0.004 -23"><span class='ocrx_word' id='word_1_428' title='bbox 662 4330 938 4403; x_wconf 90' lang='lat' dir='ltr'><strong>beatum</strong></span> <span class='ocrx_word' id='word_1_429' title='bbox 989 4333 1303 4415; x_wconf 87' lang='lat' dir='ltr'><strong>Felicem,</strong></span> <span class='ocrx_word' id='word_1_430' title='bbox 1337 4334 1587 4404; x_wconf 89' lang='lat' dir='ltr'><strong>deinde</strong></span> <span class='ocrx_word' id='word_1_431' title='bbox 1621 4338 1688 4405; x_wconf 86' lang='lat' dir='ltr'><strong>S.</strong></span> <span class='ocrx_word' id='word_1_432' title='bbox 1735 4335 2127 4425; x_wconf 85' lang='lat' dir='ltr'><strong>Georgium,</strong></span> <span class='ocrx_word' id='word_1_433' title='bbox 2165 4346 2318 4425; x_wconf 88' lang='lat' dir='ltr'><strong>post</strong></span> <span class='ocrx_word' id='word_1_434' title='bbox 2351 4332 2808 4405; x_wconf 87' lang='lat' dir='ltr'><strong>venerabilem</strong></span> <span class='ocrx_word' id='word_1_435' title='bbox 2859 4337 3205 4419; x_wconf 61' lang='lat' dir='ltr'><strong>hiim,</strong></span> 
     </span>
     <span class='ocr_line' id='line_1_47' title="bbox 667 4420 3209 4520; baseline 0.003 -30"><span class='ocrx_word' id='word_1_436' title='bbox 667 4433 871 4508; x_wconf 89' lang='lat' dir='ltr'><strong>atque</strong></span> <span class='ocrx_word' id='word_1_437' title='bbox 899 4420 985 4491; x_wconf 92' lang='lat' dir='ltr'><strong>ad</strong></span> <span class='ocrx_word' id='word_1_438' title='bbox 1011 4433 1389 4492; x_wconf 88' lang='lat' dir='ltr'><strong>extremum</strong></span> <span class='ocrx_word' id='word_1_439' title='bbox 1412 4423 1725 4514; x_wconf 88' lang='lat' dir='ltr'><strong>egregios</strong></span> <span class='ocrx_word' id='word_1_440' title='bbox 1749 4426 2101 4514; x_wconf 84' lang='lat' dir='ltr'><strong>agonistas</strong></span> <span class='ocrx_word' id='word_1_441' title='bbox 2131 4421 2479 4497; x_wconf 76' lang='lat' dir='ltr'><strong>Aurelium</strong></span> <span class='ocrx_word' id='word_1_442' title='bbox 2509 4437 2576 4494; x_wconf 88' lang='lat' dir='ltr'><strong>et</strong></span> <span class='ocrx_word' id='word_1_443' title='bbox 2603 4421 2969 4503; x_wconf 72' lang='lat' dir='ltr'><strong>Nataliam</strong></span> <span class='ocrx_word' id='word_1_444' title='bbox 3005 4423 3209 4520; x_wconf 59' lang='lat' dir='ltr'><strong>gudja</strong></span> 
     </span>
    </p>
   </div>
   <div class='ocr_carea' id='block_1_3' title="bbox 3259 1463 3266 2555">
    <p class='ocr_par' dir='ltr' id='par_1_5' title="bbox 3259 1463 3266 2555">
     <span class='ocr_line' id='line_1_48' title="bbox 3259 1463 3266 2555; baseline 0 0"><span class='ocrx_word' id='word_1_445' title='bbox 3259 1463 3266 2555; x_wconf 95' lang='lat' dir='ltr'><strong> </strong></span> 
     </span>
    </p>
   </div>
   <div class='ocr_carea' id='block_1_4' title="bbox 3260 4242 3264 4826">
    <p class='ocr_par' dir='ltr' id='par_1_6' title="bbox 3260 4242 3264 4826">
     <span class='ocr_line' id='line_1_49' title="bbox 3260 4242 3264 4826; baseline 0 0"><span class='ocrx_word' id='word_1_446' title='bbox 3260 4242 3264 4826; x_wconf 95' lang='lat' dir='ltr'><strong> </strong></span> 
     </span>
    </p>
   </div>
  </div>
 </body>
</html>
