3308 5004
640 295 773 416 2ὸο
1437 362 1517 410 nn
1564 362 1620 410 s.
1673 362 1929 420 sonmo
1970 363 2212 411 Annua
2771 347 2960 415 AUG.
3012 348 3085 414 Η

549 452 671 540 qui
717 452 791 521 in
849 449 977 520 hac
1025 449 1159 519 vita
1219 446 1482 537 seipsos
1535 446 1889 538 despicere
1934 450 2318 518 noverunt:
2373 470 2530 519 cum
2601 449 2861 538 quibus
2908 451 3099 523 intus

550 540 817 611 civibus
852 540 924 609 in
967 538 1222 608 honore
1270 549 1748 618 numerantur,
1787 537 1908 624 qui
1937 536 2239 640 despecti
2287 536 2453 608 foris
2501 537 2905 610 horninibus
2950 561 3101 610 esse

550 652 689 700 non
737 628 1193 700 erubescunt:
1237 625 1403 713 quia
1453 636 1517 694 et
1564 637 1805 695 contra
1845 627 1914 694 in
1966 630 2081 696 Dei
2128 625 2349 698 oculis
2386 627 2663 717 jacent,
2728 630 2850 716 qui
2910 629 3101 719 apud

555 740 722 790 suos
768 730 834 788 et
873 716 1340 808 proximorum
1375 714 1612 784 oculos
1662 735 1784 804 per
1831 714 2061 786 inanis
2094 715 2354 805 gloriae
2386 717 2765 806 appetitum
2803 730 3098 788 tument.

556 807 749 879 Unde
802 818 867 876 et
921 803 1342 893 quibusdam
1396 802 1657 874 Veritas
1728 802 1936 873 dicit:
1998 810 2116 874 Vos
2172 806 2329 874 estis
2392 807 2514 896 qui
2543 808 2943 897 justificatis
2985 830 3102 877 vos

553 918 777 966 coram
826 895 1229 964 hominibus:
1280 897 1454 962 Deus
1485 902 1712 961 autem
1760 895 1943 962 novit
2004 893 2208 963 corda
2251 904 2504 963 vestra.-
2548 896 2713 984 quia
2758 897 2936 986 quod
2982 897 3101 966 Ιιο-

549 986 841 1054 mt'nibus
887 987 1105 1053 altum
1140 992 1259 1063 est,
1299 981 1748 1051 abominabile
1779 992 2063 1052 estante
2101 987 2311 1051 Deum
2338 983 2585 1083 (Lucae
2630 983 2789 1072 xvt).
2828 990 3093 1055 Petrus:

551 1074 758 1144 Miror
793 1071 1010 1153 valde,
1048 1070 1231 1159 quod
1282 1068 1518 1138 detali
1571 1069 1714 1139 viro
1753 1071 2012 1160 surripi
2109 1070 2372 1141 ontifici
2414 1083 2601 1141 tanto
2644 1072 2960 1172 potuerit.
3011 1113 3103 1123 —

552 1163 953 1254 Gregorius:
999 1158 1176 1244 Quid
1208 1159 1482 1227 miraris
1508 1162 1722 1238 Petre‚
1760 1159 1926 1247 quia
1960 1093 2290 1240 faliimur,
2325 1160 2446 1247 qui
2481 1159 2798 1231 homines
2823 1166 3103 1232 sumus?

550 1257 645 1320 An
701 1251 915 1320 menti
962 1247 1261 1330 excidit,
1314 1246 1495 1348 quod
1547 1247 1783 1329 David,
1837 1248 1959 1336 qui
2018 1247 2417 1338 prophetiae
2464 1248 2784 1339 spiritum
2849 1250 3104 1322 habere

550 1351 1021 1419 consueverat,
1058 1349 1297 1406 contra
1328 1349 1760 1407 innocentem
1796 1336 2133 1408 Jonathae
2165 1336 2392 1407 filium
2441 1338 2847 1408 sententiam
2884 1338 3096 1417 dedit,

550 1449 713 1498 cum
746 1428 955 1511 verba
1003 1427 1201 1518 pueri
1235 1425 1629 1495 mentientis
1676 1424 1983 1496 audivit?
2028 1425 2210 1514 quod
2248 1439 2474 1496 tamen
2517 1428 2684 1514 quia
2731 1449 2852 1517 per
2889 1428 3102 1498 David

550 1516 810 1587 factum
859 1529 983 1597 est,
1021 1527 1087 1585 et
1133 1514 1402 1586 occulto
1465 1515 1580 1583 Dei
1641 1514 1910 1605 judicio
1970 1517 2241 1605 justum
2313 1515 2663 1587 credimus
2692 1571 2707 1598 ,
2759 1531 2825 1587 et
2871 1530 3103 1587 tamen

550 1605 864 1675 humana
909 1604 1174 1674 ratione
1220 1602 1517 1691 qualiter
1542 1602 1812 1692 justum
1849 1602 2076 1682 fuerit,
2124 1625 2262 1673 non
2292 1604 2678 1675 videmus*.
2732 1605 2911 1689 Quid
2938 1627 3103 1697 ergo

549 1694 854 1776 mirum,
915 1695 975 1763 si
1025 1714 1142 1762 ore
1189 1692 1669 1761 mentientium
1737 1692 2111 1780 aliquando
2160 1693 2232 1761 in
2304 1692 2493 1763 aliud
2560 1693 2929 1777 ducimur,
2979 1696 3105 1783 qui

555 1782 932 1873 prophetae
992 1803 1128 1851 non
1200 1783 1493 1850 sumus?
1541 1780 1826 1850 Multum
1880 1803 2036 1851 vero
2081 1794 2224 1863 est,
2290 1782 2473 1869 quod
2547 1784 3104 1873 uniuscnjusque

552 1873 898 1942 Praesulis
931 1883 1227 1941 mentem
1271 1892 1597 1939 curarum
1649 1870 1956 1941 densitas
1986 1884 2224 1940 vastat.
2262 1877 2567 1958 Cumque
2598 1872 2878 1943 animus
2925 1872 3106 1941 divi-

552 1960 743 2030 ditur
789 1960 874 2030 ad
912 1959 1151 2040 multa,
1207 1959 1283 2028 fit
1313 1959 1541 2028 minor
1586 1958 1672 2028 ad
1711 1959 2028 2050 singula:
2070 1973 2390 2048 tantoque
2436 1961 2496 2030 ei
2542 1961 2615 2030 in
2653 1960 3107 2049 unaqualibet

553 2070 627 2119 re
676 2049 1074 2139 surripitur,
1126 2060 1383 2135 quanto
1435 2047 1640 2117 latius
1688 2048 1928 2118 multis
1975 2061 2378 2139 occupatur.

641 2140 677 2225 ξ
723 2142 804 2210 8.
860 2137 1070 2208 Silere
1124 2158 1256 2206 non
1309 2136 1545 2217 debeo,
1600 2137 1787 2224 quod
1845 2138 1930 2207 de
1992 2136 2119 2207 hoc
2182 2139 2363 2218 vir0,
2433 2138 2687 2208 Abbate
2747 2139 3102 2227 quondam

553 2247 706 2296 meo
754 2226 1324 2296 reverendissimo
1358 2224 1729 2303 Valentino.
1766 2238 2110 2303 narrante,
2164 2226 2435 2317 agnovi.
2489 2226 2723 2315 Ajebat
2770 2249 3095 2316 namque,

554 2315 718 2402 quia
750 2337 1002 2405 corpus
1048 2316 1203 2403 eJ‘us
1241 2313 1408 2384 dum
1466 2314 1537 2383 in
1587 2315 1767 2385 beati
1807 2315 2151 2384 Laurentii
2203 2317 2526 2406 martyris
2584 2318 2880 2387 oratorio
2926 2333 3105 2387 esset

558 2404 953 2485 humatum,
978 2426 1188 2495 super
1218 2401 1615 2493 sepulcrum
1645 2403 1837 2473 illius
1866 2405 2164 2474 rusticus
2192 2404 2474 2491 quidam
2507 2426 2736 2475 arcam
2767 2427 2926 2475 cum
2958 2406 3104 2475 fru-

557 2508 793 2564 mento
830 2493 1081 2584 posuit,
1123 2514 1248 2563 nec
1286 2506 1590 2580 quantus
1621 2493 1986 2581 qualisque
2027 2493 2129 2563 vir
2175 2491 2316 2564 illic
2340 2495 2623 2586 jaceret,
2679 2494 3104 2586 perpendere

554 2605 636 2652 ac
674 2583 889 2652 vereri
920 2584 1207 2653 curavit.
1264 2587 1452 2650 Tune
1502 2596 1779 2672 repente
1813 2584 2015 2652 turbo
2055 2582 2342 2653 coelitus
2389 2583 2636 2666 factuS,
2700 2583 2908 2654 rebus
2957 2584 3103 2655 illic

553 2671 885 2743 omnibus
935 2672 1004 2740 in
1042 2694 1168 2741 sua
1216 2669 1583 2741 stabilitate
1632 2671 2098 2753 manentibus,
2144 2694 2400 2753 arcam,
2447 2693 2626 2759 quae
2666 2674 3105 2764 superposita

555 2761 876 2850 sepulcro
910 2764 1060 2847 ejus
1108 2759 1351 2839 fuerat,
1390 2758 1651 2841 extulit,
1702 2758 2041 2850 longeque
2089 2761 2393 2862 projecit,
2430 2760 2526 2831 ita
2555 2775 2632 2831 ut
2665 2762 2894 2852 palam
2927 2784 3105 2831 cun-

554 2850 646 2918 cti
695 2861 1213 2938 cognoscerent,
1261 2848 1503 2934 quanti
1532 2860 1710 2919 esset
1754 2849 1982 2918 meriti
2028 2849 2088 2918 is
2119 2872 2319 2937 quus
2349 2849 2493 2920 illic
2522 2872 2777 2940 corpus
2813 2852 3097 2952 jaceret.

641 2939 677 3023 ξ
725 2943 819 3007 9.
874 2938 1091 3006 Etiam
1140 2958 1219 3005 ea
1280 2957 1457 3022 quae
1499 2936 1873 3028 subjungo,
1929 2938 2257 3027 praedicti
2308 2940 2717 3009 venerabilis
2766 2941 2892 3009 viri
2943 2945 3103 3010 For-

556 3027 801 3106 tunati,
836 3026 956 3112 qui
991 3024 1187 3094 valde
1216 3024 1386 3093 mibi
1417 3036 1656 3107 aetate,
1693 3047 1894 3115 opere
1927 3039 1991 3096 et
2017 3026 2455 3114 simplicitate
2535 3029 2729 3111 lacet,
2770 3028 3101 3099 relatione

555 3114 868 3203 cognovi.
923 3113 1248 3183 Eamdem
1284 3112 1587 3182 Valeriae
1636 3115 2058 3203 provinciam
2111 3117 2465 3206 Longobar
2519 3117 2576 3187 is
2625 3118 3045 3188 intrantibus
3081 3174 3096 3198 ,

555 3223 636 3270 ex
684 3203 1099 3273 monasterio
1146 3201 1703 3271 reverendissimi
1738 3203 1866 3272 viri
1897 3203 2148 3289 Equitii
2184 3205 2253 3272 in
2290 3206 2636 3294 praedicto
2670 3207 2965 3276 oratorio
3011 3205 3101 3275 ad

556 3290 954 3381 sepulcrum
987 3290 1138 3379 ejus
1171 3290 1494 3360 monachi
1529 3289 1878 3381 fugerunt.
1925 3298 2233 3380 Cumque
2264 3294 2694 3384 Longobardi
2727 3297 3102 3365 saevientes

557 3378 1051 3449 monasterium
1094 3381 1487 3459 intrassent,
1539 3394 1912 3470 coeperunt
1966 3381 2242 3451 eosdem
2296 3384 2667 3455 monachos
2722 3384 2905 3455 foras
2968 3397 3103 3454 tra-

556 3466 740 3549 here,
779 3481 855 3538 ut
887 3491 1003 3539 eos
1036 3480 1156 3537 aut
1185 3489 1309 3558 per
1363 3481 1697 3538 tormenta
1747 3470 2191 3553 discuterent,
2257 3486 2378 3542 aut
2423 3472 2674 3562 gladiis
2722 3487 3044 3542 necarent
3081 3498 3097 3538 :

555 3578 853 3643 quorum
904 3580 1089 3627 unus
1136 3557 1497 3646 ingemuit,
1552 3571 1756 3645 atque
1807 3560 1948 3628 acri
1989 3558 2222 3630 dolore
2271 3573 2682 3643 commotuS,
2726 3560 3097 3631 clamavit:

555 3649 703 3714 Heu
754 3645 890 3715 heu
929 3659 1160 3715 sancte
1193 3646 1442 3732 Equiti,
1480 3646 1702 3736 placet
1743 3647 1864 3717 tibi
1898 3647 2081 3734 quod
2135 3648 2497 3730 trahimur,
2540 3663 2604 3718 et
2639 3671 2774 3718 non
2813 3672 2937 3721 nos
2982 3649 3106 3719 de-

556 3732 831 3804 fendis?
866 3733 958 3804 Ad
993 3735 1199 3822 cujus
1231 3755 1462 3804 vocem
1497 3737 1810 3825 protinus
1850 3738 2225 3807 saevientes
2266 3738 2750 3829 Longobardos
2794 3738 3107 3809 immun-

556 3823 690 3893 dus
746 3823 1034 3914 spiritus
1083 3824 1372 3893 invasit:
1445 3825 1565 3911 qui
1622 3838 2020 3896 corruentes
2068 3826 2138 3894 in
2193 3841 2466 3908 terram,
2525 3840 2662 3896 tam
2719 3826 2844 3897 diu
2884 3829 3106 3898 vexati

557 3928 746 3995 sunt,
796 3934 1160 4000 quousque
1221 3912 1350 3982 hoc
1408 3914 1663 3994 cuncti,
1717 3914 1921 3983 etiam
1971 3916 2091 4003 qui
2161 3915 2327 3986 foris
2372 3930 2605 3996 erant,
2674 3916 3108 4007 Longobardi

554 4014 1066 4093 cognoscerent,
1117 4015 1459 4089 quatenus
1495 4002 1720 4072 locum
1764 4024 2041 4074 sacrum
2089 4017 2423 4074 temerare
2468 4004 2761 4077 ulterius
2796 4027 2932 4075 non
2984 4029 3109 4077 au-

556 4089 817 4161 derent.
864 4091 1111 4177 Sicque
1144 4090 1247 4160 vir
1284 4104 1590 4171 sanctuS,
1637 4090 1808 4161 dum
1849 4091 2232 4183 discipulos
2263 4092 2590 4175 defendit,
2628 4095 2831 4165 etiam
2865 4095 3106 4166 multis

558 4192 712 4267 post
760 4180 1141 4250 remedium
1179 4179 1344 4249 illuc
1392 4178 1818 4269 fugientibus
1854 4183 2188 4271 praestitit
2223 4184 2351 4273 (a).

610 4325 638 4352 ⁴¹
668 4324 782 4363 Vide
812 4327 836 4364 2
866 4326 976 4373 neg.
1003 4336 1084 4365 xvt
1106 4326 1154 4364 et
1173 4335 1261 4364 xix.

613 4374 677 4428 (a)
706 4376 809 4417 Vna
827 4382 901 4419 est
920 4379 1114 4418 functus
1138 4378 1181 4417 S.
1200 4378 1354 4418 Abbati
1371 4377 1589 4428 Equitius
1612 4388 1734 4419 anno
1755 4389 1860 4429 nxn,
1879 4381 1953 4421 dte
1979 4380 2136 4421 Martii
2154 4391 2218 4422 vn
2238 4383 2376 4431 Juxta
2406 4384 2631 4430 Bolltnd„
2650 4385 2735 4425 hac
2765 4393 2809 4423 ιι
2839 4385 2953 4434 Aug.
2968 4386 3109 4434 juxt:

562 4432 678 4473 allos
691 4442 702 4476 ;
717 4432 803 4471 hac
820 4441 940 4481 quae
955 4428 1244 4480 probabilius
1264 4428 1605 4473 'rr-maluimus
1626 4434 1714 4479 est,
1733 4435 2008 4475 inscribitur
2024 4437 2229 4477 Romano
2246 4437 2597 4488 Martyrologio.
2613 4435 2824 4488 Quiescit
2844 4438 3104 4481 honorilice

560 4496 732 4536 corpus
753 4486 947 4534 Aquilae
968 4487 1018 4525 tn
1038 4484 1237 4527 ccclesia
1253 4486 1297 4526 S.
1320 4483 1578 4526 Laurentii.
