3308 5004
683 326 807 392 694
1150 344 1229 391 nn
1277 345 1335 391 s,
1390 342 1754 391 ansusi-mo
1798 341 1999 392 nuso.
2049 342 2129 391 ιτ
2171 340 2346 392 noct.
2401 340 2582 391 noc-r.
2827 325 3047 392 Aua.
3099 327 3168 391 Β

596 429 892 520 pessime
937 426 1317 497 diffamari:
1369 429 1459 497 ob
1487 427 1614 497 hoc
1652 448 1816 528 ergo
1845 427 2141 507 dicebat,
2183 448 2545 515 nunquam
2586 426 2878 510 debere,
2923 427 3177 499 foemi-

598 540 723 587 nas
744 539 906 587 cum
940 518 1152 588 servis
1185 517 1291 586 Dei
1324 517 1531 586 etiam
1580 516 2018 596 castissimis,
2059 516 2127 585 in
2158 538 2297 606 una
2333 537 2612 586 manere
2656 516 2906 595 domo,
2945 539 3071 596 ne,
3111 531 3179 587 ut

598 606 860 677 dictum
912 621 1037 684 est,
1095 605 1371 693 aliquod
1412 605 1819 676 scandaium
1856 605 1955 675 vei
1991 603 2489 675 offendiculum
2529 606 2656 676 hoc
2687 605 2812 675 taii
2843 608 3178 698 exemplo

596 708 971 786 poneretur
1017 695 1552 764 infirmioribus,
1606 700 1685 763 Et
1733 693 1790 765 si
1839 693 2010 764 sorte
2075 695 2164 765 ab
2225 693 2579 782 aliquibus
2635 695 2989 764 foeminis
3026 750 3045 777 ,
3115 709 3180 765 ut

598 784 944 854 videretur
991 783 1092 853 vei
1145 785 1605 864 saiutaretur,
1662 784 2055 874 rogabatur,
2109 805 2470 871 nunquam
2521 783 2671 853 sinc
2718 783 3030 854 clericis
3091 799 3180 855 te·

598 873 820 944 stibus
867 872 951 942 ad
1003 883 1162 943 e'um
1208 872 1581 953 intrabant,
1624 871 1726 941 vei
1759 873 1951 941 soius
1981 893 2144 942 cum
2177 872 2346 943 solis
2371 893 2678 960 unquam
2705 886 2816 942 est
2855 872 3170 952 locutus,

597 950 723 1032 ne'c
762 963 818 1031 si
856 975 1276 1032 secretorum
1320 961 1583 1048 aliquid
1631 961 2013 1031 interesset.

682 1053 720 1138 ἓ
766 1055 924 1124 Β-ι.
978 1056 1054 1120 In
1110 1050 1620 1120 visitationibus
1669 1070 1827 1120 vero
1875 1048 2159 1119 modum
2214 1050 2483 1121 tenebat
2527 1049 2615 1118 ab
2662 1050 3019 1138 Apostoio
3069 1051 3180 1120 de·

594 1141 896 1219 finitum,
950 1152 1026 1208 ut
1076 1161 1209 1208 non
1265 1139 1398 1209 nisi
1498 1139 1760 1227 upiiios
1806 1152 1871 1207 et
1907 1139 2153 1208 viduas
2188 1140 2254 1207 in
2292 1138 2880 1209 tribulationibus
2913 1143 3178 1210 consti-

596 1241 781 1299 tutas
830 1228 1154 1297 visitaret.
1210 1232 1287 1296 Et
1335 1229 1395 1297 si
1470 1240 1615 1297 orte
1662 1228 1749 1297 ab
1800 1228 2319 1318 aegrotantibus
2365 1229 2455 1298 ob
2496 1227 2623 1297 hoc
2667 1242 3072 1316 peteretur,
3114 1245 3176 1299 ιιι

597 1340 722 1409 pro
768 1318 869 1386 eis
920 1317 985 1386 in
1090 1318 1383 1386 raesenti
1425 1322 1635 1386 Deum
1677 1333 1966 1405 rogaret,
2001 1317 2241 1403 eisque
2277 1339 2527 1387 manus
2559 1318 2999 1404 imponeret,
3041 1320 3174 1388 siue

597 1428 791 1477 mora
826 1428 1029 1507 perge
1081 1420 1172 1474 at.
1206 1406 1690 1475 Foeminarum
1720 1418 1948 1486 autem
1979 1406 2393 1476 monasteria
2423 1428 2555 1475 non
2585 1406 2717 1474 nisi
2745 1409 3172 1495 urgentibus

598 1495 1126 1565 necessitatibus
1175 1494 1513 1564 visitabat.
1570 1494 1995 1564 Servandum
2048 1516 2324 1582 quoque
2374 1496 2441 1563 in
2494 1496 2625 1566 vita
2698 1507 2769 1563 et
2852 1499 3170 1566 moribus

599 1585 903 1654 hominis
954 1584 1062 1653 Dei
1119 1583 1471 1660 referebat.
1523 1583 1709 1672 quod
1762 1584 1827 1652 in
1883 1583 2218 1653 institutis
2269 1595 2546 1653 sanctae
2582 1586 2989 1654 memoriae
3033 1593 3166 1655 Am·

599 1674 809 1743 brosii
858 1695 1008 1743 com
1067 1686 1332 1743 ererat:
1374 1687 1755 1742 ut‘uxorem
1790 1673 2116 1759 cuiquam
2157 1694 2514 1759 nunquam
2553 1688 2904 1762 posceret,
2961 1697 3165 1762 neque

599 1763 895 1831 miiitare
944 1784 1024 1830 vo
1055 1775 1278 1831 entem
1332 1761 1417 1831 ad
1469 1762 1596 1831 hoc
1644 1760 2186 1841 commendaret,
2233 1783 2454 1848 neque
2497 1761 2564 1829 in
2606 1784 2740 1831 sua
2776 1765 3028 1850 patria
3072 1787 3165 1852 pe·

597 1852 765 1920 titus
812 1852 941 1920 iret
987 1850 1071 1918 ad
1111 1851 1549 1920 convivium:
1600 1856 1685 1918 De
1717 1849 2016 1951 singuiis
2057 1851 2265 1921 rebus
2307 1864 2664 1940 praestans
2691 1873 3001 1933 causa&
3051 1855 3166 1922 sci-

599 1940 780 2020 licet,
809 1961 917 2020 ne,
951 1939 1121 2008 dum
1173 1940 1351 2008 inter
1397 1961 1471 2008 se
1500 1940 1883 2028 conjugati,
1918 1961 2085 2009 casu
2116 1941 2506 2029 jurgarent,
2540 1940 2603 2008 ei
2633 1939 3158 2016 maledicerent.

597 2050 722 2118 per
765 2050 969 2114 quem
1023 2028 1376 2117 conjuncti
1426 2042 1679 2098 essent.
1737 2028 1861 2097 Sed
1969 2029 2120 2097 iane
2169 2029 2253 2096 ad
2310 2029 2437 2098 boc
2469 2027 2777 2118 sibijam
2821 2030 2987 2099 iiiis
3019 2053 3164 2099 con·

598 2117 1057 2186 sentientibus
1109 2117 1394 2206 petitum
1445 2117 1776 2186 interesse
1829 2051 2076 2185 deflere
2123 2117 2514 2186 affirmabat
2562 2119 3050 2198 sacerdotem,
3100 2132 3158 2187 ut

599 2206 702 2274 vei
754 2227 988 2275 eorum
1034 2206 1178 2293 jam
1237 2220 1431 2296 pacta
1481 2220 1547 2275 et
1597 2206 1846 2295 piacita
1898 2206 2363 2287 firmarentur,
2406 2205 3155 2288 vetjbenedicerenzur.

599 2300 677 2364 Et
726 2317 812 2364 ne
862 2293 1148 2363 miiitiae
1186 2294 1716 2364 commendatus
1749 2317 1828 2363 ac
1870 2294 2046 2364 maie
2083 2290 2322 2385 agenS,
2357 2317 2554 2364 suam
2588 2295 2886 2384 cuipam
2931 2299 3156 2366 suffra·

598 2385 820 2474 gatori
852 2385 1204 2453 tribueret.
1253 2389 1329 2453 Et
1362 2406 1446 2453 ne
1481 2406 1600 2474 per
1634 2383 2087 2471 frequentiam
2122 2384 2620 2464 conviviorum,
2662 2388 3153 2475 temperantiae

598 2475 1028 2543 amitteretur
1054 2472 1342 2543 modus,

686 2566 722 2650 ἓ
770 2567 928 2634 85.
983 2562 1416 2632 Indicaverat
1462 2584 1738 2650 quoque
1791 2562 2029 2639 nobis,
2085 2584 2156 2632 se
2208 2562 2536 2652 praedicti
2588 2563 2774 2631 beati
2826 2565 2975 2634 viri
3028 2572 3133 2634 Aa·

597 2651 811 2720 brosii
853 2651 920 2720 in
975 2651 1219 2721 ultimo
1270 2653 1442 2720 vitae
1489 2652 1843 2721 constituti
1893 2650 2178 2722 audisse
2226 2651 2832 2740 sapientissimum
2891 2668 2968 2722 et
3019 2654 3129 2743 pi's·

520 2756 525 2763 ’
597 2742 853 2809 simum
893 2761 1328 2830 responsum,
1364 2753 1429 2809 et
1463 2739 1759 2809 muitum
1800 2740 2130 2810 laudabat
2160 2762 2241 2809 ac
2277 2740 2741 2829 praedicabat.
2795 2746 2982 2810 Nam
3016 2762 3132 2811 cum

596 2829 735 2910 iiie,
792 2829 1040 2915 inquit,
1097 2829 1506 2898 venerabilis
1555 2829 1800 2898 ultima
1841 2830 2102 2916 jaceret
2149 2828 2607 2918 aegritudine,
2654 2841 2798 2898 eta
2839 2831 3136 2900 fidelibus

597 2918 951 2987 honoratis
1003 2917 1173 2987 iecto
1221 2920 1372 3005 ejus
1420 2918 1901 2997 adstantibus,
1960 2930 2026 2987 et
2082 2917 2476 2986 videntibus
2536 2939 2694 2985 eum
2767 2918 2864 2987 de
2943 2917 3132 2989 secuto

596 3008 1060 3096 migraturum
1112 3006 1196 3074 ad
1252 3012 1502 3086 Deum,
1554 3022 1619 3075 et
1668 3007 1754 3075 ob
1806 3009 1932 3076 hoc
1984 3008 2475 3085 moerentibus
2534 3007 2704 3075 tanti
2759 3008 3026 3078 sciiioet
3057 3026 3117 3101 ις

599 3096 752 3164 taiis
800 3094 1128 3164 antistitis
1181 3109 1393 3165 morte
1441 3095 1802 3165 ecclesiam
1859 3096 2359 3186 posseprivari
2406 3094 2589 3165 verbi
2627 3107 2695 3163 et
2736 3105 3110 3166 sacramffltt

598 3185 711 3253 Dei
762 3183 1295 3272 dispensatione,
1334 3206 1492 3251 curn
1530 3184 1856 3273 iacrymis
1892 3198 2271 3275 rogaretur,
2314 3199 2387 3253 ut
2421 3185 2553 3253 sibi
2584 3206 2618 3252 a
2658 3187 2948 3255 Domino
2975 3184 3119 3249 vitae

596 3286 907 3363 posceret
953 3286 1442 3351 commeatum,
1485 3294 1668 3342 eum·
1709 3271 1848 3342 iilis
1908 3273 2202 3343 dixisse:
2249 3278 2389 3343 Non
2434 3274 2534 3342 sic
2571 3272 2728 3352 vixi,
2778 3290 2866 3343 ut
2899 3293 3132 3361 mepu·

595 3362 753 3429 deat
801 3362 976 3430 inter
1024 3384 1142 3430 vos
1184 3362 1442 3429 vivere:
1482 3361 1598 3430 sed
1640 3384 1761 3430 nec
1802 3362 1973 3429 mori
2011 3363 2237 3442 timeo,
2278 3363 2443 3449 quia
2479 3362 2738 3430 bonurn
2791 3363 3142 3432 Dominum

597 3451 960 3519 habemus.
1018 3455 1091 3519 Et
1141 3450 1310 3518 baec
1354 3464 1581 3519 noster
1622 3452 2046 3539 Augustinus
2082 3473 2285 3520 senex
2315 3451 2591 3519 elimata
2622 3472 2704 3517 ac
2748 3450 3018 3521 librata
3051 3449 3150 3520 ad·

596 3539 982 3607 mirabatur
1025 3554 1091 3608 et
1142 3538 1468 3608 iaudabat
1518 3541 1746 3608 verba.
1801 3538 1961 3607 Ideo
2010 3540 2192 3608 enim
2243 3562 2401 3608 eum
2454 3539 2711 3607 dixisse
2755 3540 3152 3631 inteiiigen·

594 3627 764 3697 dum
815 3640 937 3708 est,
998 3649 1118 3696 nec
1170 3628 1342 3696 mori
1397 3629 1620 3708 timeo,
1676 3628 1840 3714 quia
1892 3628 2146 3697 bonum
2205 3630 2569 3697 Dominum
2623 3627 3036 3710 habemuS,
3089 3649 3156 3698 ne

598 3717 993 3786 crederetur
1043 3715 1430 3807 praefidens
1483 3715 1567 3784 de
1638 3717 1787 3786 suis
1848 3717 2362 3806 purgatissimis
2430 3716 2741 3785 moribus
2807 3740 3160 3805 praesum·

598 3807 843 3894 psisse.
900 3811 1042 3876 Non
1094 3805 1194 3875 sic
1245 3805 1401 3884 vixi,
1456 3818 1532 3874 ut
1581 3827 1691 3874 me
1743 3806 1995 3894 pudeat
2047 3807 2221 3875 inter
2256 3828 2372 3875 vos
2403 3805 2666 3874 vivere:
2713 3810 2867 3875 Hoc
2898 3808 3165 3876 dixerat

595 3894 683 3963 ad
736 3895 935 3974 iilud,
992 3893 1171 3981 quod
1227 3894 1543 3963 homines
1589 3893 1677 3963 de
1725 3894 2003 3962 homine
2055 3916 2254 3964 nosse
2306 3906 2640 3982 poterant.
2703 3899 2884 3964 Nam
2939 3898 3168 3966 sciens
3249 3922 3250 3929 ¹

596 4005 880 4052 examen
931 3983 1298 4069 aequitatis
1344 3983 1666 4063 divinae,
1720 3981 1805 4051 de
1857 3984 2034 4052 bono
2090 3984 2372 4053 Domino
2419 4006 2493 4052 se
2545 3983 2827 4053 dicebat
2885 3986 3165 4077 magis,

595 4095 803 4158 quam
855 4072 940 4140 de
992 4071 1253 4139 meritis
1295 4073 1464 4146 suis.
1506 4071 1875 4149 confidere,
1914 4073 2027 4139 cui
2062 4074 2267 4140 etiam
2301 4073 2369 4140 in
2407 4072 2715 4141 oratione
2746 4074 3170 4157 quotidiana

595 4162 908 4229 dicebat:
963 4162 1236 4229 Dimitte
1280 4162 1465 4232 nobis
1513 4162 1736 4230 debita
1784 4170 2014 4229 nostra
2058 4164 2232 4230 sicut
2280 4171 2344 4230 et
2380 4184 2497 4231 nos
2531 4163 2947 4231 dimittimus
2981 4164 3176 4235 debi-

599 4252 852 4318 toribus
884 4251 1155 4318 nostris,

685 4341 720 4424 ξ
767 4342 934 4409 88.
988 4337 1360 4426 Cujusdam
1394 4359 1671 4425 quoque
1699 4338 2085 4427 coepiscopi
2122 4350 2189 4407 et
2221 4337 2756 4408 familiarissimi
2776 4340 3166 4423 suiamici,

593 4425 670 4494 in
719 4426 1040 4496 extremis
1088 4428 1263 4494 vitae
1310 4427 1395 4496 de
1448 4427 1700 4497 taiibus
1749 4427 2383 4515 frequentissimum
2454 4425 2788 4499 referebat
2835 4429 3169 4502 dictum:
