3308 5004
164 358 358 429 me.
410 358 500 426 ΞΠ
792 375 907 426 ωι-
941 376 998 426 s.
1050 374 1321 424 exoaslo
1367 374 1537 425 nuc.
1588 376 1667 424 m·
1714 372 1914 427 sotus
1959 377 2076 425 ιιι.
2507 361 2635 427 649

162 461 526 557 praedixit.
602 457 731 530 Sed
802 471 870 531 et
932 459 1275 548 quamdiu
1342 460 1707 531 nobiscum
1779 472 2228 533 conversatus
2312 472 2451 546 est,
2539 460 2720 533 nulli

162 551 452 624 omnino
497 549 607 622 sui
640 547 905 620 ordinis
950 549 1355 640 dignitatem
1425 549 1792 631 revelavit,
1853 548 1990 620 nisi
2048 571 2208 620 cum
2248 551 2395 642 jam
2446 550 2716 624 detine-

164 653 356 714 retur
398 660 694 711 carcere.
747 643 936 708 Tunc
965 637 1218 708 etenim
1272 637 1620 729 protessus
1677 649 1781 710 est
1834 659 1909 709 se
1957 637 2333 709 Diaconum
2382 661 2557 711 esse.
2614 640 2719 711 Ibi

167 731 374 805 etiam
436 726 547 799 sui
589 726 853 797 itineris
900 726 1397 817 prolixitatem,
1450 748 1718 797 necnon
1780 740 1846 797 et
1893 727 2209 817 martyrii
2256 728 2720 800 ostensionem

172 820 311 892 sibi
354 816 745 897 revelatam,
775 828 1004 974 (prout
1052 815 1293 907 potuit,
1345 815 1649 887 scribere
1695 816 2004 896 curavit,
2056 838 2137 886 ac
2196 813 2527 889 fratribus
2574 817 2723 888 suis

173 905 717 999 cognoscendam
827 904 1046 976 irexit.
1097 910 1255 975 Erat
1312 917 1541 976 autem
1616 904 1880 994 peritus
1951 909 2246 976 Graecae
2324 904 2605 996 linguae
2653 918 2720 976 et

172 996 519 1077 Arabicae,
553 1015 693 1083 qua
739 993 1123 1065 Ismaelitae
1149 1006 1477 1064 utuntur:
1508 995 1818 1064 Latinam
1872 1015 2028 1065 vero
2058 1015 2191 1064 non
2238 993 2409 1064 satis
2459 993 2725 1066 valebat

171 1086 593 1189 exprimere:
633 1081 878 1153 maluit
923 1096 1150 1153 tamen
1189 1083 1427 1173 eaipsa
1466 1082 1665 1171 juxta
1714 1083 1904 1155 hunc
1961 1082 2245 1154 modum
2297 1083 2368 1153 in
2420 1082 2727 1172 subjecto

170 1189 277 1247 uti
326 1194 681 1245 sermone:
948 1229 951 1232 Α

261 1266 498 1352 ξίῧ.
569 1283 606 1328 «
664 1265 741 1330 In
808 1260 1087 1334 nomine
1151 1258 1369 1331 Patris
1424 1272 1490 1330 et
1541 1259 1696 1330 Filii
1760 1272 1826 1330 et
1881 1259 2178 1350 Spiritus
2251 1261 2506 1333 Sancti.
2570 1259 2726 1333 Glo-

170 1351 382 1425 riosis
430 1348 745 1442 patribus
783 1371 864 1420 ac
920 1348 1250 1419 fratribus
1293 1349 1852 1440 congregationis
1899 1349 2118 1419 sancti
2180 1349 2396 1421 Sabae
2427 1404 2445 1433 ,
2517 1349 2726 1438 quin·-

171 1453 543 1533 gentorum
579 1459 868 1509 numero
915 1439 1244 1519 virorum,
1281 1438 1613 1528 Georgius
1657 1451 1994 1527 peccator,
2030 1460 2298 1508 necnon
2335 1439 2723 1510 monachus

170 1544 246 1601 et
277 1531 643 1608 Diaconos,
696 1537 1096 1627 perpetuam
1141 1526 1209 1596 in
1256 1526 1543 1596 Domino
1574 1532 1743 1599 Jesu
1776 1526 2041 1597 Christo
2091 1525 2409 1597 salutem.
2465 1532 2726 1618 Cogno-

174 1619 379 1700 scite,
431 1639 470 1688 o
516 1614 977 1696 venerabileS‚
1037 1614 1391 1686 introitum
1443 1636 1677 1685 meum
1736 1615 1805 1684 in
1864 1615 2271 1705 Hispaniam
2324 1638 2457 1686 non
2510 1615 2725 1688 fuisse

176 1707 432 1788 alium,
478 1704 615 1775 nisi
657 1704 874 1795 gratia
922 1703 1249 1795 stipendii
1297 1703 1541 1784 vestri,
1595 1703 1715 1791 qui
1765 1703 1897 1774 sub
1937 1704 2326 1775 arctissima
2373 1705 2614 1796 regula
2661 1717 2727 1775 et

175 1794 526 1887 regimine
567 1793 781 1864 sancti
822 1793 1037 1880 patris
1069 1791 1280 1862 nostri
1319 1792 1525 1862 David
1574 1791 2044 1883 lerosolymae
2082 1792 2354 1896 degitis.
2388 1797 2438 1864 Α
2471 1815 2609 1881 quo
2639 1793 2727 1863 ad
2843 1829 2850 1842 ·

184 1884 486 1957 Africam
535 1882 790 1952 missus
840 1881 1166 1972 deinceps
1204 1880 1289 1950 ad
1339 1881 1745 1972 Hispaniam
1804 1882 2278 1972 commigravi.
2337 1881 2461 1952 Sed
2514 1881 2728 1952 hanc-

188 1974 417 2065 ipsam
467 1970 809 2061 regionem
860 1970 1072 2040 nimis
1118 1969 1437 2040 afflictam
1492 1969 1887 2060 reperiens,
1941 1970 2134 2061 coepi
2194 1970 2729 2062 cogitationibus

188 2061 402 2131 variis
449 2071 792 2142 aestuare,
846 2059 907 2129 si
951 2070 1072 2129 aut
1130 2059 1485 2149 proprium
1546 2058 1771 2129 solum
1826 2059 2215 2142 reviserem,
2267 2074 2387 2130 aut
2433 2080 2723 2151 regnum

187 2147 757 2229 Christianorum,
811 2147 880 2218 id
927 2161 1052 2228 est,
1091 2147 1447 2218 Franciam
1499 2160 1917 2238 appeterem.
1973 2152 2236 2217 Etcum
2279 2147 2726 2219 charissimos

180 2236 518 2327 quosdam
554 2237 810 2307 amicos
850 2257 1060 2326 super
1087 2236 1215 2306 hac
1249 2257 1321 2305 re
1359 2236 1818 2317 consulerem,
1859 2235 2179 2307 nonnulli
2214 2258 2579 2339 peragrare
2621 2257 2728 2307 me

183 2348 339 2398 eam
378 2325 760 2417 jubebant:
816 2324 1125 2414 plerique
1172 2323 1258 2395 ad
1316 2324 1726 2396 coenobium
1793 2325 2037 2395 reverti
2094 2324 2501 2396 invitabant.
2552 2325 2728 2395 Hinc

181 2414 373 2487 velut
402 2414 657 2496 ebriuS,
693 2413 962 2483 diverso
1004 2412 1446 2505 praepeditus
1480 2425 1794 2492 tractatu,
1831 2413 1944 2482 cui
1989 2433 2095 2482 me
2128 2412 2431 2504 primum
2462 2435 2543 2484 co
2598 2415 2722 2483 ita-

181 2505 358 2576 tioni
402 2504 916 2584 submitterem,
976 2501 1390 2573 nesciebam.
1446 2502 1574 2573 Sed
1611 2500 1889 2573 tandem
1940 2499 2354 2585 deliberem,
2405 2525 2543 2591 quo
2639 2501 2728 2572 ad

175 2594 478 2686 patriam
530 2592 756 2683 potius
788 2590 1012 2662 redire
1039 2591 1384 2673 deberem,
1433 2590 1697 2681 perrexi
1731 2589 1816 2661 de
1858 2590 2167 2662 Corduba
2203 2591 2289 2662 ad
2325 2592 2722 2663 Tabenense

172 2682 622 2761 coenobium,
659 2692 999 2768 quatenus
1031 2679 1319 2751 fratrum
1377 2692 1445 2749 et
1489 2690 1890 2750 sanctarum
1944 2701 2257 2751 sororum
2303 2680 2558 2751 ibidem
2609 2680 2726 2751 de-

225 2771 495 2841 entium
544 2768 927 2839 benedictio
961 2770 1087 2840 iter
1121 2790 1350 2839 meum
1395 2767 1730 2858 potuisset
1757 2768 2097 2839 comitari.
2154 2768 2281 2838 Ubi
2328 2769 2552 2839 Abbas
2595 2767 2729 2839 loci

170 2885 197 2932 1
235 2859 402 2940 lius,
430 2856 757 2949 vocabulo
783 2858 1137 2939 Martinus,
1171 2859 1458 2948 ejusque
1487 2878 1683 2926 soror
1710 2861 1843 2928 Deo
1874 2856 2103 2928 dicata
2135 2857 2504 2941 Elizabeth,
2538 2857 2729 2928 dixe-

170 2958 353 3022 runt
383 2945 599 3015 mihi:
653 2947 813 3016 Veni
853 2946 1082 3028 frater,
1126 2958 1192 3016 et
1229 2946 1467 3034 accipe
1511 2945 1718 3015 etiam
1751 2944 2297 3019 benedictionem
2340 2946 2568 3017 itineri
2611 2958 2728 3018 tuo

168 3034 488 3110 ancillae
535 3035 651 3105 Dei
705 3035 1022 3109 Nataliae.
1069 3041 1256 3117 Quae
1314 3055 1470 3104 mox
1518 3046 1594 3104 ut
1641 3056 1751 3105 me
1789 3034 2034 3106 intuita
2090 3047 2239 3117 est,
2306 3037 2721 3118 Promissus,

170 3123 439 3213 inquit,
486 3136 716 3194 noster
746 3146 970 3196 comes
1002 3138 1067 3194 et
1094 3122 1352 3213 collega
1397 3122 1508 3192 hic
1552 3123 1936 3193 monachus
1969 3136 2094 3195 est.
2131 3128 2269 3214 Ego
2299 3146 2456 3194 vero
2489 3125 2726 3215 agnita

167 3217 340 3303 ejus
370 3214 606 3293 causA,
649 3225 716 3284 et
763 3214 1017 3284 ratione
1066 3212 1340 3303 penitus
1378 3224 1753 3301 comperta,
1798 3212 1958 3283 ilico
1993 3212 2288 3304 pedibus
2334 3213 2486 3303 ejus
2515 3213 2726 3284 advo-

167 3305 402 3384 lutus,
446 3322 572 3392 pro
604 3322 716 3371 me
750 3303 1105 3371 Dominum
1146 3322 1296 3370 earn
1326 3322 1522 3371 orare
1553 3299 1807 3402 rogavi,
1856 3301 1917 3371 si
1950 3300 2121 3372 forte
2163 3302 2461 3392 Spiritus
2495 3303 2726 3373 Sancti

171 3402 509 3484 respectu
538 3389 939 3472 illustratuS,
976 3389 1060 3460 ad
1106 3388 1222 3458 illa
1270 3410 1448 3477 quae
1495 3389 1977 3480 pollicebatur,
2040 3390 2395 3480 pervenire
2434 3391 2729 3461 meruis—

170 3504 362 3556 sem.
406 3483 484 3549 Et
517 3477 659 3548 illa:
694 3478 878 3549 Unde
909 3478 1036 3549 hoc
1071 3477 1292 3559 nobiS,
1331 3491 1544 3569 pater,
1585 3490 1664 3549 ut
1699 3500 1859 3550 cum
1895 3480 2371 3569 peccatoribus
2406 3501 2526 3570 per
2573 3482 2686 3551 as?

268 3572 311 3657 ξ
359 3571 495 3641 fl.
549 3571 900 3654 «Cumque
946 3567 1184 3638 eadem
1220 3580 1415 3638 nocte
1463 3566 1559 3637 ibi
1613 3567 2051 3649 mansissem,
2091 3569 2417 3659 apparuit
2454 3591 2546 3638 mi
2604 3568 2727 3639 iin

170 3658 455 3730 visione
501 3656 720 3726 noctis
767 3656 911 3746 ipsa
944 3655 1355 3727 venerabilis
1405 3655 1679 3736 mulier,
1716 3656 1949 3727 nescio
2002 3657 2183 3745 quod
2221 3678 2442 3748 genus
2488 3656 2731 3727 odora·

176 3745 413 3819 menti
462 3744 934 3836 pretiosissimi
984 3743 1544 3827 accommodans,
1588 3745 1924 3815 referebat
1971 3768 2059 3816 ue
2077 3769 2106 3821 ,ε
2161 3747 2374 3816 Ditior
2420 3744 2591 3815 mihi
2641 3744 2728 3816 ab

172 3835 318 3907 hoc
355 3834 724 3906 thesaurus
752 3848 879 3905 est.
922 3839 1117 3904 Mane
1162 3845 1393 3903 autem
1433 3832 1633 3915 facto,
1673 3833 1918 3905 descen
1978 3834 2164 3905 imus
2210 3834 2415 3905 ambo
2453 3835 2524 3902 in
2560 3833 2731 3903 civi-

176 3937 397 3997 tatem
434 3922 517 3992 ad
559 3922 779 3992 virum
814 3944 1014 3993 suum
1054 3922 1431 3994 Aurelium.
1487 3928 1701 4007 Quem
1744 3945 1907 3993 cum
1968 3924 2291 3994 vidissem
2320 3976 2337 4004 ,
2392 3922 2729 4024 prostravi

182 4035 305 4084 me
336 4010 797 4083 nihilominus
831 4012 1120 4102 pedibus
1150 4012 1325 4102 ejuS,
1380 4023 1618 4102 petens
1666 4010 1755 4082 ab
1800 4034 1904 4095 eo,
1957 4024 2035 4083 ut
2064 4023 2287 4084 oraret
2331 4022 2535 4081 etiam
2580 4010 2731 4101 ipse

178 4122 318 4194 pro
355 4123 486 4183 me,
513 4113 859 4190 quatenus
886 4101 964 4177 ad
1006 4100 1422 4191 promissum
1464 4100 1576 4170 Dei
1600 4100 1861 4171 donum
1897 4123 2042 4172 una
2073 4122 2234 4171 cum
2271 4099 2444 4190 ipsis
2472 4098 2729 4190 dignus

177 4188 515 4262 accedere
552 4211 843 4280 possem.
880 4190 1003 4274 Qui
1050 4201 1129 4260 ut
1176 4187 1465 4279 rogandi
1518 4201 1752 4260 votum
1787 4190 2113 4280 suscepit,
2167 4188 2416 4258 exarsit
2464 4189 2532 4258 in
2587 4210 2720 4270 me,

175 4278 430 4360 fateor,
487 4291 719 4349 vastus
764 4279 785 4348 i
841 4282 941 4348 nis
988 4277 1300 4349 coelestis
1338 4277 1620 4360 amoriS,
1673 4277 1767 4348 ita
1805 4290 1883 4349 ut
1920 4279 2067 4369 jam
2117 4277 2569 4348 deliberatum
2619 4298 2729 4347 re-

177 4366 501 4440 vertendi
548 4366 675 4439 iter
718 4367 805 4439 ob
835 4366 1168 4445 hiscen-er.
1239 4371 1454 4454 Atque
1498 4378 1750 4436 extunc
1798 4387 2040 4437 omnes
2099 4367 2355 4468 pariter
2402 4366 2471 4435 in
2521 4364 2727 4437 domo

176 4453 457 4533 Aurelii
502 4457 936 4548 congregatis,
1002 4455 1465 4528 reddebamus
1526 4454 1817 4526 Domino
1868 4477 2031 4528 cum
2087 4455 2530 4547 jucunditate
2576 4467 2729 4527 vota
