3308 5004
271 350 453 417 AUG.
497 350 579 415 lo
756 368 835 415 m:
882 367 973 415 ss.
1027 366 1142 415 ιι.
1196 367 1374 415 suro
1423 368 1519 414 rr.
1563 367 1639 415 m
1686 368 2041 416 unanimo
2089 367 2317 417 Levm
2585 354 2715 420 243

267 453 769 544 amphitheatro
807 450 1177 522 editionem
1216 474 1581 523 munerum
1622 453 1657 487 ²*
1694 454 2053 543 apparari:
2096 455 2482 543 sedensque
2529 455 2600 525 in
2646 478 2801 526 car-

268 564 434 612 ruca
466 562 677 611 aurea
702 539 1159 611 descenditut
1190 541 1257 608 in
1295 540 1878 632 amphitheatrum
1912 541 2247 624 introiret,
2287 543 2806 634 multorumque

267 642 649 731 martyrum
723 628 1030 700 funestas
1080 628 1325 699 caedes
1374 629 1836 700 exhiberet....
1891 634 2069 700 Uxor
2127 639 2352 702 autem
2407 633 2591 704 Decii
2639 639 2809 724 Try-

263 721 521 811 phoma
565 718 751 789 venit
788 718 874 788 ad
914 718 1189 788 beatum
1236 718 1586 788 ,lustinum
1627 718 2131 809 presbyterum,
2175 731 2241 791 et
2285 741 2446 791 cum
2497 721 2644 792 filia
2677 727 2808 813 Cy-

267 808 424 878 rilla
464 807 654 878 misit
683 829 758 877 se
786 828 943 877 cum
983 806 1304 896 lacrymis
1351 807 1437 877 ad
1475 806 1682 899 pedes
1710 807 1883 898 ejuS,
1929 830 2135 880 orans
2163 821 2239 879 ut
2262 809 2801 899 baptizarentur.

268 902 395 967 Eas
462 918 620 967 cum
673 896 925 987 gaudio
970 895 1234 1053 excepit
1280 900 1351 965 Β.
1401 896 1718 968 Justinus
1768 898 1969 987 presb
2023 909 2166 980 ter,
2220 897 2603 987 indixitque
2664 899 2807 969 illis

261 986 610 1077 jejunium
670 984 752 1053 ad
804 996 1059 1075 septem
1161 985 1280 1054 ies.
1337 985 1452 1055 Die
1498 986 1791 1075 septimo
1837 1007 1964 1075 exp
1993 997 2102 1057 eto
2132 1041 2148 1065 ,
2225 987 2591 1077 baptizavit
2636 1009 2800 1058 eas:

265 1096 438 1162 quae
504 1094 611 1143 res
674 1085 809 1144 toto
856 1073 1019 1144 orbe
1085 1073 1436 1165 divulgata
1497 1088 1621 1144 est.
1674 1074 1894 1145 Altera
1941 1074 2053 1145 die
2099 1076 2489 1166 Tryphonia
2547 1097 2802 1157 oranS,

267 1161 565 1232 reddidit
603 1162 948 1253 spiritum,
1000 1175 1067 1232 et
1110 1184 1363 1252 corpus
1392 1163 1545 1253 ejus
1576 1164 1817 1233 beatus
1846 1164 2162 1235 Justinus
2214 1164 2568 1254 presbyter
2605 1164 2675 1234 in
2725 1187 2807 1235 ea

268 1273 338 1321 se
388 1251 575 1321 elivit
606 1264 868 1342 crypta,
914 1251 985 1319 in
1034 1272 1170 1339 qua
1206 1251 1537 1322 humatus
1568 1266 1670 1322 est
1701 1256 1766 1322 S.
1811 1252 2251 1344 Hippolytus,
2288 1253 2806 1340 quintodecimo

266 1346 350 1411 Ca
379 1340 542 1410 end.
594 1340 1013 1410 Novembris.

351 1432 407 1518 ἓν
439 1434 601 1501 28.
655 1430 751 1499 Ab
794 1428 912 1498 illa
960 1428 1072 1498 die
1132 1434 1201 1498 B.
1253 1427 1569 1499 Justinus
1616 1442 1932 1499 accurate
1999 1430 2521 1520 pervestigavit,
2578 1431 2805 1501 sicubi

264 1540 552 1608 corpora
600 1531 994 1588 sanctorum
1031 1517 1431 1589 abscondita
1461 1531 1710 1599 essent,
1758 1520 2209 1609 promisitque
2243 1520 2627 1620 praemium
2675 1520 2807 1589 mi-

265 1607 526 1677 litibus.
579 1606 947 1676 Audientes
991 1619 1221 1677 autem
1273 1606 1525 1677 milites
1560 1607 2026 1697 Tryphoniam
2081 1607 2260 1677 Decii
2318 1629 2598 1678 uxorem
2641 1629 2803 1677 cum

262 1695 403 1765 filia
456 1694 703 1786 Cyrilla
733 1695 802 1730 *⁴
834 1694 1097 1764 Christo
1144 1716 1393 1765 nomen
1444 1693 1738 1776 dedisse,
1794 1696 1877 1766 ad
1932 1718 2046 1766 sex
2092 1709 2157 1765 et
2195 1696 2656 1788 quadraginta
2689 1718 2805 1765 ve-

265 1798 519 1854 nerunt
565 1783 649 1853 ad
708 1783 979 1853 beatum
1029 1784 1382 1854 Justinum
1450 1784 1924 1874 presbyterum
1989 1806 2147 1854 cum
2217 1786 2550 1856 uxoribus
2600 1785 2796 1855 suis:

267 1874 723 1964 prostratique
760 1872 846 1942 ad
898 1871 1104 1963 pedes
1150 1873 1322 1962 ejus,
1363 1873 1704 1963 petierunt
1742 1895 1812 1943 se
1851 1873 2206 1965 baptizari.
2260 1874 2514 1943 Deinde
2562 1874 2805 1944 beatus

262 1962 606 2041 Justinus,
658 1961 938 2031 collecto
986 1963 1175 2030 omni
1243 1962 1480 2041 Clern,
1536 1961 1939 2050 perquisivit
1997 1963 2154 2050 quis
2222 1962 2290 2031 in
2344 1963 2569 2032 locum
2621 1962 2804 2032 beati

269 2051 433 2121 Sixti
482 2049 1008 2121 substituendus
1041 2062 1105 2120 et
1151 2049 1580 2120 ordinandus
1627 2062 1827 2121 esset.
1862 2055 1939 2119 Et
1984 2051 2479 2121 ordinaverunt
2518 2072 2803 2120 venera-

269 2140 475 2209 bilem
528 2139 751 2210 virum
804 2138 1231 2228 Dionysium,
1275 2160 1572 2227 eumque
1619 2141 2041 2209 consecravit
2089 2140 2424 2210 Maximus
2472 2140 2805 2211 Ostiensis

263 2228 661 2319 Episcopus.
726 2227 985 2297 Obtulit
1045 2241 1271 2297 autem
1322 2228 1384 2296 ei
1441 2228 1523 2296 ad
1576 2227 2000 2318 baptismum
2058 2229 2386 2298 Justinus
2451 2229 2803 2318 presbyter

262 2317 837 2418 quadragintasex
872 2316 1146 2397 milites,
1198 2329 1263 2385 et
1309 2316 1396 2385 ab
1428 2338 1506 2385 eo
1540 2317 1863 2418 bapitzati
1902 2330 2064 2386 sunt
2104 2318 2170 2385 in
2209 2317 2490 2386 nomine
2520 2330 2799 2387 sanctae

264 2407 634 2475 Trinitatis
688 2405 810 2474 His
857 2404 1136 2484 auditis,
1181 2404 1506 2474 Claudius
1539 2426 1862 2495 princeps
1898 2405 2111 2494 jussit
2149 2405 2644 2496 comprehendi
2674 2406 2801 2494 Cy-

264 2493 487 2565 rillam
552 2493 765 2565 filiam
820 2494 998 2563 Decii
1068 2494 1370 2565 Caesaris
1416 2507 1482 2564 et
1542 2493 1836 2575 milites,
1890 2494 2190 2582 ducique
2236 2516 2352 2564 eos
2400 2494 2483 2564 ad
2538 2494 2803 2565 sacrifi-

263 2585 563 2654 candum
604 2583 1080 2654 daemonibus.
1122 2583 1245 2653 Sed
1300 2583 1402 2652 illi
1448 2604 1711 2663 omneS,
1764 2594 2155 2673 contempto
2204 2584 2356 2671 ejus
2405 2596 2793 2673 praecepte,

266 2673 494 2762 ipsum
546 2673 799 2762 pariter
862 2672 1245 2742 irriserunt.
1295 2672 1511 2742 Jussit
1577 2693 1740 2761 ergo
1786 2694 1901 2741 eos
1957 2673 2026 2741 in
2077 2671 2462 2742 custodiam
2529 2673 2787 2762 recipi,

263 2760 585 2851 Cyrillam
629 2782 784 2831 vero
832 2761 963 2831 sibi
1015 2763 1474 2852 praesentari,
1526 2762 1727 2849 eique
1774 2760 1980 2830 dixit:
2035 2761 2142 2830 Sic
2205 2760 2330 2830 tibi
2371 2762 2593 2830 visum
2647 2774 2795 2841 est,

263 2861 627 2940 praecepta
670 2862 735 2920 et
791 2872 1049 2920 morem
1099 2850 1644 2921 clarissimorum
1699 2860 2059 2940 parentum
2109 2849 2506 2939 regiamque
2555 2848 2806 2919 educa-

266 2939 516 3009 tionem
557 2938 958 3030 negligere?
1002 2938 1250 3030 Cyrilla
1301 2938 1689 3030 respondit:
1744 2962 1778 3004 «
1815 2943 1953 3029 Ego
1986 2938 2372 3007 Christiana
2418 2959 2615 3019 sum,
2684 2959 2804 3007 an·

264 3027 423 3097 cilla
472 3027 743 3108 Christi,
798 3049 1184 3118 respuoque
1231 3028 1630 3107 daemonia,
1686 3048 1863 3115 quae
1911 3040 2031 3096 vos
2079 3026 2456 3117 perducent
2500 3026 2584 3095 ad
2636 3049 2805 3117 sup-

266 3117 473 3207 plicia
532 3129 803 3186 aeterna
835 3171 850 3197 ,
905 3140 1062 3187 cum
1114 3117 1254 3187 illis
1305 3118 1727 3207 perituros»
1790 3115 2120 3185 Claudius
2165 3115 2378 3185 dixit:
2461 3116 2803 3186 Assentire

264 3205 487 3286 nobis,
537 3218 604 3276 et
649 3205 961 3275 sacrifica
1009 3205 1165 3286 diis,
1226 3205 1586 3294 nubasque
1641 3206 1786 3275 viro
1824 3205 1944 3292 qui
1993 3204 2402 3296 respondeat
2450 3204 2800 3275 natalibus
2897 3244 2906 3255 ·

261 3296 421 3365 tuis.
490 3294 739 3385 Cyrilla
802 3294 1192 3385 respondit:
1247 3299 1451 3385 «Ego
1508 3293 1653 3382 jam
1731 3294 1939 3382 nupsi
1986 3294 2154 3376 vir0,
2221 3295 2342 3381 qui
2409 3315 2518 3364 me
2567 3315 2796 3363 veram

261 3383 496 3454 docuit
532 3384 965 3473 sapientiam,
1020 3404 1266 3474 nempe
1296 3383 1582 3452 Domino
1613 3383 1777 3454 Jesu
1809 3382 2095 3464 Christo,
2125 3384 2240 3453 cui
2288 3383 2497 3454 semel
2549 3381 2805 3452 tradita

260 3494 489 3542 sum.»
540 3472 865 3542 Claudius
896 3472 999 3541 ira
1047 3471 1452 3553 fervescenS,
1489 3470 1833 3562 praecepit
1880 3483 1958 3542 ut
1997 3470 2460 3562 jugularetur.
2493 3476 2802 3558 Cumque

262 3574 497 3631 necata
544 3573 720 3631 esset
766 3560 1020 3651 gladio,
1067 3560 1279 3631 voluit
1316 3582 1571 3651 corpus
1599 3562 1753 3630 e’us
1792 3560 1861 3629 in
1900 3560 2121 3650 platea
2150 3560 2442 3629 canibus
2472 3559 2796 3647 relinqui.

260 3649 539 3741 Collegit
581 3662 809 3719 autem
849 3670 1104 3740 corpus
1147 3650 1566 3741 ejusbeatus
1647 3649 1923 3721 ustinus
1962 3648 2165 3740 presb
2218 3662 2340 3730 ter,
2372 3661 2438 3719 et
2484 3648 2799 3738 sepelivit

262 3761 415 3808 cum
471 3751 683 3809 matre
728 3739 901 3820 e'uS,
954 3738 1076 3809 ubi
1113 3739 1259 3829 jam
1296 3751 1452 3809 ante
1502 3749 1822 3830 posuerat
1867 3759 2121 3829 corpus
2215 3739 2346 3808 eati
2398 3737 2790 3815 Laurentii,

264 3828 501 3913 quinto
548 3827 744 3897 Galen
799 3849 876 3897 as
922 3827 1342 3899 Novembris,

353 3918 388 4073 ᾗ
432 3920 608 3989 8⁰.
663 3916 911 3988 Eodem
963 3928 1095 3987 tem
1151 3937 1267 3987 ore
1306 3916 1523 4007 jussit
1567 3915 1898 3987 Claudius
1915 3916 2301 3985 exercitum
2343 3925 2684 3984 armatum
2725 3914 2798 3983 in

268 4024 352 4092 pa
380 4005 515 4075 atio
565 4005 846 4076 Salustii
890 4005 1087 4076 inclu
1142 4005 1196 4086 i,
1250 4004 1642 4093 militesque
1702 4004 2082 4095 baptizatos
2146 4003 2279 4074 sibi
2348 4003 2795 4094 praesentari.

268 4093 744 4185 Praecepitque
787 4094 1140 4176 exercitui,
1194 4105 1272 4163 ut
1316 4094 1688 4165 educerent
1732 4115 1849 4164 eos
1895 4107 2082 4163 extra
2133 4113 2369 4162 muros
2403 4104 2637 4183 portae
2678 4097 2799 4162 Sa-

269 4179 473 4253 lariae
520 4183 589 4251 in
652 4183 993 4254 civitatem
1063 4183 1433 4263 Fidenem,
1511 4196 1587 4253 ut
1652 4183 1796 4252 illic
1856 4183 2076 4272 capite
2146 4181 2630 4271 plecterentur.
2699 4186 2796 4250 Ita

314 4384 339 4405 ⁸
371 4382 699 4430 Spectaculum
718 4382 1031 4432 gladiatorum
1057 4383 1109 4422 in
1129 4382 1274 4423 Circo.

319 4436 365 4459 ⁸·
394 4437 675 4477 'raxpflorzu
703 4439 752 4476 et
780 4437 990 4478 Cremu
1020 4436 1129 4478 ΠΜ.
1155 4435 1296 4488 (dieb.
1323 4444 1438 4475 xvm
1469 4435 1515 4475 et
1542 4443 1686 4475 xxvm
1708 4431 1831 4485 Oct.)
1855 4431 1981 4476 Decii
2020 4442 2139 4475 uxor
2158 4434 2207 4475 et
2227 4433 2339 4480 nlla,
2358 4435 2445 4474 sub
2467 4433 2661 4476 Claudio
2692 4436 2804 4475 sunt

267 4497 434 4537 pum
453 4488 578 4530 eires
595 4499 769 4531 ccum.
