3308 5004
230 342 423 409 AUG.
478 343 517 409 7
936 360 1015 408 ως
1063 360 1118 409 s.
1173 360 1450 410 stenaro
1500 360 1686 410 conr.
1736 359 2089 410 cananum
2573 345 2692 410 201

232 444 423 517 haud
458 443 731 546 uulgari
769 442 1226 516 admiratione
1271 444 1486 535 digna
1518 443 1859 517 miracula
1907 467 2028 537 per
2058 468 2219 518 eum
2269 446 2604 518 Dominus
2638 469 2792 539 per-

284 545 552 606 etravtt.

234 557 282 627 p
324 624 362 711 ἓ
406 627 485 696 ⁵2.
539 621 704 714 Ejus
734 632 1039 713 tempore
1067 621 1103 659 ⁴²
1140 623 1480 695 Robertus
1526 626 1667 693 Rex
1720 622 2208 715 Neapolitanus
2250 629 2632 695 Messanam
2685 626 2786 696 Si·

231 712 438 785 ciliae
469 710 712 782 urbem
761 711 1134 782 fortissima
1180 712 1431 812 pressit
1467 711 1850 794 obsidione,
1902 734 1983 782 eo
2030 712 2344 795 consiliu,
2407 724 2483 784 ut
2522 726 2589 784 et
2633 735 2786 784 eam

232 802 578 873 civitatem
627 812 693 871 et
740 813 957 872 totum
1008 799 1279 871 Siciliae
1314 822 1607 892 regnum
1654 800 1788 871 sibi
1823 801 2248 892 subjugaret.
2288 802 2584 884 Interim,
2629 802 2785 873 dira

231 889 453 963 fames
501 891 786 961 vexabat
815 891 1086 971 urbem,
1134 911 1258 960 nec
1290 889 1650 960 videbatur
1683 889 1829 960 ullo
1862 889 2170 961 humano
2198 890 2490 962 consilio
2536 913 2786 979 quem-

233 1002 446 1067 quam
481 978 584 1052 illi
634 1000 831 1069 posse
880 977 1160 1049 mederi.
1199 984 1369 1049 Tum
1428 983 1567 1049 Rex
1616 978 1887 1050 Siciliae
1936 978 2323 1051 Fridericus
2378 1001 2531 1050 eam
2572 981 2790 1070 jussit

234 1069 540 1139 flammis
570 1068 790 1148 exuri,
834 1089 920 1138 ne
953 1067 1021 1137 in
1064 1066 1279 1138 hostis
1339 1079 1735 1157 potestatem
1797 1067 2077 1139 veniret.
2132 1073 2288 1158 Ipse
2338 1089 2494 1138 vero
2546 1067 2784 1160 fugam

237 1157 703 1229 meditabatur
760 1156 829 1226 in
877 1169 1100 1228 castra
1164 1155 1549 1227 Cataloniae
1610 1167 1676 1226 et
1724 1156 2060 1227 Castiliae.
2115 1160 2351 1245 Itaque
2406 1178 2789 1227 convenere

236 1248 418 1317 cives
449 1245 860 1333 frequentes,
901 1244 1240 1333 multique
1274 1244 1538 1315 nobiles
1560 1256 1624 1314 et
1654 1258 1992 1334 satrapae,
2022 1244 2335 1315 homines
2361 1245 2779 1328 doctissimi,

236 1357 361 1406 nec
415 1335 617 1425 pauci
656 1335 940 1405 comites
985 1347 1050 1405 et
1087 1334 1416 1415 baroneS,
1472 1332 1756 1403 bellicae
1804 1334 1899 1405 rei
1953 1333 2375 1424 peritissimi.
2436 1334 2487 1404 ii
2537 1355 2787 1406 omnes

235 1425 624 1516 gemebant,
675 1421 1146 1504 et'dicebant,
1214 1421 1462 1494 melius
1519 1444 1669 1493 esse
1717 1444 1992 1512 sperare
2040 1423 2111 1493 in
2169 1423 2504 1503 Domino,
2568 1445 2781 1510 quam

236 1534 514 1604 sperare
560 1514 631 1583 in
684 1511 1165 1612 principibus,
1216 1510 1496 1599 quando
1554 1510 1838 1599 quidem
1905 1533 2040 1582 non
2100 1511 2270 1582 solet
2327 1517 2505 1583 Deus
2576 1512 2648 1581 in
2711 1533 2786 1582 se

235 1614 590 1693 sperantes
638 1600 1061 1689 relinquere:
1105 1621 1469 1689 visumque
1501 1613 1603 1670 est
1630 1600 1754 1681 eiS,
1788 1612 1864 1670 ut
1889 1601 1973 1670 ad
2008 1599 2234 1671 virum
2278 1601 2392 1671 Dei
2432 1599 2784 1671 Albertum
2878 1668 2887 1677 ,

235 1691 660 1770 accedentes,
714 1701 1032 1781 rogarent
1077 1711 1280 1770 eum,
1335 1702 1409 1759 ut
1466 1689 1658 1759 omni
1711 1690 1916 1760 otenti
1983 1694 2116 1760 Deo
2174 1701 2240 1759 et
2300 1689 2785 1761 sanctissimae

235 1781 433 1851 Matri
471 1781 622 1871 ejus
651 1800 888 1869 preces
926 1777 1281 1849 adhiberet
1313 1799 1434 1869 pro
1484 1798 1667 1868 popu
1699 1799 1739 1848 0
1785 1790 1851 1848 et
1887 1778 2159 1849 civitate
2207 1783 2540 1849 Messana.
2601 1783 2783 1848 Itum

236 1881 341 1940 est
386 1891 549 1960 ergo
605 1868 689 1939 ad
739 1889 926 1947 eum,
971 1880 1037 1937 et
1096 1887 1255 1937 cum
1305 1876 1482 1938 esset
1540 1877 1918 1957 occupatus
1985 1866 2331 1937 offerendo
2392 1866 2782 1949 sacrificiu,

236 1958 488 2029 obnixe
525 1978 683 2027 eum
721 1955 1291 2046 deprecabantur,
1343 1967 1421 2025 ut
1465 1955 1568 2025 eis
1613 1954 1800 2045 apud
1859 1955 2226 2027 Dominum
2285 1955 2489 2026 ferret
2541 1977 2741 2046 opem
2770 2010 2786 2037 ,

237 2047 477 2135 sicque
510 2046 872 2116 dicebant:
923 2050 1076 2115 Jam
1115 2043 1293 2114 fame
1328 2043 1743 2114 intolerabili
1777 2047 2104 2135 perimus,
2143 2065 2336 2116 serve
2368 2044 2508 2126 Dei,
2556 2045 2648 2115 ita
2703 2066 2789 2115 ue

239 2155 326 2205 ne
355 2135 543 2207 desis
590 2134 791 2206 nobis
814 2131 1194 2226 ‘praesidiis
1225 2132 1385 2215 tuis,
1414 2132 1499 2202 ad
1548 2155 1727 2221 quae
1764 2133 2233 2225 confugimus.
2274 2138 2406 2205 Ora
2435 2155 2558 2234 pro
2587 2155 2676 2203 no
2731 2133 2789 2204 is

235 2223 852 2295 clementissimum
913 2226 1123 2293 Deum
1172 2234 1238 2293 et
1281 2223 1434 2312 eJus
1483 2221 1857 2311 virgineam
1928 2227 2204 2292 Matrem
2236 2275 2253 2304 ‚
2311 2234 2390 2292 ut
2439 2243 2510 2291 in
2580 2222 2788 2292 tantis

237 2313 569 2403 periculis
617 2335 743 2384 nos
788 2313 878 2383 ab
926 2310 1239 2383 hostibus
1278 2323 1625 2392 tueantur,
1669 2324 1734 2381 et
1764 2310 1945 2381 fame
1980 2332 2250 2401 pressos
2293 2309 2614 2391 relevent,
2665 2332 2790 2380 nec

235 2401 668 2472 ulciscantur
732 2423 857 2471 nos
929 2412 1204 2491 propter
1268 2412 1546 2492 peccata
1617 2413 1871 2470 nostra.
1925 2403 2062 2470 Has
2121 2398 2397 2470 illorum
2461 2421 2661 2469 voces
2722 2413 2787 2467 et

241 2491 542 2582 gemitus
573 2502 652 2562 ut
699 2489 963 2561 audivit
995 2489 1098 2559 vir
1146 2488 1283 2573 Dei,
1338 2489 1516 2560 inter
1570 2487 2105 2560 sacrificandum
2180 2487 2604 2579 lacrymatus
2658 2498 2782 2568 est,

235 2593 300 2651 et
321 2581 516 2653 flexis
549 2578 905 2651 humiliter
925 2578 1243 2670 genibuS,
1284 2579 1382 2649 sic
1406 2578 1646 2649 oravit:
1687 2602 1723 2646 «
1757 2578 2035 2649 Domine
2064 2581 2240 2647 Deus
2268 2578 2780 2657 universorum,

237 2670 357 2756 qui
393 2691 529 2740 non
580 2669 826 2739 avertis
872 2667 1115 2738 faciem
1172 2679 1356 2738 tuam
1408 2667 1495 2738 ab
1544 2667 1708 2749 illis,
1752 2668 1873 2755 qui
1931 2677 2068 2737 toto
2114 2665 2349 2737 animo
2385 2679 2452 2737 et
2512 2680 2782 2758 pectore

237 2758 361 2829 tibi
394 2757 801 2830 confidunt:
855 2757 1118 2847 respice
1163 2755 1249 2827 de
1295 2756 1558 2827 excelso
1591 2755 1939 2826 coelorum
1981 2754 2375 2855 habitaculo
2413 2777 2624 2846 super
2658 2776 2780 2845 po-

237 2846 488 2938 pulum
536 2846 724 2917 hunc
771 2857 967 2916 tuum
1000 2843 1086 2915 ad
1139 2856 1201 2914 te
1247 2845 1684 2925 clamantem,
1724 2857 1790 2915 et
1834 2843 2110 2915 effunde
2158 2844 2227 2914 in
2263 2843 2459 2914 illum
2506 2844 2776 2914 miseri-

239 2935 548 3006 cordiam
599 2949 813 3006 tuam.
854 2939 1059 3004 Pasce
1090 2931 1270 3003 fame
1319 2933 1728 3014 laborantes,
1781 2933 1899 3022 qui
1950 2932 2117 3003 olim
2155 2933 2221 3002 in
2254 2954 2486 3003 eremo
2521 2935 2775 3002 manna

238 3025 489 3115 pavisti
534 3024 935 3095 esurientes.
977 3021 1270 3093 Extende
1305 3034 1493 3092 tuam
1542 3023 1913 3102 dexteram,
1959 3036 2024 3092 et
2077 3024 2349 3113 protege
2400 3021 2578 3091 hanc
2611 3021 2783 3091 civi-

236 3125 466 3195 tatem,
511 3127 586 3182 ut
635 3134 770 3183 non
825 3110 1026 3182 modo
1069 3131 1202 3180 non
1254 3110 1521 3182 diffidat
1568 3110 1656 3181 de
1705 3124 1786 3192 te,
1827 3110 1941 3181 sed
1994 3123 2178 3182 certo
2223 3110 2567 3192 confidat,
2630 3111 2782 3180 sine

237 3213 353 3271 tuo
402 3200 692 3271 consilio
728 3221 864 3270 non
910 3222 1105 3291 posse
1142 3199 1361 3291 ipsam
1410 3199 1672 3269 salvam
1711 3199 2128 3270 consistere:
2182 3200 2490 3288 sciatque
2542 3220 2677 3269 non
2719 3199 2783 3267 in

234 3289 455 3360 multa
483 3290 821 3360 exercitus
849 3290 1045 3380 copia
1079 3310 1270 3380 spem
1321 3287 1820 3369 collocandam,
1859 3288 1977 3359 sed
2021 3288 2089 3358 in
2125 3300 2241 3360 tuo
2285 3288 2586 3359 nomine.
2614 3293 2785 3358 Suc-

230 3400 435 3449 curre
484 3379 768 3449 Domine
815 3377 1108 3459 miseris,
1152 3377 1321 3468 juva
1348 3398 1487 3457 eos,
1540 3377 1661 3465 qui
1699 3376 1949 3468 pusillo
1980 3389 2143 3448 sunt
2188 3379 2447 3459 animo,
2509 3398 2594 3447 ne
2640 3376 2780 3447 lae-

236 3479 415 3538 tetur
472 3479 666 3539 satan
732 3466 1110 3559 perditione
1178 3479 1269 3537 tot
1320 3466 1791 3536 animarum.»
1852 3471 1992 3536 Hac
2039 3467 2348 3537 oratione
2409 3466 2779 3556 completa,

236 3577 391 3655 mox
428 3556 673 3647 ingens
712 3555 926 3627 extitit
976 3555 1391 3663 tonitruum,
1446 3554 1636 3625 unde
1666 3557 1798 3625 ‘vox
1856 3555 2076 3626 instar
2122 3556 2325 3626 tubae
2374 3553 2613 3626 audita
2653 3567 2780 3635 est,

233 3658 328 3714 ita
376 3644 658 3716 dicens:
702 3644 1059 3716 Exaudivit
1126 3647 1300 3713 Deus
1368 3665 1601 3734 preces
1654 3654 1828 3718 tuas.
1894 3648 2085 3715 Hanc
2155 3665 2386 3715 vocem
2446 3662 2582 3712 non
2634 3644 2788 3714 sine·

232 3733 452 3804 multa
514 3734 966 3804 admiratione
1012 3753 1254 3803 omnes
1291 3732 1683 3812 audierunt,
1747 3732 2171 3821 mirificeque
2223 3732 2612 3813 exhilarati,
2680 3731 2786 3801 di-

171 3832 178 3838 ’
230 3843 425 3892 xere:
480 3822 629 3894 Tibi
678 3822 961 3893 Domine
1006 3820 1264 3913 gratias
1301 3822 1598 3910 agimuS,
1649 3821 1772 3910 qui
1807 3821 2066 3892 meritis
2110 3821 2327 3910 hujus
2358 3820 2782 3891 sanctissimi

228 3911 449 4001 patris
497 3912 712 3981 nostri
750 3910 1004 3982 Alberti
1042 3909 1385 3981 admisisti
1431 3910 1771 3982 clamores
1804 3910 2040 4000 populi
2078 3911 2206 3981 tui.

319 4000 357 4087 ἓ
404 4003 487 4071 S.
544 4000 761 4070 Simul
812 4012 1040 4071 autem
1093 3999 1160 4067 in
1194 3998 1393 4069 urbis
1430 4011 1630 4089 portu
1679 3999 1864 4069 visae
1896 4012 2064 4070 sunt
2096 4011 2231 4069 tres
2262 3998 2576 4069 triremes
2612 4019 2789 4069 onu-

234 4100 377 4157 stae
409 4142 425 4168 ,
480 4087 637 4159 licet
684 4089 913 4160 hostes
962 4087 1275 4176 undique
1326 4100 1392 4158 et
1455 4100 1729 4178 portum
1777 4100 1842 4157 et
1888 4088 2139 4158 urbem
2187 4087 2604 4159 obsiderent.
2657 4092 2787 4156 Eae

238 4177 550 4247 triremes
577 4177 823 4248 virtute
861 4190 926 4248 et
955 4176 1290 4249 beneficio
1321 4175 1556 4246 divino
1591 4177 1659 4246 in
1696 4176 2040 4247 civitatem
2081 4188 2550 4267 penetrarunt,
2585 4189 2788 4265 atque»

236 4284 321 4363 ex
351 4265 436 4335 iis
459 4288 736 4337 annona
768 4280 833 4338 et
856 4277 1284 4338 commeatus
1318 4265 1388 4335 in
1415 4265 1751 4356 oppidum
1783 4278 2002 4348 nocte,
2033 4265 2312 4335 cunctis
2343 4265 2778 4344 laetantibus.

238 4368 652 4444 importatus
698 4369 838 4438 est,
891 4368 956 4427 et
1004 4377 1128 4446 pro
1173 4355 1515 4445 cujusque
1564 4356 1962 4427 necessitate
2022 4353 2463 4426 distributus.
2534 4354 2787 4425 Deinde

291 4481 318 4508 ¹·
348 4480 481 4525 Circa
511 4491 743 4525 saecun.
