3308 5004
123 374 130 378 -
205 332 398 400 AUG.
456 333 539 400 ⁴5
601 328 628 365 ’
897 350 978 398 nx
1026 349 1082 398 s.
1136 348 1473 399 Annunrno
1521 348 1849 400 suxssmn.
1902 350 2104 400 musc-
2553 336 2682 403 357

207 435 447 507 omnia
481 435 874 506 haberetur.
918 434 1144 524 Hujus
1179 434 1547 505 ministerii
1600 436 1815 505 causa
1864 456 2023 505 cum
2071 436 2375 524 quadam
2409 436 2523 508 die
2571 461 2773 529 prae-

210 525 409 595 dium
445 523 548 594 illi
595 522 912 596 charitati
946 523 1592 624 deputatum-solus
1633 522 1996 624 inviseret,
2050 547 2257 596 canes
2314 547 2556 598 omnes
2610 529 2773 631 pagi

209 613 596 702 adjacentis
646 614 716 685 in
764 634 925 683 eum
973 613 1203 683 subito
1250 611 1671 693 insnherunt,
1728 611 2056 683 dentibus
2089 614 2352 687 rabidis
2400 614 2603 687 illum
2658 616 2770 687 dt-

209 704 518 774 lacerare
571 703 950 795 cupientes.
1020 700 1287 785 Quibus
1345 700 1459 771 ille
1499 723 1713 771 manu
1760 712 2037 772 extensa
2103 702 2356 785 innuit,
2410 715 2488 775 ut
2535 704 2771 795 ipsum

212 803 694 880 sequerentur.
749 797 993 862 Parent
1037 811 1268 870 canes,
1318 800 1386 860 et
1416 790 1681 860 rabiem
1731 790 1803 860 in
1840 790 2251 878 obsequium
2304 806 2673 877 mutanteS,
2707 795 2774 865 ei

214 904 292 952 se
323 881 608 951 comites
656 879 969 973 placidos
1017 879 1388 970 praebent:
1439 890 1504 949 et
1549 879 1890 966 quamdiu
1937 879 2082 950 illic
2130 881 2408 962 mansit,
2445 904 2607 953 cum
2652 883 2772 954 illo

213 981 650 1052 manserunt,
695 969 1115 1055 tandemque
1161 967 1281 1038 illo
1312 980 1686 1037 revertente
1735 968 2109 1051 redierunt,
2164 991 2290 1039 nec
2322 970 2652 1058 aliquem,
2690 994 2771 1043 eo

215 1070 600 1149 praesente,
649 1080 888 1128 morsu
934 1057 1035 1127 vel
1088 1057 1338 1127 latratu
1378 1056 1691 1127 insectati
1743 1068 1929 1128 sunt.
1990 1057 2220 1149 Coepit
2254 1059 2509 1131 interea
2550 1060 2772 1132 multa

213 1170 290 1219 se
336 1147 569 1218 carnis
618 1146 1143 1218 mortificatione
1188 1146 1684 1237 constringere,
1728 1146 1984 1237 vigiliis
2033 1158 2100 1217 et
2138 1147 2430 1237 jejuniis
2484 1169 2767 1239 operam

215 1237 406 1317 dare,
460 1237 531 1304 in
570 1257 804 1326 preces
841 1235 1140 1325 prolixas
1186 1257 1345 1304 cum
1397 1233 1728 1325 lacrymis
1776 1236 2200 1317 incumbere,
2246 1250 2451 1324 atque
2495 1237 2566 1306 in
2619 1259 2772 1308 om-

216 1325 430 1396 nibus
475 1324 908 1426 probabilem
949 1345 1022 1394 se
1068 1324 1411 1394 exhibere.
1472 1328 1687 1411 Atque
1744 1323 2186 1395 ut‘funditus
2221 1325 2435 1394 risum
2492 1347 2768 1398 omnem

217 1428 285 1485 et
333 1414 629 1487 laetitiae
670 1413 1066 1483 mundanae
1107 1426 1335 1483 motus
1384 1414 1892 1502 comprimeret,
1958 1414 2339 1506 asperrimo
2386 1427 2452 1484 et
2511 1415 2773 1489 nodoso

214 1502 455 1575 tribuli
502 1523 697 1572 ramo
729 1524 982 1592 corpus
1028 1501 1160 1572 sub
1206 1513 1388 1571 veste
1436 1501 1673 1582 cinxit,
1722 1503 2030 1572 membra
2076 1502 2364 1573 viriliter
2423 1503 2761 1585 lacerans,

213 1605 280 1662 et
323 1603 617 1662 mentem
650 1590 737 1661 ad
778 1591 1094 1662 coelestia
1132 1590 1467 1682 dirigenS,
1503 1602 1572 1660 at
1620 1589 1841 1665 nihilo
1887 1591 2123 1662 minus
2154 1592 2422 1663 vultum
2478 1593 2766 1663 hilarem

212 1694 279 1751 et
310 1679 703 1770 jucundum
737 1680 1066 1752 omnibus
1099 1679 1456 1750 exhibenS.
1492 1679 1804 1763 Quodam
1840 1679 1952 1749 die
1998 1680 2069 1749 in
2104 1693 2447 1751 conventu
2478 1681 2769 1752 fratrum

213 1770 579 1861 quippiam
619 1768 1130 1858 prolocuturus,
1171 1790 1306 1839 non
1359 1769 1581 1859 potuit
1621 1789 1813 1838 more
1870 1772 2288 1840 Francorum
2348 1783 2580 1841 exacte
2627 1792 2774 1840 ver·

214 1859 388 1929 bum
429 1858 835 1948 exprimere.
875 1857 1053 1927 Dixit
1082 1878 1244 1959 ergo
1269 1857 1331 1927 ei
1364 1857 1611 1939 Abbas,
1656 1871 1733 1926 ut
1769 1856 1854 1927 ad
1906 1858 2143 1928 horam
2180 1858 2432 1939 sileret,
2496 1882 2582 1930 ne
2632 1858 2774 1955 uti-

218 1948 379 2018 litas
411 1968 661 2017 causae
682 1946 1095 2028 differretur,
1131 1968 1188 2017 sl
1223 1945 1431 2016 latius
1463 1946 1625 2016 inde
1667 1957 2029 2017 tractatum
2065 1960 2265 2018 esset.
2297 1947 2487 2030 Quod
2523 1946 2774 2019 silendi

217 2035 625 2106 mandatum
664 2035 779 2105 ille
808 2035 1014 2105 corde
1044 2034 1348 2125 simplici
1378 2047 1444 2104 et
1478 2056 1678 2104 verae
1702 2035 2132 2106 obedientiae
2166 2036 2309 2106 zelo
2350 2059 2472 2126 per
2503 2058 2775 2108 menses

215 2124 481 2213 aliquot
527 2124 933 2206 observavit,
974 2123 1151 2194 nulli
1192 2124 1478 2194 verbum
1523 2123 1899 2214 proferens,
1946 2124 2122 2194 nulli
2167 2124 2461 2195 reddens
2486 2148 2774 2218 respon-

216 2235 402 2290 sum,
453 2212 670 2283 donec
709 2236 749 2282 a
796 2212 1127 2284 fratribus
1175 2212 1584 2283 nunciatum
1646 2224 1749 2284 est
1794 2214 2063 2289 Abbati,
2114 2235 2273 2283 eum
2326 2236 2613 2304 prorsus
2651 2216 2774 2286 ob-

219 2302 584 2372 mutuisse.
637 2302 860 2372 Abbas
907 2324 1070 2392 ergo
1100 2323 1259 2371 eum
1303 2299 1387 2371 ad
1430 2323 1504 2371 se
1556 2322 1851 2383 vocans,
1908 2303 2454 2391 perquirensque
2499 2326 2625 2374 cur
2670 2303 2773 2374 sic

225 2395 857 2479 perpetuo‘taceret,
916 2390 1111 2460 audit
1159 2392 1248 2461 ab
1285 2411 1403 2471 e0,
1465 2390 1781 2460 diuturni
1841 2413 2123 2461 causam
2192 2389 2453 2462 silentii
2512 2392 2767 2474 fuisse,

220 2478 401 2567 quod
456 2480 603 2571 ipse
649 2500 807 2550 eum
844 2492 1066 2550 tacere
1087 2476 1436 2581 jussisset.
1473 2477 1841 2549 Admirans
1889 2479 2114 2550 Abhas
2148 2492 2540 2551 renovatam
2577 2481 2651 2550 in
2691 2502 2774 2553 eo

209 2568 409 2640 Pauli
441 2569 764 2639 eremitae
803 2569 1340 2659 simplicitatem,
1397 2567 1899 2658 gratulansque
1945 2570 2046 2651 ei,
2105 2570 2289 2656 quod
2358 2582 2546 2640 tanto
2591 2583 2772 2642 esset

211 2679 382 2748 erga
428 2657 884 2728 obedientiam
919 2657 1406 2748 praestandam
1436 2656 1719 2740 fervore,
1767 2658 2135 2748 praecepit,
2166 2673 2244 2728 ut
2272 2658 2775 2729 aedificationis

209 2748 428 2818 causa
459 2746 801 2816 interdum
851 2745 1182 2817 fratribus
1214 2745 1520 2815 officium
1549 2759 1834 2817 mutuae
1880 2746 2360 2818 collocutionis
2389 2748 2765 2819 exhiberet.

301 2837 340 2922 ξ
385 2838 462 2906 7.
515 2840 591 2905 In
635 2835 753 2905 illo
790 2835 1205 2906 monasterio
1255 2857 1375 2924 per
1414 2835 1479 2904 id
1534 2847 1808 2926 tempus
1858 2836 2241 2906 monachus
2288 2849 2433 2906 erat
2491 2836 2772 2907 Erebol-

211 2923 373 3006 duS,
413 2925 622 2994 causa
656 2925 912 2995 amoris
953 2925 1070 2994 Dei
1116 2923 1434 2994 inclusus
1463 2924 1564 2994 vel
1607 2924 1913 2994 solitarie
1952 2924 2235 3016 degens.
2271 2929 2338 2996 Is
2369 2947 2407 2994 e
2446 2925 2771 2997 Flandria

215 3025 438 3094 ortuS,
473 3012 719 3083 duram
788 3026 853 3083 et
900 3034 1217 3103 asperam
1276 3015 1521 3104 agebat
1576 3012 2093 3103 poenitentiam,
2147 3013 2423 3083 divinae
2468 3026 2774 3085 contem-

216 3100 512 3191 plationi
561 3114 890 3192 perpetuo
923 3102 1316 3172 inhaerens.
1369 3102 1441 3170 Ei
1489 3114 1719 3171 autem
1777 3102 2180 3192 Arnulphus
2226 3101 2509 3173 solicite.
2548 3104 2771 3174 inser-

212 3190 482 3260 viebat:
523 3212 658 3259 non
688 3191 870 3278 quod
906 3190 1171 3260 deesset
1202 3189 1689 3260 famulantium
1721 3193 1944 3282 copia,
1985 3190 2097 3262 sed
2133 3203 2210 3260 ut
2247 3213 2326 3260 ex
2374 3193 2526 3282 ejus
2566 3192 2677 3263 lon
2732 3214 2773 3264 a

211 3279 722 3349 consuetudine
771 3292 836 3349 et
882 3278 1387 3359 familiaritate,
1460 3279 1779 3370 religiose
1826 3279 2097 3350 vivendi
2146 3280 2232 3349 ab
2290 3280 2409 3350 illo
2456 3302 2699 3372 exemp
2731 3304 2772 3351 a

207 3367 567 3438 hauriret..
595 3373 761 3437 Cum
795 3380 1024 3437 autem
1070 3382 1220 3458 post
1256 3367 1508 3438 multos
1541 3369 2005 3439 continentiae
2035 3391 2075 3438 a
2125 3390 2290 3439 ones
2330 3369 2447 3439 ille
2473 3370 2557 3440 ad
2590 3371 2767 3441 vitae

213 3456 528 3526 mortalis
561 3456 766 3526 finem
815 3455 1141 3537 tenderet,
1195 3456 1814 3546 viribuscorporis
1862 3457 2066 3528 admo
2124 3480 2236 3527 um
2287 3459 2512 3550 coepit
2564 3458 2772 3529 desti-

209 3546 340 3626 tui,
376 3558 442 3614 et
506 3544 722 3616 multo
770 3567 1025 3633 angore
1090 3545 1311 3636 premi
1349 3546 1740 3637 efurgeri.
1794 3547 2080 3637 Rogavit
2131 3568 2206 3616 er
2253 3568 2292 3615 o
2330 3547 2769 3617 amicabilem

210 3632 680 3724 Arnulphum‚
717 3635 850 3724 ipsi
878 3633 1215 3705 indefesse
1250 3634 1784 3716 ministrantem,
1820 3648 1895 3704 ut
1937 3658 2178 3724 parum
2246 3636 2418 3706 actis
2447 3636 2765 3718 adferret,

203 3735 351 3809 quo
383 3721 728 3793 imbecille
755 3744 1008 3813 corpus
1038 3722 1139 3792 vel
1170 3720 1255 3792 ad
1288 3735 1623 3812 punctum
1663 3722 2095 3794 refocillaret.
2118 3725 2520 3814 Arnulphus
2550 3747 2767 3812 ocyus

204 3810 282 3879 id
316 3811 558 3898 exequi
610 3810 868 3893 velena,
903 3810 1060 3881 tulit
1093 3832 1341 3902 panem
1392 3833 1615 3881 unum
1670 3834 1751 3881 ex
1792 3813 1877 3881 iis
1935 3813 2056 3900 qui
2097 3826 2292 3883 erant
2344 3814 2770 3904 pauperibus

206 3899 562 3979 destinati,
601 3900 769 3969 emit
818 3899 947 3983 lac,
990 3912 1057 3970 et
1102 3899 1353 3971 obtulit
1384 3921 1579 3970 servo
1614 3900 1753 3970 Dei.
1809 3901 2119 3991 Sumpsit
2167 3901 2305 3983 ille,
2360 3901 2476 3971 sed
2505 3899 2765 3992 'parum

205 3987 375 4058 inde
408 3988 718 4079 profecit.
770 3993 935 4059 Nam
973 4001 1040 4059 et
1089 3988 1372 4059 morbus
1418 4002 1484 4059 et
1529 4001 1716 4061 actas
1749 3990 2044 4079 graviter
2083 3989 2282 4059 illum
2329 3992 2761 4080 premebant:

206 4077 432 4160 immo
468 4098 623 4147 vero
669 4077 1097 4168 dispensatio
1144 4077 1455 4149 coelestis
1509 4077 1593 4147 ad
1654 4078 1960 4165 requiem
2010 4079 2503 4168 capessendam
2558 4079 2772 4170 proli-

199 4165 516 4239 xioribus
547 4165 858 4257 'flagellis
905 4167 1299 4256 adaptabat.
1355 4165 1684 4257 Flagellat
1727 4166 1910 4236 enim
1963 4167 2298 4237 Dominus
2345 4188 2623 4238 omnem
2677 4167 2762 4238 fi-

200 4255 407 4336 lium,
459 4276 665 4342 quem
704 4255 965 4346 recipit.
1021 4255 1250 4326 Oravit
1281 4275 1446 4345 ergo
1490 4276 1648 4324 eum
1692 4254 1938 4325 Christi
1978 4255 2175 4324 miles
2223 4255 2648 4347 ArnulphuS,
2687 4270 2769 4328 ut

201 4359 363 4434 post
410 4344 678 4415 obitum
728 4367 932 4414 suum
986 4366 1124 4432 quo
1172 4344 1243 4413 in
1308 4342 1458 4412 loco
1504 4355 1570 4411 et
1627 4355 1813 4413 statu
1871 4343 2105 4412 anima
2173 4344 2326 4432 ejus
2374 4359 2574 4429 esset,
2627 4347 2767 4439 ipsi

203 4432 555 4504 revelaret.
624 4433 746 4503 Ille
806 4455 1006 4516 vei-0,
1069 4431 1256 4522 quod
1305 4431 1466 4501 fidei
1514 4429 1743 4501 calore
1789 4454 1947 4502 eum
2000 4444 2226 4523 petere
2278 4450 2601 4518 noverat,
2679 4458 2764 4506 se
