3308 5004
225 348 420 417 ΑΗΕ.
472 349 555 415 24
997 368 1079 416 π
1125 366 1182 415 s.
1238 365 1739 416 marnotouuo
1787 365 2003 417 Arosr.
2560 347 2691 416 583

215 475 298 522 ac
376 472 717 541 supernae
788 451 1172 522 Jerusalem
1205 505 1222 533 ,
1291 450 1724 521 sublimioris
1793 450 2233 521 excellentiae
2341 449 2776 542 rivilegium,

215 541 571 629 janitores.
610 539 753 630 Ipsi
802 553 967 611 sunt
1001 539 1265 630 regales
1307 538 1467 627 illae
1496 540 1718 621 sedes,
1758 539 1842 609 de
1875 540 2133 626 quibus
2166 539 2236 609 in
2314 541 2462 611 ibro
2495 540 2782 632 Sapien-

215 630 352 700 tiae
385 629 640 699 dicitur
666 655 701 694 :w
735 651 771 696 «
806 632 976 698 Dum
1014 629 1319 699 medium
1371 628 1726 698 silentium
1761 640 2070 699 tenerent
2115 629 2375 710 omnia,
2428 642 2492 700 et
2544 652 2675 701 nox
2708 630 2779 700 in

216 740 343 789 suo
390 741 606 789 cursu
639 717 943 788 medium
978 720 1106 789 iter
1137 719 1441 800 haberet,
1472 718 1912 807 omnipotens
1947 722 2181 788 Sermo
2219 729 2402 798 tuuS,
2461 719 2775 801 Domine,

220 808 305 877 de
350 807 539 878 coelo
578 830 617 876 a
669 805 1017 896 regalibus
1066 807 1350 878 sedibus
1409 807 1665 876 venit.»
1717 811 1792 875 In
1844 806 2148 877 adventu
2198 807 2457 897 quippe
2508 807 2784 879 Domini

220 896 528 966 medium
593 894 945 966 silentium
1012 897 1249 966 omnia
1303 895 1795 978 continebant,
1868 896 2034 983 quia
2077 895 2223 987 jam
2274 905 2338 963 et
2409 895 2783 986 Prophetae

222 997 680 1143 cessaverankt,
722 998 783 1056 et
812 984 1125 1057 nondum
1162 983 1461 1076 Apostoli
1490 984 1575 1054 ad
1615 983 2155 1076 praedicandam
2188 1003 2399 1054 novae
2432 983 2592 1054 fidei
2621 1007 2783 1076 gra·

222 1088 382 1145 tiam
417 1095 612 1144 venie
664 1087 806 1144 ant.

303 1166 341 1251 ξ
388 1169 548 1236 10.
603 1168 677 1232 In
713 1164 1011 1250 quodam
1053 1163 1256 1255 plane
1307 1162 1614 1234 mundus
1664 1162 2054 1233 meditullio
2100 1161 2542 1243 consistebat,
2604 1162 2772 1233 dum

219 1274 344 1323 nec
407 1252 901 1343 Prophetarum
968 1251 1248 1323 oracula
1316 1264 1801 1343 superessent,
1881 1264 1947 1322 et
2014 1250 2398 1342 Apostolica
2463 1250 2774 1321 nondum

269 1341 641 1411 raedicatio
688 1353 1104 1413 coruscaret.
1159 1340 1335 1425 Quid
1377 1353 1606 1412 autem
1667 1341 1779 1412 hic
1815 1357 1947 1412 nox
1988 1340 2402 1429 intelligitur
2445 1340 2580 1410 nisi
2628 1339 2779 1410 dia-

216 1364 444 1511 holus,
515 1430 632 1518 qui
683 1444 925 1501 auctor
972 1444 1074 1502 est
1139 1429 1627 1501 tenebrarum?
1691 1430 1811 1518 qui
1871 1429 2202 1500 nimirum
2261 1427 2778 1517 quodammodo

217 1531 386 1589 tunc
434 1518 767 1600 ambulat,
821 1543 982 1590 cum
1034 1541 1169 1590 non
1223 1519 1422 1589 facile
1494 1518 1671 1589 valet
1733 1518 2025 1610 implere
2121 1516 2252 1589 uod
2315 1530 2551 1607 optat;
2607 1531 2776 1589 tunc

215 1629 375 1678 vero
415 1609 656 1688 currit,
693 1631 853 1678 cum
916 1608 1220 1679 malitiae
1274 1630 1441 1678 suae
1494 1621 1645 1678 vota
1701 1607 1963 1695 absque
2010 1541 2156 1678 ulio
2202 1606 2773 1707 contradictionis

213 1696 573 1767 obstaculo
617 1697 904 1787 perficit;
956 1711 1021 1768 et
1063 1719 1196 1767 non
1243 1697 1391 1784 jam
1433 1697 1581 1767 viae
1616 1697 2047 1788 marginem,
2113 1695 2231 1768 sed
2286 1695 2591 1765 medium
2646 1695 2777 1766 iter

216 1798 421 1866 tenet,
477 1785 644 1855 dum
698 1786 872 1856 nihil
915 1787 1049 1859 sibi
1091 1786 1273 1857 videt
1302 1808 1688 1867 occurrere,
1743 1784 1925 1872 quod
1961 1785 2073 1855 sui
2130 1805 2381 1855 cursus
2431 1784 2773 1875 impetum

215 1874 436 1945 valeat
465 1874 832 1945 retardare.
888 1881 1052 1947 Cum
1085 1875 1299 1967 igitur
1344 1875 1478 1945 sub
1510 1887 1646 1945 tam
1686 1875 1888 1945 noxio
1923 1873 2231 1944 mundus
2283 1872 2562 1944 silentio
2609 1893 2777 1943 con-

213 1964 593 2043 ticesceret,
629 1976 692 2033 et
740 1963 906 2035 haec
940 1964 1024 2035 ad
1086 1963 1471 2055 perdendos
1520 1963 1837 2035 homines
1883 1963 2156 2034 occasio
2202 1945 2562 2033 diabolum
2615 1983 2796 2053 pro-.

214 2064 510 2131 vocaret,
562 2051 678 2122 ille
725 2075 859 2124 non
901 2052 1104 2123 modo
1155 2053 1461 2123 medium
1514 2053 1640 2123 iter
1691 2052 2006 2131 habebat,
2057 2051 2172 2121 sed
2224 2051 2574 2133 currebat,
2607 2051 2773 2139 quia

210 2140 544 2227 quicquid
588 2142 934 2229 nequitiae
962 2165 1128 2214 suae
1179 2155 1404 2213 mente
1450 2154 1884 2233 conceperat,
1920 2140 2287 2211 efficaciter
2314 2139 2769 2230 adimplebat.

216 2233 381 2298 Nam
430 2242 495 2300 et
530 2243 781 2301 cuncta
819 2232 968 2321 ,jam
1018 2236 1405 2302 Romanum
1471 2232 1860 2322 occupabat
1911 2230 2311 2320 imperium,
2368 2243 2435 2299 et
2487 2250 2768 2300 necesse

214 2329 380 2398 erat,
424 2340 537 2389 eos
584 2320 705 2408 qui
757 2321 975 2411 legem
1015 2320 1125 2390 Dei
1156 2332 1442 2392 eatenus
1475 2319 1720 2390 saltem
1756 2332 2133 2405 utcumque
2181 2329 2571 2398 tenuerant,
2617 2318 2766 2408 jam

212 2407 496 2480 subesse
527 2408 801 2499 legibus
844 2430 1297 2499 paganorum.
1353 2409 1494 2479 Sub
1535 2409 1663 2478 hoc
1713 2408 1925 2499 igitur
1976 2407 2328 2497 pereuntis
2359 2405 2609 2477 mundi
2666 2405 2766 2477 si-

213 2494 449 2577 lentio,
489 2520 714 2568 sermo
747 2497 1010 2570 Domini
1046 2521 1087 2568 a
1127 2497 1480 2589 regalibus
1512 2497 1795 2569 sedibus
1829 2496 2037 2580 venit,
2069 2496 2234 2585 quia
2262 2496 2349 2566 de
2376 2494 2771 2587 pectoribus

212 2585 642 2675 Apostolicis,
680 2608 858 2675 quae
888 2588 1094 2690 Regis
1123 2587 1380 2658 aeterni
1416 2588 1745 2658 veraciter
1774 2586 2187 2668 sedessunt,
2226 2585 2514 2657 verbum
2551 2591 2774 2655 Evan-

211 2673 473 2763 gelicae
523 2676 1057 2766 praedicationis
1085 2677 1337 2768 erupit.
1386 2677 1525 2767 Ipsi
1564 2676 1826 2768 quippe
1859 2674 2124 2766 regales
2148 2687 2313 2746 sunt
2360 2675 2563 2746 sedes
2595 2695 2772 2762 quas

212 2767 392 2833 Deus
460 2764 844 2835 inhabitat:
910 2771 939 2835 1
992 2766 1050 2836 si
1099 2771 1318 2857 Reges
1371 2781 1437 2836 et
1487 2779 1714 2855 patres
1778 2763 2155 2845 Ecclesiae,
2223 2764 2404 2834 sicut
2452 2760 2759 2834 dicitur:

209 2850 443 2922 omnis
482 2852 702 2943 gloria
733 2854 886 2944 ejus
949 2855 1109 2925 iliae
1160 2861 1420 2946 Regum
1464 2853 1552 2924 ab
1588 2854 1800 2925 intus,
1856 2853 1979 2923 Isti
2028 2873 2193 2924 sane
2226 2858 2469 2944 Reges,
2511 2851 2762 2924 armati

210 2938 447 3031 gladio
511 2943 845 3032 spiritus,
923 2942 1111 3032 quod·
1155 2957 1260 3015 est
1307 2943 1592 3014 verbum
1671 2942 1825 3025 Dei,
1868 2941 2307 3013 debellarunt
2379 2940 2767 3032 principem

212 3027 506 3099 mundi:
559 3031 645 3102 de
690 3054 828 3119 quo
861 3033 1193 3104 nimirum
1244 3033 1718 3121 Apostolorum
1766 3031 1997 3123 gladio
2046 3031 2107 3101 le
2162 3032 2321 3101 itur.
2368 3035 2595 3101 Durus
2647 3029 2768 3100 de-

211 3116 503 3188 bellator
533 3120 601 3189 in
647 3120 945 3192 mediam
974 3121 1362 3192 exterminii
1397 3134 1646 3192 terram
1682 3121 2040 3212 prosilivit,
2076 3143 2122 3211 g
2151 3119 2354 3194 adius
2380 3131 2630 3190 acutus
2657 3119 2770 3188 in-

209 3206 593 3280 similatum
630 3208 1001 3300 imperium
1040 3223 1236 3281 tuum
1277 3223 1579 3302 portans,
1620 3224 1687 3280 et
1719 3222 1909 3280 stans
1940 3208 2225 3300 replevit
2248 3208 2484 3279 omnia
2519 3221 2761 3291 morte,

202 3308 283 3365 et
328 3319 550 3385 usque
596 3296 680 3368 ad
716 3298 985 3370 coelum
1036 3299 1438 3390 attingebat,
1474 3312 1667 3371 stans
1699 3300 1767 3369 in
1824 3314 2003 3371 terra
2028 3298 2087 3367 *.

300 3387 337 3473 ξ
386 3391 517 3458 11.
561 3391 857 3458 Istorum
908 3389 1138 3476 itaque
1178 3394 1437 3480 Regum
1489 3388 1928 3459 dilectissimi
1983 3386 2372 3459 subdamur
2417 3386 2759 3478 imperiis,

209 3493 452 3544 eorum
491 3475 906 3571 magisteriis
935 3477 1216 3560 instrui,
1253 3499 1492 3549 eorum
1548 3477 1950 3569 patrociniis
1979 3476 2421 3547 elaboremus
2469 3474 2763 3546 absolvi:

209 3575 555 3650 quatenus
604 3565 901 3636 absoluti
970 3587 1092 3656 per
1147 3588 1548 3637 concessam
1599 3567 1816 3639 beatis
1863 3564 2759 3657 Apostolisauctoritatem,

214 3651 302 3721 ad
352 3653 581 3742 ipsum
615 3654 1040 3745 Apostolicae
1066 3655 1427 3747 dignitatis
1452 3656 1980 3727 introducamur
2006 3667 2362 3726 auctorem
2396 3653 2769 3727 Dominum

217 3754 531 3812 nostrum
580 3743 811 3814 Jesum
865 3744 1237 3816 Christum.
1271 3746 1394 3834 qui
1430 3767 1594 3816 cum
1640 3750 1779 3816 ⁴Deo
1829 3750 2046 3824 Patre,
2098 3756 2163 3814 et
2213 3742 2480 3834 Spiritu
2522 3746 2772 3811 Sancto

216 3829 380 3901 vivit
423 3845 491 3902 et
537 3845 777 3923 regnat
842 3832 909 3902 in
963 3834 1199 3905 secula
1248 3834 1672 3906 seculorum.
2350 3841 2358 3851 '

274 4056 296 4077 ⁰
316 4055 380 4096 Ex
400 4058 503 4107 Sap.
530 4067 664 4104 xviri.
685 4060 749 4103 15.
771 4058 834 4100 1⁶.
