3308 5004
146 326 322 410 AJUG.
358 327 460 392 ‘28
701 344 785 392 nu
829 344 888 392 s.
938 343 1298 393 Aucusrmo
1343 345 1543 393 mse.
1594 341 1675 393 nr
1717 344 1893 395 nect..
1944 345 2126 394 noct.
2457 330 2576 396 68t

147 427 542 506 adveniente
597 427 684 499 ad
727 427 1100 500 Ecclesiam
1158 430 1670 519 Hipponensem
1731 443 1896 500 tunc
1956 431 2252 502 Primate
2314 431 2681 503 Numidiae

148 517 426 608 Megalio
474 516 853 590 Calamensi
887 516 1245 608 Episcopo,
1281 518 1588 604 Valerius
1618 518 1913 590 Antistes
1936 524 1986 588 E
2040 519 2317 610 iscopls,
2353 520 2476 608 qui
2508 520 2682 591 forte

147 620 304 678 tunc
362 606 688 687 aderant,
738 618 805 676 et
850 606 1127 678 Clericis
1193 608 1524 679 omnibus
1568 608 1994 699 Hipponensi
2050 621 2135 679 us
2195 623 2264 678 et
2321 610 2682 679 universae

190 695 321 765 lebi
371 696 794 784 inopinatam
829 696 1102 766 cunctis
1135 718 1333 767 suam
1370 696 1679 768 insinuat
1720 710 1881 768 tune
1932 697 2393 768 voluntatem:
2451 699 2679 767 omni-

143 719 411 871 busque
478 784 925 855 audientibus
969 784 1612 873 et-‘gratulantibus,
1685 799 1889 873 atque
1935 785 2003 856 id
2088 785 2240 857 fleri
2303 786 2682 876 perficique

145 874 401 964 ingenti
439 871 780 943 desiderio
812 871 1300 952 clamantibus,
1357 874 1841 965 Episcopatum
1885 873 2235 966 suscipere
2267 889 2506 946 contra
2539 899 2681 946 mo-

146 983 285 1034 rem
321 961 691 1042 Ecclesiae,
736 983 862 1032 suo
904 961 1164 1031 vivente
1199 963 1556 1053 Episcopo,
1615 965 1968 1054 presbyter
1998 964 2423 1055 Augustinus
2484 986 2683 1035 recu-

143 1051 359 1124 sabat.·
416 1056 725 1138 Dumque
771 1050 841 1120 id
875 1050 1290 1121 fieri-solere
1327 1051 1415 1121 ab
1476 1053 1805 1124 omnibus
1856 1052 2302 1135 suaderetur,
2357 1066 2562 1139 atque
2612 1053 2682 1123 id

142 1140 384 1233 ignaro
444 1140 926 1212 transmarini-s
972 1153 1037 1210 et
1082 1140 1418 1211 Africanis
1466 1140 1809 1211 Ecclesiae
1862 1140 2194 1231 exemplis
2244 1142 2675 1232 probaretur,

139 1228 545 1318 compulsus
575 1240 780 1316 atque
825 1242 1104 1300 coactus
1136 1230 1528 1304 succubuit,
1562 1244 1628 1299 et
1651 1230 2104 1321 Episcopatus
2133 1252 2397 1308 curam,
2438 1244 2503 1301 et
2536 1254 2683 1301 ma-

133 1318 312 1407 joris
362 1316 491 1387 loci
531 1318 1032 1388 ordinationem
1080 1320 1404 1409 suscepit.
1445 1319 1635 1403 Quod
1692 1319 1757 1389 in
1807 1321 2035 1409 seipso
2078 1331 2316 1407 postea
2358 1319 2504 1390 fieri
2543 1340 2681 1390 non

138 1406 489 1486 debuisse,
542 1421 620 1476 ut
667 1407 818 1475 vivo
866 1429 991 1477 suo
1039 1408 1374 1498 Episcopo
1420 1409 1881 1490 ordinaretur,
1933 1421 1998 1479 et
2044 1407 2216 1478 dixit
2259 1420 2326 1477 et
2377 1408 2676 1497 scripsit,

140 1508 425 1588 propter
467 1494 744 1566 concilii
794 1495 1207 1566 universalis
1257 1497 1562 1578 vetitum,
1594 1494 1774 1584 quod
1806 1497 1948 1583 jam
1981 1496 2342 1566 ordinatus
2389 1496 2676 1567 didicit:

138 1606 291 1664 nec,
345 1584 526 1671 quod
578 1584 713 1654 sibi
761 1583 1017 1655 factum
1065 1607 1214 1654 esse
1246 1584 1488 1666 doluit,
1546 1587 1704 1657 aliis
1751 1586 1899 1655 fieri
1947 1584 2182 1655 voluit.
2239 1584 2428 1654 Unde
2474 1587 2683 1656 etiam

139 1673 409 1764 sategit,
464 1687 541 1746 ut
588 1672 903 1745 conciliis
971 1674 1502 1745 constitueretur
1548 1675 2039 1765 Episcoporum
2070 1727 2085 1754 ,
2138 1674 2226 1746 ab
2272 1674 2684 1745 ordinatori-

136 1762 272 1833 bus
320 1761 553 1831 deberi
602 1761 1010 1832 ordinandis
1059 1762 1159 1831 vel
1194 1763 1552 1845 ordinatis,
1588 1764 1904 1834 omnium
1950 1775 2200 1833 statuta
2248 1763 2683 1834 sacerdotum

138 1851 212 1921 in
249 1850 559 1920 notitiam
608 1873 756 1922 esse
789 1850 1177 1921 deferenda.

227 1941 265 2027 ξ
311 1943 408 2009 9.
463 1943 673 2025 Atque
721 1940 811 2009 ita
844 1939 1097 2009 factum
1145 1953 1270 2022 est,
1320 1953 1401 2014 ,ut
1448 1940 1861 2032 Episcopatu
1916 1953 2283 2030 suscepto,
2313 1940 2531 2011 multo
2578 1941 2686 2009 in-

139 2028 442 2098 stantius
509 2050 587 2098 ac
641 2027 1013 2099 ferventius
1089 2030 1345 2118 majore
1420 2030 1867 2109 auctoritate,
1933 2051 2069 2099 non
2140 2028 2368 2100 adhuc
2420 2030 2488 2098 in
2542 2052 2685 2099 una
2757 2093 2764 2104 ,

141 2128 410 2186 tantum
464 2138 532 2186 re
583 2117 761 2197 ione,
799 2117 914 2187 sed
959 2116 1382 2204 ubicumque
1430 2132 1709 2208 rogatus
1742 2118 2057 2199 venisset,
2101 2118 2383 2189 verbum
2437 2119 2684 2189 salutis

136 2219 456 2275 aeternae
485 2139 802 2276 affieriter
847 2228 928 2276 ac
977 2206 1725 2298 saeviet-„pullulante
1772 2220 1976 2293 atque
2015 2221 2361 2277 crescente
2410 2208 2682 2276 Domini

134 2294 466 2374 EcclesiA,
523 2294 969 2385 praedicaret,
1025 2308 1303 2385 paratus
1345 2318 1616 2383 semper
1667 2295 2106 2384 poscentibus
2147 2295 2427 2364 reddere
2476 2296 2685 2363 ratio-

133 2403 298 2452 nem
348 2382 435 2453 de
462 2383 598 2452 fide
644 2396 710 2453 et
740 2406 885 2474 spe,
916 2403 1093 2470 quae
1130 2384 1195 2452 in
1233 2389 1438 2454 Deum
1473 2398 1596 2454 est.
1636 2389 1715 2453 Et
1743 2383 1892 2471 ejus
1919 2384 2100 2453 dicta
2140 2396 2345 2469 atque
2376 2395 2678 2472 excepta,

131 2470 439 2541 maxime
488 2472 874 2544 Donatistae
933 2472 1001 2542 in
1048 2472 1286 2544 eadem
1365 2472 1793 2562 Hipponensi
1870 2471 1966 2542 vel
2022 2470 2244 2541 vicina
2322 2484 2681 2543 manentes

122 2561 429 2643 civitate,
482 2561 568 2631 ad
637 2584 801 2633 suos
847 2563 1220 2652 Episcopus
1266 2561 1682 2631 deserebant.
1739 2566 1924 2643 Quae
1977 2581 2139 2629 cum
2179 2560 2562 2655 audissent,
2616 2574 2683 2631 et

120 2663 415 2720 econtra
462 2649 637 2720 forte
678 2649 937 2738 aliquid
975 2651 1301 2731 dicerent,
1341 2662 1460 2719 aut
1518 2672 1559 2719 a
1607 2650 1753 2720 suis
1780 2649 2240 2727 refellebatur,
2275 2661 2394 2717 aut
2440 2650 2684 2719 eadem

119 2762 246 2810 res
294 2739 375 2808 ad
429 2753 743 2810 sanctum
812 2739 1272 2830 Augustinum
1333 2737 1806 2816 deferebatur&
1872 2760 2088 2824 eaque
2134 2751 2509 2826 comperta,
2570 2760 2688 2828 pa-

120 2828 384 2898 tienter
413 2849 495 2896 ac
542 2827 805 2909 leniter,
842 2842 919 2897 ut
946 2828 1277 2917 seriptum
1314 2842 1437 2907 est,
1491 2850 1648 2896 cum
1693 2826 1935 2896 timore
1965 2841 2032 2896 et
2061 2839 2351 2895 tremore
2389 2825 2685 2896 salutem

116 2914 452 2986 omnium
484 2918 933 3005 operabatur:
987 2916 1388 2995 Ostendens,
1426 2915 1611 3002 quod
1662 2915 1835 2985 nihil
1876 2914 1972 2984 illi
2011 2913 2316 2985 refellere
2347 2915 2687 2985 voluerint

114 3027 209 3076 ac
265 3002 626 3084 valuerint,
660 3024 1010 3092 quamque
1045 3027 1275 3075 verum
1330 3003 1908 3091 manifestumque
1955 3005 2064 3082 sit,
2117 3003 2300 3090 quod
2345 3002 2687 3074 Ecclesiae

114 3092 253 3165 Dei
312 3091 482 3161 fides
542 3107 719 3164 tenet
763 3109 828 3163 et
886 3094 1102 3164 docet.
1158 3099 1236 3162 Et
1283 3091 1449 3162 haec
1497 3093 1743 3164 diebus
1806 3116 1888 3163 ac
1940 3093 2255 3163 noctibus
2304 3092 2391 3162 ab
2438 3091 2680 3163 eodem

105 3181 394 3273 jugiter
438 3183 841 3272 agebantur.
872 3188 1038 3252 Nam
1064 3181 1473 3271 etepistolas
1510 3183 1807 3272 privatas
1839 3182 1922 3252 ad
1975 3201 2452 3268 quoscumque
2497 3182 2686 3283 ejus-

110 3274 292 3342 dem
334 3271 587 3339 erroris
641 3272 1029 3361 Episcopos,
1065 3285 1129 3341 et
1173 3272 1555 3341 eminentes
1603 3271 1870 3342 scilicet
1906 3269 2115 3341 laicos
2165 3269 2376 3350 dedit,
2425 3284 2688 3341 ratione

110 3357 407 3433 reddita
450 3358 851 3432 admonens
909 3374 1114 3446 atque
1168 3359 1580 3440 exhortans,
1647 3374 1727 3430 ut
1774 3360 1873 3429 vel
1923 3361 2012 3431 ab
2061 3359 2179 3429 illa
2230 3381 2302 3428 se
2352 3362 2687 3447 pravitate

107 3449 582 3538 corrigerent,
638 3448 737 3518 vel
788 3461 969 3518 certe
1016 3448 1101 3517 ad
1163 3449 1666 3537 disputationes
1715 3450 2043 3520 venirent.
2100 3448 2205 3518 Illi
2260 3470 2416 3516 vero
2469 3452 2685 3519 causa

110 3536 566 3609 diffidentiae
614 3536 787 3606 nihil
839 3558 1144 3625 unquam
1181 3539 1552 3607 rescribere
1601 3538 2002 3608 voluerunt:
2055 3537 2174 3607 sed
2216 3536 2370 3607 irati
2419 3536 2681 3607 furiosa

110 3626 622 3715 loquebantur,
674 3639 879 3713 atque
919 3626 1346 3697 seductorem
1396 3626 1971 3715 deceptoremque
2002 3626 2395 3695 animarum
2446 3630 2683 3717 Augu-

109 3718 399 3787 stinum
441 3737 614 3797 esse,
651 3728 718 3783 et
768 3715 1080 3807 privatim
1110 3728 1175 3785 et
1223 3714 1498 3806 publice
1520 3714 2070 3795 conclamabant,
2105 3728 2171 3785 et
2210 3714 2391 3783 velut
2438 3713 2683 3804 lupum

111 3804 595 3895 occidendum
643 3826 816 3885 esse,
870 3804 940 3872 in
990 3804 1454 3874 defensionem
1490 3804 1720 3893 gregis
1767 3803 2027 3873 scilicet
2074 3804 2208 3881 sui,
2261 3803 2584 3872 dicebant
2613 3814 2680 3873 et

115 3894 546 3973 tractabant,
582 3894 969 3979 omniaque>
1038 3906 1267 3963 eccata
1312 3915 1353 3963 a
1386 3898 1520 3962 Deo
1567 3892 2037 3963 indubitanter
2066 3914 2216 3963 esse
2254 3890 2682 3969 credendum

120 4002 342 4071 posse
384 3979 635 4052 dimitti
690 3982 774 4052 iis
820 3983 942 4070 qui
991 3916 1120 4052 boc
1147 3981 1366 4052 facere
1404 4004 1484 4051 ac
1527 3982 1854 4071 perficere
1882 3981 2283 4071 potuissent,
2318 4001 2440 4081 nec
2471 3984 2682 4081 Deum

116 4072 478 4147 timentes,
519 4092 643 4140 nec
676 4070 989 4142 homines
1018 4071 1518 4141 erubescentes.
1551 4076 1630 4141 Et
1660 4082 1991 4140 uteorum
2019 4091 2269 4141 causae
2298 4067 2685 4139 diffidentia

110 4159 408 4229 cunctis
454 4158 929 4240 innotesceret,
982 4159 1396 4230 elaboravit:
1450 4171 1517 4229 et
1551 4158 1850 4249 publicis
1894 4160 2104 4250 gestis
2151 4157 2491 4238 conventi,
2547 4179 2684 4227 non

107 4259 300 4327 sunt
336 4248 488 4317 ausi
536 4247 870 4320 conferre.

210 4337 255 4424 ἓ
308 4341 468 4408 1⁰.
523 4337 881 4407 Habebant
927 4336 1130 4407 etiam
1175 4336 1381 4406 iidem
1421 4336 1809 4407 Donatistae
1857 4358 1979 4425 per
2026 4357 2190 4406 suas
2231 4357 2401 4426 pene
2438 4356 2680 4406 omnes

102 4423 467 4499 ecclesias
514 4424 905 4497 inauditum
956 4426 1323 4498 hominum
1371 4447 1592 4516 genus
1626 4478 1645 4507 ,
1698 4445 2098 4515 perversum
2148 4446 2227 4495 ac
2277 4423 2675 4506 violentum,
