3308 5004
206 318 397 385 ΑΗΕ.
448 317 534 382 30
1057 333 1158 399 ,ωε
1206 333 1263 380 s.
1314 331 1477 380 nom
1527 332 1696 380 vtae.
1752 335 1880 383 uu.
2544 322 2661 387 77⁴

208 422 280 491 in
319 419 476 510 ejus
502 419 807 490 animam
841 415 1343 507 plenitudinem
1377 417 1662 507 gratiae,
1709 440 1846 489 non
1882 432 2149 491 tantum
2200 422 2703 496 sanctificantis
2735 480 2751 508 ‚

210 509 328 580 sed
369 510 572 579 etim
607 507 824 597 gratis
863 505 1062 576 datae
1087 517 1155 576 et
1188 505 1519 597 Spiritum
1553 510 1882 579 Sanctum
1919 510 2333 581 inhabitare.

314 608 352 681 ἓ
402 601 554 670 44.
629 593 947 665 Praescia
1009 594 1196 676 diei,
1274 616 1413 681 quo
1477 594 1562 664 ad
1622 597 1871 687 Sponsi
1933 598 2317 670 thalamum
2384 622 2756 690 properare

208 710 291 758 ex
344 688 473 757 hac
520 685 987 774 lacrymarum
1036 683 1213 753 valle
1258 683 1572 765 debebat,
1624 686 1812 773 quod
1865 688 2070 758 matri
2116 688 2342 759 celare
2390 690 2746 775 nequivit,

209 774 579 866 quotannis
626 772 877 843 festum
926 771 1068 841 divi
1115 772 1617 843 Bartholomaei
1649 775 1967 865 apostoli,
2008 777 2191 864 quod
2240 789 2386 847 erat
2415 778 2758 849 terminus

211 885 377 936 suae
410 863 683 934 mortali
715 862 1249 952 peregrinationi
1275 862 1721 945 constitutuS,
1754 865 2094 956 singulari
2122 865 2504 937 devotionis
2533 866 2765 937 studio

210 954 500 1034 colebat,
551 964 620 1021 et
665 952 735 1021 in
785 950 941 1039 ejus
983 950 1373 1041 .pervigili0‚
1427 972 1555 1022 suo
1602 973 1737 1021 non
1789 966 2107 1025 contenta
2145 954 2441 1056 JeJ'unio,
2488 954 2761 1042 aliquos

209 1042 609 1113 innocentes
657 1062 910 1131 pueros
956 1052 1035 1108 ut
1081 1060 1316 1109 secum
1357 1039 1757 1130 jejunarent
1786 1042 2098 1126 adduxit,
2145 1065 2330 1114 meo
2358 1044 2569 1114 etiam
2606 1054 2762 1133 post

209 1132 363 1218 ejus
408 1132 674 1201 obitum
724 1140 1260 1219 perseverantes,
1315 1150 1396 1199 eo
1441 1129 1626 1216 quod
1676 1129 1777 1202 sic
1809 1154 1847 1200 a
1882 1137 2060 1203 Rosa
2108 1131 2405 1205 instituti
2436 1131 2757 1204 fuissent.

211 1221 532 1290 Triennio
580 1230 736 1288 ante
763 1216 1153 1289 discessum
1205 1217 1397 1308 gravi
1444 1219 1688 1290 morbo
1736 1218 2088 1304 decubuit,
2141 1234 2219 1291 ut
2255 1222 2402 1311 jam
2453 1234 2759 1291 extremo

211 1309 435 1379 funeri
488 1318 762 1377 matura
807 1306 1194 1388 videretur;
1243 1318 1584 1394 cumque·
1610 1308 1764 1398 ejus
1811 1309 2021 1403 finem
2068 1310 2431 1381 domestici
2478 1320 2545 1379 et
2596 1331 2759 1380 con-

212 1397 539 1469 fessarius
584 1395 1268 1485 collacrymarentur,
1324 1395 1512 1466 hunc
1561 1396 1907 1488 intrepida
1939 1399 2153 1488 jussit
2198 1398 2760 1490 intempestivum

210 1488 486 1576 abigere
535 1506 943 1565 moerorem,
995 1498 1063 1555 et
1108 1496 1371 1554 certum
1421 1506 1571 1555 esse
1617 1498 1787 1557 tunc
1821 1508 1892 1557 se
1942 1510 2077 1558 non
2120 1489 2569 1568 morituram;
2621 1508 2761 1575 quo

210 1576 392 1646 dicto
433 1574 730 1645 innotuit
776 1572 888 1643 sui
936 1574 1269 1644 transitus
1316 1574 1691 1644 terminum
1725 1574 1960 1645 divina
2006 1575 2419 1647 revelatione
2448 1597 2763 1665 comper—

213 1678 360 1735 tum
412 1662 765 1733 habuisse.
818 1663 996 1745 Quin
1045 1675 1113 1732 et
1156 1675 1456 1749 quatuor
1491 1676 1648 1734 ante
1678 1664 1947 1734 obitum
1985 1665 2344 1735 mensibus
2374 1664 2762 1751 quaestoris

212 1751 618 1824 Gundisalvi
657 1772 850 1839 uxori
901 1751 1373 1821 atrocissimos
1420 1773 1587 1821 suae
1632 1765 1975 1822 extremae
2023 1752 2450 1823 infirmitatis
2488 1751 2761 1822 dolores

210 1842 484 1912 futuros
531 1840 856 1922 narravit,
905 1852 975 1909 et
1013 1839 1602 1909 immanissimum
1635 1863 1901 1924 eorum,
1934 1841 2501 1913 ardentissimam
2537 1841 2753 1924 sitim,

215 1931 470 2001 instare
518 1929 1064 2021 praenunciavit.
1119 1933 1372 1998 Locum
1420 1929 1623 1999 etiam
1697 1930 1961 2022 integro
2018 1953 2205 2001 anno
2263 1944 2465 2001 antea
2527 1930 2758 2000 eidem

212 2032 564 2090 matronae
607 2016 1040 2108 praedixerat
1086 2016 1158 2087 in
1191 2016 1431 2087 eodem
1465 2017 1813 2101 cubiculo,
1867 2020 1939 2088 in
1987 2041 2128 2107 quo
2168 2018 2606 2091 mortalitatis
2637 2018 2759 2089 de-

211 2108 433 2178 bitum
477 2106 824 2198 persolvit,
879 2128 1133 2197 rogans
1179 2127 1264 2176 ne
1310 2106 1507 2176 alteri
1554 2107 1874 2190 feminae,
1930 2121 2198 2198 praeter
2244 2109 2469 2199 ipsam
2527 2120 2593 2177 et
2640 2130 2758 2197 ge-

216 2198 529 2298 nitricem
575 2218 801 2277 suam,
837 2194 1336 2286 corpusculum
1370 2195 1802 2266 vestiendum
1854 2209 1921 2267 et
1966 2197 2211 2268 feretro
2251 2196 2754 2288 imponendum

210 2296 689 2355 committeret.

299 2378 337 2463 §
381 2379 533 2447 45.
585 2372 842 2444 Triduo
888 2384 1046 2442 ante
1086 2394 1290 2442 suum
1337 2385 1722 2443 extremum
1756 2373 2157 2444 decubitum
2189 2371 2435 2442 cellam
2472 2372 2755 2441 horten-

213 2485 354 2536 sem
406 2463 598 2545 adiit,
652 2474 718 2533 et
761 2462 967 2552 cygni
1029 2482 1216 2533 more
1252 2483 1515 2544 exorsa,
1570 2460 1887 2533 modulos
1933 2461 2365 2533 decantando
2395 2482 2753 2532 commen-

210 2553 417 2623 dabat
463 2558 600 2622 Deo
646 2563 712 2622 et
743 2562 980 2623 sancto
1019 2551 1375 2621 Dominico
1406 2551 1809 2642 genitricem
1849 2574 2072 2632 suam,
2117 2572 2326 2639 quam
2375 2549 2757 2621 desolatam

213 2642 665 2729 relinquebat.
720 2638 1019 2711 Credidit
1066 2652 1285 2710 mater
1320 2639 1613 2710 audiens
1643 2638 1846 2711 lusus
1883 2662 2033 2710 esse
2074 2641 2420 2721 metricos,
2460 2639 2578 2708 sed
2628 2640 2756 2708 ka-

212 2730 438 2801 lendis
496 2729 776 2821 augusti
823 2728 1219 2820 prophetice
1275 2750 1354 2797 ea
1395 2729 1892 2818 praenunciata
1937 2728 2155 2799 fuisse
2207 2729 2550 2820 cognovit.
2612 2727 2756 2798 Sub

211 2819 434 2889 noctis
480 2821 665 2889 enim
717 2818 1024 2889 medium
1076 2816 1312 2887 audita
1357 2816 1489 2887 fuit
1551 2817 1800 2888 misere
1858 2817 2165 2908 ejulare,
2216 2830 2283 2888 et
2340 2815 2758 2908 corpusculo

211 2929 421 2999 super
460 2908 686 2980 solum
725 2919 1003 2978 extensa
1036 2907 1421 2996 rigentibus
1460 2907 1792 2977 membris
1831 2906 2130 2976 inventa.
2169 2911 2430 2998 Rogata
2463 2904 2754 2976 velletne

211 2996 589 3080 medicum,
623 2996 1021 3088 respondit:
1079 2998 1460 3066 Caelestem.
1513 2994 1833 3085 Frigidus
1864 2996 2233 3085 stagnabat
2278 2994 2513 3076 sudor,
2566 3006 2633 3063 et
2675 2995 2750 3062 in

210 3086 541 3156 omnibus
601 3085 934 3156 membris
983 3095 1049 3155 et
1095 3083 1449 3173 juncturis
1485 3084 1898 3153 arctabatur
1944 3084 2303 3155 doloribus
2347 3095 2413 3153 et
2462 3083 2702 3173 poenis
2733 3136 2749 3164 ‚

212 3196 390 3261 quas
412 3174 582 3245 olim
610 3175 673 3244 ei
709 3179 1019 3266 Sponsus
1051 3173 1123 3242 in
1154 3173 1415 3243 visione
1439 3173 1836 3243 ostenderat
1863 3171 2131 3243 futuras
2164 3172 2383 3244 multo
2409 3172 2758 3263 graviores

212 3264 457 3335 ceteris
502 3264 854 3344 omnibus,
907 3284 1083 3350 quas
1129 3260 1203 3332 in
1249 3262 1384 3332 vita
1433 3261 1829 3352 pertulerat.
1880 3268 2087 3333 Jussa
2138 3262 2349 3331 semel
2399 3283 2442 3331 a
2482 3259 2757 3332 contes-

212 3353 400 3423 sa-rio
429 3407 444 3434 ,
498 3352 673 3422 alias
719 3375 758 3422 a
807 3365 1025 3421 matre
1060 3405 1077 3433 ,
1129 3372 1450 3420 enarrare
1489 3372 1654 3421 suos
1701 3350 1997 3434 dolores,
2053 3351 2209 3421 licet
2255 3350 2565 3421 omnium
2618 3349 2759 3419 fere

211 3441 732 3533 aegritudinum
784 3440 919 3509 vim
969 3453 1037 3510 et
1079 3441 1365 3510 nomina
1393 3461 1517 3531 per
1546 3462 1626 3510 ex
1678 3440 2036 3510 erientiam
2078 3439 2531 3530 cognovisset,
2569 3437 2757 3509 hunc

212 3543 440 3601 tamen
475 3531 760 3600 nonnisi
791 3551 915 3619 per
943 3527 1435 3599 similitudines
1465 3462 1826 3600 candentis
1864 3528 2026 3599 ferri
2059 3543 2370 3620 tempora
2408 3527 2754 3619 adigentis

211 3631 278 3689 et
328 3620 655 3711 pugionis
683 3619 885 3711 igniti
933 3641 972 3688 a
1006 3618 1285 3689 sinistro
1317 3616 1526 3688 latere
1555 3616 2023 3689 meditullium
2055 3618 2366 3708 corporis
2415 3630 2756 3687 transver-

212 3709 544 3789 berantis,
583 3708 652 3777 in
684 3730 823 3796 quo
847 3707 1171 3794 crucifixi
1207 3720 1353 3778 erat
1381 3708 1752 3797 expressio,
1795 3719 1861 3776 et
1898 3706 2258 3777 candentis
2282 3706 2520 3798 galeae
2547 3716 2759 3795 caput

214 3796 660 3877 includentis,
699 3795 1040 3888 explicare
1073 3817 1209 3865 non
1252 3797 1496 3886 potuit,
1546 3795 1893 3882 simulque
1925 3795 2240 3887 singulos
2279 3816 2545 3876 nervos,
2584 3794 2755 3882 jnn-

216 3897 490 3968 cturas,
535 3907 692 3956 ossa
745 3908 826 3955 ac
892 3884 1239 3955 medullas
1284 3884 1668 3965 contundi,
1708 3883 1962 3955 resolvi
2009 3897 2076 3954 et
2118 3884 2389 3954 aruisse
2426 3883 2620 3965 dixit,
2672 3903 2755 3952 ac

216 3971 513 4064 denique
562 3996 698 4045 non
745 3974 1000 4045 habere
1046 3995 1324 4055 nomen,
1377 3996 1505 4043 nec
1539 3994 1742 4044 nosse
1780 3984 2228 4054 tormentum,
2275 3973 2392 4043 cui
2418 3993 2537 4044 eos
2567 3991 2757 4042 com·-

217 4076 510 4152 pararet.
562 4064 844 4154 Aperuit
879 4063 1169 4154 insuper
1216 4062 1634 4134 confessario
1667 4116 1683 4143 ,
1735 4062 1990 4133 frustra
2034 4061 2338 4133 medices
2390 4062 2459 4130 in
2498 4059 2756 4151 'explo-

216 4151 434 4221 randa
480 4153 690 4242 hujus
738 4152 1164 4222 infirmitatis
1212 4153 1437 4243 specie
1484 4151 1821 4242 laborare,
1859 4173 2066 4239 quam
2120 4173 2245 4220 nec
2285 4149 2531 4242 pulsus
2560 4205 2575 4233 ,
2630 4171 2755 4219 nec

187 4238 404 4314 ¹aliud
438 4242 898 4313 extrinsecum
950 4241 1229 4332 signum
1280 4241 1641 4320 indicaret,
1693 4263 1773 4310 ac
1825 4240 2113 4332 proinde
2162 4262 2299 4310 non
2349 4238 2486 4309 alia
2541 4259 2754 4326 quam

211 4327 747 4429 immedicabilis
816 4330 973 4401 Jobi
1051 4330 1376 4421 patientia
1434 4329 1568 4401 sibi
1627 4352 1809 4421 opus
1880 4351 2054 4411 esse,
2128 4342 2204 4400 ut
2268 4325 2755 4417 quoquomodo

212 4417 528 4508 singulos
584 4419 905 4491 crucifixi
967 4420 1214 4511 Sponsi
1282 4419 1393 4489 sui
1463 4417 1736 4491 dolores
1805 4418 2246 4490 membratim
2290 4417 2749 4509 experiretur.
