3308 5004
148 372 321 440 AUG.
374 371 455 436 ⁴5
811 389 891 437 nr.
939 390 997 439 s.
1049 387 1385 440 Annumno
1433 389 1761 440 susssrou.
1812 390 2013 441 nmsc.
2463 375 2592 441 355

149 484 523 577 suppetant,
558 495 685 545 nos
732 484 961 576 tamen
1011 496 1147 546 non
1198 475 1335 546 nisi
1381 475 1523 547 duo
1570 475 1923 546 succincte
1980 497 2063 576 ex·
2112 475 2454 547 ediemus.
2507 481 2678 549 Cum

145 586 319 635 emm
351 583 559 654 opera
606 568 878 633 Dom1n1
925 564 1254 636 universa
1296 564 1439 636 sint
1483 566 1668 636 bona
1714 563 1933 646 valde,
2006 563 2053 633 11
2086 565 2197 636 ius
2240 587 2518 654 quoque
2564 588 2682 637 ro·-

145 652 322 724 boris
354 674 470 724 seu
519 651 794 723 virtutis
839 653 1163 743 cognitio,
1204 654 1490 725 materia
1536 653 1668 725 erit
1717 652 1949 724 laudis
1996 655 2136 737 Dei,
2187 655 2311 742 qui
2356 677 2509 725 eam
2573 655 2680 726 illi

143 742 463 813 contulit:
515 741 728 811 simul
758 740 966 811 etiam
1013 742 1293 815 accedet
1337 743 1426 814 ad
1473 741 1837 814 cumulum
1923 742 2136 813 loriae
2181 744 2404 815 sancti
2435 743 2679 833 hujuS,

141 831 251 918 qui
296 833 374 901 ea
412 852 551 900 non
585 829 672 900 ad
725 829 974 901 mundi
1019 832 1353 904 vanitatoe
1395 842 1465 904 et
1510 830 1822 902 insanias
1908 831 2092 902 alsas
2123 887 2140 916 ,
2192 854 2354 903 cum
2404 844 2674 923 posset,

141 921 389 991 abusus
434 931 582 990 est:
635 918 753 989 sed
802 931 1235 1012 contemptor
1278 921 1430 1011 ejus
1463 976 1480 1001 ,
1531 932 1598 992 et
1660 942 1838 1008 quae
1882 942 1963 991 ex
2009 920 2134 991 illa
2178 932 2628 1010 comparatur
2654 977 2673 1005 ,

141 1008 527 1080 mundanae
573 1007 857 1100 gloriae,
913 1020 1096 1080 totus
1143 1010 1230 1080 ad
1281 1010 1651 1081 Dominum
1713 1031 2088 1081 conversus
2132 1020 2258 1080 est.
2313 1010 2679 1081 Enimvero
2778 1030 2791 1037 ·

140 1098 203 1168 in
247 1098 504 1168 sanctis
535 1097 743 1168 etiam
791 1099 1178 1188 corporalia
1216 1100 1333 1170 Dei
1365 1099 1548 1170 dona
1579 1098 2092 1190 praedicantur,
2132 1098 2457 1171 nobilitas
2486 1120 2680 1169 com-

139 1187 518 1270 mendatur,
569 1186 928 1278 opulentia
953 1188 1337 1259 extollitur:
1382 1210 1519 1259 non
1568 1187 1755 1276 quod
1795 1188 1965 1258 haec
2003 1187 2500 1258 beatitudinem
2536 1185 2681 1260 illis

138 1276 565 1358 contulerint,
619 1274 738 1345 sed
777 1276 962 1363 quod
1011 1298 1252 1364 eorum
1301 1289 1742 1368 contemptu,
1794 1277 2055 1364 quibus
2101 1275 2187 1347 ad
2238 1276 2502 1346 malum
2552 1298 2674 1366 po-

138 1376 342 1435 tenter
387 1365 585 1436 abuti
640 1375 977 1456 poterant,
1034 1366 1153 1436 sed
1205 1366 1617 1447 noluerunt,
1669 1364 2109 1457 gloriosiores
2152 1376 2220 1436 et
2263 1363 2680 1438 illustriores

137 1454 489 1524 evaserint.
543 1458 619 1523 In
670 1453 834 1524 aula
897 1454 1113 1546 igitur
1160 1456 1603 1547 Imperatoris
1679 1454 1867 1544 apud
1917 1454 2301 1545 Trajectum
2350 1453 2678 1541 frequens

134 1556 267 1613 erat
302 1554 686 1613 conventus
719 1543 1165 1625 secularium,
1219 1544 1578 1616 mundano
1623 1542 1808 1614 fastu
1854 1543 2296 1620 tumentium,
2348 1555 2415 1613 et
2466 1543 2540 1612 in
2591 1542 2681 1613 iis

136 1635 360 1703 Comes
401 1630 788 1712 Flandriae,
827 1632 1006 1702 inter
1052 1634 1463 1724 praecipuos
1497 1654 1844 1705 summus.
1899 1636 1965 1702 Is
2005 1654 2163 1702 cum
2213 1643 2680 1722 exoccupatus

133 1720 544 1806 quibusdam
594 1720 767 1791 hora
811 1736 1203 1822 opportuna
1231 1732 1642 1803 occurreret,
1681 1733 1758 1791 ut
1785 1720 2120 1811 juvenilis
2149 1720 2375 1791 fervor
2419 1719 2684 1790 assolet·

133 1830 248 1898 pro
291 1808 640 1911 captando
688 1810 884 1879 inani
927 1809 1156 1880 favore
1203 1812 1380 1882 mira
1444 1810 1770 1881 facilitate
1815 1810 1971 1901 agi,
2023 1809 2291 1900 exurgit
2342 1808 2677 1880 hincinde

132 1896 443 1970 militaris
492 1898 761 1980 cohorS,
818 1898 1308 1989 jactandisque
1359 1900 1616 1970 lanceis
1675 1920 1812 1969 non
1862 1899 2014 1969 sine
2063 1898 2311 1968 virium
2359 1908 2679 1968 attenua-

134 1985 304 2057 tione
342 1988 530 2058 alius
577 1987 792 2057 alium
842 1988 1116 2059 vincere
1162 2011 1439 2059 summo
1490 2011 1605 2059 ere
1650 1988 2130 2059 contendebat.
2165 1992 2352 2057 Inter
2398 1987 2526 2057 hos
2566 2008 2680 2058 co-

132 2087 325 2146 natus
371 2076 676 2146 animosi
722 2086 788 2146 et
833 2076 1132 2148 audaces
1179 2099 1384 2148 arcus
1460 2089 1796 2168 rangunt,
1848 2088 1917 2146 et
1965 2075 2436 2166 Imperatoriis
2494 2075 2682 2145 mili-

134 2163 327 2247 tibus,
368 2167 440 2235 in
491 2165 623 2235 hoc
671 2165 1003 2237 conflictu
1035 2166 1174 2237 fere
1219 2167 1725 2257 superioribuS,
1772 2166 1942 2237 dum
1996 2164 2448 2236 Flandrenses
2494 2164 2674 2234 nihil

132 2256 506 2345 egregium,
558 2254 740 2341 quod
803 2255 1094 2327 celebris
1152 2277 1391 2327 eorum
1444 2255 1718 2326 virtutis
1776 2254 2129 2343 quoddam
2175 2265 2357 2325 esset
2419 2253 2675 2343 proba-

134 2358 432 2414 mentum
478 2343 630 2423 ‚sive
676 2342 1199 2427 documentum,
1251 2343 1599 2426 efficiunt,
1664 2366 1914 2435 parum
1983 2344 2241 2414 absunt
2284 2343 2373 2413 ab
2420 2363 2679 2433 oppro-

134 2429 272 2501 brio
315 2446 381 2504 et
429 2432 845 2524 ignominia.
2264 2480 2273 2491 .

209 2523 243 2608 ξ
285 2527 379 2595 8.
424 2522 675 2593 Aderat
733 2535 882 2592 tum
933 2522 1004 2592 in
1064 2523 1398 2593 comitatu
1455 2521 1985 2594 Flandrensium
2035 2521 2140 2591 vir
2184 2519 2509 2611 egregius
2554 2522 2677 2589 Ar-

128 2609 454 2700 nulphuS,
508 2611 632 2698 qui
679 2622 896 2681 aetate
926 2610 1207 2699 quidem
1249 2611 1551 2770 ξανθοῖς,
1606 2610 1727 2682 sed
1759 2609 1961 2681 senili
2006 2609 2374 2701 prudentia
2419 2619 2495 2709 et·
2563 2630 2680 2680 ra-

127 2697 317 2794 yitate
367 2699 667 2791 pollens,
719 2699 915 2770 nulla
962 2701 1181 2771 instar
1226 2701 1504 2771 ilorum
1556 2700 1826 2771 levitate
1882 2698 2307 2769 movebatur.
2368 2701 2498 2780 Qui
2552 2718 2668 2767 am

127 2787 330 2876 lgitur
378 2789 658 2860 virtutis
705 2789 880 2880 ejus,
932 2790 1049 2860 cui
1109 2790 1306 2861 nulla
1351 2791 1424 2860 in
1464 2794 1965 2861 Germanorum
2026 2809 2239 2877 regno
2285 2785 2679 2877 comparari

127 2890 398 2962 poterat.
438 2877 727 2959 conscii,
783 2878 1014 2967 ipsum
1069 2877 1352 2960 adeunt,
1404 2889 1470 2949 et
1513 2892 1591 2949 ut
1636 2878 1909 2948 ludicro
1959 2875 2323 2947 certamini
2378 2884 2680 2966 apponat

126 2982 431 3049 manum,
490 2988 630 3037 non
682 2979 818 3036 tam
857 2979 1122 3058 rogant,
1163 2990 1373 3056 quam
1410 2977 1693 3059 cogunt.
1728 2966 2092 3037 Adduntur
2121 2964 2446 3066 precibus
2475 2985 2678 3066 prae-3

124 3073 193 3122 ce
244 3067 309 3125 ta
351 3057 708 3146 majorum
755 3067 821 3125 et
852 3056 1235 3127 seniorum:
1284 3057 1544 3144 quibus
1591 3056 1710 3126 ille
1756 3066 2072 3136 coactus,
2126 3076 2199 3124 ιη
2248 3076 2321 3124 re
2364 3064 2493 3123 etsi
2539 3075 2680 3143 ipsi

125 3141 192 3240 ni
242 3144 288 3214 il
343 3145 736 3236 profutura,
793 3166 932 3214 non
971 3156 1197 3215 tamen
1232 3146 1563 3234 cuiquam
1604 3144 1958 3225 nocitura,
2010 3141 2474 3214 obedientiam
2523 3163 2679 3242 per-5

127 3234 436 3305 tinaciter
478 3254 569 3303 ne
618 3255 735 3303 are
773 3232 1093 3305 frivolum
1144 3234 1434 3318 ducens,
1493 3233 1806 3325 lignum,
1861 3232 2047 3320 quod
2097 3232 2168 3301 in
2215 3232 2464 3303 vertice
2511 3230 2677 3300 mah

125 3322 450 3406 positum,
508 3345 588 3392 ve
622 3345 740 3393 um
788 3323 1114 3404 continet,
1167 3325 1399 3395 afferri
1445 3323 1733 3395 curavit.
1785 3321 2001 3393 Allato
2047 3320 2261 3411 ligno,
2311 3319 2496 3407 quod
2529 3318 2680 3389 lan-

124 3410 252 3482 ceis
301 3412 533 3482 multo
581 3422 648 3481 et
695 3411 972 3503 longius
1029 3425 1095 3483 et
1141 3414 1450 3485 crassius
1498 3423 1700 3494 esset,
1753 3411 1872 3482 ille
1915 3410 2192 3482 cunctis
2236 3408 2679 3499 stupentibus

123 3502 437 3593 assurgit,
496 3512 566 3572 et
600 3500 850 3570 molem
886 3500 1076 3570 illam
1114 3515 1320 3590 atque
1368 3502 1646 3593 pondus
1694 3501 1922 3592 potius
1969 3521 2183 3588 quam
2231 3498 2568 3580 lanceam,
2603 3496 2672 3566 vi

121 3587 328 3686 multa
365 3590 803 3670 concutiens,
869 3590 1110 3679 procul
1172 3591 1472 3682 conjicit.
1537 3596 1688 3660 Mox
1734 3588 2063 3678 strepitus
2108 3599 2174 3657 et
2220 3586 2484 3657 clamor
2521 3607 2676 3688 om-

121 3694 304 3749 nium
354 3679 430 3749 in
485 3678 764 3748 laudem
817 3679 948 3750 viri
1005 3679 1269 3761 existit,
1331 3693 1397 3751 et
1445 3678 1991 3750 Flandrensibus
2056 3698 2136 3747 eo
2183 3676 2255 3745 in
2307 3675 2476 3746 ludo
2522 3696 2675 3744 sine

119 3763 253 3848 ullo
292 3767 613 3859 periculo
661 3767 945 3838 victoria
991 3767 1195 3838 cedit.
1232 3768 1592 3859 Ejusmodi
1624 3768 1698 3837 in
1745 3766 1929 3838 aulis
1973 3765 2177 3855 Regis
2225 3765 2484 3835 fiebant
2513 3784 2678 3832 con-

118 3851 553 3936 flictationes,
599 3857 759 3947 joco
787 3856 1069 3944 quidem
1102 3857 1301 3927 initio
1335 3870 1722 3947 susceptae,
1764 3855 1883 3926 sed
1923 3875 2252 3945 persaepe
2299 3853 2370 3921 in
2405 3852 2676 3952 luc-tum

118 3953 176 4011 et
220 3943 607 4016 homicidia
643 3945 1061 4016 desinentes
1101 3947 1295 4030 Quod
1346 3947 1530 4016 idem
1590 3944 1891 4036 profecto
1941 3943 2207 4012 levibus
2266 3940 2675 4040 hominibus

116 4042 177 4099 et
205 4047 451 4105 mutuo
504 4048 774 4105 tumore
813 4034 1072 4105 inflatis
1101 4034 1305 4105 facile
1332 4035 1539 4105 etiam
1577 4035 1690 4105 hic
1738 4032 2013 4103 evenire
2044 4029 2403 4122 potuisset,
2438 4050 2500 4098 sl
2533 4049 2676 4098 non

117 4115 300 4192 hunc
348 4123 603 4195 ludum
648 4123 749 4193 vir
793 4124 1067 4194 virtutis
1113 4123 1515 4212 Arnulphus
1552 4122 1971 4193 diremisset.

199 4211 236 4295 ἓ
282 4216 369 4284 4.
422 4217 597 4283 Cum
647 4212 915 4284 seniore
952 4234 1079 4284 suo
1126 4212 1483 4303 Arnulpho
1531 4210 2026 4282 Aldenardensi
2086 4206 2542 4297 quandoque,
2595 4215 2678 4277 ut

117 4299 354 4369 crebro
400 4300 709 4383 solebat,
761 4302 1249 4393 proficiscens,
1310 4301 1395 4372 ad
1446 4302 1573 4371 iter
1619 4300 2093 4372 arctissimum
2144 4297 2495 4388 pervenit,
2549 4295 2675 4365 ubi

119 4384 506 4484 plaustrum
559 4389 757 4462 foeno
803 4405 1130 4462 onustum
1168 4391 1316 4461 viae
1354 4390 1717 4481 angustias
1754 4409 2128 4479 occupans,
2167 4408 2444 4458 omnem
2480 4398 2674 4456 tran-

122 4484 330 4545 situm
364 4478 798 4569 prohibebat.
837 4485 1076 4571 Itaque
1121 4480 1328 4554 sociis
1366 4480 1517 4570 ejus
1566 4478 1703 4549 alio
1753 4502 1826 4552 se
1871 4477 2419 4559 conferentibuS,
2477 4473 2673 4546 solus
