3308 5004
779 356 909 424 596
1355 374 1453 421 ns.
1482 373 1541 422 s.
1591 325 1892 420 annotino
1939 367 2137 418 smsc.
2191 366 2554 419 nomene.
2919 347 3124 418 Ans.
3180 352 3251 416 24

692 480 816 549 per
861 458 1032 550 ejus·
1058 456 1425 528 dioecesim
1470 454 1848 528 multorum
1882 453 2015 524 late
2045 453 2301 544 sparsit
2329 475 2570 524 rumor
2595 464 2660 523 et
2688 451 3043 526 assertio?
3078 457 3253 536 Quo-

691 548 855 618 dam
885 561 1188 638 tempore
1221 545 1604 638 permultae
1634 565 1843 614 ranae
1874 542 2248 614 inconditis
2273 542 2557 613 vocibus
2588 541 2897 634 religiosi
2920 542 3254 613 antistitis

692 636 984 708 auribus
1030 634 1540 727 obstrepebant.
1589 633 1811 705 Jussit
1856 653 2020 723 ergo
2081 630 2402 705 sacerdos
2460 632 2621 713 Dei,
2685 644 2767 702 ut
2824 631 3254 702 conticesce·

694 736 871 808 rent,
925 746 1005 795 ac
1052 725 1503 796 reverentiam
1552 744 1791 795 sacrae
1835 721 2129 794 orationi
2176 719 2541 793 deferrent.
2576 726 2725 794 Mox
2770 719 3254 792 circumfusus

694 813 813 886 ille
856 814 1191 905 strepitus
1238 812 1690 902 conquiescit,
1743 811 2131 898 licebatque
2176 830 2458 881 cernere
2504 809 2795 901 paludes
2849 810 3161 892 tacitaS,
3203 824 3255 882 et

692 902 1123 975 irrationalia
1164 902 1555 974 animantia
1603 922 1726 991 per
1774 899 2222 970 reverentiam
2273 919 2666 990 agnoscere,
2722 898 2914 986 quod
2973 921 3118 989 per
3153 921 3251 969 na·

695 1006 921 1063 turam
971 992 1429 1083 ignorabant:
1482 1012 1640 1061 eum
1690 989 2001 1061 ediverso
2040 985 2230 1059 tanta
2261 987 2625 1060 hominum
2659 986 3134 1059 immodestia
3162 989 3246 1058 sit.

691 1092 771 1152 ut
818 1079 991 1170 pleri
1044 1103 1133 1152 ue
1179 1080 1445 1151 deferre
1492 1079 1807 1151 nesciant
1845 1076 2183 1149 mentium
2228 1076 2572 1167 religioni,
2606 1076 2790 1164 quod
2823 1076 3138 1148 aurium
3165 1100 3248 1146 vo·

692 1169 946 1260 luptati
1041 1169 1335 1239 eferunt.
1387 1169 1510 1240 His
1556 1180 1763 1257 atque
1817 1167 1975 1238 aliis
2042 1166 2405 1257 permultis
2462 1165 2820 1236 miraculis
2874 1166 3036 1236 insi
3145 1167 3248 1235 itus

684 1258 856 1329 licet
887 1258 1136 1329 Christi
1169 1257 1367 1328 miles
1395 1259 1637 1328 beatus
1669 1255 2061 1337 Amoenus,
2097 1256 2318 1326 nescit
2353 1267 2583 1327 tamen
2618 1254 2880 1323 inflari.
2924 1258 3018 1327 In
3055 1256 3248 1326 eriora

692 1346 886 1416 enim
935 1345 1352 1449 despiciens,
1393 1360 1820 1418 terrenorum
1852 1344 2292 1426 obliviscens,
2328 1343 2467 1415 alta
2503 1343 2858 1415 coelorum
2898 1355 3060 1416 tota
3093 1367 3248 1414 men·

700 1435 789 1506 tis
836 1435 1216 1506 intentione
1264 1435 1690 1517 desiderans,
1746 1456 2056 1536 pangens
2103 1455 2295 1503 nunc
2341 1432 2698 1513 castitatis,
2754 1454 2957 1503 nunc
3020 1447 3246 1521 tempe

703 1525 969 1595 rantiae
1015 1524 1360 1607 modulos,
1413 1525 1802 1597 sobrietatls
1847 1535 2153 1605 carmen,
2208 1522 2620 1614 integritatis
2660 1522 2910 1603 malm,
2950 1543 3151 1609 quae
3178 1543 3247 1593 re

702 1627 805 1683 tro
853 1625 1019 1684 sunt
1061 1614 1500 1697 obliviscens,
1552 1627 1618 1684 et
1664 1613 1751 1683 ad
1800 1613 2142 1684 anteriora
2202 1634 2275 1683 se
2325 1611 2722 1692 extendens,
2783 1609 3142 1683 tendebat
3189 1611 3246 1680 ad

704 1704 1026 1773 bravium
1077 1725 1420 1794 supernae
1466 1703 1871 1773 vocationis.

789 1794 827 1878 ἓ
879 1796 1042 1864 28.
1094 1797 1334 1880 Itaque
1381 1805 1533 1883 post
1580 1791 1936 1862 fundatam
1990 1790 2062 1861 in
2099 1788 2238 1860 fide
2276 1787 2676 1871 Ecclesiam,
2714 1800 2873 1878 post
2908 1787 3244 1860 doctrinas

702 1881 987 1960 fluenta,
1043 1893 1201 1971 post
1245 1892 1340 1951 tot
1385 1880 1746 1951 aedificata
1793 1880 2234 1960 monasteria,
2290 1891 2443 1968 post
2477 1876 3030 1965 tranquillatum
3076 1878 3246 1950 totius

707 1968 1035 2039 Franciae
1081 1990 1402 2060 regnum,
1452 1970 1700 2042 urbem
1751 1975 2065 2051 Romam,
2115 1979 2330 2058 caput
2366 1968 2555 2038 orbis
2592 1981 2657 2037 et
2689 1965 3150 2038 Christianae
3177 1989 3245 2035 re-

702 2056 987 2147 ligionis
1017 2112 1032 2139 ,
1089 2080 1298 2146 quam
1365 2058 1840 2150 Apostolorum
1905 2057 2255 2148 principes
2302 2055 2452 2126 silis
2495 2054 2916 2145 corporibus
2963 2068 3242 2127 ornant,

650 2167 653 2170 ·
690 2158 1093 2246 martyrum
1141 2157 1451 2218 catervae
1479 2148 1699 2218 sacris
1730 2147 2007 2219 ossibus
2046 2147 2398 2225 decorant,
2438 2144 2928 2237 pontificatum
2959 2145 3132 2246 ejus
3157 2167 3246 2215 ur-

701 2235 814 2305 bis
862 2245 1027 2305 tunc
1074 2236 1145 2305 in
1196 2258 1460 2307 annum
1510 2249 1835 2326 quartum
1876 2235 2227 2307 obtinente
2259 2234 2600 2305 Adebdato
2628 2238 2836 2324 Papa,
2884 2232 3102 2304 adire
3130 2247 3244 2303 tan·

704 2323 861 2394 dem
893 2325 1270 2395 constituit.
1307 2330 1617 2414 Cumque
1651 2326 1780 2396 hoc
1810 2324 2014 2415 longe
2046 2324 2317 2411 lateque
2348 2323 2532 2394 fama
2570 2322 2913 2413 vulgaret,
2951 2323 3240 2410 undique

702 2414 1127 2484 conveniunt
1172 2413 1259 2484 ad
1308 2415 1532 2485 virum
1567 2413 1686 2483 Dei
1715 2414 2067 2484 innumeri
2100 2412 2419 2483 homines
2449 2411 2777 2502 religiosi,
2823 2413 2991 2482 auri
3031 2432 3239 2504 argen—

704 2501 893 2591 tique
942 2502 1248 2594 pondera
1297 2502 1516 2575 multa
1561 2504 1623 2573 ei
1675 2504 2056 2584 afferenteS‚
2117 2502 2467 2591 simulque
2522 2502 3002 2584 obsecrantem,
3063 2515 3141 2571 ut
3179 2497 3236 2569 ad

703 2612 993 2681 corpora
1042 2605 1441 2663 sanctorum
1488 2592 1967 2684 Apostolorum
2015 2605 2082 2662 et
2155 2603 2534 2681 martyrum
2598 2612 2722 2680 pro
2783 2589 3240 2681 redemptione

703 2680 1098 2751 animarum
1151 2700 1466 2763 suarum,
1516 2703 1597 2752 ea
1644 2681 1896 2752 deferri
1952 2682 2203 2760 'ubeat,
2259 2692 2522 2771 partem
2567 2679 2776 2750 etiam
2830 2680 3246 2770 pauperibus

704 2767 848 2840 illic
896 2770 1044 2840 suis
1091 2771 1309 2842 sacris
1356 2771 1685 2841 manibus
1731 2770 1932 2841 distri
1985 2782 2124 2852 uat,
2170 2770 2189 2838 i
2246 2791 2496 2857 sosque
2527 2769 2675 2839 suis
2707 2768 3045 2859 precibus
3079 2769 3247 2838 Chri·

702 2870 808 2929 sto
856 2859 1316 2930 commendet.
1369 2859 1562 2931 nulii
1610 2860 1818 2931 etiam
1868 2859 2190 2930 venerabi
2217 2881 2293 2929 es
2341 2858 2468 2937 viri
2515 2870 2582 2926 et
2629 2860 2762 2927 Deo
2814 2856 3066 2937 devoti,
3123 2880 3250 2927 una

703 2967 865 3046 curn
916 2945 1035 3016 illo
1084 2935 1431 3037 proficisci
1466 2948 1601 3019 sibi
1633 2948 1840 3019 licere
1872 2949 2429 3039 gratulabantur.
2465 2952 2542 3016 In
2572 2945 2837 3034 quibus
2867 2958 3009 3016 erat
3044 2948 3113 3014 S.
3151 2946 3254 3015 Si·

703 3035 982 3116 domus,
1035 3058 1284 3126 genere
1332 3041 1597 3119 scotus,
1649 3050 1995 3108 extructor
2043 3037 2463 3119 monasterii,
2515 3034 2699 3122 quod
2737 3056 2927 3106 nunc
2960 3054 3080 3124 per
3111 3054 3256 3105 me·

672 3124 1116 3214 ‘tonymiam,
1152 3140 1468 3198 sanctum
1503 3127 1896 3208 Sidonium,
1940 3150 1981 3196 a
2035 3126 2316 3216 pellant.

795 3214 1004 3299 ξπ.
1042 3215 1349 3307 Stipatus
1377 3215 1594 3305 igitur
1623 3216 1727 3285 vir
1755 3220 1888 3286 Deo
1917 3215 1985 3285 di
2020 3227 2213 3286 ectus
2240 3226 2635 3286 sanctorum
2666 3213 3006 3283 comitum
3033 3211 3250 3285 turba

704 3300 1444 3392 eleemosynarumque
1476 3304 2076 3375 benedictionibus
2100 3316 2418 3382 onustus,
2458 3301 2545 3371 ad
2582 3301 2828 3373 limina
2859 3314 3254 3373 sanctorum

706 3391 1185 3480 Apostolorum
1239 3393 1505 3475 hilaris
1558 3407 1637 3465 ut
1672 3392 2024 3482 quondam
2063 3416 2181 3462 vas
2213 3390 2591 3472 electionis,
2628 3413 2792 3462 cum
2824 3391 3254 3463 diversarum

703 3479 1154 3551 ecclesiarum
1183 3482 1702 3573 benedictiones
1725 3483 1796 3551 in
1829 3482 2294 3552 ministerium
2332 3491 2725 3552 sanctorum
2760 3479 3251 3571 „lerosolymam

707 3581 1123 3661 apportaret,
1181 3572 1509 3660 pervenit.
1562 3571 1657 3642 Ad
1710 3570 2025 3661 singulas
2071 3582 2300 3641 autem
2349 3569 2831 3660 Apostolorum
2879 3583 2955 3640 et
3011 3581 3254 3659 marty·

707 3680 865 3729 rum
916 3660 1289 3729 memorias
1334 3682 1406 3731 se
1455 3672 1921 3749 prosternens,
1966 3672 2119 3730 vota
2151 3671 2217 3728 et
2248 3658 2791 3749 supplicationes
2833 3672 2980 3728 tarn
3023 3680 3250 3750 prose.

706 3769 914 3835 quam
969 3770 1093 3838 pro
1142 3747 1352 3819 totius
1398 3749 1741 3821 Ecclesiae
1773 3748 2176 3819 Catholicae
2224 3769 2413 3838 pace,
2465 3747 2737 3829 obtulit,
2783 3746 3151 3839 lacrymas
3179 3759 3254 3818 ta·

711 3858 897 3918 men,
952 3837 1238 3909 uberius
1326 3859 1486 3908 uam
1523 3839 1753 3920 verba,
1791 3836 2117 3908 fundens.
2159 3838 2592 3924 Ubicumque
2622 3837 2810 3907 enim
2853 3837 2928 3907 in
2964 3837 3254 3910 oration-2

707 3938 1093 4015 prostratus
1130 3859 1429 4017 jacebat,
1483 3928 1778 3998 flumina
1828 3927 1970 3997 laer
2024 3948 2294 3996 marum
2340 3927 2813 4016 pavimentum
2847 3925 3248 4018 irrigabant

708 4014 1016 4103 Denique
1061 4037 1222 4086 cum
1260 4016 1345 4087 ad
1385 4016 1565 4087 beati
1605 4018 1783 4087 Petri
1823 4037 1949 4086 con
1983 4017 2324 4086 essionem
2368 4015 2556 4085 hunc
2594 4036 2868 4085 versum
2903 4015 3252 4108 inciperet

706 4106 1131 4175 Exulcabunt
1155 4108 1374 4175 sancti
1406 4108 1478 4175 in
1504 4108 1774 4195 qloria:
1816 4104 2149 4176 divinitus
2190 4126 2602 4197 responsum
2638 4116 2768 4187 est,
2810 4105 3253 4177 Lamnum

710 4196 781 4292 in
829 4195 1156 4263 cubilibus
1199 4196 1364 4263 suis.
1419 4195 1549 4264 Sed
1589 4195 1749 4283 quis
1782 4215 2326 4265 commemorare
2360 4193 2680 4276 sufficiat,
2715 4204 2986 4281 quanta
3026 4193 3256 4267 libera·

712 4282 897 4352 litate
943 4294 1009 4351 et
1060 4283 1536 4354 munificentia
1577 4305 1698 4374 per
1736 4289 2084 4355 Romanas
2116 4283 2445 4357 ecclesias
2478 4295 2544 4353 et
2575 4296 2983 4354 sanctorum
3013 4302 3256 4357 meme

712 4371 851 4440 rias
903 4371 1220 4441 traditam
1274 4372 1409 4443 sibi
1457 4373 1829 4463 pecuniam
1879 4372 2359 4445 distribuerit?
2426 4370 2987 4449 Cumulabantur
3031 4371 3257 4444 altana

714 4472 1108 4530 sanctorum
1134 4481 1306 4532 auro
1329 4475 1395 4533 et
1415 4474 1722 4552 argento,
1751 4463 2052 4552 itemque
2074 4480 2463 4554 pauperum
2494 4482 2742 4534 manus
2768 4458 3252 4554 implebantur.
