3308 5004
691 307 819 371 632
884 322 890 330 ·
1286 323 1365 371 m:
1412 322 1471 371 s.
1521 320 1832 371 zunovrco
1877 321 2040 371 aasz
2085 321 2467 376 raucorum
2819 306 3022 371 AUG.
3065 307 3163 372 25

596 409 813 480 finem
843 407 1155 480 Octobris
1199 406 1288 477 ad
1338 408 1718 482 Damiatam
1759 430 1798 477 a
1856 406 2120 498 plicuit.
2172 407 2343 478 Inde
2373 408 2490 479 die
2525 407 2930 480 Novembris
2968 408 3168 479 vice-

598 497 803 579 simo,
835 503 972 568 Rex
1003 496 1413 579 Ludovicus,
1441 509 1578 566 tam
1614 517 1789 567 nava
1820 496 1845 566 i
1874 518 2081 585 quam
2118 497 2420 568 terrestri
2446 497 2746 569 exercitu
2771 497 3163 578 instructo,

596 585 835 657 relicta
858 585 1193 667 Damiata,
1231 596 1470 656 contra
1504 589 1881 656 Saracenos
1913 584 2149 668 movit,
2178 585 2303 673 qui
2334 598 2482 657 tum
2516 585 2704 688 apud
2736 591 3164 667 Masseram,

597 696 806 764 quam
837 672 1125 762 quidam
1157 673 1594 744 Pharamiam
1644 685 1912 755 vocant,
1965 673 2356 763 frequentes
2400 688 2890 747 convenerant.
2943 680 3035 744 In
3077 696 3168 745 eo

595 764 840 835 itinere
878 784 1015 833 non
1056 785 1307 852 parum
1338 761 1735 833 detrimenti
1781 761 2055 834 illatum
2108 775 2212 834 est
2251 765 2632 837 Saracenis.
2673 762 2935 833 Deinde
2982 786 3168 834 cum

600 864 877 923 ventum
911 863 1014 922 est
1049 851 1138 921 ad
1170 872 1479 942 pugnam
1530 850 1739 940 paulo
1767 863 1926 922 ante
1964 851 2212 923 Christi
2253 852 2550 924 natalem
2577 906 2599 934 ,
2647 851 2865 930 ,multi
2916 872 3008 922 ex
3055 853 3169 922 eis

598 940 781 1014 caesi
811 953 999 1023 sunt,
1051 939 1448 1031 complures
1501 939 1635 1010 Nili
1674 940 1876 1027 aquis
1920 941 2224 1011 extincti.
2276 945 2516 1012 Postea
2561 941 2984 1011 transmisso
3019 942 3168 1012 flu·

600 1030 788 1100 mine
817 1051 954 1100 non
995 1029 1146 1100 sine
1174 1029 1439 1120 ingenti
1474 1029 1805 1118 pericu10,
1846 1051 2091 1100 rursus
2123 1051 2284 1100 cum
2330 1031 2433 1100 eis
2479 1029 2850 1102 Christiani
2898 1031 3168 1100 confli-

598 1129 859 1210 gentes,
899 1117 1153 1188 multos
1200 1117 1659 1199 trucidarunt,
1713 1139 1936 1205 neque
1984 1118 2203 1200 sexui,
2248 1140 2471 1215 neque
2499 1119 2706 1190 aetati
2754 1131 3162 1208 parcentes.

598 1214 677 1279 At
706 1208 832 1279 ubi
866 1206 1190 1277 Saraceni
1218 1205 1613 1277 didicerunt
1640 1217 1910 1277 nostros
1935 1217 2186 1278 temere
2215 1207 2560 1298 progredi,
2598 1209 2977 1279 resumunt
3002 1210 3168 1278 ani·

601 1318 776 1377 mos,
811 1307 879 1367 et
905 1298 974 1366 in
1001 1295 1422 1367 Christianos
1453 1295 1719 1385 impetu
1743 1294 1944 1376 sacto,
1975 1317 2300 1387 magnam
2326 1296 2534 1367 etiam
2562 1295 2907 1368 nobilium
2930 1296 3168 1368 edunt

600 1397 924 1475 stragem,
963 1384 1033 1454 in
1065 1384 1323 1472 quibus
1353 1383 1487 1455 fuit
1510 1384 1850 1456 Robertus
1878 1384 2338 1457 ,atrebatensis
2370 1390 2630 1468 ComeS,
2673 1385 2890 1455 frater
2923 1386 3164 1457 Ludo·

598 1474 733 1544 vici
772 1474 999 1562 Regis.
1043 1471 1343 1544 Tandem
1385 1485 1611 1543 tamen
1653 1473 1910 1544 nostris
1935 1494 2017 1543 eo
2053 1472 2167 1544 die
2197 1474 2482 1546 victoria
2511 1475 2740 1546 cessit.

688 1565 726 1650 ἓ
770 1568 922 1636 18.
954 1562 1267 1640 Proxima
1317 1561 1495 1644 luce,
1528 1562 1819 1652 jubente
1850 1567 2056 1653 Rege,
2091 1561 2326 1653 plures
2361 1584 2400 1633 e
2432 1564 2840 1635 Christianis
2883 1566 3160 1634 flumen

599 1651 1034 1742 transgressi,
1088 1655 1586 1722 Saracenorum
1633 1662 2022 1722 everterunt
2051 1651 2435 1735 machinas,
2472 1665 2539 1723 et
2588 1664 2829 1743 pontes
2865 1652 3159 1724 navales

594 1740 1073 1821 instituerunt,
1126 1751 1202 1810 ut
1257 1752 1538 1830 possent
1584 1739 1804 1810 nostri
1849 1738 2051 1810 facile
2088 1740 2380 1812 fluvium
2443 1743 2762 1812 transire.
2818 1748 2977 1814 Non
3037 1742 3190 1832 diu,

593 1840 750 1918 post
797 1827 1166 1909 Saraceni,
1227 1827 1532 1898 collectis
1588 1828 1856 1899 viribus
1890 1882 1906 1909 ,
1969 1829 2163 1899 omni
2214 1851 2296 1899 ex
2351 1843 2541 1919 parte
2590 1830 2662 1899 in
2715 1830 3160 1902 Christianos

596 1938 877 1986 summa
924 1917 989 1985 vi
1042 1929 1109 1986 et
1164 1916 1600 1987 contentione
1656 1916 1979 1999 irruunt,
2032 1917 2152 1989 sed
2205 1939 2454 2008 magno
2507 1940 2800 1989 numero
2841 1933 3156 2011 proster-

596 2016 897 2076 nuntur..
937 2010 1093 2075 Post
1131 2003 1279 2076 dies
1311 2005 1575 2093 aliquot
1607 2006 1679 2075 in
1713 2017 2207 2076 castra-eorum
2249 2007 2433 2078 venit
2470 2006 2792 2078 Sulthani
2828 2008 3152 2101 Aegyptii

598 2093 787 2163 filius
822 2093 999 2184 (jam
1033 2093 1219 2163 enim
1250 2105 1444 2194 pater
1479 2093 1635 2182 ejus
1672 2093 1986 2183 obierat),
2027 2116 2206 2181 quae
2239 2116 2347 2165 res
2391 2096 2584 2167 auxit
2626 2097 2909 2168 animos
2959 2103 3153 2167 Sara-

599 2203 959 2253 cenorum.
1002 2186 1083 2253 At
1110 2182 1652 2253 Christianorum
1696 2204 1828 2265 res,
1862 2182 2132 2254 occulto
2161 2183 2278 2253 Dei
2315 2185 2811 2275 omnipotentis
2848 2186 3143 2276 judicio,

601 2270 972 2341 deteriores
1000 2269 1489 2354 reddebantur,
1542 2270 1783 2342 multis
1815 2293 2055 2342 eorum
2088 2272 2329 2343 morbo
2357 2272 2775 2365 absumptis,
2817 2275 2921 2344 ita
2958 2287 3037 2344 ut
3064 2295 3146 2343 ex

605 2359 1163 2450 trigintaduobus
1195 2360 1507 2431 millibus
1547 2360 1656 2430 vix
1707 2359 1927 2430 millia
1972 2381 2090 2431 sex
2134 2375 2596 2452 superessent.
2648 2367 2898 2453 Magna
2950 2363 3134 2432 enim

601 2461 1028 2520 commeatus
1089 2449 1380 2540 penuria
1440 2448 1895 2531 laborabant,
1945 2470 2073 2521 nec
2121 2450 2327 2541 pauci
2380 2449 2562 2521 fame
2606 2463 2675 2522 et
2729 2451 2949 2523 inedia
3003 2469 3121 2539 pe-

605 2538 804 2620 riere,
858 2538 1222 2608 Saracenis
1268 2539 1514 2609 itinera
1568 2537 2092 2621 obsidentibuS,
2139 2559 2227 2609 ne
2271 2551 2500 2628 posset
2535 2562 2577 2610 a
2617 2542 2912 2611 Damiata
2935 2558 3118 2607 com-

607 2638 869 2698 meatus
913 2626 1161 2697 advehi
1209 2627 1279 2696 in
1327 2640 1553 2699 castra
1602 2628 1833 2718 Regis.
1884 2632 1979 2698 Ea
2025 2650 2135 2700 res
2180 2629 2405 2718 coegit
2448 2650 2565 2699 eos
2616 2631 2983 2700 Damiatam
3015 2646 3115 2695 re·

604 2727 858 2806 petere.
911 2715 1031 2785 Die
1088 2716 1333 2804 quinto
1376 2715 1630 2807 Aprilis
1658 2770 1677 2799 ,
1727 2715 1870 2788 illis
1908 2716 2057 2805 jam
2116 2717 2764 2817 proficiscentibus,
2826 2713 3134 2788 Saraceni

512 2870 516 2875 .
601 2826 762 2874 cum
796 2804 1119 2876 maximis
1148 2805 1368 2895 copiis
1416 2806 1485 2875 in
1533 2826 1650 2875 eos
1681 2805 2071 2886 incurrunt,
2115 2805 2825 2895 ipsum‘Ludovicum
2852 2804 3143 2877 sanctis·

602 2894 858 2964 simum
895 2898 1147 2994 Regem
1180 2907 1247 2965 et
1284 2892 1461 2966 duos
1491 2893 1738 2966 fratres
1760 2894 1913 2984 eJus
1941 2893 2367 2984 Alphonsum
2404 2907 2471 2965 et
2499 2894 2825 2967 Carolum
2854 2894 3147 2985 capiunt

600 3003 759 3051 cum
810 2981 1053 3053 multis
1082 2981 1264 3063 aliis,
1308 3004 1563 3070 eosque
1593 2982 1670 3052 in
1697 3004 2009 3053 carceres
2041 2982 2448 3071 conjiciunt,
2502 2983 2722 3054 multo
2754 2982 2915 3055 fuso
2959 2982 3154 3053 Chri-

601 3070 983 3140 stianorum
1034 3091 1157 3140 san
1210 3071 1398 3153 uine,
1437 3076 1569 3142 Deo
1603 3069 1675 3141 id
1707 3069 2019 3141 fortassis
2063 3082 2338 3162 propter
2367 3071 2837 3160 quorumdam
3087 3083 3161 3141 ta

605 3158 1057 3248 permittente,
1089 3181 1168 3229 ve
1225 3160 1432 3231 etiam
1465 3173 1544 3231 ut
1573 3159 1874 3250 piissimi
1897 3160 2104 3250 Regis
2134 3159 2352 3232 virtus
2382 3172 2451 3231 et
2481 3161 2788 3251 patentia
2809 3159 2860 3230 il
2894 3162 3162 3234 ustrior

494 3294 499 3299 .
603 3268 641 3316 a
744 3258 989 3317 areret.

612 3346 615 3347 ’
650 3267 741 3422 βξ
769 3336 904 3409 12.
957 3340 1164 3406 Porro
1208 3349 1441 3409 autem
1477 3335 1993 3407 sceleratissimi
2033 3335 2135 3407 illi
2163 3348 2229 3408 et
2259 3336 2521 3427 impuri
2560 3337 2917 3419 Saraceni,
2963 3360 3164 3429 prae·

602 3436 703 3493 ter
745 3423 1205 3495 contumelias
1250 3426 1321 3495 in
1376 3424 1794 3495 salvatorem
1844 3436 2159 3496 nostrum
2199 3425 2519 3514 jactatas,
2580 3426 3002 3497 Christianis
3057 3429 3168 3498 in·

600 3513 1096 3602 spectantibuS,
1149 3513 1472 3586 Crucifixi
1502 3512 1800 3605 effigiem
1833 3513 2128 3604 flagellis
2158 3515 2628 3596 verberarunt,
2682 3527 2749 3584 et
2791 3537 2920 3605 per
2957 3538 3166 3586 sum-

599 3622 783 3670 mam
813 3601 1267 3693 ignominiam
1304 3602 1514 3693 impie
1536 3625 1691 3672 eam
1716 3615 2199 3693 conspuenteS,
2230 3602 2302 3673 in
2337 3604 2761 3675 Christianae
2791 3603 3172 3696 religionis

593 3687 896 3773 dedecus
946 3692 1241 3782 pedibus
1287 3691 1810 3762 conculcarunt.
1864 3696 2131 3762 Poterat
2177 3713 2345 3762 sane
2388 3691 2590 3763 facilc
2633 3691 2819 3762 elabi
2852 3700 3166 3767 sanctus

595 3783 757 3861 Rex,
786 3801 949 3851 cum
984 3780 1088 3850 illi
1122 3779 1210 3852 ad
1246 3801 1532 3851 manum
1565 3792 1745 3850 esset
1774 3780 1992 3861 navis,
2031 3779 2151 3850 sed
2181 3793 2427 3870 sponte
2459 3780 2602 3851 illis
2627 3802 2701 3852 se
2722 3781 3176 3871 capiendum

592 3867 866 3951 obtulit,
918 3882 996 3940 ut
1044 3882 1273 3959 posset
1318 3869 1623 3959 captivos
1666 3868 2124 3949 Christianos,
2176 3890 2474 3956 quorum
2523 3882 2669 3940 erat
2717 3870 2980 3971 ingens
3033 3893 3176 3943 tm-

596 3977 852 4040 merus,
906 3957 1268 4028 redimere.
1321 3958 1473 4058 Egit
1521 3969 1756 4048 postea
1801 3957 1989 4048 apud
2038 3962 2292 4048 Regem
2333 3957 2714 4029 Sultbanus
2747 3959 3174 4037 minacibu-

597 4045 824 4116 verbis
870 4046 956 4116 de
1005 4046 1435 4136 paciscendis
1482 4045 1812 4127 induciis,
1864 4045 1949 4115 de
1986 4045 2410 4117 restituenda
2443 4046 2778 4127 flamiam,
2818 4045 2908 4117 de
2953 4069 3176 4140 prte-

600 4133 863 4204 standis
908 4132 1187 4205 damnis
1234 4134 1753 4221 sarciendisque
1785 4134 2207 4224 sumptibus,
2252 4156 2429 4223 quos
2465 4133 2744 4219 fecisset
2781 4136 2936 4227 ipse
2971 4159 3026 4209 a
3053 4156 3176 4209 coe

602 4235 720 4312 pta
765 4222 1097 4294 Damiata.
1149 4222 1452 4293 Tandem
1500 4222 1712 4294 initae
1755 4235 1938 4293 sunt.
1966 4222 2290 4298 induciae
2333 4222 2773 4305 decennales‚
2829 4222 2946 4295 his
2995 4246 3180 4299 cen-

603 4308 1009 4393 ditionibuS,
1039 4324 1116 4383 ut
1142 4310 1522 4382 Sulthanus
1550 4317 1610 4383 R
1694 4332 1803 4382 em
1835 4311 2256 4383 Ludovicum
2290 4323 2358 4383 et
2386 4312 2697 4404 captivos
2723 4311 3182 4387 christiann-

609 4418 850 4468 omnes
901 4421 939 4470 e
998 4400 1147 4469 suis
1205 4333 1903 4473 ditionibusellberos
1964 4422 2007 4471 a
2069 4423 2144 4472 se
2205 4401 2551 4473 dimittat:
2633 4414 2711 4472 ut
2779 4400 3182 4487 Chriffl
