<?xml version="1.0" encoding="UTF-8"?>
<!DOCTYPE html PUBLIC "-//W3C//DTD XHTML 1.0 Transitional//EN"
    "http://www.w3.org/TR/xhtml1/DTD/xhtml1-transitional.dtd">
<html xmlns="http://www.w3.org/1999/xhtml" xml:lang="en" lang="en">
 <head>
  <title>
</title>
<meta http-equiv="Content-Type" content="text/html;charset=utf-8" />
  <meta name='ocr-system' content='tesseract 3.04.00' />
  <meta name='ocr-capabilities' content='ocr_page ocr_carea ocr_par ocr_line ocrx_word'/>
</head>
<body>
  <div class='ocr_page' id='page_1' title='image "./historiaeseuvit01lippgoog_0197.png"; bbox 0 0 3308 5004; ppageno 0'>
   <div class='ocr_carea' id='block_1_1' title="bbox 208 319 2640 390">
    <p class='ocr_par' dir='ltr' id='par_1_1' title="bbox 208 319 2640 390">
     <span class='ocr_line' id='line_1_1' title="bbox 208 319 2640 390; baseline 0.001 -5"><span class='ocrx_word' id='word_1_1' title='bbox 208 319 372 385; x_wconf 65' lang='grc' dir='ltr'>ΑΗΕ.</span> <span class='ocrx_word' id='word_1_2' title='bbox 425 319 466 383; x_wconf 90' lang='grc'><strong>6</strong></span> <span class='ocrx_word' id='word_1_3' title='bbox 980 337 1060 385; x_wconf 74' lang='lat' dir='ltr'>ns</span> <span class='ocrx_word' id='word_1_4' title='bbox 1105 336 1605 387; x_wconf 68' lang='lat' dir='ltr'>rmsrisuur.</span> <span class='ocrx_word' id='word_1_5' title='bbox 1659 336 1911 388; x_wconf 75' lang='lat' dir='ltr'>cnn1sr1</span> <span class='ocrx_word' id='word_1_6' title='bbox 2513 321 2640 390; x_wconf 73' lang='lat'>⁴83</span> 
     </span>
    </p>
   </div>
   <div class='ocr_carea' id='block_1_2' title="bbox 193 421 2727 702">
    <p class='ocr_par' dir='ltr' id='par_1_2' title="bbox 193 421 2727 702">
     <span class='ocr_line' id='line_1_2' title="bbox 200 421 2727 513; baseline 0.003 -23"><span class='ocrx_word' id='word_1_7' title='bbox 200 442 383 511; x_wconf 86' lang='lat' dir='ltr'>saepe</span> <span class='ocrx_word' id='word_1_8' title='bbox 421 421 949 492; x_wconf 78' lang='lat' dir='ltr'>subtercurrens</span> <span class='ocrx_word' id='word_1_9' title='bbox 995 422 1219 492; x_wconf 90' lang='lat' dir='ltr'>nubes</span> <span class='ocrx_word' id='word_1_10' title='bbox 1245 422 1682 513; x_wconf 82' lang='lat' dir='ltr'>splendorem</span> <span class='ocrx_word' id='word_1_11' title='bbox 1715 423 2017 506; x_wconf 81' lang='lat' dir='ltr'>discutit,</span> <span class='ocrx_word' id='word_1_12' title='bbox 2055 435 2122 494; x_wconf 89' lang='lat' dir='ltr'>et</span> <span class='ocrx_word' id='word_1_13' title='bbox 2157 422 2488 494; x_wconf 86' lang='lat' dir='ltr'>umbrosa</span> <span class='ocrx_word' id='word_1_14' title='bbox 2519 426 2727 497; x_wconf 87' lang='lat' dir='ltr'>arbor</span> 
     </span>
     <span class='ocr_line' id='line_1_3' title="bbox 200 509 2724 605; baseline 0.002 -27"><span class='ocrx_word' id='word_1_15' title='bbox 200 509 515 600; x_wconf 84' lang='lat' dir='ltr'>fulgorem</span> <span class='ocrx_word' id='word_1_16' title='bbox 568 511 908 600; x_wconf 83' lang='lat' dir='ltr'>prohibet,</span> <span class='ocrx_word' id='word_1_17' title='bbox 959 523 1025 582; x_wconf 90' lang='lat' dir='ltr'>et</span> <span class='ocrx_word' id='word_1_18' title='bbox 1074 533 1207 581; x_wconf 83' lang='lat' dir='ltr'>nox</span> <span class='ocrx_word' id='word_1_19' title='bbox 1253 511 1424 582; x_wconf 85' lang='lat' dir='ltr'>freta</span> <span class='ocrx_word' id='word_1_20' title='bbox 1484 510 1631 603; x_wconf 86' lang='lat' dir='ltr'>lege</span> <span class='ocrx_word' id='word_1_21' title='bbox 1686 513 1878 602; x_wconf 89' lang='lat' dir='ltr'>ejus,</span> <span class='ocrx_word' id='word_1_22' title='bbox 1928 513 2048 600; x_wconf 91' lang='lat' dir='ltr'>qui</span> <span class='ocrx_word' id='word_1_23' title='bbox 2112 533 2264 583; x_wconf 90' lang='lat' dir='ltr'>eam</span> <span class='ocrx_word' id='word_1_24' title='bbox 2320 513 2598 605; x_wconf 86' lang='lat' dir='ltr'>creavit,</span> <span class='ocrx_word' id='word_1_25' title='bbox 2652 515 2724 583; x_wconf 92' lang='lat' dir='ltr'>in</span> 
     </span>
     <span class='ocr_line' id='line_1_4' title="bbox 193 597 2725 702; baseline 0.002 -34"><span class='ocrx_word' id='word_1_26' title='bbox 193 597 588 686; x_wconf 78' lang='lat' dir='ltr'>aequilibrio</span> <span class='ocrx_word' id='word_1_27' title='bbox 619 613 895 689; x_wconf 91' lang='lat' dir='ltr'>tempus</span> <span class='ocrx_word' id='word_1_28' title='bbox 940 621 1101 670; x_wconf 92' lang='lat' dir='ltr'>cum</span> <span class='ocrx_word' id='word_1_29' title='bbox 1152 600 1305 671; x_wconf 90' lang='lat' dir='ltr'>Sole</span> <span class='ocrx_word' id='word_1_30' title='bbox 1338 601 1654 702; x_wconf 84' lang='lat' dir='ltr'>partitur.</span> <span class='ocrx_word' id='word_1_31' title='bbox 1709 601 2045 684; x_wconf 78' lang='lat' dir='ltr'>Quoniam</span> <span class='ocrx_word' id='word_1_32' title='bbox 2095 602 2283 672; x_wconf 90' lang='lat' dir='ltr'>enim</span> <span class='ocrx_word' id='word_1_33' title='bbox 2311 602 2447 671; x_wconf 87' lang='lat' dir='ltr'>vita</span> <span class='ocrx_word' id='word_1_34' title='bbox 2497 603 2725 672; x_wconf 91' lang='lat' dir='ltr'>homi—</span> 
     </span>
    </p>
   </div>
   <div class='ocr_carea' id='block_1_3' title="bbox 196 687 2834 782">
    <p class='ocr_par' dir='ltr' id='par_1_3' title="bbox 196 687 2834 782">
     <span class='ocr_line' id='line_1_5' title="bbox 196 687 2834 782; baseline 0.002 -26"><span class='ocrx_word' id='word_1_35' title='bbox 196 709 349 757; x_wconf 88' lang='lat' dir='ltr'>num</span> <span class='ocrx_word' id='word_1_36' title='bbox 381 700 484 759; x_wconf 88' lang='lat' dir='ltr'>est</span> <span class='ocrx_word' id='word_1_37' title='bbox 520 702 585 757; x_wconf 93' lang='lat' dir='ltr'>et</span> <span class='ocrx_word' id='word_1_38' title='bbox 635 687 996 770; x_wconf 87' lang='lat' dir='ltr'>laboriosa,</span> <span class='ocrx_word' id='word_1_39' title='bbox 1034 700 1099 759; x_wconf 91' lang='lat' dir='ltr'>et</span> <span class='ocrx_word' id='word_1_40' title='bbox 1144 691 1642 780; x_wconf 79' lang='lat' dir='ltr'>constringitur</span> <span class='ocrx_word' id='word_1_41' title='bbox 1688 688 2081 761; x_wconf 81' lang='lat' dir='ltr'>laboribus:</span> <span class='ocrx_word' id='word_1_42' title='bbox 2137 705 2495 782; x_wconf 89' lang='lat' dir='ltr'>propterea</span> <span class='ocrx_word' id='word_1_43' title='bbox 2539 691 2725 761; x_wconf 91' lang='lat' dir='ltr'>diem</span> <span class='ocrx_word' id='word_1_44' title='bbox 2831 703 2834 706; x_wconf 82' lang='grc'><strong>’</strong></span> 
     </span>
    </p>
   </div>
   <div class='ocr_carea' id='block_1_4' title="bbox 172 776 2731 4511">
    <p class='ocr_par' dir='ltr' id='par_1_4' title="bbox 193 776 2726 1136">
     <span class='ocr_line' id='line_1_6' title="bbox 238 776 2724 869; baseline 0.002 -23"><span class='ocrx_word' id='word_1_45' title='bbox 238 776 460 846; x_wconf 91' lang='lat' dir='ltr'>uidem</span> <span class='ocrx_word' id='word_1_46' title='bbox 509 776 811 847; x_wconf 86' lang='lat' dir='ltr'>extendit</span> <span class='ocrx_word' id='word_1_47' title='bbox 857 782 1130 848; x_wconf 79' lang='lat' dir='ltr'>Creator</span> <span class='ocrx_word' id='word_1_48' title='bbox 1160 778 1244 847; x_wconf 91' lang='lat' dir='ltr'>ad</span> <span class='ocrx_word' id='word_1_49' title='bbox 1281 777 1753 869; x_wconf 86' lang='lat' dir='ltr'>operandum:</span> <span class='ocrx_word' id='word_1_50' title='bbox 1810 800 1941 850; x_wconf 83' lang='lat' dir='ltr'>nox</span> <span class='ocrx_word' id='word_1_51' title='bbox 1975 792 2203 849; x_wconf 91' lang='lat' dir='ltr'>autem</span> <span class='ocrx_word' id='word_1_52' title='bbox 2248 780 2628 849; x_wconf 88' lang='lat' dir='ltr'>adventans</span> <span class='ocrx_word' id='word_1_53' title='bbox 2658 793 2724 850; x_wconf 90' lang='lat' dir='ltr'>et</span> 
     </span>
     <span class='ocr_line' id='line_1_7' title="bbox 193 798 2726 956; baseline 0.002 -23"><span class='ocrx_word' id='word_1_54' title='bbox 193 798 486 935; x_wconf 51' lang='lat' dir='ltr'>defessos</span> <span class='ocrx_word' id='word_1_55' title='bbox 522 866 902 947; x_wconf 78' lang='lat' dir='ltr'>invenienS,</span> <span class='ocrx_word' id='word_1_56' title='bbox 955 888 1070 937; x_wconf 91' lang='lat' dir='ltr'>eos</span> <span class='ocrx_word' id='word_1_57' title='bbox 1121 866 1327 936; x_wconf 80' lang='lat' dir='ltr'>tradit</span> <span class='ocrx_word' id='word_1_58' title='bbox 1360 867 1531 938; x_wconf 88' lang='lat' dir='ltr'>lecto</span> <span class='ocrx_word' id='word_1_59' title='bbox 1572 865 2032 950; x_wconf 68' lang='lat' dir='ltr'>relaxationis»,</span> <span class='ocrx_word' id='word_1_60' title='bbox 2089 870 2398 938; x_wconf 90' lang='lat' dir='ltr'>membra</span> <span class='ocrx_word' id='word_1_61' title='bbox 2444 868 2726 956; x_wconf 89' lang='lat' dir='ltr'>quidem</span> 
     </span>
     <span class='ocr_line' id='line_1_8' title="bbox 198 952 2725 1049; baseline 0.001 -26"><span class='ocrx_word' id='word_1_62' title='bbox 198 976 426 1024; x_wconf 90' lang='lat' dir='ltr'>somno</span> <span class='ocrx_word' id='word_1_63' title='bbox 458 952 755 1037; x_wconf 79' lang='lat' dir='ltr'>solvens,</span> <span class='ocrx_word' id='word_1_64' title='bbox 793 955 970 1025; x_wconf 92' lang='lat' dir='ltr'>dans</span> <span class='ocrx_word' id='word_1_65' title='bbox 1016 968 1246 1026; x_wconf 86' lang='lat' dir='ltr'>autem</span> <span class='ocrx_word' id='word_1_66' title='bbox 1312 971 1596 1028; x_wconf 90' lang='lat' dir='ltr'>naturae</span> <span class='ocrx_word' id='word_1_67' title='bbox 1651 956 2092 1047; x_wconf 86' lang='lat' dir='ltr'>praefinitum</span> <span class='ocrx_word' id='word_1_68' title='bbox 2151 970 2425 1049; x_wconf 90' lang='lat' dir='ltr'>tempus</span> <span class='ocrx_word' id='word_1_69' title='bbox 2474 957 2725 1027; x_wconf 84' lang='lat' dir='ltr'>virium</span> 
     </span>
     <span class='ocr_line' id='line_1_9' title="bbox 202 1043 1142 1136; baseline 0.003 -24"><span class='ocrx_word' id='word_1_70' title='bbox 202 1043 514 1132; x_wconf 89' lang='lat' dir='ltr'>paulatim</span> <span class='ocrx_word' id='word_1_71' title='bbox 568 1044 1142 1136; x_wconf 83' lang='lat' dir='ltr'>colligendarum.</span> 
     </span>
    </p>

    <p class='ocr_par' dir='ltr' id='par_1_5' title="bbox 173 1133 2728 3355">
     <span class='ocr_line' id='line_1_10' title="bbox 273 1133 2725 1225; baseline -0 -21"><span class='ocrx_word' id='word_1_72' title='bbox 273 1134 307 1218; x_wconf 70' lang='grc' dir='ltr'>ξ</span> <span class='ocrx_word' id='word_1_73' title='bbox 356 1139 445 1204; x_wconf 64' lang='lat'>2.</span> <span class='ocrx_word' id='word_1_74' title='bbox 500 1138 745 1225; x_wconf 78' lang='lat' dir='ltr'>Magna</span> <span class='ocrx_word' id='word_1_75' title='bbox 783 1147 885 1205; x_wconf 91' lang='lat' dir='ltr'>est</span> <span class='ocrx_word' id='word_1_76' title='bbox 915 1134 1148 1225; x_wconf 93' lang='lat' dir='ltr'>igitur,</span> <span class='ocrx_word' id='word_1_77' title='bbox 1184 1145 1261 1204; x_wconf 92' lang='lat' dir='ltr'>ut</span> <span class='ocrx_word' id='word_1_78' title='bbox 1288 1133 1455 1214; x_wconf 86' lang='lat' dir='ltr'>dixi,</span> <span class='ocrx_word' id='word_1_79' title='bbox 1491 1146 1558 1204; x_wconf 91' lang='lat' dir='ltr'>et</span> <span class='ocrx_word' id='word_1_80' title='bbox 1585 1133 1952 1224; x_wconf 90' lang='lat' dir='ltr'>splendida</span> <span class='ocrx_word' id='word_1_81' title='bbox 1994 1133 2110 1204; x_wconf 86' lang='lat' dir='ltr'>lux</span> <span class='ocrx_word' id='word_1_82' title='bbox 2146 1133 2345 1217; x_wconf 86' lang='lat' dir='ltr'>Solis,</span> <span class='ocrx_word' id='word_1_83' title='bbox 2387 1133 2502 1204; x_wconf 89' lang='lat' dir='ltr'>sed</span> <span class='ocrx_word' id='word_1_84' title='bbox 2547 1155 2725 1222; x_wconf 88' lang='lat' dir='ltr'>quae</span> 
     </span>
     <span class='ocr_line' id='line_1_11' title="bbox 194 1221 2726 1314; baseline 0.002 -26"><span class='ocrx_word' id='word_1_85' title='bbox 194 1221 425 1291; x_wconf 90' lang='lat' dir='ltr'>usibus</span> <span class='ocrx_word' id='word_1_86' title='bbox 473 1221 696 1292; x_wconf 89' lang='lat' dir='ltr'>solum</span> <span class='ocrx_word' id='word_1_87' title='bbox 746 1222 1110 1293; x_wconf 90' lang='lat' dir='ltr'>hominum</span> <span class='ocrx_word' id='word_1_88' title='bbox 1155 1222 1429 1309; x_wconf 90' lang='lat' dir='ltr'>aequali</span> <span class='ocrx_word' id='word_1_89' title='bbox 1476 1223 1845 1314; x_wconf 83' lang='lat' dir='ltr'>respondet</span> <span class='ocrx_word' id='word_1_90' title='bbox 1905 1224 2368 1313; x_wconf 85' lang='lat' dir='ltr'>proportione.</span> <span class='ocrx_word' id='word_1_91' title='bbox 2425 1228 2566 1294; x_wconf 88' lang='lat' dir='ltr'>Non</span> <span class='ocrx_word' id='word_1_92' title='bbox 2620 1235 2726 1293; x_wconf 87' lang='lat' dir='ltr'>est</span> 
     </span>
     <span class='ocr_line' id='line_1_12' title="bbox 193 1310 2721 1401; baseline 0.002 -24"><span class='ocrx_word' id='word_1_93' title='bbox 193 1322 408 1379; x_wconf 89' lang='lat' dir='ltr'>autem</span> <span class='ocrx_word' id='word_1_94' title='bbox 442 1310 845 1401; x_wconf 89' lang='lat' dir='ltr'>hujusmodi</span> <span class='ocrx_word' id='word_1_95' title='bbox 883 1311 997 1381; x_wconf 86' lang='lat' dir='ltr'>lux</span> <span class='ocrx_word' id='word_1_96' title='bbox 1038 1311 1332 1381; x_wconf 90' lang='lat' dir='ltr'>Domini.</span> <span class='ocrx_word' id='word_1_97' title='bbox 1369 1316 1510 1382; x_wconf 90' lang='lat' dir='ltr'>Non</span> <span class='ocrx_word' id='word_1_98' title='bbox 1556 1326 1659 1382; x_wconf 89' lang='lat' dir='ltr'>est</span> <span class='ocrx_word' id='word_1_99' title='bbox 1688 1312 1872 1382; x_wconf 88' lang='lat' dir='ltr'>enim</span> <span class='ocrx_word' id='word_1_100' title='bbox 1909 1312 2036 1393; x_wconf 80' lang='lat' dir='ltr'>faS,</span> <span class='ocrx_word' id='word_1_101' title='bbox 2071 1324 2367 1382; x_wconf 90' lang='lat' dir='ltr'>creatam</span> <span class='ocrx_word' id='word_1_102' title='bbox 2406 1326 2721 1382; x_wconf 87' lang='lat' dir='ltr'>naturam</span> 
     </span>
     <span class='ocr_line' id='line_1_13' title="bbox 190 1397 2725 1488; baseline 0.002 -23"><span class='ocrx_word' id='word_1_103' title='bbox 190 1397 488 1469; x_wconf 86' lang='lat' dir='ltr'>conferre</span> <span class='ocrx_word' id='word_1_104' title='bbox 518 1419 680 1469; x_wconf 90' lang='lat' dir='ltr'>cum</span> <span class='ocrx_word' id='word_1_105' title='bbox 732 1405 1062 1470; x_wconf 90' lang='lat' dir='ltr'>Creatore.</span> <span class='ocrx_word' id='word_1_106' title='bbox 1110 1405 1335 1488; x_wconf 90' lang='lat' dir='ltr'>Neque</span> <span class='ocrx_word' id='word_1_107' title='bbox 1381 1401 1566 1469; x_wconf 89' lang='lat' dir='ltr'>enim</span> <span class='ocrx_word' id='word_1_108' title='bbox 1618 1421 1701 1470; x_wconf 83' lang='lat' dir='ltr'>ex</span> <span class='ocrx_word' id='word_1_109' title='bbox 1749 1400 2113 1472; x_wconf 90' lang='lat' dir='ltr'>collatione</span> <span class='ocrx_word' id='word_1_110' title='bbox 2160 1401 2508 1473; x_wconf 89' lang='lat' dir='ltr'>radiorum</span> <span class='ocrx_word' id='word_1_111' title='bbox 2561 1399 2725 1474; x_wconf 83' lang='lat' dir='ltr'>solis</span> 
     </span>
     <span class='ocr_line' id='line_1_14' title="bbox 195 1484 2725 1576; baseline 0.001 -22"><span class='ocrx_word' id='word_1_112' title='bbox 195 1484 580 1569; x_wconf 88' lang='lat' dir='ltr'>honoratur,</span> <span class='ocrx_word' id='word_1_113' title='bbox 636 1510 856 1576; x_wconf 90' lang='lat' dir='ltr'>neque</span> <span class='ocrx_word' id='word_1_114' title='bbox 896 1490 1113 1560; x_wconf 91' lang='lat' dir='ltr'>noctis</span> <span class='ocrx_word' id='word_1_115' title='bbox 1145 1490 1579 1559; x_wconf 81' lang='lat' dir='ltr'>successione</span> <span class='ocrx_word' id='word_1_116' title='bbox 1626 1489 2055 1560; x_wconf 89' lang='lat' dir='ltr'>occultatur:</span> <span class='ocrx_word' id='word_1_117' title='bbox 2095 1491 2209 1560; x_wconf 92' lang='lat' dir='ltr'>sed</span> <span class='ocrx_word' id='word_1_118' title='bbox 2244 1512 2323 1560; x_wconf 90' lang='lat' dir='ltr'>ea</span> <span class='ocrx_word' id='word_1_119' title='bbox 2369 1501 2471 1560; x_wconf 91' lang='lat' dir='ltr'>est</span> <span class='ocrx_word' id='word_1_120' title='bbox 2499 1488 2725 1559; x_wconf 89' lang='lat' dir='ltr'>homi-</span> 
     </span>
     <span class='ocr_line' id='line_1_15' title="bbox 193 1575 2726 1672; baseline 0.001 -29"><span class='ocrx_word' id='word_1_121' title='bbox 193 1575 389 1672; x_wconf 76' lang='lat' dir='ltr'>nibus</span> <span class='ocrx_word' id='word_1_122' title='bbox 438 1576 896 1660; x_wconf 79' lang='lat' dir='ltr'>admirabiliS,</span> <span class='ocrx_word' id='word_1_123' title='bbox 940 1591 1005 1648; x_wconf 92' lang='lat' dir='ltr'>et</span> <span class='ocrx_word' id='word_1_124' title='bbox 1053 1578 1325 1669; x_wconf 79' lang='lat' dir='ltr'>Angelis</span> <span class='ocrx_word' id='word_1_125' title='bbox 1356 1577 1443 1647; x_wconf 93' lang='lat' dir='ltr'>ad</span> <span class='ocrx_word' id='word_1_126' title='bbox 1477 1599 1626 1647; x_wconf 90' lang='lat' dir='ltr'>eam</span> <span class='ocrx_word' id='word_1_127' title='bbox 1681 1599 1814 1647; x_wconf 89' lang='lat' dir='ltr'>non</span> <span class='ocrx_word' id='word_1_128' title='bbox 1863 1591 2046 1670; x_wconf 91' lang='lat' dir='ltr'>patet</span> <span class='ocrx_word' id='word_1_129' title='bbox 2082 1578 2337 1649; x_wconf 89' lang='lat' dir='ltr'>aditus.</span> <span class='ocrx_word' id='word_1_130' title='bbox 2383 1583 2524 1648; x_wconf 87' lang='lat' dir='ltr'>Hac</span> <span class='ocrx_word' id='word_1_131' title='bbox 2571 1576 2726 1647; x_wconf 90' lang='lat' dir='ltr'>luce</span> 
     </span>
     <span class='ocr_line' id='line_1_16' title="bbox 192 1664 2726 1758; baseline 0.002 -28"><span class='ocrx_word' id='word_1_132' title='bbox 192 1664 472 1734; x_wconf 78' lang='lat' dir='ltr'>indutus</span> <span class='ocrx_word' id='word_1_133' title='bbox 501 1666 811 1736; x_wconf 84' lang='lat' dir='ltr'>Christus</span> <span class='ocrx_word' id='word_1_134' title='bbox 844 1666 1199 1746; x_wconf 79' lang='lat' dir='ltr'>Dominus,</span> <span class='ocrx_word' id='word_1_135' title='bbox 1254 1679 1603 1753; x_wconf 87' lang='lat' dir='ltr'>tamquam</span> <span class='ocrx_word' id='word_1_136' title='bbox 1657 1668 2065 1757; x_wconf 86' lang='lat' dir='ltr'>trophaeum</span> <span class='ocrx_word' id='word_1_137' title='bbox 2120 1681 2418 1758; x_wconf 84' lang='lat' dir='ltr'>gestans,</span> <span class='ocrx_word' id='word_1_138' title='bbox 2461 1665 2644 1736; x_wconf 88' lang='lat' dir='ltr'>venit</span> <span class='ocrx_word' id='word_1_139' title='bbox 2688 1687 2726 1736; x_wconf 91' lang='lat' dir='ltr'>e</span> 
     </span>
     <span class='ocr_line' id='line_1_17' title="bbox 186 1753 2727 1826; baseline 0.002 -7"><span class='ocrx_word' id='word_1_140' title='bbox 186 1753 366 1824; x_wconf 88' lang='lat' dir='ltr'>coelo</span> <span class='ocrx_word' id='word_1_141' title='bbox 435 1755 499 1822; x_wconf 94' lang='lat' dir='ltr'>in</span> <span class='ocrx_word' id='word_1_142' title='bbox 566 1756 869 1825; x_wconf 88' lang='lat' dir='ltr'>secundo</span> <span class='ocrx_word' id='word_1_143' title='bbox 929 1777 1055 1826; x_wconf 90' lang='lat' dir='ltr'>suo</span> <span class='ocrx_word' id='word_1_144' title='bbox 1101 1755 1403 1826; x_wconf 84' lang='lat' dir='ltr'>adventu</span> <span class='ocrx_word' id='word_1_145' title='bbox 1447 1755 1532 1824; x_wconf 91' lang='lat' dir='ltr'>ad</span> <span class='ocrx_word' id='word_1_146' title='bbox 1583 1756 1925 1826; x_wconf 81' lang='lat' dir='ltr'>homines,</span> <span class='ocrx_word' id='word_1_147' title='bbox 1990 1761 2180 1826; x_wconf 91' lang='lat' dir='ltr'>Tunc</span> <span class='ocrx_word' id='word_1_148' title='bbox 2228 1757 2413 1825; x_wconf 91' lang='lat' dir='ltr'>enim</span> <span class='ocrx_word' id='word_1_149' title='bbox 2464 1767 2727 1825; x_wconf 89' lang='lat' dir='ltr'>mutata</span> 
     </span>
     <span class='ocr_line' id='line_1_18' title="bbox 188 1838 2727 1936; baseline 0.001 -27"><span class='ocrx_word' id='word_1_150' title='bbox 188 1838 341 1911; x_wconf 87' lang='lat' dir='ltr'>belli</span> <span class='ocrx_word' id='word_1_151' title='bbox 374 1843 628 1933; x_wconf 76' lang='lat' dir='ltr'>figura,</span> <span class='ocrx_word' id='word_1_152' title='bbox 671 1857 851 1914; x_wconf 87' lang='lat' dir='ltr'>veste</span> <span class='ocrx_word' id='word_1_153' title='bbox 884 1844 1158 1915; x_wconf 88' lang='lat' dir='ltr'>victoris</span> <span class='ocrx_word' id='word_1_154' title='bbox 1204 1844 1541 1918; x_wconf 85' lang='lat' dir='ltr'>induitur.</span> <span class='ocrx_word' id='word_1_155' title='bbox 1597 1846 1707 1914; x_wconf 91' lang='lat' dir='ltr'>Sic</span> <span class='ocrx_word' id='word_1_156' title='bbox 1754 1849 1936 1914; x_wconf 90' lang='lat' dir='ltr'>enim</span> <span class='ocrx_word' id='word_1_157' title='bbox 1981 1844 2149 1915; x_wconf 88' lang='lat' dir='ltr'>dicit</span> <span class='ocrx_word' id='word_1_158' title='bbox 2196 1844 2552 1936; x_wconf 89' lang='lat' dir='ltr'>Propheta,</span> <span class='ocrx_word' id='word_1_159' title='bbox 2606 1843 2727 1912; x_wconf 89' lang='lat' dir='ltr'>de-</span> 
     </span>
     <span class='ocr_line' id='line_1_19' title="bbox 182 1931 2727 2023; baseline 0.002 -25"><span class='ocrx_word' id='word_1_160' title='bbox 182 1932 496 2002; x_wconf 86' lang='lat' dir='ltr'>scribens</span> <span class='ocrx_word' id='word_1_161' title='bbox 544 1931 705 2002; x_wconf 92' lang='lat' dir='ltr'>belli</span> <span class='ocrx_word' id='word_1_162' title='bbox 756 1933 1102 2023; x_wconf 86' lang='lat' dir='ltr'>figuram:</span> <span class='ocrx_word' id='word_1_163' title='bbox 1170 1938 1393 2017; x_wconf 83' lang='lat' dir='ltr'>Quare</span> <span class='ocrx_word' id='word_1_164' title='bbox 1441 1947 1604 2003; x_wconf 91' lang='lat' dir='ltr'>sunt</span> <span class='ocrx_word' id='word_1_165' title='bbox 1652 1934 1864 2004; x_wconf 90' lang='lat' dir='ltr'>rubra</span> <span class='ocrx_word' id='word_1_166' title='bbox 1912 1935 2312 2004; x_wconf 83' lang='lat' dir='ltr'>vestimenta</span> <span class='ocrx_word' id='word_1_167' title='bbox 2380 1931 2552 2002; x_wconf 74' lang='lat' dir='ltr'>tua?</span> <span class='ocrx_word' id='word_1_168' title='bbox 2600 1938 2727 2002; x_wconf 77' lang='lat' dir='ltr'>Jus</span> 
     </span>
     <span class='ocr_line' id='line_1_20' title="bbox 185 2019 2723 2123; baseline 0.002 -38"><span class='ocrx_word' id='word_1_169' title='bbox 185 2020 362 2089; x_wconf 90' lang='lat' dir='ltr'>enim</span> <span class='ocrx_word' id='word_1_170' title='bbox 418 2019 581 2090; x_wconf 88' lang='lat' dir='ltr'>belli</span> <span class='ocrx_word' id='word_1_171' title='bbox 630 2022 804 2123; x_wconf 80' lang='lat' dir='ltr'>ejus,</span> <span class='ocrx_word' id='word_1_172' title='bbox 857 2022 976 2108; x_wconf 89' lang='lat' dir='ltr'>qui</span> <span class='ocrx_word' id='word_1_173' title='bbox 1029 2021 1286 2093; x_wconf 90' lang='lat' dir='ltr'>bellum</span> <span class='ocrx_word' id='word_1_174' title='bbox 1346 2022 1540 2114; x_wconf 85' lang='lat' dir='ltr'>gerit,</span> <span class='ocrx_word' id='word_1_175' title='bbox 1598 2035 1847 2093; x_wconf 86' lang='lat' dir='ltr'>vestem</span> <span class='ocrx_word' id='word_1_176' title='bbox 1912 2023 2316 2093; x_wconf 80' lang='lat' dir='ltr'>cruentavit.</span> <span class='ocrx_word' id='word_1_177' title='bbox 2384 2020 2723 2105; x_wconf 83' lang='lat' dir='ltr'>Quoniam</span> 
     </span>
     <span class='ocr_line' id='line_1_21' title="bbox 180 2108 2725 2206; baseline 0.003 -31"><span class='ocrx_word' id='word_1_178' title='bbox 180 2108 358 2206; x_wconf 77' lang='lat' dir='ltr'>enim</span> <span class='ocrx_word' id='word_1_179' title='bbox 398 2115 536 2179; x_wconf 86' lang='lat' dir='ltr'>Deo</span> <span class='ocrx_word' id='word_1_180' title='bbox 566 2122 772 2181; x_wconf 80' lang='lat' dir='ltr'>totius</span> <span class='ocrx_word' id='word_1_181' title='bbox 803 2111 914 2180; x_wconf 90' lang='lat' dir='ltr'>sui</span> <span class='ocrx_word' id='word_1_182' title='bbox 948 2111 1219 2181; x_wconf 88' lang='lat' dir='ltr'>consilii</span> <span class='ocrx_word' id='word_1_183' title='bbox 1267 2123 1332 2180; x_wconf 90' lang='lat' dir='ltr'>et</span> <span class='ocrx_word' id='word_1_184' title='bbox 1378 2112 1815 2182; x_wconf 90' lang='lat' dir='ltr'>oeconomiae</span> <span class='ocrx_word' id='word_1_185' title='bbox 1851 2111 1909 2180; x_wconf 93' lang='lat' dir='ltr'>is</span> <span class='ocrx_word' id='word_1_186' title='bbox 1941 2124 2042 2181; x_wconf 87' lang='lat' dir='ltr'>est</span> <span class='ocrx_word' id='word_1_187' title='bbox 2081 2132 2357 2200; x_wconf 91' lang='lat' dir='ltr'>scopus,</span> <span class='ocrx_word' id='word_1_188' title='bbox 2414 2111 2535 2198; x_wconf 90' lang='lat' dir='ltr'>qui</span> <span class='ocrx_word' id='word_1_189' title='bbox 2574 2111 2725 2198; x_wconf 91' lang='lat' dir='ltr'>ejus</span> 
     </span>
     <span class='ocr_line' id='line_1_22' title="bbox 186 2198 2727 2290; baseline 0.004 -29"><span class='ocrx_word' id='word_1_190' title='bbox 186 2215 249 2262; x_wconf 84' lang='grc' dir='ltr'>ιη</span> <span class='ocrx_word' id='word_1_191' title='bbox 301 2198 619 2270; x_wconf 86' lang='lat' dir='ltr'>homines</span> <span class='ocrx_word' id='word_1_192' title='bbox 657 2198 959 2268; x_wconf 87' lang='lat' dir='ltr'>declaret</span> <span class='ocrx_word' id='word_1_193' title='bbox 1004 2200 1161 2270; x_wconf 90' lang='lat' dir='ltr'>beni</span> <span class='ocrx_word' id='word_1_194' title='bbox 1218 2201 1523 2280; x_wconf 88' lang='lat' dir='ltr'>nitatem,</span> <span class='ocrx_word' id='word_1_195' title='bbox 1590 2201 1777 2270; x_wconf 81' lang='lat' dir='ltr'>varie</span> <span class='ocrx_word' id='word_1_196' title='bbox 1825 2200 2091 2290; x_wconf 86' lang='lat' dir='ltr'>perficit</span> <span class='ocrx_word' id='word_1_197' title='bbox 2141 2199 2554 2269; x_wconf 79' lang='lat' dir='ltr'>voluntatem</span> <span class='ocrx_word' id='word_1_198' title='bbox 2593 2253 2608 2281; x_wconf 97' lang='lat'>,</span> <span class='ocrx_word' id='word_1_199' title='bbox 2662 2211 2727 2270; x_wconf 92' lang='lat' dir='ltr'>et</span> 
     </span>
     <span class='ocr_line' id='line_1_23' title="bbox 180 2283 2727 2380; baseline 0.002 -29"><span class='ocrx_word' id='word_1_200' title='bbox 180 2283 260 2352; x_wconf 91' lang='lat' dir='ltr'>ad</span> <span class='ocrx_word' id='word_1_201' title='bbox 293 2289 507 2357; x_wconf 86' lang='lat' dir='ltr'>usum</span> <span class='ocrx_word' id='word_1_202' title='bbox 554 2287 913 2358; x_wconf 86' lang='lat' dir='ltr'>hominurn</span> <span class='ocrx_word' id='word_1_203' title='bbox 964 2287 1156 2358; x_wconf 88' lang='lat' dir='ltr'>humi</span> <span class='ocrx_word' id='word_1_204' title='bbox 1191 2309 1264 2360; x_wconf 93' lang='lat' dir='ltr'>es</span> <span class='ocrx_word' id='word_1_205' title='bbox 1318 2289 1579 2380; x_wconf 85' lang='lat' dir='ltr'>figuras</span> <span class='ocrx_word' id='word_1_206' title='bbox 1620 2288 1872 2359; x_wconf 91' lang='lat' dir='ltr'>induit.</span> <span class='ocrx_word' id='word_1_207' title='bbox 1928 2289 2037 2359; x_wconf 90' lang='lat' dir='ltr'>Sic</span> <span class='ocrx_word' id='word_1_208' title='bbox 2087 2288 2154 2357; x_wconf 91' lang='lat' dir='ltr'>in</span> <span class='ocrx_word' id='word_1_209' title='bbox 2255 2286 2528 2359; x_wconf 88' lang='lat' dir='ltr'>aradiso</span> <span class='ocrx_word' id='word_1_210' title='bbox 2576 2307 2727 2357; x_wconf 90' lang='lat' dir='ltr'>am-</span> 
     </span>
     <span class='ocr_line' id='line_1_24' title="bbox 184 2371 2726 2469; baseline 0.002 -29"><span class='ocrx_word' id='word_1_211' title='bbox 184 2371 459 2456; x_wconf 88' lang='lat' dir='ltr'>bulans,</span> <span class='ocrx_word' id='word_1_212' title='bbox 511 2397 696 2458; x_wconf 90' lang='lat' dir='ltr'>eum,</span> <span class='ocrx_word' id='word_1_213' title='bbox 748 2377 1178 2469; x_wconf 75' lang='lat' dir='ltr'>qui-primus</span> <span class='ocrx_word' id='word_1_214' title='bbox 1216 2378 1550 2447; x_wconf 87' lang='lat' dir='ltr'>formatus</span> <span class='ocrx_word' id='word_1_215' title='bbox 1596 2390 1764 2460; x_wconf 88' lang='lat' dir='ltr'>erat,</span> <span class='ocrx_word' id='word_1_216' title='bbox 1819 2397 1890 2446; x_wconf 86' lang='lat' dir='ltr'>se</span> <span class='ocrx_word' id='word_1_217' title='bbox 1923 2377 2176 2447; x_wconf 88' lang='lat' dir='ltr'>abscon</span> <span class='ocrx_word' id='word_1_218' title='bbox 2233 2388 2456 2445; x_wconf 89' lang='lat' dir='ltr'>entem</span> <span class='ocrx_word' id='word_1_219' title='bbox 2501 2375 2726 2445; x_wconf 87' lang='lat' dir='ltr'>horni-</span> 
     </span>
     <span class='ocr_line' id='line_1_25' title="bbox 182 2463 2722 2554; baseline 0 -23"><span class='ocrx_word' id='word_1_220' title='bbox 182 2481 330 2533; x_wconf 89' lang='lat' dir='ltr'>nem</span> <span class='ocrx_word' id='word_1_221' title='bbox 384 2475 585 2535; x_wconf 88' lang='lat' dir='ltr'>vocat</span> <span class='ocrx_word' id='word_1_222' title='bbox 628 2464 712 2535; x_wconf 89' lang='lat' dir='ltr'>ad</span> <span class='ocrx_word' id='word_1_223' title='bbox 763 2465 1212 2554; x_wconf 89' lang='lat' dir='ltr'>colloquium.</span> <span class='ocrx_word' id='word_1_224' title='bbox 1267 2466 1376 2537; x_wconf 91' lang='lat' dir='ltr'>Sic</span> <span class='ocrx_word' id='word_1_225' title='bbox 1411 2465 1587 2536; x_wconf 88' lang='lat' dir='ltr'>inter</span> <span class='ocrx_word' id='word_1_226' title='bbox 1631 2486 1791 2536; x_wconf 90' lang='lat' dir='ltr'>eum</span> <span class='ocrx_word' id='word_1_227' title='bbox 1844 2464 1928 2535; x_wconf 92' lang='lat' dir='ltr'>ad</span> <span class='ocrx_word' id='word_1_228' title='bbox 1972 2466 2285 2535; x_wconf 88' lang='lat' dir='ltr'>homines</span> <span class='ocrx_word' id='word_1_229' title='bbox 2333 2463 2722 2553; x_wconf 89' lang='lat' dir='ltr'>loquentem</span> 
     </span>
     <span class='ocr_line' id='line_1_26' title="bbox 182 2552 2724 2645; baseline 0.002 -27"><span class='ocrx_word' id='word_1_230' title='bbox 182 2552 399 2623; x_wconf 87' lang='lat' dir='ltr'>nubes</span> <span class='ocrx_word' id='word_1_231' title='bbox 466 2555 884 2626; x_wconf 85' lang='lat' dir='ltr'>intercessit:</span> <span class='ocrx_word' id='word_1_232' title='bbox 936 2566 1002 2644; x_wconf 84' lang='lat' dir='ltr'>et</span> <span class='ocrx_word' id='word_1_233' title='bbox 1045 2577 1205 2626; x_wconf 91' lang='lat' dir='ltr'>cum</span> <span class='ocrx_word' id='word_1_234' title='bbox 1261 2556 1329 2624; x_wconf 91' lang='lat' dir='ltr'>in</span> <span class='ocrx_word' id='word_1_235' title='bbox 1397 2556 1795 2627; x_wconf 89' lang='lat' dir='ltr'>novissimis</span> <span class='ocrx_word' id='word_1_236' title='bbox 1861 2555 2108 2625; x_wconf 90' lang='lat' dir='ltr'>diebus</span> <span class='ocrx_word' id='word_1_237' title='bbox 2156 2552 2724 2645; x_wconf 87' lang='lat' dir='ltr'>apprehendisset</span> 
     </span>
     <span class='ocr_line' id='line_1_27' title="bbox 181 2636 2726 2738; baseline 0.001 -29"><span class='ocrx_word' id='word_1_238' title='bbox 181 2636 680 2738; x_wconf 67' lang='lat' dir='ltr'>immanitatem</span> <span class='ocrx_word' id='word_1_239' title='bbox 711 2698 727 2725; x_wconf 94' lang='lat'>,</span> <span class='ocrx_word' id='word_1_240' title='bbox 780 2664 1053 2734; x_wconf 89' lang='lat' dir='ltr'>semper</span> <span class='ocrx_word' id='word_1_241' title='bbox 1099 2655 1383 2735; x_wconf 87' lang='lat' dir='ltr'>apparet</span> <span class='ocrx_word' id='word_1_242' title='bbox 1442 2644 1927 2714; x_wconf 86' lang='lat' dir='ltr'>convenienter</span> <span class='ocrx_word' id='word_1_243' title='bbox 1989 2642 2258 2733; x_wconf 83' lang='lat' dir='ltr'>legibus</span> <span class='ocrx_word' id='word_1_244' title='bbox 2317 2655 2601 2712; x_wconf 88' lang='lat' dir='ltr'>naturae</span> <span class='ocrx_word' id='word_1_245' title='bbox 2647 2662 2726 2711; x_wconf 80' lang='lat' dir='ltr'>ex</span> 
     </span>
     <span class='ocr_line' id='line_1_28' title="bbox 176 2728 2727 2823; baseline 0.002 -29"><span class='ocrx_word' id='word_1_246' title='bbox 176 2728 283 2809; x_wconf 75' lang='lat' dir='ltr'>tis,</span> <span class='ocrx_word' id='word_1_247' title='bbox 319 2752 508 2818; x_wconf 89' lang='lat' dir='ltr'>quae</span> <span class='ocrx_word' id='word_1_248' title='bbox 538 2732 946 2821; x_wconf 90' lang='lat' dir='ltr'>patiebatur,</span> <span class='ocrx_word' id='word_1_249' title='bbox 1001 2745 1287 2802; x_wconf 90' lang='lat' dir='ltr'>naturae</span> <span class='ocrx_word' id='word_1_250' title='bbox 1318 2746 1717 2823; x_wconf 88' lang='lat' dir='ltr'>assumptae</span> <span class='ocrx_word' id='word_1_251' title='bbox 1767 2732 1969 2802; x_wconf 85' lang='lat' dir='ltr'>fidem</span> <span class='ocrx_word' id='word_1_252' title='bbox 2008 2732 2274 2801; x_wconf 87' lang='lat' dir='ltr'>fecisse.</span> <span class='ocrx_word' id='word_1_253' title='bbox 2310 2729 2727 2821; x_wconf 77' lang='lat' dir='ltr'>HuJusmodi</span> 
     </span>
     <span class='ocr_line' id='line_1_29' title="bbox 174 2819 2728 2923; baseline 0.001 -37"><span class='ocrx_word' id='word_1_254' title='bbox 174 2831 357 2901; x_wconf 88' lang='lat' dir='ltr'>sunt,</span> <span class='ocrx_word' id='word_1_255' title='bbox 397 2842 755 2911; x_wconf 89' lang='lat' dir='ltr'>praesepe,</span> <span class='ocrx_word' id='word_1_256' title='bbox 781 2833 1042 2911; x_wconf 87' lang='lat' dir='ltr'>partus,</span> <span class='ocrx_word' id='word_1_257' title='bbox 1075 2821 1309 2903; x_wconf 85' lang='lat' dir='ltr'>fascia,</span> <span class='ocrx_word' id='word_1_258' title='bbox 1349 2820 1811 2902; x_wconf 89' lang='lat' dir='ltr'>circumcisio,</span> <span class='ocrx_word' id='word_1_259' title='bbox 1841 2819 2253 2912; x_wconf 81' lang='lat' dir='ltr'>purificatiO,</span> <span class='ocrx_word' id='word_1_260' title='bbox 2281 2832 2347 2889; x_wconf 88' lang='lat' dir='ltr'>et</span> <span class='ocrx_word' id='word_1_261' title='bbox 2382 2819 2529 2923; x_wconf 81' lang='lat' dir='ltr'>lege</span> <span class='ocrx_word' id='word_1_262' title='bbox 2561 2838 2728 2888; x_wconf 90' lang='lat' dir='ltr'>con-</span> 
     </span>
     <span class='ocr_line' id='line_1_30' title="bbox 173 2905 2728 3002; baseline 0.002 -30"><span class='ocrx_word' id='word_1_263' title='bbox 173 2905 392 2978; x_wconf 89' lang='lat' dir='ltr'>stituti</span> <span class='ocrx_word' id='word_1_264' title='bbox 430 2908 630 2997; x_wconf 88' lang='lat' dir='ltr'>pretii</span> <span class='ocrx_word' id='word_1_265' title='bbox 679 2909 967 2989; x_wconf 88' lang='lat' dir='ltr'>solutio:</span> <span class='ocrx_word' id='word_1_266' title='bbox 1011 2932 1181 2981; x_wconf 84' lang='lat' dir='ltr'>crux</span> <span class='ocrx_word' id='word_1_267' title='bbox 1230 2909 1602 3000; x_wconf 89' lang='lat' dir='ltr'>posthaec,</span> <span class='ocrx_word' id='word_1_268' title='bbox 1643 2911 1874 3002; x_wconf 89' lang='lat' dir='ltr'>passio</span> <span class='ocrx_word' id='word_1_269' title='bbox 1901 2922 1968 2978; x_wconf 90' lang='lat' dir='ltr'>et</span> <span class='ocrx_word' id='word_1_270' title='bbox 2002 2930 2211 2978; x_wconf 77' lang='lat' dir='ltr'>morS.</span> <span class='ocrx_word' id='word_1_271' title='bbox 2259 2910 2387 2979; x_wconf 91' lang='lat' dir='ltr'>Sed</span> <span class='ocrx_word' id='word_1_272' title='bbox 2424 2930 2522 2979; x_wconf 78' lang='lat' dir='ltr'>sic</span> <span class='ocrx_word' id='word_1_273' title='bbox 2572 2908 2728 2995; x_wconf 88' lang='lat' dir='ltr'>qui·</span> 
     </span>
     <span class='ocr_line' id='line_1_31' title="bbox 178 2991 2727 3089; baseline 0.001 -27"><span class='ocrx_word' id='word_1_274' title='bbox 178 2991 329 3064; x_wconf 91' lang='lat' dir='ltr'>dem</span> <span class='ocrx_word' id='word_1_275' title='bbox 368 2996 510 3066; x_wconf 86' lang='lat' dir='ltr'>fuit</span> <span class='ocrx_word' id='word_1_276' title='bbox 555 2998 780 3087; x_wconf 89' lang='lat' dir='ltr'>prima</span> <span class='ocrx_word' id='word_1_277' title='bbox 813 2999 1043 3068; x_wconf 90' lang='lat' dir='ltr'>carnis</span> <span class='ocrx_word' id='word_1_278' title='bbox 1091 3011 1450 3088; x_wconf 83' lang='lat' dir='ltr'>susceptae</span> <span class='ocrx_word' id='word_1_279' title='bbox 1483 3000 1906 3079; x_wconf 88' lang='lat' dir='ltr'>oeconomia,</span> <span class='ocrx_word' id='word_1_280' title='bbox 1953 2997 2202 3068; x_wconf 89' lang='lat' dir='ltr'>humili</span> <span class='ocrx_word' id='word_1_281' title='bbox 2251 2999 2475 3089; x_wconf 77' lang='lat' dir='ltr'>figura</span> <span class='ocrx_word' id='word_1_282' title='bbox 2522 3016 2594 3067; x_wconf 85' lang='lat' dir='ltr'>se</span> <span class='ocrx_word' id='word_1_283' title='bbox 2639 2996 2727 3066; x_wconf 90' lang='lat' dir='ltr'>ad</span> 
     </span>
     <span class='ocr_line' id='line_1_32' title="bbox 175 3084 2728 3177; baseline 0 -24"><span class='ocrx_word' id='word_1_284' title='bbox 175 3103 382 3169; x_wconf 80' lang='lat' dir='ltr'>usum</span> <span class='ocrx_word' id='word_1_285' title='bbox 437 3086 804 3156; x_wconf 89' lang='lat' dir='ltr'>hominum</span> <span class='ocrx_word' id='word_1_286' title='bbox 852 3088 1464 3159; x_wconf 89' lang='lat' dir='ltr'>accommodantis.</span> <span class='ocrx_word' id='word_1_287' title='bbox 1519 3093 1594 3158; x_wconf 91' lang='lat' dir='ltr'>In</span> <span class='ocrx_word' id='word_1_288' title='bbox 1637 3100 1941 3177; x_wconf 89' lang='lat' dir='ltr'>ternpore</span> <span class='ocrx_word' id='word_1_289' title='bbox 1988 3099 2214 3156; x_wconf 90' lang='lat' dir='ltr'>autem</span> <span class='ocrx_word' id='word_1_290' title='bbox 2268 3085 2554 3157; x_wconf 89' lang='lat' dir='ltr'>secundi</span> <span class='ocrx_word' id='word_1_291' title='bbox 2603 3084 2728 3154; x_wconf 93' lang='lat' dir='ltr'>ad-</span> 
     </span>
     <span class='ocr_line' id='line_1_33' title="bbox 176 3174 2727 3268; baseline 0.002 -30"><span class='ocrx_word' id='word_1_292' title='bbox 176 3186 417 3243; x_wconf 81' lang='lat' dir='ltr'>ventus</span> <span class='ocrx_word' id='word_1_293' title='bbox 454 3186 678 3257; x_wconf 83' lang='lat' dir='ltr'>mutat</span> <span class='ocrx_word' id='word_1_294' title='bbox 715 3174 1038 3266; x_wconf 86' lang='lat' dir='ltr'>figuram,</span> <span class='ocrx_word' id='word_1_295' title='bbox 1078 3197 1213 3246; x_wconf 91' lang='lat' dir='ltr'>non</span> <span class='ocrx_word' id='word_1_296' title='bbox 1248 3177 1551 3268; x_wconf 90' lang='lat' dir='ltr'>amplius</span> <span class='ocrx_word' id='word_1_297' title='bbox 1591 3176 1953 3259; x_wconf 90' lang='lat' dir='ltr'>humilem,</span> <span class='ocrx_word' id='word_1_298' title='bbox 1991 3188 2065 3246; x_wconf 92' lang='lat' dir='ltr'>ut</span> <span class='ocrx_word' id='word_1_299' title='bbox 2115 3176 2329 3265; x_wconf 90' lang='lat' dir='ltr'>prius,</span> <span class='ocrx_word' id='word_1_300' title='bbox 2383 3175 2497 3245; x_wconf 90' lang='lat' dir='ltr'>sed</span> <span class='ocrx_word' id='word_1_301' title='bbox 2533 3175 2727 3246; x_wconf 88' lang='lat' dir='ltr'>terri·</span> 
     </span>
     <span class='ocr_line' id='line_1_34' title="bbox 174 3259 1288 3355; baseline 0.003 -26"><span class='ocrx_word' id='word_1_302' title='bbox 174 3259 377 3331; x_wconf 91' lang='lat' dir='ltr'>bilem</span> <span class='ocrx_word' id='word_1_303' title='bbox 436 3262 701 3335; x_wconf 81' lang='lat' dir='ltr'>faciens</span> <span class='ocrx_word' id='word_1_304' title='bbox 736 3276 800 3333; x_wconf 94' lang='lat' dir='ltr'>et</span> <span class='ocrx_word' id='word_1_305' title='bbox 841 3264 1288 3355; x_wconf 89' lang='lat' dir='ltr'>praeclaram.</span> 
     </span>
    </p>

    <p class='ocr_par' dir='ltr' id='par_1_6' title="bbox 172 3350 2731 4511">
     <span class='ocr_line' id='line_1_35' title="bbox 255 3350 2718 3454; baseline -0 -32"><span class='ocrx_word' id='word_1_306' title='bbox 255 3353 293 3439; x_wconf 67' lang='grc' dir='ltr'>ἓ</span> <span class='ocrx_word' id='word_1_307' title='bbox 338 3354 437 3422; x_wconf 73' lang='lat'>8.</span> <span class='ocrx_word' id='word_1_308' title='bbox 499 3350 695 3423; x_wconf 91' lang='lat' dir='ltr'>Illius</span> <span class='ocrx_word' id='word_1_309' title='bbox 741 3374 902 3454; x_wconf 76' lang='lat' dir='ltr'>ergo</span> <span class='ocrx_word' id='word_1_310' title='bbox 951 3353 1286 3425; x_wconf 88' lang='lat' dir='ltr'>adventus</span> <span class='ocrx_word' id='word_1_311' title='bbox 1347 3353 1634 3445; x_wconf 87' lang='lat' dir='ltr'>gloriam</span> <span class='ocrx_word' id='word_1_312' title='bbox 1689 3352 1924 3423; x_wconf 90' lang='lat' dir='ltr'>volens</span> <span class='ocrx_word' id='word_1_313' title='bbox 1993 3352 2261 3444; x_wconf 89' lang='lat' dir='ltr'>aperire</span> <span class='ocrx_word' id='word_1_314' title='bbox 2306 3350 2673 3443; x_wconf 85' lang='lat' dir='ltr'>discipulis</span> <span class='ocrx_word' id='word_1_315' title='bbox 2702 3406 2718 3433; x_wconf 92' lang='lat'>,</span> 
     </span>
     <span class='ocr_line' id='line_1_36' title="bbox 172 3436 2726 3531; baseline 0.002 -26"><span class='ocrx_word' id='word_1_316' title='bbox 172 3436 491 3509; x_wconf 87' lang='lat' dir='ltr'>dicebat:</span> <span class='ocrx_word' id='word_1_317' title='bbox 537 3445 711 3511; x_wconf 91' lang='lat' dir='ltr'>Sunt</span> <span class='ocrx_word' id='word_1_318' title='bbox 740 3440 1023 3528; x_wconf 80' lang='lat' dir='ltr'>quidam</span> <span class='ocrx_word' id='word_1_319' title='bbox 1052 3462 1132 3512; x_wconf 84' lang='lat' dir='ltr'>ex</span> <span class='ocrx_word' id='word_1_320' title='bbox 1159 3443 1374 3523; x_wconf 73' lang='lat' dir='ltr'>vobiS,</span> <span class='ocrx_word' id='word_1_321' title='bbox 1412 3443 1533 3530; x_wconf 87' lang='lat' dir='ltr'>qui</span> <span class='ocrx_word' id='word_1_322' title='bbox 1570 3454 1852 3511; x_wconf 90' lang='lat' dir='ltr'>mortem</span> <span class='ocrx_word' id='word_1_323' title='bbox 1898 3462 2030 3511; x_wconf 91' lang='lat' dir='ltr'>non</span> <span class='ocrx_word' id='word_1_324' title='bbox 2069 3441 2471 3531; x_wconf 84' lang='lat' dir='ltr'>gustabunt,</span> <span class='ocrx_word' id='word_1_325' title='bbox 2506 3440 2726 3509; x_wconf 90' lang='lat' dir='ltr'>donec</span> 
     </span>
     <span class='ocr_line' id='line_1_37' title="bbox 175 3527 2726 3621; baseline 0.002 -27"><span class='ocrx_word' id='word_1_326' title='bbox 175 3527 475 3599; x_wconf 86' lang='lat' dir='ltr'>viderint</span> <span class='ocrx_word' id='word_1_327' title='bbox 526 3529 772 3599; x_wconf 82' lang='lat' dir='ltr'>Filium</span> <span class='ocrx_word' id='word_1_328' title='bbox 836 3529 1153 3601; x_wconf 88' lang='lat' dir='ltr'>Hominis</span> <span class='ocrx_word' id='word_1_329' title='bbox 1218 3532 1599 3601; x_wconf 84' lang='lat' dir='ltr'>venientem</span> <span class='ocrx_word' id='word_1_330' title='bbox 1650 3530 1722 3599; x_wconf 91' lang='lat' dir='ltr'>in</span> <span class='ocrx_word' id='word_1_331' title='bbox 1773 3529 1992 3621; x_wconf 89' lang='lat' dir='ltr'>gloria</span> <span class='ocrx_word' id='word_1_332' title='bbox 2041 3531 2259 3600; x_wconf 90' lang='lat' dir='ltr'>Patris</span> <span class='ocrx_word' id='word_1_333' title='bbox 2327 3529 2462 3600; x_wconf 89' lang='lat' dir='ltr'>sui.</span> <span class='ocrx_word' id='word_1_334' title='bbox 2513 3533 2726 3616; x_wconf 80' lang='lat' dir='ltr'>Atque</span> 
     </span>
     <span class='ocr_line' id='line_1_38' title="bbox 176 3616 2720 3709; baseline 0.001 -25"><span class='ocrx_word' id='word_1_335' title='bbox 176 3635 285 3687; x_wconf 80' lang='lat' dir='ltr'>vos</span> <span class='ocrx_word' id='word_1_336' title='bbox 308 3616 608 3705; x_wconf 86' lang='lat' dir='ltr'>quidem</span> <span class='ocrx_word' id='word_1_337' title='bbox 646 3618 989 3689; x_wconf 89' lang='lat' dir='ltr'>intuentes</span> <span class='ocrx_word' id='word_1_338' title='bbox 1028 3620 1110 3690; x_wconf 92' lang='lat' dir='ltr'>ad</span> <span class='ocrx_word' id='word_1_339' title='bbox 1144 3641 1321 3701; x_wconf 91' lang='lat' dir='ltr'>eam,</span> <span class='ocrx_word' id='word_1_340' title='bbox 1347 3640 1523 3708; x_wconf 89' lang='lat' dir='ltr'>quae</span> <span class='ocrx_word' id='word_1_341' title='bbox 1556 3641 1745 3690; x_wconf 88' lang='lat' dir='ltr'>nunc</span> <span class='ocrx_word' id='word_1_342' title='bbox 1777 3633 1901 3700; x_wconf 91' lang='lat' dir='ltr'>est,</span> <span class='ocrx_word' id='word_1_343' title='bbox 1939 3620 2199 3709; x_wconf 83' lang='lat' dir='ltr'>figurae</span> <span class='ocrx_word' id='word_1_344' title='bbox 2235 3618 2720 3700; x_wconf 88' lang='lat' dir='ltr'>humilitatem,</span> 
     </span>
     <span class='ocr_line' id='line_1_39' title="bbox 178 3707 2721 3799; baseline 0 -25"><span class='ocrx_word' id='word_1_345' title='bbox 178 3718 458 3796; x_wconf 83' lang='lat' dir='ltr'>propter</span> <span class='ocrx_word' id='word_1_346' title='bbox 508 3707 1007 3797; x_wconf 81' lang='lat' dir='ltr'>ignorationem</span> <span class='ocrx_word' id='word_1_347' title='bbox 1057 3709 1365 3791; x_wconf 88' lang='lat' dir='ltr'>rationis,</span> <span class='ocrx_word' id='word_1_348' title='bbox 1411 3709 1584 3799; x_wconf 88' lang='lat' dir='ltr'>ejus,</span> <span class='ocrx_word' id='word_1_349' title='bbox 1625 3730 1804 3796; x_wconf 90' lang='lat' dir='ltr'>quae</span> <span class='ocrx_word' id='word_1_350' title='bbox 1836 3707 2120 3789; x_wconf 89' lang='lat' dir='ltr'>celatur,</span> <span class='ocrx_word' id='word_1_351' title='bbox 2161 3707 2537 3798; x_wconf 90' lang='lat' dir='ltr'>sapientiae</span> <span class='ocrx_word' id='word_1_352' title='bbox 2586 3725 2721 3776; x_wconf 93' lang='lat' dir='ltr'>non</span> 
     </span>
     <span class='ocr_line' id='line_1_40' title="bbox 180 3794 2728 3888; baseline -0.001 -24"><span class='ocrx_word' id='word_1_353' title='bbox 180 3794 552 3877; x_wconf 77' lang='lat' dir='ltr'>pervidetis</span> <span class='ocrx_word' id='word_1_354' title='bbox 582 3795 1151 3885; x_wconf 70' lang='lat' dir='ltr'>profunditatem,</span> <span class='ocrx_word' id='word_1_355' title='bbox 1202 3810 1267 3867; x_wconf 87' lang='lat' dir='ltr'>et</span> <span class='ocrx_word' id='word_1_356' title='bbox 1303 3818 1625 3867; x_wconf 90' lang='lat' dir='ltr'>mensura</span> <span class='ocrx_word' id='word_1_357' title='bbox 1651 3798 2069 3888; x_wconf 86' lang='lat' dir='ltr'>cognitionis</span> <span class='ocrx_word' id='word_1_358' title='bbox 2114 3819 2154 3867; x_wconf 87' lang='lat' dir='ltr'>a</span> <span class='ocrx_word' id='word_1_359' title='bbox 2195 3797 2386 3867; x_wconf 88' lang='lat' dir='ltr'>vobis</span> <span class='ocrx_word' id='word_1_360' title='bbox 2426 3796 2728 3866; x_wconf 87' lang='lat' dir='ltr'>sumitur</span> 
     </span>
     <span class='ocr_line' id='line_1_41' title="bbox 180 3884 2730 3987; baseline 0.001 -37"><span class='ocrx_word' id='word_1_361' title='bbox 180 3900 247 3950; x_wconf 81' lang='lat' dir='ltr'>ex</span> <span class='ocrx_word' id='word_1_362' title='bbox 291 3905 639 3954; x_wconf 84' lang='lat' dir='ltr'>mensura</span> <span class='ocrx_word' id='word_1_363' title='bbox 678 3884 1072 3975; x_wconf 88' lang='lat' dir='ltr'>adspectus.</span> <span class='ocrx_word' id='word_1_364' title='bbox 1115 3892 1315 3957; x_wconf 83' lang='lat' dir='ltr'>Tanto</span> <span class='ocrx_word' id='word_1_365' title='bbox 1345 3889 1522 3956; x_wconf 80' lang='lat' dir='ltr'>enim</span> <span class='ocrx_word' id='word_1_366' title='bbox 1568 3897 1883 3987; x_wconf 80' lang='lat' dir='ltr'>tempore,</span> <span class='ocrx_word' id='word_1_367' title='bbox 1915 3887 2250 3956; x_wconf 80' lang='lat' dir='ltr'>vobiscum</span> <span class='ocrx_word' id='word_1_368' title='bbox 2277 3907 2450 3966; x_wconf 80' lang='lat' dir='ltr'>sum,</span> <span class='ocrx_word' id='word_1_369' title='bbox 2490 3894 2554 3954; x_wconf 83' lang='lat' dir='ltr'>et</span> <span class='ocrx_word' id='word_1_370' title='bbox 2598 3905 2730 3953; x_wconf 79' lang='lat' dir='ltr'>non</span> 
     </span>
     <span class='ocr_line' id='line_1_42' title="bbox 183 3972 2726 4065; baseline 0 -26"><span class='ocrx_word' id='word_1_371' title='bbox 183 3974 582 4060; x_wconf 63' lang='lat' dir='ltr'>eoqnomzstis</span> <span class='ocrx_word' id='word_1_372' title='bbox 630 3992 758 4043; x_wconf 84' lang='lat' dir='ltr'>me.</span> <span class='ocrx_word' id='word_1_373' title='bbox 811 3974 1123 4065; x_wconf 80' lang='lat' dir='ltr'>Aperiam</span> <span class='ocrx_word' id='word_1_374' title='bbox 1175 3996 1338 4065; x_wconf 90' lang='lat' dir='ltr'>ergo</span> <span class='ocrx_word' id='word_1_375' title='bbox 1386 3975 1580 4045; x_wconf 78' lang='lat' dir='ltr'>vobis</span> <span class='ocrx_word' id='word_1_376' title='bbox 1630 3975 1936 4063; x_wconf 83' lang='lat' dir='ltr'>aliquam</span> <span class='ocrx_word' id='word_1_377' title='bbox 1995 3987 2258 4064; x_wconf 89' lang='lat' dir='ltr'>partem</span> <span class='ocrx_word' id='word_1_378' title='bbox 2308 3973 2482 4062; x_wconf 72' lang='lat' dir='ltr'>eju5‚</span> <span class='ocrx_word' id='word_1_379' title='bbox 2542 3972 2726 4059; x_wconf 90' lang='lat' dir='ltr'>quod</span> 
     </span>
     <span class='ocr_line' id='line_1_43' title="bbox 188 4060 2730 4155; baseline 0 -25"><span class='ocrx_word' id='word_1_380' title='bbox 188 4062 474 4145; x_wconf 76' lang='lat' dir='ltr'>spectari</span> <span class='ocrx_word' id='word_1_381' title='bbox 538 4082 673 4131; x_wconf 89' lang='lat' dir='ltr'>non</span> <span class='ocrx_word' id='word_1_382' title='bbox 720 4076 964 4155; x_wconf 89' lang='lat' dir='ltr'>potest,</span> <span class='ocrx_word' id='word_1_383' title='bbox 1019 4064 1418 4154; x_wconf 89' lang='lat' dir='ltr'>spectaculi,</span> <span class='ocrx_word' id='word_1_384' title='bbox 1480 4077 1545 4134; x_wconf 92' lang='lat' dir='ltr'>et</span> <span class='ocrx_word' id='word_1_385' title='bbox 1599 4085 1794 4155; x_wconf 87' lang='lat' dir='ltr'>spem</span> <span class='ocrx_word' id='word_1_386' title='bbox 1854 4063 2155 4132; x_wconf 87' lang='lat' dir='ltr'>futuram</span> <span class='ocrx_word' id='word_1_387' title='bbox 2206 4060 2541 4131; x_wconf 90' lang='lat' dir='ltr'>deducam</span> <span class='ocrx_word' id='word_1_388' title='bbox 2599 4060 2730 4131; x_wconf 90' lang='lat' dir='ltr'>sub</span> 
     </span>
     <span class='ocr_line' id='line_1_44' title="bbox 189 4147 2724 4251; baseline 0.001 -35"><span class='ocrx_word' id='word_1_389' title='bbox 189 4147 613 4251; x_wconf 71' lang='lat' dir='ltr'>adspectum.</span> <span class='ocrx_word' id='word_1_390' title='bbox 662 4155 959 4222; x_wconf 80' lang='lat' dir='ltr'>Locutus</span> <span class='ocrx_word' id='word_1_391' title='bbox 1004 4174 1161 4222; x_wconf 91' lang='lat' dir='ltr'>sum</span> <span class='ocrx_word' id='word_1_392' title='bbox 1198 4153 1389 4223; x_wconf 88' lang='lat' dir='ltr'>vobis</span> <span class='ocrx_word' id='word_1_393' title='bbox 1437 4152 1521 4222; x_wconf 92' lang='lat' dir='ltr'>de</span> <span class='ocrx_word' id='word_1_394' title='bbox 1572 4152 1911 4242; x_wconf 90' lang='lat' dir='ltr'>passione,</span> <span class='ocrx_word' id='word_1_395' title='bbox 1947 4162 2012 4221; x_wconf 91' lang='lat' dir='ltr'>et</span> <span class='ocrx_word' id='word_1_396' title='bbox 2043 4150 2392 4241; x_wconf 90' lang='lat' dir='ltr'>obtorpuit</span> <span class='ocrx_word' id='word_1_397' title='bbox 2423 4149 2724 4219; x_wconf 88' lang='lat' dir='ltr'>animus.</span> 
     </span>
     <span class='ocr_line' id='line_1_45' title="bbox 194 4234 2730 4340; baseline 0.004 -40"><span class='ocrx_word' id='word_1_398' title='bbox 194 4234 309 4308; x_wconf 80' lang='lat' dir='ltr'>nin</span> <span class='ocrx_word' id='word_1_399' title='bbox 342 4250 675 4340; x_wconf 83' lang='lat' dir='ltr'>oportere</span> <span class='ocrx_word' id='word_1_400' title='bbox 710 4261 817 4309; x_wconf 90' lang='lat' dir='ltr'>me</span> <span class='ocrx_word' id='word_1_401' title='bbox 861 4241 1204 4331; x_wconf 80' lang='lat' dir='ltr'>crucifigi,</span> <span class='ocrx_word' id='word_1_402' title='bbox 1259 4253 1325 4310; x_wconf 90' lang='lat' dir='ltr'>et</span> <span class='ocrx_word' id='word_1_403' title='bbox 1380 4240 1571 4311; x_wconf 90' lang='lat' dir='ltr'>illius</span> <span class='ocrx_word' id='word_1_404' title='bbox 1618 4240 2169 4313; x_wconf 89' lang='lat' dir='ltr'>consideratione</span> <span class='ocrx_word' id='word_1_405' title='bbox 2236 4250 2425 4309; x_wconf 92' lang='lat' dir='ltr'>metu</span> <span class='ocrx_word' id='word_1_406' title='bbox 2470 4238 2730 4310; x_wconf 86' lang='lat' dir='ltr'>fractus</span> 
     </span>
     <span class='ocr_line' id='line_1_46' title="bbox 192 4329 2731 4422; baseline 0.002 -30"><span class='ocrx_word' id='word_1_407' title='bbox 192 4337 271 4395; x_wconf 69' lang='lat' dir='ltr'>aet</span> <span class='ocrx_word' id='word_1_408' title='bbox 293 4349 618 4398; x_wconf 80' lang='lat' dir='ltr'>animus.</span> <span class='ocrx_word' id='word_1_409' title='bbox 672 4329 840 4409; x_wconf 83' lang='lat' dir='ltr'>Dixi,</span> <span class='ocrx_word' id='word_1_410' title='bbox 890 4331 1149 4422; x_wconf 79' lang='lat' dir='ltr'>Siquis</span> <span class='ocrx_word' id='word_1_411' title='bbox 1178 4332 1329 4400; x_wconf 78' lang='lat' dir='ltr'>vult</span> <span class='ocrx_word' id='word_1_412' title='bbox 1352 4341 1503 4421; x_wconf 76' lang='lat' dir='ltr'>post</span> <span class='ocrx_word' id='word_1_413' title='bbox 1547 4353 1653 4400; x_wconf 82' lang='lat' dir='ltr'>me</span> <span class='ocrx_word' id='word_1_414' title='bbox 1693 4332 1944 4411; x_wconf 80' lang='lat' dir='ltr'>venire,</span> <span class='ocrx_word' id='word_1_415' title='bbox 1980 4331 2261 4419; x_wconf 73' lang='lat' dir='ltr'>abneqet</span> <span class='ocrx_word' id='word_1_416' title='bbox 2306 4330 2624 4420; x_wconf 81' lang='lat' dir='ltr'>seipsum,</span> <span class='ocrx_word' id='word_1_417' title='bbox 2668 4337 2731 4396; x_wconf 79' lang='lat' dir='ltr'>et</span> 
     </span>
     <span class='ocr_line' id='line_1_47' title="bbox 190 4416 2731 4511; baseline 0.002 -31"><span class='ocrx_word' id='word_1_418' title='bbox 190 4418 365 4487; x_wconf 77' lang='lat' dir='ltr'>tonat</span> <span class='ocrx_word' id='word_1_419' title='bbox 413 4439 689 4487; x_wconf 81' lang='lat' dir='ltr'>crucem</span> <span class='ocrx_word' id='word_1_420' title='bbox 758 4440 990 4501; x_wconf 77' lang='lat' dir='ltr'>suam,</span> <span class='ocrx_word' id='word_1_421' title='bbox 1044 4430 1108 4489; x_wconf 84' lang='lat' dir='ltr'>et</span> <span class='ocrx_word' id='word_1_422' title='bbox 1179 4430 1504 4511; x_wconf 78' lang='lat' dir='ltr'>sequatur</span> <span class='ocrx_word' id='word_1_423' title='bbox 1557 4442 1686 4489; x_wconf 86' lang='lat' dir='ltr'>me.</span> <span class='ocrx_word' id='word_1_424' title='bbox 1741 4418 2187 4489; x_wconf 80' lang='lat' dir='ltr'>Afflictionem</span> <span class='ocrx_word' id='word_1_425' title='bbox 2240 4418 2426 4487; x_wconf 90' lang='lat' dir='ltr'>enim</span> <span class='ocrx_word' id='word_1_426' title='bbox 2490 4416 2731 4508; x_wconf 89' lang='lat' dir='ltr'>probat</span> 
     </span>
    </p>
   </div>
  </div>
 </body>
</html>
