3308 5004
646 305 773 371 778
1345 322 1427 368 nx
1474 321 1529 368 s.
1583 319 1822 369 Ammo
1870 319 2071 371 msc.
2124 319 2313 370 conr.
2698 304 2704 311 '
2790 304 2982 372 Ano.
3032 304 3114 370 30

555 408 644 479 ab
688 406 929 478 eodem
977 425 1118 476 nno
1190 405 1644 496 omnipotenti
1695 410 1854 488 Deo,
1922 405 2048 493 qui
2112 404 2281 476 fecit
2343 404 2616 477 coelum
2694 418 2761 477 et
2829 418 3109 489 terram,

554 505 1026 584 consequutus
1094 506 1220 566 est.
1304 493 1692 570 'translato
1727 515 1885 565 vero
1949 494 2036 564 ad
2088 493 2420 565 coelestia
2489 515 2709 585 regna
2777 495 3114 579 Oswafflo,

556 608 719 656 susc
814 586 864 654 it
922 585 1120 673 regni
1160 584 1503 654 terrestris
1551 583 1785 655 sedem
1835 602 1959 674 pro
2006 605 2087 654 eo
2134 583 2345 654 frater
2399 583 2556 674 ejus
2604 584 2948 667 OswinuS,
2998 586 3121 673 qui

555 697 697 746 una
793 674 1018 744 ierum
1069 672 1445 743 donaverat
1474 693 1735 759 equum
1784 672 2127 763 optimum
2162 672 2507 763 Episcopo
2535 673 2816 751 Aidano,
2874 674 2949 742 in
2982 695 3121 761 quo

555 763 676 834 ille
718 762 1040 864 quamvis
1089 760 1453 832 ambulare
1500 760 1935 843 solitus-vel
1981 762 2300 832 amnium
2334 762 2596 832 fluenta
2644 763 2963 843 transire,
3010 762 3119 832 vel

555 853 611 924 si
663 851 801 922 alia
848 849 1199 939 quaelibet
1243 850 1626 920 necessitas
1695 850 2084 932 insisteret,
2141 850 2252 920 via
2323 871 2609 942 pergere
2670 864 2924 941 posset.
3002 852 3125 921 Cui

555 963 713 1012 cum
770 960 977 1031 parvo
1024 940 1381 1031 interjecto
1446 952 1755 1030 tempore
1804 960 2068 1029 pauper
2140 937 2427 1026 quidam
2476 953 2889 1022 occurreret,
2943 939 3125 1010 elee-

560 1050 921 1120 mosynam
973 1041 1254 1120 petens,
1329 1027 1660 1099 desiliens
1730 1028 1848 1098 ille
1898 1028 2288 1119 praecepit,
2451 1050 2623 1099 uum
2688 1029 2782 1098 ita
2852 1041 2933 1098 ut
2978 1040 3128 1099 erat

557 1131 815 1190 stratus
865 1118 1216 1209 regaliter,
1295 1118 1584 1209 pauperi
1632 1116 1811 1186 dari.
1879 1122 2036 1188 Erat
2082 1116 2269 1186 enim¹
2319 1131 2619 1187 mutum
2693 1118 3120 1200 misericors,

556 1222 625 1279 et
668 1209 895 1279 cultor
940 1227 1355 1298 pauperum,
1426 1228 1506 1276 ac
1553 1206 1745 1277 velut
1788 1219 1981 1297 pater
2029 1206 2471 1276 miserorum.
2551 1210 2693 1276 Hoc
2739 1228 2909 1277 cum¹
2955 1208 3125 1297 Regi

556 1312 734 1368 esset
783 1296 1102 1378 relatum,
1156 1294 1430 1365 dicebat
1476 1296 1838 1387 Episcopo,
1891 1316 2054 1366 cum
2104 1292 2275 1364 forte
2315 1295 2699 1385 ingressuri
2745 1308 2982 1367 essent
3029 1296 3117 1365 ad

563 1385 975 1478 prandium:
1030 1384 1209 1468 Quid
1262 1383 1562 1464 voluisti,
1616 1384 1899 1454 domine
1929 1384 2248 1464 Antistes‚
2374 1406 2544 1453 uum
2582 1385 2879 1475 regium,
2914 1406 3124 1473 quem

561 1489 624 1545 te.
670 1474 1119 1544 conveniebat
1187 1494 1310 1563 pro
1366 1474 1546 1543 rium
1620 1472 1897 1555 habere,
1978 1494 2120 1564 pau
2171 1472 2272 1541 eri
2369 1475 2536 1542 are?
2610 1473 2943 1560 nunquid
2991 1494 3122 1544 nnn

560 1564 939 1633 habuimus
985 1582 1199 1650 equos
1247 1494 1522 1633 viiiores
1573 1561 1938 1652 plurimoS,
1992 1573 2058 1631 et
2090 1583 2128 1630 a
2162 1560 2267 1630 ias
2299 1563 2564 1651 species
2596 1584 2772 1648 quae
2821 1560 2921 1631 ade
2961 1585 3127 1653 pan-

563 1675 808 1744 perum
871 1652 1055 1721 dona
1102 1650 1522 1729 sufficerent,
1576 1651 1845 1738 absque
1894 1649 2079 1738 quod
2154 1649 2357 1720 illum
2434 1651 2495 1719 ei
2565 1671 2829 1737 equum
2892 1650 3117 1733 dares,

559 1762 767 1830 quem
833 1742 955 1810 tibi
1007 1739 1400 1831 specialiter
1435 1739 1934 1830 possidendum
1985 1738 2219 1829 elegi?
2262 1738 2384 1808 Cui
2424 1738 2649 1809 statim
2691 1745 2743 1808 E
2799 1739 3120 1832 iscopus:

562 1830 739 1915 Quid
777 1829 1104 1917 loqueris,
1157 1829 1407 1916 inquit,
1448 1832 1633 1898 Rex?
1681 1834 1859 1899 Num
1907 1828 2034 1898 tibi
2073 1827 2349 1897 charior
2395 1838 2497 1897 est
2532 1827 2656 1898 iste
2705 1827 2755 1898 fi
2785 1828 2909 1902 ius
2939 1830 3118 1918 equi,

562 1942 772 2007 quam
824 1918 941 1988 ille
1002 1916 1191 1987 filius
1234 1919 1401 1986 Dei?
1446 1917 1716 1999 Quibus
1765 1917 1994 1999 dictis,
2052 1916 2404 1986 intrabant
2449 1916 2537 1986 ad
2587 1917 3121 2007 prandendum:

561 2021 627 2079 et
660 2009 1045 2098 Episcopus
1091 2006 1376 2093 quidem
1427 2006 1773 2076 residebat
1822 2007 1891 2074 in
1945 2028 2071 2077 suo
2111 2005 2283 2096 loco,

652 2099 690 2184 ξ
737 2100 832 2167 6.
888 2102 1096 2165 Porro
1145 2100 1282 2164 Rex
1332 2107 1607 2165 venerat
1678 2094 1765 2165 de
1836 2108 2108 2177 venatu,
2182 2105 2247 2163 et
2309 2093 2536 2184 coepit
2595 2096 2992 2168 consistens
3036 2095 3118 2165 ad

562 2185 794 2276 focum
846 2184 1150 2255 calefieri
1193 2205 1356 2253 cum
1394 2184 1755 2254 ministris.
1813 2188 1889 2253 Et
1938 2195 2217 2274 repente
2271 2183 2457 2253 inter
2487 2182 2971 2255 calefacientes
3008 2205 3118 2257 te-

564 2274 860 2345 cordans
911 2274 1195 2343 verbum
1265 2272 1454 2361 quod
1520 2273 1784 2343 dixerat
1833 2272 1933 2342 illi
1984 2273 2316 2352 Antistes‚
2371 2272 2699 2343 discinxit
2769 2294 2843 2343 se
2893 2273 3116 2364 gladio

563 2386 715 2444 suo,
768 2378 835 2434 et
881 2363 1071 2433 dedit
1118 2361 1316 2431 illum
1369 2361 1712 2441 ministro,
1771 2360 2199 2448 festinusque
2268 2361 2649 2443 accedenS‚
2702 2375 2867 2431 ante
2916 2361 3129 2453 pedes·

565 2453 886 2544 Episcopi
918 2452 1202 2533 corruit,
1243 2450 1604 2542 postulans
1639 2463 1718 2521 ut
1750 2451 1884 2521 sibi
1974 2450 2239 2520 lacatus
2286 2463 2487 2531 esset,
2525 2452 2691 2538 quia
2726 2472 3105 2540 nunquam,

569 2542 816 2630 inquit,
870 2541 1198 2630 deinceps
1268 2540 1530 2628 aliquid
1601 2540 1847 2627 loquar
1953 2563 1991 2610 e
2038 2541 2192 2618 hoc,
2245 2551 2367 2609 aut
2418 2539 2752 2626 judicabo
2794 2540 2959 2629 quid
3004 2538 3105 2607 vel

562 2644 904 2720 quantum
954 2631 1040 2700 de
1087 2631 1383 2720 pecunia
1434 2642 1669 2700 nostra
1702 2628 1867 2699 filiis
1907 2629 2024 2698 Dei
2072 2630 2362 2699 tribuas.
2418 2629 2615 2712 Quod
2677 2629 2902 2700 videns
2952 2628 3110 2720 Epi-

567 2741 853 2810 scopu3‚
910 2719 1209 2789 multum
1353 2719 1649 2798 rtimuit,
1704 2732 1785 2788 ac
1856 2719 2087 2789 statim
2150 2739 2535 2808 exurgenS,
2605 2717 2849 2789 levavit
2908 2739 3109 2798 eum,

565 2809 974 2899 promittens
1014 2829 1086 2878 se
1137 2821 1438 2878 mutum
1489 2807 1593 2876 illi
1621 2829 1773 2876 esse
1810 2806 2188 2898 placatum,
2227 2806 2613 2877 dummodo
2652 2807 2770 2878 ille
2809 2807 3119 2878 residens

564 2897 652 2967 ad
700 2898 969 2988 epula&
1025 2897 1372 2968 tristitiam
1421 2896 1817 2987 deponeret.
1900 2900 2218 2983 Dumque
2266 2899 2405 2965 Rex
2442 2896 2737 2986 jubente
2784 2898 3033 2988 Episco

569 2987 898 3057 laetitiam
949 2986 1304 3077 reciperet,
1361 2985 1587 3074 coepit
1632 2997 1873 3055 contra
1919 2984 2304 3076 Episcopus
2354 2985 2569 3054 tristis
2617 3008 2845 3074 usque
2895 2987 2986 3056 ad
3062 3008 3125 3055 a·

567 3097 967 3165 crymarnm
1021 3073 1486 3166 profusionem
1533 3072 1738 3144 effici.
1793 3078 2008 3158 Quem
2058 3073 2227 3143 dum
2267 3075 2624 3164 presbyter
2652 3063 2852 3145 Suus
2881 3074 3124 3168 lingua

569 3164 814 3256 patria,
857 3185 1069 3251 quam
1130 3168 1269 3233 Rex
1314 3174 1381 3232 et
1427 3162 1786 3233 domestici
1835 3163 1990 3251 ejus
2040 3183 2183 3232 non
2230 3176 2583 3245 noverant,
2634 3185 2857 3251 quare
2911 3165 3123 3255 lact-y·

570 3264 898 3333 maretur,
957 3253 1485 3343 interrogasset:
1541 3252 1781 3333 «Scio,
1823 3251 2072 3339 inquit,
2128 3251 2315 3339 quod
2365 3272 2500 3321 non
2555 3249 2777 3323 multo
2816 3266 3126 3345 tempore

568 3343 880 3411 victurus
924 3353 1028 3411 est
1074 3346 1235 3411 Rex.
1290 3347 1659 3428 Nunquam
1707 3342 1894 3410 eni-m
1945 3340 2083 3409 vidi
2119 3340 2415 3410 antebac
2444 3340 2786 3411 humilem
2836 3347 3124 3436 Regem.

573 3429 767 3500 Unde
834 3428 1332 3512 animadverto,
1384 3430 1595 3501 citius
1664 3428 1867 3500 illum
1934 3450 2015 3500 ex
2082 3429 2211 3499 bac
2277 3430 2411 3498 vita
2459 3429 2913 3519 rapiendum.
2994 3437 3133 3504 Non

569 3520 757 3589 enim
812 3518 1026 3610 digna
1071 3532 1175 3590 est
1220 3519 1389 3590 baec
1438 3541 1608 3609 gens
1658 3518 1861 3588 talem
1913 3517 2167 3588 habere
2214 3529 2575 3589 rectorem.
2604 3542 2641 3586 »
2711 3524 2855 3590 Nec
2918 3519 3137 3592 multo

574 3621 726 3700 post
772 3608 926 3678 dira
972 3608 1306 3679 Antistitis
1349 3608 1708 3698 praesagia
1757 3607 1936 3677 tristi
1999 3608 2205 3697 Regis
2251 3606 2518 3689 funere,
2591 3606 2679 3678 de
2725 3630 2873 3696 quo
2916 3632 3007 3680 su
3063 3631 3141 3679 ra

570 3697 899 3777 diximuS,
953 3697 1236 3787 impleta
1276 3709 1462 3767 sunt.
1547 3697 1677 3766 Sed
1735 3710 1800 3766 et
1859 3696 2013 3786 ipse
2057 3696 2351 3768 Antist'es
2390 3696 2723 3780 Aidanus,
2781 3719 2924 3767 non
3048 3719 3138 3769 us

570 3808 781 3874 quam
820 3786 1189 3856 duodecim
1241 3798 1391 3875 post
1436 3786 1857 3856 occisionem
1909 3785 2137 3874 Regis,
2191 3807 2398 3872 quem
2459 3787 2765 3866 amabat,
2828 3785 3008 3869 dies,
3061 3786 3138 3856 id

569 3888 671 3946 est
721 3876 944 3965 pridie
990 3875 1324 3945 calendas
1365 3874 1811 3963 Septembris,
1866 3872 1952 3942 de
2007 3874 2247 3943 seculo
2289 3873 2594 3957 ablatus,
2644 3887 2983 3968 perpetua
3029 3874 3139 3947 la-

570 3964 820 4035 borum
861 3984 1148 4034 suorum
1197 3986 1239 4034 a
1287 3962 1576 4033 Domino
1625 3963 1936 4054 praemia
1980 3963 2262 4053 recepit.

658 4056 696 4141 ἓ
741 4056 817 4125 2.
873 4051 1003 4137 Q‘ui
1050 4055 1250 4140 cujus
1297 4051 1524 4122 meriti
1573 4051 1804 4133 fuerit,
1847 4051 2055 4121 etiam
2107 4050 2611 4122 miraculorum
2661 4052 2897 4145 sig-nis
2927 4054 3147 4126 inter-

570 4163 709 4211 nus
754 4142 1009 4211 arbiter
1054 4140 1352 4211 edocuit.
1410 4146 1456 4211 E
1503 4141 1764 4228 quibus
1810 4141 1939 4209 tria
1980 4141 2352 4210 memoriae
2385 4144 2623 4215 causa.
2670 4163 2943 4233 ponere
2972 4144 3142 4218 satis

571 4232 681 4300 sit.
735 4231 1096 4320 Presbyter
1140 4229 1427 4318 quidam
1472 4231 1757 4299 nomine
1789 4234 1963 4313 utta,
2005 4228 2262 4299 multae
2310 4230 2665 4320 gravitatis
2705 4252 2791 4301 ac
2826 4233 3140 4305 veritatis

574 4319 697 4400 vir,
736 4333 799 4389 et
833 4321 920 4390 ob
954 4319 1022 4387 id
1067 4318 1419 4400 omnibus,
1456 4319 1663 4388 etiam
1699 4319 1873 4410 ipsis
1925 4311 2371 4409 principibus
2412 4318 2629 4390 seculi
2671 4319 3141 4405 honorabilis,

569 4427 731 4475 cum
798 4408 1180 4478 mitteretur
1226 4411 1560 4477 Cantuam
1629 4407 1718 4478 ob
1766 4406 2251 4478 adducendam
2300 4396 2463 4477 inde
2524 4408 2909 4499 conjugem
2972 4411 3145 4504 Re&
