3308 5004
148 304 161 308 ’
254 322 447 389 AUG.
500 322 586 387 25
1025 337 1107 385 nn
1153 337 1211 386 s.
1263 336 1534 385 nusssmo
1580 337 1661 385 ιτ
1705 335 1880 387 socc.
1934 337 2050 386 ιιι.
2601 322 2731 389 603

256 424 524 506 terreri,
582 444 706 493 nec
753 422 1064 513 separari
1096 443 1221 491 nos
1259 443 1301 492 a
1346 422 1771 492 fraternitate
1817 422 2090 493 Domini
2140 423 2360 494 nostri
2405 423 2664 495 sulii.»
2710 426 2819 496 Vi·

254 514 490 586 tellius
519 512 1136 584 circumstantibus
1155 510 1293 581 ait:
1331 511 1453 581 Isti
1483 512 1713 582 securi
1742 512 1827 583 de
1851 523 1996 582 arte
2025 513 2320 602 magica,
2359 513 2431 582 in
2458 514 2819 585 tormentis

254 604 587 697 gaudent.
648 600 1029 692 Respondit
1075 599 1501 670 Vincentius:
1531 605 1719 672 «Nos
1764 599 2154 692 gaudemus
2191 613 2259 672 et
2304 602 2698 675 exultamus
2743 604 2815 672 in

254 692 549 764 Domino
579 706 814 764 nostro
836 689 999 761 Jesu
1030 689 1368 760 Christo.»
1400 694 1768 779 Tyrannus
1798 711 1955 760 vero
2009 689 2208 760 'ussit
2235 691 2577 782 extemplo
2617 692 2819 762 flam-

255 803 410 851 mas
455 779 797 873 applicari
826 800 1064 848 eorum
1108 777 1465 848 lateribus,
1506 777 1616 847 Illi
1641 778 1967 849 ala‘crese
2020 778 2177 861 ecti,
2212 779 2558 851 dicebant:
2588 781 2820 852 Gloria
2887 775 2890 784 ⁸

257 871 384 941 tibi
424 870 734 950 Domine,
772 868 894 956 qui
944 888 1070 938 nos
1120 881 1238 937 tua
1267 866 1657 937 visitatione
1702 867 2122 938 circumdas.
2175 869 2399 959 Igitur
2435 891 2622 940 unus
2668 891 2819 940 car·

256 959 550 1030 niflcum
607 957 1017 1037 Antoninus,
1101 955 1387 1026 intentis
1459 955 1684 1026 oculis
1730 957 2007 1026 eminus
2063 956 2232 1027 vidit
2288 979 2449 1027 cum
2527 959 2822 1050 spongia

250 1048 581 1138 juvenem
646 1058 966 1126 stantem,
1021 1044 1290 1135 fulgore
1340 1045 1557 1115 nimio
1603 1058 2079 1117 coruscantem
2109 1099 2125 1120 .
2177 1058 2244 1115 et
2302 1067 2541 1117 eorum
2610 1047 2822 1118 latera

254 1147 746 1228 extergentem.
798 1140 991 1204 Tunc
1036 1134 1291 1204 emissa
1342 1155 1525 1216 voce,
1562 1155 1735 1203 cunr
1772 1134 2036 1225 ingenti
2086 1133 2343 1225 gaudio
2399 1135 2623 1236 coepit
2678 1136 2820 1206 cla-

255 1249 486 1297 mare:
541 1230 734 1295 Unus
780 1245 985 1293 verus
1034 1228 1215 1306 Deus
1266 1233 1369 1293 est
1415 1222 2007 1302 Christianorum,
2061 1245 2270 1310 quem
2326 1222 2399 1293 hi
2448 1224 2820 1295 evldentis-

258 1316 436 1385 sima
484 1314 751 1384 ratione
808 1311 1234 1402 praedicant.
1289 1311 1497 1382 Video
1542 1311 1729 1381 enim
1807 1312 2144 1403 Angelum
2195 1312 2467 1382 Domini
2523 1314 2821 1383 circum-

257 1415 552 1474 stantem
585 1424 726 1484 θος,
760 1414 827 1471 et
872 1423 914 1470 a
963 1422 1290 1491 pressura
1350 1401 1796 1471 flammarum
1851 1412 2342 1492 protegentem.
2397 1407 2588 1472 Tunc
2636 1402 2822 1472 velut

257 1493 364 1563 leo
393 1490 721 1562 frendens
751 1489 999 1571 Judex,
1036 1512 1198 1560 cum
1249 1488 1553 1559 clamore
1583 1490 1720 1560 ait:
1755 1493 1807 1560 Ο
1834 1490 2104 1581 magica
2129 1512 2265 1570 am,
2313 1512 2353 1560 o
2393 1490 2814 1572 seductore8‚

256 1583 379 1670 qui
427 1581 907 1651 alienaverunt
971 1590 1199 1648 mente
1245 1601 1369 1649 sua
1411 1578 1766 1649 hominem
1828 1579 2300 1650 clarissimum
2348 1601 2430 1650 ac
2485 1580 2861 1670 probatis-'

258 1672 517 1741 simum
567 1670 637 1738 in
691 1667 1075 1759 republica.
1110 1666 1497 1740 Antoninus
1520 1680 1751 1738 autern
1787 1667 2205 1758 poenitentia
2237 1667 2514 1749 ductus,
2552 1669 2821 1739 devovit

259 1781 333 1832 se
362 1757 789 1830 crediturum
833 1756 1099 1827 Christo
1147 1757 1462 1827 Domino.
1502 1757 1744 1827 Statim
1794 1779 1951 1828 vero
1983 1757 2370 1827 Antoninus
2401 1757 2435 1794 ⁴¹
2483 1757 2820 1829 Rufinum

262 1848 746 1941 presbyterum
797 1845 991 1927 adiit,
1033 1858 1099 1916 et
1137 1859 1214 1916 ut
1238 1846 1328 1915 ab
1366 1867 1446 1914 eo
1475 1845 1965 1937 baptizaretur,
2013 1845 2372 1915 humiliter
2398 1846 2814 1938 impetravit.

350 1941 388 2025 ἓ
435 1942 522 2009 4.
577 1941 813 2022 Itaque
861 1934 1174 2005 Vitellius
1222 1947 1496 2005 sanctos
1536 1946 1875 2024 martyres
1907 1934 1992 2003 de
2022 1935 2260 2005 eculeo
2293 1933 2547 2025 deponi
2574 1936 2810 2026 jussit.

254 2026 531 2116 ,Quibus
577 2023 909 2115 depositis
956 2024 1097 2093 ait:
1156 2027 1235 2092 Ut
1281 2022 1450 2110 quid
1484 2036 1621 2093 tam
1667 2024 1985 2095 crudeles
2022 2024 2188 2095 estis
2228 2023 2652 2114 vobisipsis?
2683 2028 2817 2095 Cur

262 2135 400 2182 non
450 2113 796 2205 deponitis
846 2112 1195 2182 insaniam
1245 2133 1519 2197 vanam,
1574 2112 1943 2183 adorantes
1991 2112 2158 2183 deos
2203 2125 2269 2182 et
2317 2112 2810 2202 glorificante3‚

228 2215 434 2290 ’quos
445 2204 805 2292 jusserunt
835 2201 1206 2292 principeS,
1238 2214 1315 2271 ut
1343 2201 1705 2272 nobiscum
1734 2200 1872 2270 frui
1905 2202 2307 2271 mereamini
2340 2202 2475 2271 vita
2503 2207 2824 2272 aeterna?

258 2296 504 2362 Beatus
535 2290 933 2361 Vincentius
962 2292 1090 2360 ait:
1136 2313 1173 2357 «
1210 2293 1262 2360 Ο
1295 2290 1612 2360 omnium
1660 2289 2136 2360 infelicissime
2183 2304 2247 2359 et
2293 2289 2812 2371 crudelissime,

260 2382 377 2470 qui
415 2381 675 2471 tibiipsi
713 2401 849 2448 non
886 2380 1134 2470 parcis.
1170 2384 1301 2449 Nos
1337 2380 1405 2447 in
1442 2378 1664 2469 gloria
1687 2379 1835 2466 jam
1875 2379 2231 2448 con’stituti
2261 2400 2530 2460 summ,
2562 2392 2633 2448 tu
2663 2401 2822 2450 vero

258 2491 414 2540 cum
469 2469 784 2563 principe
834 2480 949 2539 tuo
999 2469 1068 2538 in
1100 2468 1418 2560 gehenna
1455 2468 1807 2559 periturus
1854 2489 1951 2539 es,
1986 2490 2024 2535 »
2059 2472 2248 2537 Tunc
2275 2467 2588 2538 Vitellius
2604 2468 2820 2559 jussit

261 2558 573 2650 linguam
605 2557 913 2650 praecidi
938 2561 1158 2628 sancti
1186 2557 1487 2640 Eusebii,
1522 2558 1899 2627 aestimans
1931 2556 2034 2626 illi
2074 2556 2312 2626 deesse
2346 2556 2627 2647 linguae
2674 2556 2820 2627 offi-

259 2648 475 2729 cium,
515 2649 584 2716 in
614 2648 820 2738 cujus
845 2669 960 2716 ore
982 2669 1256 2735 semper
1283 2647 1595 2716 Christus
1620 2646 2008 2716 resonabat.
2036 2646 2423 2716 Antoninus
2449 2659 2677 2716 autern
2707 2669 2822 2717 ac-

258 2759 544 2807 currens
570 2735 961 2808 clamabat:
1012 2739 1065 2805 O
1114 2735 1338 2806 Vitelli
1389 2734 1801 2816 miserrime,
1845 2733 2011 2823 quid
2056 2734 2183 2803 tibi
2212 2747 2277 2804 et
2299 2734 2513 2824 justis
2547 2735 2706 2805 his?
2746 2746 2823 2805 ut

258 2825 422 2912 quid
466 2846 581 2895 eos
606 2825 876 2895 crucias
900 2828 932 2893 ‘P
976 2830 1168 2894 Tunc
1208 2822 1517 2895 Vitellius
1550 2844 1674 2911 per
1704 2845 1781 2893 os
1812 2824 2226 2914 sanguinem
2263 2845 2535 2893 vomere
2563 2825 2814 2914 coepit,

257 2927 441 2984 recto
473 2912 1019 3004 scilicetjudicio
1048 2913 1184 2995 Dei,
1211 2924 1288 2981 ut
1311 2911 1432 2998 qui
1456 2912 1709 2981 exarsit
1734 2911 1818 2980 ad
1846 2912 2282 3003 puniendum
2310 2935 2388 2983 os
2420 2912 2624 3004 justi,
2674 2914 2821 2982 acri

260 3002 496 3072 dolore
545 3014 978 3090 torqueretur
1024 3004 1096 3070 in
1133 3024 1283 3071 suo.
1322 3000 1584 3071 Athleta
1626 3023 1783 3071 vero
1816 3001 2089 3071 Domini
2123 3001 2462 3071 Eusebius
2495 3001 2645 3070 sine
2687 3001 2824 3070 lin-

261 3114 401 3183 gua
450 3090 693 3161 laudes
741 3092 810 3160 in
861 3090 1209 3162 excelsum
1262 3088 1529 3160 Christo
1576 3089 1808 3160 dabat.
1887 3090 2064 3160 Huic
2113 3090 2327 3181 igitur
2389 3089 2825 3160 lamentabili

261 3179 658 3269 spectaculo
704 3180 990 3267 quidam
1041 3179 1143 3248 vir
1192 3179 1517 3250 intererat
1562 3180 1997 3251 Christianus
2036 3178 2498 3261 clarissimus,
2540 3179 2825 3248 nomine

262 3274 578 3338 FaustuS.
619 3270 749 3352 Qui
780 3269 1114 3359 colligens
1156 3267 1468 3369 linguam
1514 3269 1837 3357 martyris
1871 3268 2122 3338 Christi
2156 3266 2458 3348 Eusebii,
2510 3268 2819 3359 reposuit

263 3380 413 3427 eam
467 3358 600 3428 sub
651 3359 886 3427 tunica
934 3380 1060 3428 sua
1106 3357 1176 3425 in
1222 3379 1384 3426 sinu
1417 3378 1568 3437 sun,
1607 3369 1674 3426 et
1702 3357 2032 3446 fugiendo
2064 3356 2288 3427 latuit.
2330 3356 2588 3427 Dehinc
2614 3357 2823 3447 jussu

261 3447 509 3516 Vitellii
558 3447 943 3535 Antoninus
992 3446 1246 3515 ductus
1292 3456 1395 3515 est
1441 3469 1481 3515 a
1525 3446 1977 3517 carnificibus
2016 3446 2124 3516 via
2158 3445 2432 3516 Aurelia
2452 3447 2651 3538 juxta
2685 3445 2823 3516 for-

263 3557 446 3605 marn
478 3536 870 3625 Trajanam,
909 3546 974 3604 et
1005 3534 1227 3625 capite
1263 3534 1505 3625 plexus
1542 3540 1612 3604 Μ
1661 3535 1937 3605 Calend.
1979 3535 2425 3624 Septembris

347 3628 384 3713 ἓ
430 3630 517 3698 5.
573 3630 781 3695 Porro
832 3623 1205 3693 Eusebium
1260 3646 1339 3694 ac
1389 3623 1613 3695 socios
1661 3624 1813 3695 e'us
1876 3622 2143 3693 diutius
2210 3634 2590 3693 maceratos
2654 3645 2822 3714 sup·

264 3711 517 3804 pliciis,
573 3714 642 3783 in
695 3714 836 3782 ima
883 3713 1180 3784 carceris
1233 3712 1432 3782 ’ussit
1481 3716 1670 3782 retrii
1729 3713 1775 3781 i.
1827 3712 1932 3781 Ibi
1982 3734 2115 3783 non
2160 3712 2407 3783 diebus
2440 3733 2662 3799 neque
2697 3734 2821 3782 no-

264 3803 489 3872 ctibus
536 3801 624 3871 ab
673 3803 981 3873 oratione
1029 3824 1223 3873 cessa
1274 3816 1419 3885 ant.
1474 3801 1926 3872 Percurrebat
1989 3813 2217 3871 autem
2287 3822 2524 3870 eorum
2587 3800 2824 3901 opinio

264 3891 833 3980 circumquaque.
886 3891 980 3961 Ad
1032 3914 1207 3979 quos
1256 3892 1539 3960 veniens
1582 3913 1719 3960 non
1763 3891 2055 3961 minima
2098 3888 2473 3959 multitudo
2505 3888 2823 3959 Christia-

267 4001 538 4063 norum,
591 3994 657 4050 et
704 3980 998 4050 audiens
1046 3981 1134 4050 ab
1181 3980 1283 4049 eis
1312 3978 1646 4049 ‘aeternae
1683 3979 1856 4048 vitae
1896 3979 2177 4059 monita,
2218 4000 2354 4049 non
2390 3977 2827 4048 mediocriter

267 4069 686 4158 proficiebat.
741 4074 897 4139 Post
948 4068 1259 4140 triduum
1309 4069 1637 4159 apparuit
1683 4068 1798 4155 eis·
1832 4068 2076 4138 beatus
2119 4067 2385 4149 Julius,
2419 4066 2826 4155 cunctisque

268 4157 730 4239 audientibuS,
787 4173 1075 4229 ventura
1128 4180 1251 4249 pro
1306 4156 1605 4228 hetando
1637 4157 1806 4227 haec
1850 4157 2120 4228 intulit:
2168 4157 2433 4227 Salvate
2464 4156 2824 4226 custodem

269 4248 581 4318 carceris.
654 4252 835 4318 Haec
893 4247 1156 4328 dicenS,
1212 4269 1250 4316 a
1351 4246 1575 4316 oculis
1622 4268 1861 4317 eorum
1905 4246 2215 4328 evanuit,
2263 4258 2664 4333 mentesque
2712 4266 2824 4316 eo-

270 4356 419 4404 rum
450 4358 578 4406 sua
611 4337 1009 4427 gratissima
1040 4335 1428 4406 visitatione
1468 4335 1888 4405 laetificavit.
1928 4341 2212 4406 Tantam
2246 4357 2402 4406 vero
2440 4333 2825 4406 contulerat

312 4462 333 4483 ⁶
364 4463 623 4503 Antoninus
643 4464 777 4504 Mart.
799 4464 938 4504 recol.
959 4464 1008 4503 in
1026 4463 1273 4512 Mat-tyrol.
1295 4471 1403 4504 xxn
1424 4463 1520 4511 huj.
