3308 5004
215 334 422 402 Am.-
459 334 546 400 20
872 352 952 398 ns
997 352 1054 398 S.
1105 351 1438 400 unanimo
1469 352 1624 399 aas.
1680 351 2095 401 numme..
2544 337 2675 404 52⁹

227 437 596 508 videbatur
627 435 1004 507 Gaufridu's
1035 434 1166 506 :ille
1201 435 1291 506 de
1330 436 1618 530 Paroria,
1656 438 1779 524 qui
1814 438 2251 527 postmodum
2293 439 2363 509 in
2400 437 2773 511 claravalle

222 526 484 597 Prioris
531 524 757 597 officio
803 524 1255 618 funct11s2est,
1291 527 1458 594 etin
1508 547 1588 595 eo
1633 525 2023 597 defunctus.
2077 532 2155 596 In
2205 528 2464 615 quibus
2484 528 2773 600 criden}-

217 616 494 685 tissime
545 613 846 684 vidimus
889 613 1364 704 evangelicum
1411 613 1591 706 illud
1638 614 1915 705 impleri
1941 638 1973 684 z·
2010 615 2204 686 Multi
2250 617 2481 688 dicent
2526 619 2765 700 vobisr,

225 709 402 774 Ecce
448 703 564 773 hic
604 715 709 773 est
755 702 1065 774 Christus
1092 702 1532 784 ,neone-illic.
1587 702 1916 775 Plurimis
1962 705 2146 774 enim
2208 704 2772 795 persuasionibus

231 806 464 864 actum
514 804 616 863 est
660 812 823 862 cum
861 791 994 873 ⁴eiS‚
1051 804 1129 861 ut
1174 791 1385 862 aliam
1435 792 1660 892 magis
1708 790 1793 861 eli
1840 849 1843 850 γ
1889 814 1962 862 re
1992 792 2488 894 professionem
2520 795 2775 867 etloca

231 881 373 952 alia
418 880 840 963 debuissent,
892 879 1109 950 donec
1139 880 1441 951 occurrit
1473 885 1592 950 Dei
1630 879 1825 951 famu
1852 903 1939 952 us
1977 902 2123 971 Jam
2169 903 2382 983 prope
2409 882 2766 974 dispersis,

223 983 295 1040 et
324 971 393 1040 in
448 969 673 1040 verbis
720 968 981 1061 gratiae
1025 990 1203 1057 quae
1283 968 1695 1039 recedebant
1741 970 1827 1039 de
1858 992 1975 1040 ore
2005 972 2179 1060 eJuS,
2222 971 2770 1071 pristina-omnis

225 1059 588 1129 haesitatio
619 1057 798 1128 facta
823 1069 945 1129 est
975 1057 1063 1127 de
1102 1080 1166 1126 m
1262 1058 1350 1140 ic,
1385 1070 1452 1127 et
1481 1058 1797 1128 omniurn
1836 1060 2089 1150 pariter
2121 1061 2201 1140 in,
2226 1061 2451 1150 ipsius
2480 1061 2770 1132 consilio

224 1147 794 1239 irrefragabiliter
852 1159 956 1217 est
1017 1146 1290 1216 firmata
1350 1146 1693 1217 voluntas,
1764 1148 1956 1231 Quod
2012 1147 2305 1235 quidem
2355 1149 2612 1220 factum
2670 1163 2774 1221 est

223 1259 369 1307 non
420 1237 570 1307 sine
616 1235 847 1307 subita
893 1236 1168 1325 penitus
1215 1234 1675 1323 quorumdam
1702 1257 1807 1305 .ex
1853 1236 2025 1327 ipsis
2073 1238 2448 1308 mutatione
2506 1238 2774 1309 animos·

230 1348 416 1396 rum.
473 1325 776 1412 Denique
821 1346 982 1394 cum
1038 1325 1184 1412 jam
1236 1325 1460 1394 virum
1520 1324 1632 1393 Dei
1681 1323 1770 1394 ad
1827 1325 2321 1396 monasterium
2375 1327 2774 1415 sequeretur

231 1414 630 1505 praedictus
677 1413 794 1483 ille
852 1411 1275 1495 GaufriduS„
1328 1412 1738 1504 gravissima
1784 1414 2010 1505 coepit
2055 1414 2423 1486 tentatione
2463 1416 2767 1506 pulsari.

231 1504 537 1574 intuitus
583 1515 811 1572 autem
860 1500 1059 1572 illum
1109 1524 1296 1574 unus
1341 1523 1380 1571 e
1426 1500 1756 1574 fratribus
1788 1557 1804 1584 ‚
1858 1503 2033 1585 Quid
2084 1516 2208 1585 est,
2263 1503 2490 1591 inquit
2519 1559 2536 1585 ,
2587 1504 2773 1592 quod

227 1593 444 1664 facies
493 1606 609 1663 tua
654 1590 1126 1672 exterminata,
1179 1603 1248 1660 et
1296 1590 1609 1662 tristitiae
1659 1590 1961 1678 quodam
2012 1592 2272 1662 nubilo.
2301 1592 2624 1664 obvoluta
2674 1594 2774 1663 vi-

234 1681 492 1752 detur?
521 1680 642 1752 Cui
682 1679 1055 1751 Gaufridus
1090 1702 1105 1748 :
1146 1679 1322 1761 Scio,
1357 1679 1607 1769 inquit,
1651 1679 1821 1762 scio,
1852 1680 2034 1769 quod
2073 1703 2428 1768 nunquam
2470 1682 2773 1773 amplius

125 1821 131 1828 -
230 1768 455 1841 laetus
501 1791 639 1840 ero,
693 1768 887 1851 Quod
935 1769 1223 1838 verbum
1264 1790 1424 1838 cum
1474 1768 1560 1838 ad
1609 1768 1953 1840 famulum
2004 1770 2121 1840 Dei
2154 1769 2337 1840 idem
2371 1769 2578 1840 frater
2606 1771 2773 1841 satis

230 1861 486 1930 anxius
531 1857 924 1936 retulisset,
976 1856 1217 1928 videns
1275 1856 1393 1927 ille
1439 1856 1799 1927 basilicam
1862 1879 2075 1949 prope
2135 1859 2311 1928 viam
2380 1881 2504 1950 per
2558 1879 2773 1946 quam

284 1946 770 2026 radiebantur‚
824 1946 1142 2028 divertit,
1194 1957 1261 2015 et
1307 1946 1376 2014 in
1434 1967 1665 2016 ressus
1710 1945 1970 2017 orabat.
2025 1948 2318 2018 Caeteris
2375 1960 2603 2018 autem
2653 1948 2774 2017 de-

204 1971 405 2107 {uis
443 2035 1072 2126 praestolantibus,
1126 2034 1360 2105 Gaufri
1414 2056 1497 2106 us
1545 2034 1661 2104 ille
1708 2048 2032 2125 gravatus
2087 2035 2308 2107 taedio
2346 2090 2363 2116 ‚
2418 2058 2628 2127 super
2673 2036 2776 2106 la·-

235 2124 470 2215 pidem
518 2124 955 2194 obdormivit.
1010 2128 1296 2194 Demum
1346 2145 1505 2193 cum
1555 2124 1763 2194 ambo
1813 2125 2067 2214 pariter
2119 2124 2599 2206 surrexissent,
2655 2125 2776 2196 ille

237 2212 327 2282 de
359 2213 664 2284 ora-tione
692 2268 707 2295 ‚
761 2212 890 2283 iste
936 2212 1021 2281 de
1073 2233 1357 2294 somn0,
1409 2212 1734 2302 apparuit
1779 2213 1963 2283 idem
2013 2212 2385 2285 Gausridus
2432 2225 2618 2284 tanto
2654 2215 2774 2304 ju·-

239 2301 536 2372 cundior
588 2316 655 2372 et
711 2301 997 2371 hilarior
1059 2301 1392 2382 caeteriS,
1459 2314 1719 2388 quanto
1767 2302 2025 2371 tristior
2088 2302 2303 2392 priuS.
2358 2305 2666 2389 Cumque
2710 2302 2774 2371 ei

291 2390 633 2462 raedictus
665 2390 875 2460 frater
904 2389 1187 2459 verbum
1241 2389 1640 2471 moestitiae,
1692 2390 1876 2478 quod
1912 2390 2183 2460 locutus
2218 2390 2462 2474 suerat,
2515 2392 2777 2460 amica-

237 2412 467 2551 fluiter
512 2481 1055 2571 improperaret:
1110 2478 1251 2549 Etsi
1298 2490 1487 2561 tunc,
1538 2478 1788 2568 inquit,
1841 2478 2003 2560 dixi,
2057 2484 2421 2568 Nunquam
2470 2478 2775 2570 amplius

238 2569 462 2640 laetus
490 2592 645 2640 ero:
700 2568 820 2638 sed
862 2590 1049 2639 nunc
1087 2568 1269 2649 dicu,
1311 2573 1676 2655 Nunquam
1720 2568 2026 2660 amplius
2072 2568 2285 2639 tristis
2328 2590 2469 2638 ero.

333 2667 372 2740 ἓ
421 2665 564 2732 15.
620 2657 809 2728 Idem
858 2678 1133 2744 quoque
1187 2656 1560 2727 Gaufridus
1610 2656 1834 2746 primo
1890 2670 2194 2748 tempore
2251 2657 2572 2748 tyrocinii
2618 2658 2723 2727 sui
2754 2710 2772 2740 ,

294 2769 370 2816 ro
402 2759 593 2835 patre
641 2769 769 2816 suo
804 2746 947 2816 viro
995 2743 1213 2815 nobili
1258 2757 1324 2815 et
1360 2746 1642 2835 potenti,
1679 2768 1887 2833 quem
1922 2746 1991 2816 in
2028 2744 2261 2817 seculo
2295 2746 2773 2833 dereliquerat,

239 2770 441 2905 filiali
482 2835 729 2924 pietate
767 2834 1103 2915 solicituS,
1150 2838 1414 2904 Patrem
1457 2847 1773 2905 sanctum
1811 2857 1936 2926 pro
1980 2835 2133 2925 eJus
2179 2834 2622 2905 conversione
2662 2856 2783 2925 ,ro-

235 2945 409 3026 gare
458 2924 826 2994 Dominum
877 2923 1322 2994 affectuosius
1366 2923 1712 2994 exorabat.
1766 2925 1887 2994 Cui
1933 2925 2037 2993 vir
2075 2924 2236 2994 Deis
2288 2946 2325 2990 «
2372 2929 2464 2994 Ne
2510 2924 2777 3005 timeaS,

241 3011 473 3100 inquit
506 3068 522 3095 ‚
575 3034 701 3104 ego
749 3012 946 3082 illum
1001 3011 1365 3103 probatum
1426 3012 1845 3083 monachum
1920 3013 2246 3085 manibus
2313 3013 2484 3083 meis
2530 3013 2603 3081 in
2652 3012 2782 3082 hac

237 3099 618 3172 claravalle
664 3101 1020 3193 sepeliam.
1052 3125 1089 3183 s
1141 3106 1522 3189 Utrumque
1569 3112 1882 3173 secutum
1932 3112 2081 3172 est:
2133 3113 2198 3171 et
2248 3100 2586 3192 perfectus
2633 3122 2785 3171 mo-

239 3190 512 3260 nachus
556 3189 779 3261 factus
824 3202 948 3271 est,
1003 3202 1071 3260 et
1114 3213 1156 3260 a
1206 3202 1395 3280 patre
1446 3202 1684 3261 sancto
1713 3244 1729 3273 ,
1784 3190 1963 3260 sicut
2010 3190 2437 3282 praedixerat
2485 3190 2654 3281 ipse,
2707 3189 2777 3263 in

233 3278 620 3350 Claravalle
674 3278 988 3370 sepultus
1047 3291 1174 3350 est.
1228 3284 1604 3367 Tamquam
1667 3279 1854 3349 enim
1914 3279 2092 3350 mori
2148 3276 2268 3350 illo
2323 3279 2605 3350 absente
2644 3300 2777 3349 non

245 3380 500 3459 posset,
528 3368 838 3456 quinque
868 3368 1230 3438 mensibus
1267 3367 1687 3451 infirmatuS,
1721 3381 1786 3439 et
1813 3368 2336 3452 creberrimum,
2374 3367 2591 3438 immo
2622 3389 2784 3438 con·

243 3456 524 3528 tinuum
587 3457 658 3527 in
728 3456 955 3547 seipso
1021 3456 1260 3527 mortis
1322 3478 1735 3548 responsum
1797 3457 2059 3528 habens
2093 3511 2110 3539 ,
2175 3457 2508 3528 sustinuit
2567 3456 2784 3527 donec

249 3559 443 3704 pateil·
488 3557 775 3617 sanctus
838 3543 1138 3627 rediret,
1189 3544 1358 3633 qui,
1423 3558 1501 3617 ut
1546 3544 1714 3616 olim
1779 3546 2231 3636 promiserat,
2283 3567 2442 3617 eum
2494 3543 2786 3616 traderet

241 3657 315 3706 se
366 3658 415 3706 u
447 3646 660 3705 turae.

237 3763 248 3770 —
320 3657 374 3811 ξ
420 3726 576 3797 10.
619 3722 893 3813 Regina
954 3722 1281 3792 Franciae
1312 3776 1330 3805 ‚
1383 3721 1764 3813 supradicti
1836 3721 2160 3793 Ludovici
2213 3722 2503 3793 ’unioris
2566 3742 2780 3802 uxor,

253 3811 492 3903 plures
521 3833 681 3882 cum
717 3833 797 3882 eo
828 3810 1078 3881 fecerat
1108 3832 1352 3893 annoS,
1404 3822 1471 3882 et
1503 3810 1807 3883 sobolem
1844 3833 1981 3881 non
2022 3812 2200 3881 habe
2248 3824 2339 3882 at.
2377 3816 2535 3880 Erat
2555 3823 2784 3879 autem

249 3901 356 3969 vir
401 3911 685 3972 sanctus
716 3899 899 3991 apud
954 3904 1208 3991 Regem
1259 3921 1383 3991 pro
1427 3900 1730 3988 quadam
1782 3920 1947 3988 pace
1999 3899 2364 3981 laborans,
2416 3911 2482 3968 et
2529 3898 2789 3998 Regina

256 3987 327 4056 in
363 3989 785 4060 contrarium
837 3987 1208 4060 nitebatur.
1260 3993 1563 4076 Cumque
1608 4010 1759 4059 eam
1798 4002 2106 4059 moneret
2151 3987 2477 4060 desistere
2502 3999 2784 4077 coeptis,

252 4088 319 4147 et
368 4078 533 4170 Regi
580 4101 666 4149 su
715 4100 950 4180 gerere
999 4076 1306 4159 meliora,
1358 4076 1535 4148 inter
1575 4077 1998 4164 loquendum
2035 4077 2155 4148 illa
2201 4077 2425 4168 coepit
2460 4074 2791 4164 conqueri

260 4186 471 4255 super
517 4169 675 4239 steri
713 4180 872 4238 itate
917 4188 1066 4247 sua,
1101 4164 1458 4236 humiliter
1493 4187 1770 4258 roganS,
1824 4178 1905 4236 ut
1950 4165 2085 4236 sibi
2134 4178 2406 4257 partum
2455 4164 2792 4235 obtineret

256 4275 300 4323 a
348 4258 501 4324 Deo.
554 4260 633 4327 At
676 4256 837 4326 ille:
892 4255 960 4326 Si
1006 4254 1271 4336 feceris,
1324 4253 1572 4342 inquit,
1623 4253 1809 4342 quod
1850 4275 2118 4335 moneo,
2172 4276 2298 4344 ego
2345 4275 2619 4342 quoque
2664 4274 2789 4343 pro

259 4341 465 4412 verbo
509 4345 692 4431 quod
728 4344 1059 4436 postulaS,
1106 4342 1470 4412 Dominum
1506 4344 1824 4414 exorabo.
1865 4344 2119 4414 Annuit
2147 4342 2290 4427 illa,
2333 4356 2399 4413 et
2431 4341 2622 4434 pacis
2650 4363 2787 4413 non

255 4430 548 4504 tardavit
594 4434 897 4506 effectus.
935 4440 1082 4519 Qua
1130 4432 1519 4515 reformata,
1571 4431 1965 4523 praedictus
2004 4438 2140 4504 Rex
2167 4433 2358 4525 (nam
2396 4431 2677 4502 verbum
2727 4432 2791 4511 ei

409 4555 650 4614 surius
677 4583 703 4600 ·
743 4553 904 4615 Vitae
945 4550 1053 4615 SS.
1084 4584 1108 4597 -
1129 4551 1258 4612 Vol.
1280 4550 1437 4614 vm.
2471 4592 2512 4631 ἂν
2550 4553 2628 4610 34
