3308 5004
671 319 802 402 524
1248 347 1327 395 m:
1364 347 1423 395 s.
1471 344 1821 397 nmmo
1852 346 1998 395 un.
2048 344 2447 396 cunvmc
2805 327 2992 397 AUG.
3044 332 3138 398 20

583 430 1203 504 subito-recordata
1233 431 1538 503 hominis
1573 432 1711 517 Dei,
1746 442 1816 502 et
1848 452 2102 502 nomen
2136 431 2328 502 illius
2365 432 2697 505 invocans
2729 431 2933 523 plena
2960 433 3134 516 fide,

580 520 656 591 in
702 521 856 611 ipsa
903 521 1220 610 protinus
1267 521 1698 592 invocatione
1743 521 1894 592 sine
1940 520 2252 611 periculo
2301 517 2575 611 partum
2622 522 2840 593 edidit
2884 521 3141 612 despe-

581 622 854 681 ratum:
887 613 1019 680 Nec
1067 608 1337 680 distulit
1384 609 1686 701 legatum
1734 609 2085 681 destinare
2128 608 2430 692 fidelem,
2482 632 2602 701 per
2630 631 2838 699 quem
2872 612 3140 703 gratias

581 711 813 802 ageret
856 697 1061 768 celeri
1107 698 1531 780 subventori,
1583 700 1815 789 ipsum
1867 699 1968 770 sie
2016 711 2284 780 natum,
2325 720 2463 770 non
2496 699 2844 771 immerito
2885 712 3135 772 natum

580 808 750 879 eJus·
778 786 1162 878 appellans,
1202 793 1452 859 Verum
1484 787 1627 868 ille,
1664 788 1933 875 quoties
1965 788 2103 858 tale
2128 788 2394 876 aliquid
2425 789 2827 879 contigisset
2853 789 3128 872 audire,

580 896 722 947 non
775 876 1012 947 minus
1058 876 1453 959 humiliter,
1486 899 1699 966 quam
1741 875 2057 965 jucunde
2104 876 2435 968 refutans»,
2489 877 2718 949 dicere
2756 881 3138 949 con‘sueve-

579 977 725 1035 rat:
778 988 815 1033 «
865 968 1236 1035 Hoc-certe
1285 965 1459 1036 mihi
1497 967 1732 1037 sicest
1761 966 2279 1057 imputandum,
2318 967 2500 1037 sicut
2525 967 2612 1049 ei,
2653 967 2775 1055 qui
2803 968 3133 1039 conscius

578 1054 867 1125 omnino
908 1076 1044 1124 non
1092 1053 1245 1124 fuit.
1286 1078 1323 1122 »

668 1144 706 1231 ξ
752 1148 847 1216 0.
902 1147 980 1212 ln
1030 1144 1468 1223 monasterio,
1519 1143 1634 1213 cui
1683 1164 1936 1214 nomen
1985 1156 2088 1214 est
2135 1142 2517 1215 Bellevallis
2546 1199 2563 1225 ,
2618 1164 2830 1235 prope
2873 1145 3121 1216 urbem

575 1230 838 1322 Chryso
889 1229 1082 1313 olim,
1135 1230 1341 1303 bomo
1385 1231 1675 1320 quidam
1724 1254 1762 1302 a
1796 1232 2135 1303 daemone
2166 1233 2560 1314 vexabatur,
2609 1234 2785 1304 mira
2815 1255 2895 1304 eo
2925 1235 3131 1305 insti-

577 1333 785 1410 gante
856 1321 1114 1403 aciens,
1159 1320 1333 1391 mira
1364 1321 1678 1410 loquens.
1715 1327 1873 1391 Post
1906 1320 2163 1391 multas
2191 1321 2405 1423 igitur
2431 1322 2774 1393 orationoe
2804 1322 3121 1404 fratrum,

578 1427 740 1479 cum
792 1409 1105 1498 improbe
1154 1409 1542 1497 persisteret
1589 1409 1710 1480 illa
1768 1410 2074 1499 nequitia
2130 1411 2509 1500 spiritalis,
2572 1412 2964 1482 recordatus
3020 1425 3133 1483 est

486 1544 494 1551 -
581 1497 995 1568 venerabilis
1041 1499 1266 1569 Abbas
1314 1497 1448 1569 loci
1492 1498 1685 1571 illius
1732 1499 2037 1580 Pontius,
2094 1500 2434 1587 hodieqoe
2469 1513 2843 1591 superstes,
2878 1501 3133 1571 habere

580 1586 974 1669 se''stolam,'
1026 1609 1165 1674 qua
1211 1586 1619 1674 aliquandiu
1669 1588 1913 1660 beatus
1961 1601 2152 1678 pater
2199 1611 2373 1659 usus
2418 1588 2642 1660 fuerat
2674 1590 2745 1658 in
2776 1588 3128 1660 oblatione

582 1674 847 1745 hostiae
895 1675 1241 1746 salutaris.
1308 1682 1440 1747 Nec
1498 1689 1903 1759 cunctatuS,
1974 1676 2129 1747 tulit
2190 1678 2507 1767 protinus
2572 1698 2766 1747 arma
2828 1678 3133 1767 potentia

579 1768 739 1846 De‘o,
792 1763 1346 1853 fiducialiterque
1391 1787 1762 1857 aggressus
1806 1779 1911 1836 est
1958 1766 2349 1837 inimicum.
2404 1767 2523 1836 Vix
2560 1766 2772 1836 limen
2813 1768 3134 1858 attigerat

577 1852 893 1934 cellulae,
945 1854 1022 1923 inw
1065 1875 1204 1941 qua
1253 1854 1463 1924 miser
1508 1854 1716 1924 homo
1756 1855 2067 1943 jacebat,
2118 1878 2280 1925 cum
2330 1856 2561 1927 subito
2609 1855 2964 1945 malignus
3011 1854 3175 1936 ille,

581 1941 884 2012 horridis
929 1942 1214 2012 vocibus
1261 1942 1516 2013 victum
1549 1966 1622 2013 se
1657 1943 2027 2033 profitens:
2064 1949 2187 2025 En,
2226 1945 2475 2032 inquit,
2512 1945 2852 2034 egredior,
2887 1945 3132 2015 recedo

579 2029 920 2122 p'rotiuuS,
976 2049 1254 2101 manere
1302 2031 1483 2101 ultra
1528 2053 1665 2102 non
1717 2054 2028 2122 possum.
2068 2032 2548 2124 Respondente
2583 2046 2811 2103 autem
2844 2033 3123 2114 Abbate‚

670 2142 703 2189 r
749 2140 998 2189 nomen
1037 2121 1332 2202 Domini,
1374 2134 1442 2192 et
1471 2121 1697 2212 ipsius
1735 2122 1915 2192 beati
1949 2122 2076 2191 viri
2116 2123 2464 2203 meritum,
2503 2123 2707 2212 qu'us
2749 2122 2917 2192 baec
2950 2122 3126 2193 stola

605 2207 728 2290 uit,
783 2208 908 2278 tibi
949 2209 1323 2300 praecipio,
1374 2211 1483 2280 exi
1531 2210 1762 2292 citius,
1800 2215 1900 2280 *ne
1952 2211 2275 2280 moreris:
2316 2211 2649 2281 continuo
2687 2211 2984 2280 daemon
3022 2211 3128 2282 fu-

625 2307 782 2368 atus
829 2298 917 2368 ab
965 2298 1266 2375 homine,
1319 2300 1526 2370 homo
1574 2298 1907 2370 liberatus
1953 2311 2077 2370 est.
2131 2300 2298 2382 Quis
2346 2299 2519 2369 alter
2560 2322 2697 2369 non
2740 2299 3129 2390 periculose

600 2386 860 2457 orsitan
911 2388 1305 2467 exultasset,
1357 2410 1578 2476 usque
1624 2388 1797 2459 adeo
1829 2388 1962 2457 sibi
1992 2389 2282 2478 spiritus
2311 2410 2462 2458 esse
2498 2388 2868 2479 subjectos,
2911 2403 2984 2459 ut
3011 2411 3128 2459 ce-

571 2474 814 2548 derent
859 2477 1288 2548 etabsenti?
1335 2483 1581 2550 Verum
1621 2477 1759 2559 ille,
1802 2477 2054 2548 Abbate
2094 2478 2245 2567 ipso
2286 2478 2685 2558 nunciante,
2732 2477 2830 2547 nil
2870 2491 3123 2559 motus,

573 2564 935 2667 magisque
980 2568 1422 2638 subsannans
1469 2589 1585 2638 eos
1631 2585 1806 2655 quos
1856 2566 2130 2636 videbat
2179 2589 2430 2658 magna
2480 2590 2692 2658 super
2744 2567 2872 2638 hoc
2905 2566 3133 2637 admi-

535 2657 1189 2739 ‚rationejmoveri,
1245 2657 1413 2726 haec
1481 2656 1723 2726 eadem
1796 2657 2000 2726 verba
2066 2657 2453 2756 respondi-t:
2508 2679 2547 2723 «
2596 2655 2856 2741 Quidni
2922 2656 3131 2727 facile

572 2763 703 2814 nos
749 2744 899 2815 duo,
939 2745 1566 2834 praevaluissemus
1616 2746 1684 2815 in
1736 2748 2005 2815 unum?
2050 2750 2312 2815 Leviter
2358 2744 2560 2815 illum
2609 2746 2856 2836 ejicere
2905 2747 3131 2836 potuit

573 2836 774 2913 Deus,
829 2835 1231 2923 praesertim
1278 2856 1440 2905 cum
1485 2856 1637 2924 ego,
1691 2846 1767 2903 ut
1814 2834 2068 2915 dicitis,
2123 2835 2354 2904 socius
2385 2835 2449 2904 ei
2480 2835 2688 2905 datus
2727 2835 2860 2905 sim
2900 2847 2968 2904 et
2997 2835 3127 2904 ad-

566 2920 784 3009 jutor.
829 2950 854 2985 n
909 2921 1330 3010 Hujusmodi
1379 2945 1627 3013 nempe
1662 2923 2013 3012 responsis
2046 2925 2118 2993 in
2151 2923 2554 3009 hujusmodi
2597 2926 2805 2994 rebus
2842 2924 3123 3014 saepius

569 3009 918 3080 utebatur.
972 3015 1256 3080 Noverat
1301 3011 1643 3097 siquidem
1696 3033 1899 3083 verus
1944 3025 2010 3082 et
2057 3034 2290 3093 verax,
2346 3035 2484 3083 non
2530 3023 2940 3089 ostentator,
2992 3010 3115 3081 sed

572 3097 958 3168 aemulator
1002 3098 1458 3180 humilitatis,
1521 3098 1875 3170 efficacius
1939 3100 2330 3170 dissuaderi
2391 3122 2594 3190 posse
2660 3101 3109 3181 hominibus,

569 3186 754 3274 quod
804 3186 1194 3276 stupebant,
1245 3187 1546 3275 quadam
1596 3188 1880 3274 obliqua
1924 3202 2001 3275 et,
2037 3190 2409 3260 artificiosa
2456 3190 2856 3279 objectione,
2897 3209 3122 3276 quam

570 3286 810 3364 aperta
855 3277 1324 3347 excusatione:
1375 3298 1552 3365 quae
1585 3277 2044 3347 humilitatem
2090 3279 2313 3369 magis
2349 3279 2879 3368 praedicabilem
2914 3300 3125 3368 prae—

567 3361 873 3445 ferend0,
906 3365 1448 3434 aestimationem
1478 3354 1617 3435 hon
1645 3366 1988 3436 minueret
2017 3367 2405 3448 hominum,
2436 3367 2553 3438 sed
2583 3380 2889 3459 aug-eret.
2921 3366 3122 3438 Unde

568 3451 871 3539 quodam
924 3451 1075 3522 loco
1119 3474 1198 3522 ex
1235 3454 1509 3543 propria
1545 3453 1833 3541 loquens
1863 3477 1944 3525 ex
1997 3456 2321 3525 erientia:
2359 3479 2395 3524 «
2433 3461 2666 3540 Verus,
2705 3459 2956 3548 inquit,
2994 3456 3129 3527 hu·

569 3539 781 3620 milis,
829 3540 984 3611 vilis
1022 3540 1167 3611 vult
1208 3544 1536 3631 reputari,
1579 3565 1713 3613 non
1751 3543 1949 3613 humi
1984 3545 2043 3613 is
2081 3545 2494 3634 praedicari.
2543 3569 2582 3613 »

655 3632 694 3717 ξ
738 3633 816 3702 Ὶ.
869 3628 1051 3700 Illud
1100 3652 1378 3718 quoque
1422 3631 1861 3702 notissimum
1912 3632 2064 3714 fuit,
2117 3633 2301 3721 quod
2351 3634 2582 3704 adhuc
2630 3635 2699 3703 in
2750 3655 2963 3703 carne
3000 3632 3127 3704 de·

566 3740 759 3810 gens,
817 3739 1161 3809 apparens
1207 3734 1434 3789 autem
1488 3721 1559 3790 in
1607 3716 1881 3811 spiritu,
1919 3721 2112 3791 fratri
2152 3723 2458 3805 cuidam,
2498 3722 2728 3793 obitus
2771 3722 2885 3793 sui
2925 3744 3130 3813 prae-

564 3807 1000 3878 nunciaverit
1025 3808 1236 3879 diem.
1267 3808 1763 3880 Infirmabatur
1790 3811 2087 3882 novitius
2111 3811 2395 3897 quidam
2416 3812 2625 3882 frater
2647 3811 2719 3881 in
2744 3810 3128 3882 claravalle

563 3895 786 3967 bonae
831 3898 1372 3968 conversationis
1417 3912 1483 3970 et
1531 3900 1749 3969 bonae
1796 3899 2054 3969 indolis
2100 3898 2541 3971 adolescens:
2593 3906 2725 3971 Nec
2767 3900 2879 3970 lon
3002 3900 3129 3970 ab·

563 3985 914 4069 erat.dies,
948 4007 1087 4075 qua
1124 4000 1274 4077 post
1302 4009 1608 4058 annuam
1640 4010 1722 4058 ex
1757 4010 1943 4059 more
1976 3988 2448 4078 probationem
2496 4011 2748 4060 novum
2800 3990 2869 4058 in
2930 4002 3132 4059 ueret

563 4072 943 4155 hominem,
996 4074 1056 4146 si
1106 4095 1248 4147 non
1278 4077 1474 4165 prius
1507 4077 1859 4146 hominem
1900 4078 2224 4149 exuisset.
2271 4078 2628 4166 Siquidem
2673 4100 3129 4149 consumma·

565 4175 678 4234 tus
725 4163 797 4234 in
849 4164 1062 4246 brevi,
1105 4163 1401 4254 explevit
1433 4178 1742 4255 tempora
1765 4166 1996 4236 multa
2031 4166 2282 4256 placita
2313 4167 2500 4238 enim
2536 4180 2682 4238 erat
2719 4173 2848 4238 Deo
2882 4168 3128 4238 anima

562 4250 743 4338 ejus,
793 4254 1046 4335 Quinto
1093 4253 1308 4344 igitur
1350 4252 1463 4323 die
1508 4267 1671 4323 ante
1716 4254 2041 4325 ultimum
2092 4255 2277 4326 diem
2342 4278 2550 4327 suum
2580 4266 2603 4338 ,'
2666 4256 2991 4327 visitante
3049 4278 3129 4328 se

561 4338 771 4429 fratre
816 4340 1141 4422 Gerardo,
1194 4343 1315 4429 qui
1364 4343 1568 4412 hodie
1597 4344 1822 4414 Abbas
1854 4356 1954 4415 est
1991 4345 2389 4415 monasterii
2420 4346 2895 4438 LongipontiS,
2932 4345 3126 4433 idem

561 4427 869 4496 novitius
913 4427 1336 4501 exhilaratus
1386 4430 1796 4520 plurimum,
1838 4431 2013 4502 inter
2044 4432 2182 4503 alia
2214 4434 2547 4523 spiritalis
2581 4434 2838 4527 gratiae
2879 4436 3120 4506 verba:
