3308 5004
134 313 328 380 AUG.
382 314 467 380 30
953 335 1032 382 m:
1081 336 1138 383 s.
1190 334 1443 385 rracmo
1490 335 1888 385 conrnssoas
2473 314 2602 387 745

134 416 451 489 roborari
498 439 579 488 ac
627 417 1026 490 confirmari
1073 433 1387 511 oportere
1419 476 1435 503 ‚
1488 432 1566 492 ut
1611 421 1893 511 quando
1942 421 2071 492 hoc
2121 420 2240 492 ille
2287 434 2516 494 ratum
2569 422 2690 493 ha—

134 508 352 588 beret,
404 518 470 577 et
517 506 780 597 religio,
818 518 885 579 et
918 508 1298 580 beatissimi
1331 509 1619 580 Bononii
1669 510 2235 581 commemoratio
2278 512 2527 603 maj0ri
2560 512 2694 601 pie-

135 607 273 666 tate
313 595 856 667 celebrarentur.
894 603 1180 668 Romam
1220 620 1382 690 ergo
1416 597 1499 668 ad
1550 604 1887 670 Joannem
1940 599 2338 670 Pontificem
2384 601 2543 691 pius
2584 600 2693 670 hic

135 684 441 776 pontifex
484 684 879 777 profectus,
948 700 1342 777 postquam,
1397 688 1980 771 commemoratis,
2031 709 2210 777 quae
2257 687 2345 758 ad
2394 690 2543 777 ejus
2591 711 2696 758 se-

133 774 461 866 pulcrum
512 774 917 857 edebantur,
957 775 1345 855 miraculis,
1387 775 1472 845 de
1518 776 1672 867 ejus
1720 777 2079 848 sanctitate
2127 777 2333 846 fidem
2389 778 2557 850 satis
2597 776 2693 847 fe-

131 864 341 934 cisset
372 916 394 945 ,
447 885 813 934 assensum
885 865 1116 934 statim
1167 878 1231 935 et
1278 864 1850 956 approbationem
1915 866 2360 955 impetravit,
2413 888 2495 936 ac
2544 878 2687 936 tum

131 951 424 1023 domum
456 974 770 1023 reversus
802 952 1016 1023 altare
1048 975 1208 1023 cum
1243 975 1497 1045 magna
1515 954 1890 1029 universae
1930 954 2154 1044 plebis
2194 954 2454 1025 laetitia
2480 955 2693 1025 erexit

135 1063 216 1113 ac
255 1042 704 1124 consecravit,
748 1041 1120 1132 adjuvante
1170 1043 1460 1114 Domino
1509 1055 1746 1116 nostro
1774 1043 1936 1114 Jesu
1966 1043 2255 1114 Christo.

417 1356 649 1459 VlTA
720 1358 806 1461 S.
876 1356 1267 1462 FlACRll
1315 1357 1626 1491 ‚CONR
1698 1360 1819 1462 ΕΤ
1886 1359 2412 1464 ΕΒΕΜΙΤΑΕ

315 1617 395 1665 UT
441 1614 735 1666 HABETUR
793 1618 862 1666 IN
908 1617 1178 1666 EGREGIO
1225 1615 1448 1667 comen
1496 1619 1601 1666 HS.
1664 1615 2005 1667 ECCLESIAB.
2062 1617 2517 1668 TRAJsscTnNsts

884 1726 998 1773 SED
1045 1725 1288 1772 DEERAT
1335 1723 1643 1773 aucroms
1689 1725 1931 1773 NOMEN.

703 1902 891 1960 Obiit
932 1916 1111 1959 anno
1153 1903 1281 1959 670
1323 1931 1400 1943 -
1442 1901 1740 1959 Ratione
1778 1903 2109 1961 Francus.

222 2104 259 2190 ξ
298 2110 376 2177 1.
429 2106 676 2171 Beatus
725 2101 1029 2172 Fiacrius
1076 2122 1156 2169 ex
1205 2100 1557 2190 Hybernia
1591 2101 1943 2173 nobilibus
1991 2113 2183 2174 ortus
2239 2102 2690 2193 parentibus,

135 2191 520 2264 solitariam
552 2191 757 2260 vitam
808 2202 1162 2281 appetenS,
1219 2189 1492 2259 Meldim
1521 2191 1836 2291 (Meauoe)
1864 2192 1948 2260 ad
2002 2197 2067 2261 S.
2102 2195 2429 2261 Faronem
2466 2191 2690 2281 Episc.

136 2303 304 2352 cum
356 2279 777 2367 quibusdam
830 2280 1036 2349 sociis
1084 2277 1384 2348 advenit.
1436 2282 1646 2369 Cujus
1696 2279 2117 2350 desiderium
2181 2301 2338 2349 cum
2398 2278 2692 2368 pontifex

138 2369 616 2461 cognovisset,
671 2368 901 2438 locum
952 2367 1014 2435 ei
1074 2367 1140 2435 in
1196 2368 1473 2436 nemore
1521 2368 1606 2436 ad
1659 2391 1731 2439 se
1775 2391 1855 2437 ex
1928 2368 2205 2459 proprio
2278 2367 2694 2457 patrimonio

143 2458 625 2550 pertinentem,
665 2458 947 2528 nomine
983 2454 1809 2548 Brodoliumassignavit,
1842 2456 2305 2545 eumdemque
2345 2455 2514 2534 illuc
2546 2476 2695 2547 per-

140 2548 359 2618 duxit.
401 2548 711 2619 Fiacrius
759 2561 1016 2628 autem,
1066 2544 1306 2615 evulso
1356 2567 1657 2627 nemore,
1707 2547 2201 2617 monasterium
2239 2546 2307 2614 in
2363 2545 2690 2615 honorem

131 2642 207 2706 B.
264 2638 512 2708 Mariae
567 2639 683 2707 Vir
737 2692 752 2706 .
804 2634 1210 2719 construxit,
1272 2646 1337 2703 et
1382 2635 1702 2727 exiguam
1753 2635 2038 2705 domum
2104 2635 2392 2706 seorsim
2442 2633 2693 2704 aedifi·

131 2727 334 2808 cavit,
389 2728 458 2795 in
500 2749 636 2815 qua
685 2660 810 2795 gos
866 2727 991 2795 ites
1040 2722 1488 2812 suscipiebat;
1540 2736 1604 2794 et
1638 2723 1725 2794 de
1769 2723 1881 2793 die
1912 2724 1981 2794 in
2024 2724 2212 2794 diem
2267 2724 2501 2793 virtuti
2544 2736 2686 2793 stu-

117 2814 329 2898 'den5,
374 2816 445 2884 in
497 2821 630 2885 Deo
676 2836 799 2905 pro
855 2815 1100 2893 ciebat,
1157 2812 1292 2881 sibi
1355 2810 1548 2884 valde
1596 2827 1939 2894 austerus,
1983 2826 2047 2884 et
2095 2812 2280 2900 quod
2331 2812 2690 2882 sibi-sub-

133 2902 468 2986 trahebat,
525 2904 906 2994 peregrinis
973 2915 1038 2972 et
1090 2901 1514 2990 pauperibus
1577 2903 1924 2993 erogabat.
2001 2904 2206 2970 Fama
2271 2900 2484 2991 igitur
2535 2900 2692 2989 ejus

133 2992 516 3063 sanctitatis
566 2991 764 3084 longe
797 2992 1065 3080 lateque
1095 3003 1468 3079 comperta,
1491 3012 1733 3061 omnes
1784 2992 2024 3060 robore
2058 2990 2329 3080 privati,
2364 2989 2687 3081 elingues

132 3080 275 3149 sive
320 3082 676 3163 contracti,
737 3096 857 3152 aut
892 3079 1178 3159 obsessi,
1233 3091 1353 3148 aut
1418 3080 1555 3150 alia
1605 3079 2167 3149 incommoditate
2223 3078 2528 3164 detenti„
2564 3081 2685 3166 qui

132 3168 217 3238 ad
269 3191 429 3239 eum
459 3170 843 3247 veniebant,
890 3169 989 3239 vel
1024 3166 1530 3251 deferebantur,
1568 3167 1714 3238 sola
1739 3190 1988 3238 manus
2020 3167 2465 3258 impositione
2505 3168 2692 3237 sani-

131 3257 252 3327 tati
301 3258 632 3347 pristinae
667 3258 1152 3328 reddebantur.
1199 3258 1409 3347 Cujus
1443 3259 1629 3327 beata
1675 3257 1912 3348 opinio
1959 3257 2222 3344 ubique
2255 3257 2687 3338 discurrenS,

131 3359 448 3416 sanctum
492 3346 872 3429 Cillenum,
926 3346 1044 3434 qui
1094 3365 1174 3413 ex
1225 3350 1573 3416 Romanae
1639 3346 2214 3437 peregrinationis
2264 3346 2510 3415 itinere
2565 3368 2601 3415 a
2661 3385 2687 3395 ·

132 3434 490 3525 plicuerat,
528 3434 814 3506 adduxit
861 3436 945 3506 ad
984 3431 1358 3504 videndum
1407 3457 1593 3505 eum.
1625 3440 1841 3519 Quem
1876 3447 2159 3506 sanctus
2207 3435 2520 3504 Fiacrius
2550 3435 2607 3503 si
2671 3435 2689 3503 i

132 3524 471 3615 sanguine
518 3524 968 3613 conjunctum
1004 3543 1452 3679 cofinoscens,
1491 3523 1841 3615 spirituali
1889 3524 2298 3616 cognatione
2329 3536 2393 3594 et
2426 3522 2689 3613 gaudio

131 3614 480 3703 suscepit:
533 3626 737 3700 atque
783 3613 1082 3683 divinoa
1139 3615 1346 3698 oquio
1391 3634 1550 3683 cum
1593 3637 1673 3683 eo
1713 3636 1988 3696 vacanS,
2043 3613 2456 3702 aliquandiu
2494 3611 2682 3703 apud

133 3722 206 3771 se
251 3701 545 3772 detinuit
593 3702 662 3771 in
717 3702 1026 3772 DominO.

221 3793 256 3877 ξ
309 3796 397 3863 2.
453 3790 778 3862 Posthaec
814 3791 1287 3865 Fiacrius·non
1321 3792 1584 3862 habens
1611 3793 1798 3862 unde
1830 3792 2133 3883 inopiam
2173 3788 2686 3861 advenientium

136 3878 512 3961 relevaret„
539 3880 828 3950 accessit
875 3880 960 3949 ad
993 3883 1438 3973 Episcopum,
1491 3895 1728 3971 petens
1776 3894 1851 3948 ut
1885 3880 2121 3948 liceret
2166 3878 2228 3947 ei
2272 3891 2538 3948 tantum
2578 3879 2689 3946 ne-

136 3969 347 4039 moris
394 3968 704 4050 evellere,
742 3982 819 4039 ut
849 3968 1106 4041 ibidem
1147 3983 1373 4064 posset
1401 3970 1673 4041 hortum
1710 3968 1933 4037 facere
1964 3966 2047 4036 ad
2086 3966 2460 4037 nutrienda
2505 3966 2687 4036 olera

140 4075 261 4144 pro
309 4059 733 4149 pauperibus
765 4060 1176 4149 peregrinis.
1231 4061 1349 4130 Cui
1407 4056 1707 4148 pontifex
1755 4070 2023 4126 tantum
2089 4057 2309 4147 rogati
2360 4057 2688 4137 nemoris,

138 4157 470 4231 quantum
523 4148 591 4217 in
634 4168 803 4239 gyro
843 4148 1028 4217 circa
1075 4148 1359 4219 domum
1413 4169 1609 4217 suam
1659 4147 1935 4238 propria
1981 4168 2190 4216 manu
2229 4144 2576 4224 fodiendo,
2622 4145 2686 4212 in

137 4254 278 4302 una
335 4234 445 4303 die
492 4235 745 4307 fossato
796 4249 1026 4327 posset
1073 4233 1529 4307 circumdare:
1583 4248 1647 4303 et
1694 4234 2028 4323 quicquid
2106 4235 2282 4304 intra
2348 4233 2680 4303 fossatum

137 4321 607 4405 concluderet,
660 4325 956 4395 liberum
1030 4327 1293 4413 absque
1341 4322 1816 4404 cavillatione,
1869 4322 2072 4411 quasi
2141 4321 2683 4392 haereditarium
2737 4353 2755 4367 ·

143 4411 545 4503 possideret.
598 4418 745 4497 Quo
792 4413 1031 4485 audito
1079 4414 1165 4484 ad
1218 4412 1661 4486 solitudinem
1716 4434 2063 4486 reversus*
2118 4410 2295 4481 facta
2342 4411 2685 4492 oratione,
