3308 5004
681 316 811 382 602
1358 334 1438 380 na
1485 333 1544 382 s.
1596 332 1865 382 zusnmo
1911 332 1989 380 m·
2034 331 2209 382 socc.
2262 333 2379 381 ιιι.
2816 312 3012 382 ms.
3063 313 3159 380 25

584 417 799 507 jussit
830 440 992 488 eum
1026 416 1112 488 ad
1161 437 1235 487 se
1272 415 1537 499 induci,
1593 430 1660 488 et
1714 418 1814 488 sic
1860 437 2019 488 eum
2069 417 2294 509 coepit
2336 417 2571 487 affari:
2622 416 2791 499 suli,
2846 416 3162 505 qualiter

592 528 834 577 amens
861 506 1152 576 effectus
1182 526 1279 584 es,
1331 517 1409 576 ut
1446 506 1772 577 deserens
1817 512 2054 578 Iovem
2104 519 2170 577 et
2216 505 2606 587 Herculem,
2662 506 2979 593 sequaris
3031 528 3165 576 ne·

594 595 737 668 scio
783 617 994 684 quam
1042 594 1413 666 amentiam
1457 599 1759 665 vanam?
1807 596 1929 666 Cui
1985 595 2274 667 viriliter
2332 593 2688 686 respondit
2721 595 2975 677 Julius,
3046 594 3166 665 di-

593 706 794 755 cens:
854 689 1016 753 «Tu
1061 683 1273 754 simul
1324 684 1584 774 peribis
1630 706 1790 754 cum
1841 685 1978 754 diis
2025 685 2186 767 tuiS,
2246 705 2419 773 quos
2483 706 2658 754 vano
2703 705 2936 754 errore
2981 683 3164 756 deos

592 794 765 854 esse,
810 772 1172 843 temerario
1213 793 1330 842 ore
1378 773 1768 843 mentiris.»
1799 773 2139 844 Confusus
2185 773 2417 861 itaque
2447 778 2692 844 Caesar
2719 772 2828 843 his
2875 784 2943 843 et
2988 772 3166 844 aliis

592 861 842 943 verbiS,
897 861 1252 931 accersivit
1300 862 1673 949 quemdam
1734 862 1959 931 virum
2021 862 2301 933 nomine
2331 862 2677 932 Vitellium
2730 861 3164 954 magistrum

592 950 929 1041 peditum,
982 951 1216 1021 animo
1266 949 1433 1030 fero,
1485 972 1694 1041 opere
1738 951 2115 1032 crudelem,
2169 952 2635 1039 omnibusque
2683 951 2866 1021 vitiis
2911 951 3165 1021 obses-

544 1077 545 1080 *
593 1061 774 1119 sum,
828 1051 893 1109 et
933 1040 1281 1130 praecepit
1326 1039 1414 1121 ei,
1467 1039 1748 1110 dicens:
1802 1039 2096 1129 Exquire
2133 1039 2498 1130 diligenter
2523 1038 2880 1111 facultates
2932 1040 3163 1128 hujus

591 1128 937 1218 sacrilegi,
968 1141 1033 1198 et
1079 1127 1418 1219 compelle
1443 1150 1602 1199 eum
1639 1128 1723 1198 ad
1778 1127 2311 1199 sacrificandum
2347 1129 2801 1199 invictissimo
2834 1128 3153 1199 Herculi.

592 1217 724 1300 Qui
774 1217 907 1286 nisi
964 1217 1422 1305 acquieverit,
1481 1239 1616 1287 non
1673 1218 2032 1308 protrahas
2077 1238 2237 1287 eum
2285 1218 2552 1288 diutius
2613 1218 2859 1287 vivere.
2913 1219 3161 1288 Susci-

592 1307 793 1397 piens
841 1305 1151 1376 Vitellius
1184 1306 1518 1389 VicariuS‚
1570 1305 1732 1376 fecit
1759 1328 1918 1378 eum
1971 1307 2301 1376 coarctari
2342 1307 2411 1376 in
2454 1306 2795 1377 custod—ia.
2839 1311 2999 1377 Post
3030 1308 3157 1376 tri·

593 1396 812 1464 duum
847 1416 1006 1464 vero
1046 1395 1257 1485 jussit
1304 1395 1437 1466 sibi
1490 1395 1796 1465 tribunal
1861 1397 2260 1486 praeparari
2310 1396 2376 1464 in
2429 1395 2688 1465 tellude
2732 1396 2767 1430 ¹*
2797 1449 2812 1477 ,
2866 1406 2934 1465 et
2991 1417 3158 1465 san-

593 1494 781 1554 ctum
855 1483 1121 1552 Julium
1177 1484 1441 1553 catenis
1516 1484 1926 1554 adstrictum
1997 1496 2154 1555 ante
2201 1506 2273 1554 se
2327 1484 2659 1554 exhiberi.
2712 1489 2868 1553 Erat
2913 1497 3155 1554 autem

593 1593 878 1662 corpore
926 1572 1182 1653 nudus,
1217 1571 1333 1641 sed
1364 1595 1444 1642 ex
1483 1574 1776 1674 integm,
1820 1573 1958 1643 fide
1988 1573 2320 1643 munitus.
2357 1578 2573 1656 Quem
2607 1573 2706 1644 sic
2740 1573 3148 1660 alloquitur,

593 1660 879 1742 dicens:
933 1660 1197 1736 Audisti
1254 1661 1422 1748 quid
1469 1663 1685 1751 jussit
1723 1661 2104 1752 princeps?
2153 1666 2422 1751 Depone
2459 1662 2610 1750 jam
2661 1661 3151 1752 pertinaciam,

592 1764 659 1820 et
705 1750 917 1820 adora
965 1748 1153 1827 deos,
1193 1771 1316 1839 per
1360 1771 1535 1837 quos
1565 1751 1934 1820 universus
1975 1751 2288 1821 subsistit
2323 1751 2510 1821 orbis
2560 1755 2939 1822 Romanus.
2979 1756 3153 1820 Nam

593 1839 653 1910 si
690 1860 823 1909 non
876 1838 1142 1920 feceriS,
1194 1838 1487 1908 diversis
1515 1840 1815 1910 afflictus
1851 1840 2089 1930 poenis
2122 1840 2458 1930 punieris.
2502 1840 2624 1910 Cui
2674 1851 2960 1910 sanctus
2989 1861 3158 1910 con·

593 1940 854 1997 stanter
891 1925 1283 2027 respondit:
1320 1949 1356 1994 «
1387 1931 1438 1996 Ο
1471 1928 1682 1999 miser
1717 1940 1782 1998 et
1810 1928 2221 2009 miserande,
2254 1929 2463 1999 simul
2490 1951 2649 1999 cum
2681 1941 2801 1999 tuo
2833 1929 3159 2028 principe

594 2015 860 2106 perfido
889 2015 1215 2106 peribis.»
1247 2018 1338 2085 Ad
1392 2017 1560 2085 haec
1608 2017 1921 2086 Vitellius
1965 2018 2173 2086 dixit:
2226 2021 2277 2086 Ο
2322 2018 2369 2086 J
2376 2017 2498 2097 uli,
2538 2017 2608 2085 in
2649 2039 2787 2105 quo
2820 2017 3150 2094 confidis,

593 2126 752 2175 cum
794 2106 939 2193 jam
1013 2104 1387 2176 damnatus
1441 2106 1586 2174 sis?
1639 2105 1868 2175 Julius
1944 2106 2337 2197 respondit:
2393 2128 2429 2173 ε
2478 2104 2761 2175 Fiducia
2809 2127 2967 2176 mea
3020 2106 3156 2176 vita

592 2207 863 2262 aeterna
907 2206 1030 2274 est,
1072 2215 1230 2284 spes
1280 2215 1431 2263 mea
1459 2194 1776 2265 Christus
1817 2206 1946 2276 est,
1982 2196 2101 2283 qui
2136 2208 2199 2265 te
2245 2217 2404 2265 cum
2441 2205 2562 2265 tuo
2599 2195 2914 2285 principe
2944 2194 3150 2264 dam·

600 2282 789 2352 nabit
836 2283 907 2351 in
955 2294 1308 2352 aeternum
1352 2283 1783 2353 interitum.»
1818 2288 1998 2353 Haec
2044 2283 2336 2354 audiens
2362 2283 2696 2367 vitellius,
2744 2283 3154 2353 iracundiae

595 2371 898 2441 stimulis
939 2372 1330 2462 instigatus,
1377 2372 1588 2459 jussit
1630 2394 1788 2442 eum
1842 2371 2145 2443 fustibus
2191 2372 2410 2443 caedi.
2457 2373 2587 2456 Qui
2626 2373 2793 2443 dum
2828 2372 3155 2443 caedere·

522 2473 527 2478 ·
594 2472 729 2543 tur,
783 2460 1102 2531 emittens
1156 2461 1505 2552 spiritum,
1567 2460 1888 2532 coelestia
1941 2462 2155 2551 petiit.
2210 2462 2426 2550 Cujus
2473 2482 2729 2552 corpus
2797 2462 3154 2553 praecepit

592 2548 906 2618 Vitellius
953 2564 1110 2620 ante
1161 2551 1747 2640 amphitheatrum
1791 2551 2063 2641 jactari.
2116 2552 2313 2634 Quod
2363 2550 2722 2621 audientes
2772 2553 3162 2632 Eusebius.

593 2639 1038 2720 Vincentius,
1093 2641 1538 2739 PeregrinuS‚
1593 2651 1799 2728 atque
1863 2641 2353 2722 PotentianuS,
2406 2640 2831 2731 cbllegerunt
2892 2662 3156 2731 corpus

593 2728 1012 2798 sanctissimi
1041 2728 1289 2799 Christi
1319 2729 1666 2817 martyriS,
1702 2741 1768 2798 et
1801 2729 2321 2825 sepelierunt-in
2353 2730 2760 2801 coemeterio
2800 2728 3152 2820 Calepodii

592 2840 732 2887 xlm
782 2817 1113 2887 Calendas
1164 2822 1246 2885 Se
1298 2817 1609 2887 tembris.
2498 2846 2505 2852 ·

681 2909 718 2994 ξ
762 2910 856 2976 8.
911 2911 1091 2975 Haec
1138 2928 1226 2974 au
1284 2910 1430 2975 iens
1477 2906 1812 2987 Vitellius,
1872 2906 2174 2996 perquiri
2223 2928 2339 2976 eos
2387 2906 2580 2987 fecit,
2635 2907 2911 2993 sibique
2996 2926 3146 2974 rae-

594 2995 877 3064 sentatis
943 2995 1153 3064 dixit:
1209 2994 1563 3063 Manifesta
1612 2997 1898 3065 assertio
1963 3008 2111 3076 est,
2181 2995 2561 3084 diripuisse
2609 3018 2726 3065 vos
2789 2994 2940 3065 facu
2972 3007 3141 3062 tates

590 3083 786 3161 Julii,
839 3106 997 3152 cum
1035 3096 1099 3151 et
1130 3105 1385 3172 corpus
1432 3083 1617 3152 illius
1647 3084 2045 3173 collegistiS,
2088 3084 2434 3171 simulque
2466 3098 2532 3154 et
2580 3082 2970 3174 sepulturae
2998 3095 3141 3151 tra·

594 3171 891 3241 didistis.
945 3177 1134 3240 Tunc
1236 3172 1528 3241 loriosus
1578 3172 1680 3239 vir
1714 3173 2052 3242 Eusebius
2087 3172 2360 3243 locutus
2423 3185 2565 3244 est:
2620 3173 2883 3256 «Quod
2947 3170 3147 3241 nobis

591 3259 859 3348 objicis,
914 3259 1151 3349 procul
1210 3260 1372 3329 ubio
1402 3260 1718 3341 fecimus,
1754 3260 2080 3348 quodque
2111 3262 2495 3332 meruimus
2529 3261 2850 3352 praesule
2878 3261 3148 3331 Christo

593 3350 855 3417 executi
872 3369 1187 3416 sumus.»
1212 3349 1260 3416 J
1267 3347 1443 3417 udex
1467 3349 1935 3435 nequissimus
1968 3349 2168 3419 dixit:
2200 3351 2376 3433 Quia
2409 3351 2758 3421 meruistis
2790 3351 3154 3420 thesauros

595 3437 915 3527 diripere.
951 3435 1324 3506 difficultas
1373 3459 1507 3506 non
1561 3438 1648 3506 sit
1699 3438 1891 3507 vobis
1938 3438 2249 3520 reddere,
2327 3461 2409 3508 ne
2458 3440 2788 3529 pereatis,
2841 3439 3028 3509 sicut
3065 3438 3157 3509 'et

593 3525 711 3594 ille
752 3526 972 3615 periit.
1027 3525 1402 3615 Respondit
1441 3526 1820 3596 Eusebius:
1875 3550 1912 3594 ‹<
1941 3532 2083 3597 Hoc
2131 3527 2459 3598 omnibus
2506 3529 2678 3598 votis
2718 3527 3149 3618 appetimus,

593 3615 724 3685 hoc
771 3615 1125 3683 communi
1160 3615 1393 3684 animo
1433 3616 2073 3705 concupiscimus.»
2125 3621 2434 3705 Cumque
2479 3628 2874 3687 constanter
2932 3616 3160 3707 persi-

595 3714 871 3783 sterent,
905 3714 971 3772 et
1016 3704 1350 3774 confusus
1391 3704 1727 3783 Vitellius,
1767 3704 2004 3774 eadem
2043 3706 2212 3773 hora
2250 3706 2463 3795 jussit
2498 3717 2576 3776 ut
2605 3705 2676 3775 in
2711 3705 2949 3775 eculeo
2979 3704 3162 3775 facie

594 3792 679 3862 ad
716 3793 957 3862 faciem
987 3793 1601 3882 suspenderentur,
1647 3793 2198 3864 obtunderentur
2230 3795 2477 3875 nervis,
2522 3807 2589 3863 et
2619 3794 3154 3885 fustigarentur.

595 3882 861 3964 Quibus
910 3882 1291 3971 suspensis,
1340 3904 1585 3971 praeco
1631 3883 1838 3951 etiam
1889 3882 2274 3952 clamabat:
2311 3888 2477 3954 Deos
2524 3896 2589 3953 et
2636 3884 2993 3973 principes
3034 3905 3159 3952 no-

597 3971 711 4039 lite
741 3971 1244 4061 blasphemare.
1293 3966 1557 4041 Diutius
1590 3984 1816 4040 autem
1856 3972 1955 4040 eis
1987 3971 2204 4051 tortis,
2239 3972 2452 4063 jussit
2478 3993 2748 4043 cessare
2780 3970 3158 4062 paululum

595 4060 1037 4129 atormentis.
1077 4061 1342 4143 Quibus
1381 4060 1592 4130 dixit:
1649 4061 1909 4131 Parcite
1951 4060 2165 4141 vobis,
2218 4075 2281 4130 et
2313 4061 2695 4131 sacrificate
2741 4061 2900 4131 diis.
2947 4065 3162 4129 Euse-

595 4148 754 4218 bius
802 4148 888 4218 ad
920 4149 1133 4219 haec:
1179 4173 1215 4216 «
1251 4150 1475 4229 Miser,
1536 4149 1786 4236 inquit,
1847 4150 2027 4237 quod
2087 4149 2403 4240 incepisti
2465 4149 2739 4240 perfice,
2780 4148 2920 4219 noli
2972 4148 3162 4219 desi-

597 4251 793 4306 stere.
846 4243 1011 4307 Ante
1058 4238 1239 4307 enim
1272 4239 1396 4307 tibi
1444 4237 1716 4307 deficiet
1760 4250 2033 4329 tempus
2081 4238 2166 4308 ad
2221 4239 2681 4326 torquendum
2733 4261 2881 4321 nos,
2939 4258 3158 4327 quam

596 4338 825 4395 noster
869 4326 1142 4396 deficiat
1191 4328 1259 4395 in
1296 4327 1560 4397 Christo
1615 4328 1987 4418 persistens
2042 4328 2345 4398 animus.
2400 4333 2492 4399 Ne
2547 4350 2711 4419 ergo
2761 4339 2962 4419 putes
3026 4346 3155 4396 nos

650 4454 675 4479 ¹*
707 4449 793 4500 Qui
814 4449 952 4493 Urbis
977 4453 1112 4493 locus
1133 4455 1259 4494 euset
1282 4451 1478 4494 Teu-’actes
1497 4450 1700 4495 diximus
1727 4452 1772 4494 in
1795 4456 1961 4495 ηοω-ο
1983 4455 2218 4506 Μαι-ενοι.
2245 4463 2290 4503 p.
2309 4454 2430 4494 ων.
