3308 5004
761 335 889 416 794
1550 354 1630 401 m:
1669 354 1726 402 s.
1776 352 2043 403 summo
2091 341 2381 401 ιωιτηι
2882 331 3035 399 Ano.
3068 333 3116 396 28

671 438 1202 597 {opuluszvota
1250 437 1555 511 Praesuli
1606 438 1924 520 reddens,
1980 436 2182 508 refert
2226 451 2292 508 et
2324 436 2599 508 animae
2638 447 2702 507 et
2732 434 3008 528 corporis
3033 457 3119 503 me.-

723 549 976 600 1ctnam
1053 582 1068 597 .
1679 548 1691 568 ¹

762 618 799 704 ξ
844 624 994 690 12.
1052 623 1175 686 Pro
1221 618 1477 705 quibus
1524 637 1606 685 ac
1653 616 1912 686 talibus
1960 617 2289 685 virtutum
2343 614 2772 685 ornamentis
2827 633 3036 704 magna
3066 613 3120 680 ibi

673 706 959 776 basilica
992 706 1396 776 fabricataa
1429 705 1778 786 fidelibus,
1833 706 2226 786 virtutibus,
2280 717 2357 775 ut
2410 702 2692 798 praefati
2723 722 2975 780 sumus»,
3008 723 3122 769 mar-

675 795 841 883 tyris
876 796 1051 866 beati
1086 794 1416 886 refulget:
1458 796 1530 863 in
1568 815 1706 881 qua
1744 794 2307 885 paralyticorum,
2345 791 2785 872 claudorum,
2821 811 3117 866 caecorum,

671 885 1060 955 etaliorum
1095 905 1370 972 quoque
1428 884 1826 954 morborum
1869 885 2147 974 saepius
2197 883 2404 975 petita
2452 880 2754 952 remedia
2792 881 3120 976 conquirunf

671 985 806 1042 tur.
852 973 1215 1043 Foedamia
1247 972 1584 1060 quaedam
1626 972 1914 1052 mulier,
1953 971 2293 1063 paralysis
2342 971 2634 1042 humore
2672 970 3028 1050 constricta,
3051 987 3117 1035 cui

672 1060 944 1134 nullum
1008 1062 1317 1153 corporis
1383 1061 1774 1131 membrum
1834 1064 1983 1131 sine
2046 1060 2281 1131 dolore
2331 1062 2648 1149 vigebat,
2717 1058 2991 1129 exhibita
3027 1069 3115 1128 est.

672 1149 1139 1221 deferentibus
1189 1150 1623 1242 propinquis,
1679 1150 1765 1219 ad
1815 1150 2083 1221 beatam
2138 1149 2495 1220 basilicam
2528 1204 2544 1230 ‚
2603 1160 2684 1219 ut
2730 1146 2831 1217 vel
2875 1147 3118 1237 stipema

674 1238 1128 1330 largientibus
1181 1252 1595 1309 mereretur..
1638 1244 1825 1322 Quae
1880 1239 2051 1310 dum
2102 1240 2172 1308 in
2227 1239 2497 1329 porticu
2543 1237 2687 1318 illa,
2722 1257 2892 1325 quae
2936 1247 3118 1306 sanctae

675 1327 1002 1400 basilicae
1048 1329 1522 1419 conjungitur,
1561 1327 1957 1409 decubaret,
1999 1342 2270 1397 noctem
2307 1326 2729 1396 Dominicam
2782 1325 2934 1395 dum
2965 1342 3115 1392 sacro·

676 1420 935 1487 sanctis
981 1418 1260 1508 vigiliis,
1317 1416 1553 1508 populi
1605 1416 1777 1485 fides
1809 1417 2050 1487 devota
2089 1415 2547 1496 concelebrat,
2584 1428 2650 1484 et
2696 1413 2813 1484 illa
2858 1414 3116 1502 quiescens

675 1505 929 1576 lectulo
980 1506 1343 1596 paululum
1406 1505 1912 1586 obdormisset,
1982 1527 2022 1575 a
2071 1506 2215 1574 viro
2261 1504 2565 1592 quodam
2618 1524 2764 1606 per·
2798 1504 2995 1572 visum
3030 1519 3116 1599 car·

677 1610 868 1685 repta
914 1609 1119 1684 atque
1167 1597 1356 1665 incre
1409 1608 1519 1664 ata
1564 1606 1714 1676 est,
1767 1594 2038 1664 dicente
2085 1594 2265 1665 sibi:
2318 1597 2456 1664 Cur
2523 1592 2641 1662 reli
2697 1614 2846 1672 uis,
2893 1588 3115 1684 excubias

677 1700 1054 1755 nocturnas
1104 1690 1235 1755 Deo
1281 1706 1361 1753 ex
1418 1683 1788 1764 ibentibus,
1844 1684 1962 1753 illa
2011 1683 2329 1754 deesset?
2375 1688 2648 1772 Respon
2707 1682 2758 1750 it
2802 1702 2871 1751 se
2899 1680 2973 1748 ab
2997 1696 3111 1747 omni

676 1776 1146 1844 membrorum
1198 1786 1390 1863 parte
1446 1771 1744 1841 debilem
1777 1827 1793 1852 ,
1847 1793 1973 1842 nec
2023 1773 2298 1862 penitus
2361 1793 2678 1862 gressum
2741 1791 2929 1861 agere
2970 1787 3109 1857 posse.

677 1867 869 1932 Tunc
932 1864 1131 1950 quasi
1182 1874 1559 1932 sustentata
1609 1884 1643 1929 a
1697 1862 1843 1930 viro
1891 1862 2012 1949 qui
2050 1861 2456 1948 loquebatur
2483 1861 2569 1941 ei,
2606 1860 2785 1940 etad
2824 1856 3110 1950 sepulcrum

676 1972 899 2037 usque
959 1950 1300 2029 deducta,
1354 1951 1523 2020 dum
1574 1951 1645 2018 in
1698 1972 1943 2040 sopore
1988 1950 2220 2021 fundit
2267 1950 2693 2030 orationem,
2747 1949 2951 2018 visum
2988 1957 3110 2014 esta

677 2041 878 2126 quasi
910 2038 1447 2109 multitudinem
1498 2051 1898 2109 catenarum
1950 2041 2038 2109 ab
2084 2038 2238 2127 ejus
2291 2038 2620 2108 membris
2672 2037 2816 2108 solo
2860 2033 3105 2131 decidere¹

678 2149 714 2197 a
750 2150 888 2215 quo
920 2130 1125 2199 etiam
1164 2129 1398 2199 sonitu
1443 2127 1944 2219 expergefacta,
1980 2129 2194 2199 sensit
2220 2128 2538 2198 omnium
2573 2138 2848 2197 artuum
2884 2137 3107 2211 recepisse

682 2217 1157 2307 plenissimam
1219 2218 1610 2288 sanitatem.
1671 2219 1986 2288 Protinus
2034 2216 2330 2288 surrexit
2388 2238 2430 2285 a
2479 2215 2734 2286 lectulo
2764 2271 2780 2297 ,
2830 2225 2890 2283 et
2929 2225 3105 2300 stupor

681 2307 867 2376 tibus
914 2306 1184 2377 cunctis
1214 2363 1229 2387 ‚
1280 2328 1444 2376 cum
1514 2307 1893 2397 gratiarum
1959 2307 2229 2376 actione
2276 2305 2660 2375 vociferans
2692 2359 2709 2387 ,
2776 2305 3103 2374 sanctam&

682 2396 993 2487 ingressa
1045 2395 1431 2465 basilicam.

766 2491 802 2571 ξ
852 2489 997 2557 m.
1052 2485 1347 2567 Quidam
1395 2485 1565 2555 dum
1618 2485 1690 2554 in
1740 2483 2097 2565 seditione,
2140 2504 2349 2572 quam
2401 2491 2885 2563 commoverat,
2929 2473 3091 2549 neuim

679 2576 1047 2654 amisisset,
1103 2575 1482 2655 hominem,
1533 2575 1656 2661 qui
1705 2574 1915 2643 ictum
1971 2573 2318 2653 intulerat,
2371 2572 2456 2642 de
2508 2571 2799 2642 basilica
2843 2565 3088 2655 conabam

677 2664 1053 2732 extrahere.
1106 2662 1297 2746 Quod
1359 2663 1528 2732 dum
1584 2662 1769 2753 agit,
1827 2684 1960 2731 non
2015 2662 2219 2731 modo
2266 2662 2505 2732 amissi
2552 2660 2742 2730 oculi
2793 2681 2913 2729 non
2956 2654 3088 2736 reoepst

681 2752 944 2825 lumen.
999 2766 1469 2821 verumtamen
1526 2752 1742 2821 sensit
1783 2750 2004 2821 alium
2051 2751 2224 2842 ejus,
2278 2770 2483 2837 quem
2535 2772 2792 2820 sanum
2840 2747 3087 2834 habilem,

678 2841 1059 2911 obcaecari.
1116 2846 1322 2910 Porro
1368 2854 1528 2910 cum
1598 2853 1876 2929 peccata
1939 2862 2066 2909 sua
2112 2839 2596 2919 eonfiteretur,
2652 2839 2924 2915 dicens,
2967 2835 3093 2930 llfflffl

681 2928 854 2999 mibi
901 2930 1127 2999 evenit
1167 2929 1513 3018 judicium
1566 2930 1717 2999 sine
1767 2928 2263 3009 misericordia,
2301 2928 2419 3016 qui
2475 2947 2611 2996 non
2661 2927 2794 2997 feci
2842 2925 3087 3021 miserim*

681 3018 867 3089 diam
904 3041 919 3086 ε
977 3031 1362 3108 prostratus
1408 3028 1651 3088 coram*
1693 3030 1930 3088 sancto
1981 3017 2299 3108 sepulcro
2346 3037 2506 3086 cum
2557 3016 2856 3107 populo,
2892 3014 3082 3101 qutfflPss

680 3107 765 3175 ad
816 3107 1248 3177 festivitatem
1298 3106 1690 3189 advenerat,
1746 3106 2119 3198 indulgens
2166 3105 2486 3187 laedenti,
2539 3117 2606 3174 et
2654 3105 2880 3175 visum
2925 3097 3071 3179 &9¹²-

682 3210 747 3263 et
776 3196 1067 3286 gratiam
1103 3220 1119 3263 z
1172 3196 1272 3265 sic
1303 3195 1558 3266 sactum
1590 3209 1716 3272 est.
1777 3196 1968 3273 ntis,
2007 3196 2124 3282 qui
2166 3195 2385 3266 sancti
2421 3193 2762 3265 auxilium
2812 3186 3083 3283 expdteffi·

684 3296 1056 3354 tutaretur:
1112 3284 1233 3353 Ille
1261 3306 1444 3365 ver0,
1498 3286 1615 3373 qui
1671 3304 1803 3353 non
1841 3285 2185 3365 credebat,
2220 3295 2649 3374 argueretur.
2694 3288 2772 3354 Et
2812 3279 3094 3354 sicamque

688 3373 906 3442 laetus
944 3372 1494 3460 emandatusque
1530 3373 1868 3443 discessit.
3011 3446 3023 3459 ,

769 3464 806 3549 ἓ
855 3468 995 3534 14.
1048 3462 1237 3531 Alius
1282 3484 1558 3549 quoque
1604 3484 1784 3532 ausu
1834 3461 2194 3531 temerario
2241 3460 2353 3529 die
2405 3458 2763 3530 Dominica
2815 3459 2983 3529 boves
3005 3460 3104 3541 1ῦὲ-

684 3571 895 3641 gens,
950 3572 1195 3642 agrum
1248 3550 1520 3620 sulcare
1567 3551 1817 3639 coepit.
1871 3550 2449 3641 Appi-ehensaque
2494 3550 2779 3631 securi,
2832 3560 2899 3617 ut
2943 3522 3110 3627 aliqud

684 3640 1084 3710 emendaret
1132 3641 1199 3708 in
1242 3660 1537 3720 vomere,
1596 3641 1909 3730 protinus
1956 3640 2327 3709 contractis
2371 3637 2631 3729 digitis,
2689 3635 3042 3732 manubruffl
3071 3634 3112 3685 ¹³

683 3728 957 3798 dextera
1005 3730 1159 3817 ejus
1207 3728 1542 3799 adhaesit.
1597 3734 1905 3815 Cumque
1970 3748 2134 3817 prae
2193 3727 2426 3798 dolore
2488 3727 2709 3795 nimio
2755 3720 3112 3817 cructafellzf·

687 3832 840 3906 post
887 3818 1065 3889 duos
1113 3836 1335 3887 annos
1382 3818 1665 3888 veniens
1711 3818 1796 3886 ad
1848 3816 2027 3887 beati
2097 3816 2420 3908 martyris
2483 3814 2883 3894 basilicam,
2935 3794 3117 3891 vtgllffi

684 3907 979 3977 fideliter
1050 3905 1441 3977 celebravit.
1515 3907 1894 3994 Statimque
1965 3907 2033 3974 in
2107 3905 2260 3995 ipsa
2328 3905 2442 3974 die
2500 3904 2846 3975 Dominica
2915 3894 3119 4000 fefflfflffi

688 4016 939 4065 manus
989 3996 1258 4084 lignum
1291 4050 1307 4075 ‚
1359 3994 1544 4083 quod
1597 3994 1854 4066 invitus
1903 3995 2195 4075 tenebat,
2249 3994 2504 4073 amisit,
2563 4012 2875 4085 magnam
2911 3977 3121 4055 mleoeffi

689 4085 947 4186 populo
985 4080 1458 4174 disciplinam,
1515 4097 1593 4155 ut
1636 4084 1820 4172 quod
1870 4083 1982 4152 die
2033 4082 2386 4154 Dominica
2445 4081 2665 4153 suerat
2715 4079 3120 4171 perpetrati&

685 4195 837 4265 lpsa
867 4192 1145 4262 quoque
1174 4173 1286 4243 die
1319 4173 1676 4243 Dominica
1711 4185 2147 4264 purgaretur.
2184 4178 2262 4242 At
2295 4166 2412 4241 ille
2443 4158 3122 4266 magnificans-mutu

688 4263 1046 4363 martyris,-
1108 4263 1387 4333 recessit
1434 4261 1840 4333 incolumis:
1895 4282 2021 4363 nec
2067 4261 2251 4335 ultra
2287 4260 2403 4331 dic
2441 4258 2936 4332 resurrectionis
2961 4248 3123 4341 Dvlffl‘

686 4372 883 4420 mcae
927 4370 1302 4440 quicquam
1352 4370 1569 4421 ausus
1598 4364 1702 4421 est
1736 4368 2032 4442 operari.

739 4476 767 4503 Φ
796 4473 911 4518 Vide
928 4477 980 4518 in
999 4478 1138 4520 Surio
1158 4480 1217 4521 ad
1237 4486 1363 4521 xxxx
1383 4478 1484 4521 sul.
1503 4489 1549 4530 p.
1568 4479 1660 4526 600.
1678 4476 1700 4531 ὅ
1718 4480 1783 4521 47.
