<?xml version="1.0" encoding="UTF-8"?>
<!DOCTYPE html PUBLIC "-//W3C//DTD XHTML 1.0 Transitional//EN"
    "http://www.w3.org/TR/xhtml1/DTD/xhtml1-transitional.dtd">
<html xmlns="http://www.w3.org/1999/xhtml" xml:lang="en" lang="en">
 <head>
  <title>
</title>
<meta http-equiv="Content-Type" content="text/html;charset=utf-8" />
  <meta name='ocr-system' content='tesseract 3.04.00' />
  <meta name='ocr-capabilities' content='ocr_page ocr_carea ocr_par ocr_line ocrx_word'/>
</head>
<body>
  <div class='ocr_page' id='page_1' title='image "./historiaeseuvit01lippgoog_0469.png"; bbox 0 0 3308 5004; ppageno 0'>
   <div class='ocr_carea' id='block_1_1' title="bbox 216 336 2656 410">
    <p class='ocr_par' dir='ltr' id='par_1_1' title="bbox 216 336 2656 410">
     <span class='ocr_line' id='line_1_1' title="bbox 216 336 2656 410; baseline 0.002 -6"><span class='ocrx_word' id='word_1_1' title='bbox 216 336 397 405; x_wconf 67' lang='grc' dir='ltr'>ΜΝΞ.</span> <span class='ocrx_word' id='word_1_2' title='bbox 448 339 535 405; x_wconf 76' lang='grc'>20</span> <span class='ocrx_word' id='word_1_3' title='bbox 866 342 949 404; x_wconf 70' lang='lat' dir='ltr'>ns</span> <span class='ocrx_word' id='word_1_4' title='bbox 991 357 1048 406; x_wconf 89' lang='lat' dir='ltr'>s.</span> <span class='ocrx_word' id='word_1_5' title='bbox 1099 355 1431 408; x_wconf 58' lang='lat' dir='ltr'>”ausano</span> <span class='ocrx_word' id='word_1_6' title='bbox 1473 357 1616 405; x_wconf 68' lang='lat' dir='ltr'>An.</span> <span class='ocrx_word' id='word_1_7' title='bbox 1668 355 2058 408; x_wconf 62' lang='lat' dir='ltr'>munet.</span> <span class='ocrx_word' id='word_1_8' title='bbox 2524 342 2656 410; x_wconf 59' lang='lat'>⁸55</span> 
     </span>
    </p>
   </div>
   <div class='ocr_carea' id='block_1_2' title="bbox 114 441 2745 4442">
    <p class='ocr_par' dir='ltr' id='par_1_2' title="bbox 114 441 2745 1070">
     <span class='ocr_line' id='line_1_2' title="bbox 217 441 2745 533; baseline 0.003 -22"><span class='ocrx_word' id='word_1_9' title='bbox 217 444 406 512; x_wconf 83' lang='lat' dir='ltr'>Hanc</span> <span class='ocrx_word' id='word_1_10' title='bbox 440 462 605 531; x_wconf 84' lang='lat' dir='ltr'>ergo</span> <span class='ocrx_word' id='word_1_11' title='bbox 633 441 1158 533; x_wconf 89' lang='lat' dir='ltr'>promissionem</span> <span class='ocrx_word' id='word_1_12' title='bbox 1208 456 1471 525; x_wconf 80' lang='lat' dir='ltr'>tenens,</span> <span class='ocrx_word' id='word_1_13' title='bbox 1510 443 1675 512; x_wconf 82' lang='lat' dir='ltr'>exiit</span> <span class='ocrx_word' id='word_1_14' title='bbox 1720 441 1805 512; x_wconf 89' lang='lat' dir='ltr'>ad</span> <span class='ocrx_word' id='word_1_15' title='bbox 1856 465 2007 513; x_wconf 90' lang='lat' dir='ltr'>eam</span> <span class='ocrx_word' id='word_1_16' title='bbox 2042 464 2201 514; x_wconf 92' lang='lat' dir='ltr'>cum</span> <span class='ocrx_word' id='word_1_17' title='bbox 2238 443 2569 516; x_wconf 84' lang='lat' dir='ltr'>fratribus</span> <span class='ocrx_word' id='word_1_18' title='bbox 2598 446 2745 518; x_wconf 74' lang='lat' dir='ltr'>suis</span> 
     </span>
     <span class='ocr_line' id='line_1_3' title="bbox 114 529 2745 623; baseline 0.003 -24"><span class='ocrx_word' id='word_1_19' title='bbox 114 616 118 619; x_wconf 11' lang='grc' dir='ltr'><em>Α</em></span> <span class='ocrx_word' id='word_1_20' title='bbox 216 529 419 600; x_wconf 87' lang='lat' dir='ltr'>frater</span> <span class='ocrx_word' id='word_1_21' title='bbox 443 530 622 619; x_wconf 81' lang='lat' dir='ltr'>ejuS.</span> <span class='ocrx_word' id='word_1_22' title='bbox 656 535 735 600; x_wconf 90' lang='lat' dir='ltr'>Et</span> <span class='ocrx_word' id='word_1_23' title='bbox 827 530 944 600; x_wconf 90' lang='lat' dir='ltr'>uia</span> <span class='ocrx_word' id='word_1_24' title='bbox 973 552 1124 600; x_wconf 91' lang='lat' dir='ltr'>eam</span> <span class='ocrx_word' id='word_1_25' title='bbox 1159 553 1196 601; x_wconf 91' lang='lat' dir='ltr'>a</span> <span class='ocrx_word' id='word_1_26' title='bbox 1239 531 1383 601; x_wconf 80' lang='lat' dir='ltr'>viro</span> <span class='ocrx_word' id='word_1_27' title='bbox 1415 553 1737 622; x_wconf 87' lang='lat' dir='ltr'>separare</span> <span class='ocrx_word' id='word_1_28' title='bbox 1771 552 1906 601; x_wconf 91' lang='lat' dir='ltr'>non</span> <span class='ocrx_word' id='word_1_29' title='bbox 1940 545 2221 623; x_wconf 87' lang='lat' dir='ltr'>poterat,</span> <span class='ocrx_word' id='word_1_30' title='bbox 2267 534 2494 623; x_wconf 87' lang='lat' dir='ltr'>primo</span> <span class='ocrx_word' id='word_1_31' title='bbox 2541 537 2745 608; x_wconf 82' lang='lat' dir='ltr'>verbo</span> 
     </span>
     <span class='ocr_line' id='line_1_4' title="bbox 213 618 2745 709; baseline 0.002 -20"><span class='ocrx_word' id='word_1_32' title='bbox 213 640 483 690; x_wconf 81' lang='lat' dir='ltr'>omnem</span> <span class='ocrx_word' id='word_1_33' title='bbox 515 619 579 689; x_wconf 91' lang='lat' dir='ltr'>ei</span> <span class='ocrx_word' id='word_1_34' title='bbox 614 641 782 689; x_wconf 90' lang='lat' dir='ltr'>mun</span> <span class='ocrx_word' id='word_1_35' title='bbox 839 620 859 688; x_wconf 92' lang='lat' dir='ltr'>i</span> <span class='ocrx_word' id='word_1_36' title='bbox 905 618 1195 709; x_wconf 87' lang='lat' dir='ltr'>gloriam</span> <span class='ocrx_word' id='word_1_37' title='bbox 1247 621 1316 689; x_wconf 92' lang='lat' dir='ltr'>in</span> <span class='ocrx_word' id='word_1_38' title='bbox 1358 619 1553 691; x_wconf 91' lang='lat' dir='ltr'>cultu</span> <span class='ocrx_word' id='word_1_39' title='bbox 1600 620 1916 703; x_wconf 67' lang='lat' dir='ltr'>vestium,</span> <span class='ocrx_word' id='word_1_40' title='bbox 1967 633 2034 691; x_wconf 91' lang='lat' dir='ltr'>et</span> <span class='ocrx_word' id='word_1_41' title='bbox 2060 622 2132 690; x_wconf 91' lang='lat' dir='ltr'>in</span> <span class='ocrx_word' id='word_1_42' title='bbox 2171 622 2499 694; x_wconf 91' lang='lat' dir='ltr'>omnibus</span> <span class='ocrx_word' id='word_1_43' title='bbox 2528 623 2745 697; x_wconf 88' lang='lat' dir='ltr'>seculi</span> 
     </span>
     <span class='ocr_line' id='line_1_5' title="bbox 219 708 2741 808; baseline 0.003 -33"><span class='ocrx_word' id='word_1_44' title='bbox 219 709 486 808; x_wconf 82' lang='lat' dir='ltr'>pompis</span> <span class='ocrx_word' id='word_1_45' title='bbox 518 720 585 778; x_wconf 92' lang='lat' dir='ltr'>et</span> <span class='ocrx_word' id='word_1_46' title='bbox 612 708 1129 779; x_wconf 75' lang='lat' dir='ltr'>curiositatibus</span> <span class='ocrx_word' id='word_1_47' title='bbox 1164 709 1531 788; x_wconf 84' lang='lat' dir='ltr'>interdixit,</span> <span class='ocrx_word' id='word_1_48' title='bbox 1582 720 1648 778; x_wconf 92' lang='lat' dir='ltr'>et</span> <span class='ocrx_word' id='word_1_49' title='bbox 1693 709 1985 782; x_wconf 83' lang='lat' dir='ltr'>sormam</span> <span class='ocrx_word' id='word_1_50' title='bbox 2037 710 2211 780; x_wconf 83' lang='lat' dir='ltr'>vitae</span> <span class='ocrx_word' id='word_1_51' title='bbox 2264 713 2506 783; x_wconf 89' lang='lat' dir='ltr'>matris</span> <span class='ocrx_word' id='word_1_52' title='bbox 2551 734 2741 797; x_wconf 82' lang='lat' dir='ltr'>suae,</span> 
     </span>
     <span class='ocr_line' id='line_1_6' title="bbox 218 796 2745 888; baseline 0.002 -23"><span class='ocrx_word' id='word_1_53' title='bbox 218 818 282 867; x_wconf 77' lang='grc' dir='ltr'>ιιι</span> <span class='ocrx_word' id='word_1_54' title='bbox 323 819 460 884; x_wconf 86' lang='lat' dir='ltr'>qua</span> <span class='ocrx_word' id='word_1_55' title='bbox 503 796 720 866; x_wconf 92' lang='lat' dir='ltr'>multo</span> <span class='ocrx_word' id='word_1_56' title='bbox 751 808 1055 888; x_wconf 90' lang='lat' dir='ltr'>tempore</span> <span class='ocrx_word' id='word_1_57' title='bbox 1102 797 1267 867; x_wconf 83' lang='lat' dir='ltr'>vixit</span> <span class='ocrx_word' id='word_1_58' title='bbox 1298 820 1461 868; x_wconf 89' lang='lat' dir='ltr'>cum</span> <span class='ocrx_word' id='word_1_59' title='bbox 1502 797 1673 879; x_wconf 81' lang='lat' dir='ltr'>vire,</span> <span class='ocrx_word' id='word_1_60' title='bbox 1716 798 1779 869; x_wconf 94' lang='lat' dir='ltr'>ei</span> <span class='ocrx_word' id='word_1_61' title='bbox 1812 797 2082 882; x_wconf 80' lang='lat' dir='ltr'>indixit,</span> <span class='ocrx_word' id='word_1_62' title='bbox 2133 810 2202 869; x_wconf 90' lang='lat' dir='ltr'>et</span> <span class='ocrx_word' id='word_1_63' title='bbox 2238 799 2338 870; x_wconf 89' lang='lat' dir='ltr'>sic</span> <span class='ocrx_word' id='word_1_64' title='bbox 2383 822 2536 869; x_wconf 91' lang='lat' dir='ltr'>eam</span> <span class='ocrx_word' id='word_1_65' title='bbox 2584 823 2625 870; x_wconf 88' lang='lat' dir='ltr'>a</span> <span class='ocrx_word' id='word_1_66' title='bbox 2672 822 2745 871; x_wconf 88' lang='lat' dir='ltr'>se</span> 
     </span>
     <span class='ocr_line' id='line_1_7' title="bbox 223 885 2745 979; baseline 0.003 -24"><span class='ocrx_word' id='word_1_67' title='bbox 223 885 497 958; x_wconf 81' lang='lat' dir='ltr'>dimisit.</span> <span class='ocrx_word' id='word_1_68' title='bbox 551 885 678 955; x_wconf 87' lang='lat' dir='ltr'>Illa</span> <span class='ocrx_word' id='word_1_69' title='bbox 725 908 882 956; x_wconf 88' lang='lat' dir='ltr'>vero</span> <span class='ocrx_word' id='word_1_70' title='bbox 913 886 1470 957; x_wconf 80' lang='lat' dir='ltr'>obedientissime</span> <span class='ocrx_word' id='word_1_71' title='bbox 1511 908 1760 977; x_wconf 89' lang='lat' dir='ltr'>parens</span> <span class='ocrx_word' id='word_1_72' title='bbox 1808 900 2190 979; x_wconf 89' lang='lat' dir='ltr'>praecepto,</span> <span class='ocrx_word' id='word_1_73' title='bbox 2229 888 2429 958; x_wconf 89' lang='lat' dir='ltr'>rediit</span> <span class='ocrx_word' id='word_1_74' title='bbox 2459 889 2546 958; x_wconf 88' lang='lat' dir='ltr'>ad</span> <span class='ocrx_word' id='word_1_75' title='bbox 2641 911 2745 963; x_wconf 86' lang='lat' dir='ltr'>ro-</span> 
     </span>
     <span class='ocr_line' id='line_1_8' title="bbox 225 973 2694 1070; baseline 0.003 -27"><span class='ocrx_word' id='word_1_76' title='bbox 225 973 387 1065; x_wconf 89' lang='lat' dir='ltr'>pria,</span> <span class='ocrx_word' id='word_1_77' title='bbox 432 987 691 1045; x_wconf 89' lang='lat' dir='ltr'>mutata</span> <span class='ocrx_word' id='word_1_78' title='bbox 724 995 797 1044; x_wconf 91' lang='lat' dir='ltr'>re</span> <span class='ocrx_word' id='word_1_79' title='bbox 890 988 1000 1044; x_wconf 91' lang='lat' dir='ltr'>nte</span> <span class='ocrx_word' id='word_1_80' title='bbox 1030 975 1414 1045; x_wconf 90' lang='lat' dir='ltr'>secundum</span> <span class='ocrx_word' id='word_1_81' title='bbox 1455 975 2027 1065; x_wconf 79' lang='lat' dir='ltr'>omnipotentiam</span> <span class='ocrx_word' id='word_1_82' title='bbox 2063 976 2377 1047; x_wconf 79' lang='lat' dir='ltr'>dexterae</span> <span class='ocrx_word' id='word_1_83' title='bbox 2409 981 2579 1070; x_wconf 79' lang='lat' dir='ltr'>Exce</span> <span class='ocrx_word' id='word_1_84' title='bbox 2610 979 2694 1050; x_wconf 91' lang='lat' dir='ltr'>si.</span> 
     </span>
    </p>

    <p class='ocr_par' dir='ltr' id='par_1_3' title="bbox 213 1063 2744 2288">
     <span class='ocr_line' id='line_1_9' title="bbox 297 1063 2738 1152; baseline 0.001 -17"><span class='ocrx_word' id='word_1_85' title='bbox 297 1065 334 1149; x_wconf 64' lang='grc' dir='ltr'>ξ</span> <span class='ocrx_word' id='word_1_86' title='bbox 378 1068 525 1135; x_wconf 73' lang='lat'>81.</span> <span class='ocrx_word' id='word_1_87' title='bbox 581 1068 792 1152; x_wconf 89' lang='lat' dir='ltr'>Stupe</span> <span class='ocrx_word' id='word_1_88' title='bbox 841 1076 963 1133; x_wconf 89' lang='lat' dir='ltr'>ant</span> <span class='ocrx_word' id='word_1_89' title='bbox 1005 1084 1248 1136; x_wconf 90' lang='lat' dir='ltr'>omnes</span> <span class='ocrx_word' id='word_1_90' title='bbox 1297 1063 1879 1135; x_wconf 78' lang='lat' dir='ltr'>adolescentulam</span> <span class='ocrx_word' id='word_1_91' title='bbox 1922 1064 2222 1136; x_wconf 90' lang='lat' dir='ltr'>nobilem</span> <span class='ocrx_word' id='word_1_92' title='bbox 2257 1120 2273 1148; x_wconf 89' lang='lat'><strong>‚</strong></span> <span class='ocrx_word' id='word_1_93' title='bbox 2324 1065 2689 1140; x_wconf 81' lang='lat' dir='ltr'>delicatam</span> <span class='ocrx_word' id='word_1_94' title='bbox 2719 1122 2738 1149; x_wconf 86' lang='lat'><strong>‚</strong></span> 
     </span>
     <span class='ocr_line' id='line_1_10' title="bbox 219 1151 2744 1235; baseline 0.002 -14"><span class='ocrx_word' id='word_1_95' title='bbox 219 1151 443 1221; x_wconf 84' lang='lat' dir='ltr'>subita</span> <span class='ocrx_word' id='word_1_96' title='bbox 478 1152 856 1223; x_wconf 89' lang='lat' dir='ltr'>mutatione</span> <span class='ocrx_word' id='word_1_97' title='bbox 886 1152 955 1221; x_wconf 92' lang='lat' dir='ltr'>in</span> <span class='ocrx_word' id='word_1_98' title='bbox 992 1152 1234 1223; x_wconf 89' lang='lat' dir='ltr'>habitu</span> <span class='ocrx_word' id='word_1_99' title='bbox 1262 1165 1328 1223; x_wconf 91' lang='lat' dir='ltr'>et</span> <span class='ocrx_word' id='word_1_100' title='bbox 1355 1154 1564 1235; x_wconf 85' lang='lat' dir='ltr'>victu,</span> <span class='ocrx_word' id='word_1_101' title='bbox 1603 1153 1673 1222; x_wconf 90' lang='lat' dir='ltr'>in</span> <span class='ocrx_word' id='word_1_102' title='bbox 1715 1151 1943 1222; x_wconf 92' lang='lat' dir='ltr'>medio</span> <span class='ocrx_word' id='word_1_103' title='bbox 1983 1153 2198 1224; x_wconf 88' lang='lat' dir='ltr'>seculi</span> <span class='ocrx_word' id='word_1_104' title='bbox 2237 1154 2443 1225; x_wconf 76' lang='lat' dir='ltr'>vitam</span> <span class='ocrx_word' id='word_1_105' title='bbox 2493 1155 2744 1227; x_wconf 87' lang='lat' dir='ltr'>ducere</span> 
     </span>
     <span class='ocr_line' id='line_1_11' title="bbox 220 1241 2742 1343; baseline 0.003 -34"><span class='ocrx_word' id='word_1_106' title='bbox 220 1241 663 1321; x_wconf 80' lang='lat' dir='ltr'>eremiticam,</span> <span class='ocrx_word' id='word_1_107' title='bbox 706 1252 774 1311; x_wconf 90' lang='lat' dir='ltr'>et</span> <span class='ocrx_word' id='word_1_108' title='bbox 810 1241 1065 1312; x_wconf 89' lang='lat' dir='ltr'>instare</span> <span class='ocrx_word' id='word_1_109' title='bbox 1114 1242 1175 1311; x_wconf 88' lang='lat' dir='ltr'>vi</span> <span class='ocrx_word' id='word_1_110' title='bbox 1232 1241 1407 1324; x_wconf 78' lang='lat' dir='ltr'>iliis,</span> <span class='ocrx_word' id='word_1_111' title='bbox 1457 1241 1747 1343; x_wconf 79' lang='lat' dir='ltr'>jejuniis</span> <span class='ocrx_word' id='word_1_112' title='bbox 1790 1255 1858 1311; x_wconf 90' lang='lat' dir='ltr'>et</span> <span class='ocrx_word' id='word_1_113' title='bbox 1899 1242 2350 1325; x_wconf 88' lang='lat' dir='ltr'>orationibus,</span> <span class='ocrx_word' id='word_1_114' title='bbox 2403 1255 2610 1331; x_wconf 88' lang='lat' dir='ltr'>atque</span> <span class='ocrx_word' id='word_1_115' title='bbox 2655 1245 2742 1316; x_wconf 93' lang='lat' dir='ltr'>ab</span> 
     </span>
     <span class='ocr_line' id='line_1_12' title="bbox 217 1329 2744 1420; baseline 0.003 -22"><span class='ocrx_word' id='word_1_116' title='bbox 217 1329 402 1399; x_wconf 87' lang='lat' dir='ltr'>omni</span> <span class='ocrx_word' id='word_1_117' title='bbox 452 1329 685 1399; x_wconf 90' lang='lat' dir='ltr'>seculo</span> <span class='ocrx_word' id='word_1_118' title='bbox 734 1351 1020 1420; x_wconf 88' lang='lat' dir='ltr'>prorsus</span> <span class='ocrx_word' id='word_1_119' title='bbox 1074 1352 1146 1401; x_wconf 89' lang='lat' dir='ltr'>se</span> <span class='ocrx_word' id='word_1_120' title='bbox 1221 1352 1415 1401; x_wconf 82' lang='lat' dir='ltr'>acere</span> <span class='ocrx_word' id='word_1_121' title='bbox 1447 1331 1771 1400; x_wconf 78' lang='lat' dir='ltr'>alienam.</span> <span class='ocrx_word' id='word_1_122' title='bbox 1827 1329 2111 1402; x_wconf 85' lang='lat' dir='ltr'>Biennio</span> <span class='ocrx_word' id='word_1_123' title='bbox 2190 1346 2377 1402; x_wconf 89' lang='lat' dir='ltr'>ostea</span> <span class='ocrx_word' id='word_1_124' title='bbox 2427 1333 2526 1402; x_wconf 89' lang='lat' dir='ltr'>sic</span> <span class='ocrx_word' id='word_1_125' title='bbox 2583 1334 2744 1406; x_wconf 85' lang='lat' dir='ltr'>vixit</span> 
     </span>
     <span class='ocr_line' id='line_1_13' title="bbox 214 1418 2742 1501; baseline 0.002 -14"><span class='ocrx_word' id='word_1_126' title='bbox 214 1439 368 1489; x_wconf 81' lang='lat' dir='ltr'>eum</span> <span class='ocrx_word' id='word_1_127' title='bbox 406 1419 551 1488; x_wconf 82' lang='lat' dir='ltr'>viro</span> <span class='ocrx_word' id='word_1_128' title='bbox 578 1441 750 1489; x_wconf 89' lang='lat' dir='ltr'>suo:</span> <span class='ocrx_word' id='word_1_129' title='bbox 803 1418 923 1488; x_wconf 90' lang='lat' dir='ltr'>illo</span> <span class='ocrx_word' id='word_1_130' title='bbox 956 1441 1145 1501; x_wconf 90' lang='lat' dir='ltr'>sane,</span> <span class='ocrx_word' id='word_1_131' title='bbox 1182 1419 1490 1491; x_wconf 89' lang='lat' dir='ltr'>secundo</span> <span class='ocrx_word' id='word_1_132' title='bbox 1523 1419 1820 1489; x_wconf 83' lang='lat' dir='ltr'>maxime</span> <span class='ocrx_word' id='word_1_133' title='bbox 1864 1441 2069 1501; x_wconf 89' lang='lat' dir='ltr'>anno,</span> <span class='ocrx_word' id='word_1_134' title='bbox 2164 1433 2321 1490; x_wconf 89' lang='lat' dir='ltr'>ante</span> <span class='ocrx_word' id='word_1_135' title='bbox 2360 1426 2491 1491; x_wconf 86' lang='lat' dir='ltr'>Deo</span> <span class='ocrx_word' id='word_1_136' title='bbox 2532 1421 2742 1492; x_wconf 87' lang='lat' dir='ltr'>hono·</span> 
     </span>
     <span class='ocr_line' id='line_1_14' title="bbox 215 1507 2737 1599; baseline 0.002 -23"><span class='ocrx_word' id='word_1_137' title='bbox 215 1528 381 1588; x_wconf 82' lang='lat' dir='ltr'>rem,</span> <span class='ocrx_word' id='word_1_138' title='bbox 410 1528 535 1577; x_wconf 91' lang='lat' dir='ltr'>nec</span> <span class='ocrx_word' id='word_1_139' title='bbox 559 1519 940 1598; x_wconf 90' lang='lat' dir='ltr'>temperare</span> <span class='ocrx_word' id='word_1_140' title='bbox 965 1508 1257 1580; x_wconf 90' lang='lat' dir='ltr'>ulterius</span> <span class='ocrx_word' id='word_1_141' title='bbox 1286 1520 1765 1599; x_wconf 86' lang='lat' dir='ltr'>praesumente</span> <span class='ocrx_word' id='word_1_142' title='bbox 1798 1507 2128 1599; x_wconf 90' lang='lat' dir='ltr'>templum</span> <span class='ocrx_word' id='word_1_143' title='bbox 2165 1508 2463 1599; x_wconf 85' lang='lat' dir='ltr'>Spiritus</span> <span class='ocrx_word' id='word_1_144' title='bbox 2485 1512 2737 1581; x_wconf 87' lang='lat' dir='ltr'>Sancti:</span> 
     </span>
     <span class='ocr_line' id='line_1_15' title="bbox 213 1596 2743 1687; baseline 0.002 -23"><span class='ocrx_word' id='word_1_145' title='bbox 213 1596 328 1683; x_wconf 82' lang='lat' dir='ltr'>qui</span> <span class='ocrx_word' id='word_1_146' title='bbox 374 1596 578 1665; x_wconf 89' lang='lat' dir='ltr'>etiam</span> <span class='ocrx_word' id='word_1_147' title='bbox 632 1596 903 1680; x_wconf 85' lang='lat' dir='ltr'>tandem</span> <span class='ocrx_word' id='word_1_148' title='bbox 959 1597 1205 1667; x_wconf 88' lang='lat' dir='ltr'>virtute</span> <span class='ocrx_word' id='word_1_149' title='bbox 1255 1599 1410 1684; x_wconf 89' lang='lat' dir='ltr'>ejus</span> <span class='ocrx_word' id='word_1_150' title='bbox 1465 1597 1686 1668; x_wconf 89' lang='lat' dir='ltr'>victus</span> <span class='ocrx_word' id='word_1_151' title='bbox 1733 1598 2322 1687; x_wconf 78' lang='lat' dir='ltr'>perseverantiae,</span> <span class='ocrx_word' id='word_1_152' title='bbox 2376 1597 2662 1668; x_wconf 85' lang='lat' dir='ltr'>liberam</span> <span class='ocrx_word' id='word_1_153' title='bbox 2703 1622 2743 1670; x_wconf 90' lang='lat' dir='ltr'>a</span> 
     </span>
     <span class='ocr_line' id='line_1_16' title="bbox 214 1684 2743 1774; baseline 0.002 -21"><span class='ocrx_word' id='word_1_154' title='bbox 214 1706 284 1753; x_wconf 81' lang='lat' dir='ltr'>se</span> <span class='ocrx_word' id='word_1_155' title='bbox 303 1684 658 1755; x_wconf 89' lang='lat' dir='ltr'>dimittens</span> <span class='ocrx_word' id='word_1_156' title='bbox 678 1686 875 1774; x_wconf 84' lang='lat' dir='ltr'>juxta</span> <span class='ocrx_word' id='word_1_157' title='bbox 905 1684 1111 1755; x_wconf 88' lang='lat' dir='ltr'>ritum</span> <span class='ocrx_word' id='word_1_158' title='bbox 1135 1685 1498 1766; x_wconf 80' lang='lat' dir='ltr'>Ecclesiae,</span> <span class='ocrx_word' id='word_1_159' title='bbox 1535 1684 1930 1756; x_wconf 84' lang='lat' dir='ltr'>facultatem</span> <span class='ocrx_word' id='word_1_160' title='bbox 1950 1687 2011 1755; x_wconf 86' lang='lat' dir='ltr'>ei</span> <span class='ocrx_word' id='word_1_161' title='bbox 2034 1686 2373 1759; x_wconf 87' lang='lat' dir='ltr'>concessit</span> <span class='ocrx_word' id='word_1_162' title='bbox 2403 1688 2743 1759; x_wconf 88' lang='lat' dir='ltr'>serviendi</span> 
     </span>
     <span class='ocr_line' id='line_1_17' title="bbox 214 1774 2739 1866; baseline 0.003 -25"><span class='ocrx_word' id='word_1_163' title='bbox 214 1776 367 1854; x_wconf 80' lang='lat' dir='ltr'>Dec,</span> <span class='ocrx_word' id='word_1_164' title='bbox 399 1774 514 1843; x_wconf 90' lang='lat' dir='ltr'>cui</span> <span class='ocrx_word' id='word_1_165' title='bbox 541 1795 625 1844; x_wconf 63' lang='lat' dir='ltr'>&gt;se</span> <span class='ocrx_word' id='word_1_166' title='bbox 660 1774 990 1861; x_wconf 87' lang='lat' dir='ltr'>probavit.</span> <span class='ocrx_word' id='word_1_167' title='bbox 1030 1774 1155 1844; x_wconf 88' lang='grc'><strong>1110</strong></span> <span class='ocrx_word' id='word_1_168' title='bbox 1191 1796 1343 1844; x_wconf 87' lang='lat' dir='ltr'>vero</span> <span class='ocrx_word' id='word_1_169' title='bbox 1370 1774 1943 1865; x_wconf 81' lang='lat' dir='ltr'>optatalibertate</span> <span class='ocrx_word' id='word_1_170' title='bbox 1977 1775 2210 1866; x_wconf 84' lang='lat' dir='ltr'>potita,</span> <span class='ocrx_word' id='word_1_171' title='bbox 2245 1777 2739 1848; x_wconf 86' lang='lat' dir='ltr'>monasterium</span> 
     </span>
     <span class='ocr_line' id='line_1_18' title="bbox 216 1861 2742 1963; baseline 0.002 -33"><span class='ocrx_word' id='word_1_172' title='bbox 216 1861 529 1963; x_wconf 54' lang='lat' dir='ltr'>Villejum</span> <span class='ocrx_word' id='word_1_173' title='bbox 562 1862 917 1952; x_wconf 75' lang='lat' dir='ltr'>(Binette),</span> <span class='ocrx_word' id='word_1_174' title='bbox 956 1864 1160 1953; x_wconf 86' lang='lat' dir='ltr'>cujus</span> <span class='ocrx_word' id='word_1_175' title='bbox 1193 1885 1404 1953; x_wconf 91' lang='lat' dir='ltr'>supra</span> <span class='ocrx_word' id='word_1_176' title='bbox 1454 1863 1925 1945; x_wconf 86' lang='lat' dir='ltr'>meminimus,</span> <span class='ocrx_word' id='word_1_177' title='bbox 1980 1863 2242 1946; x_wconf 88' lang='lat' dir='ltr'>adiens,</span> <span class='ocrx_word' id='word_1_178' title='bbox 2276 1887 2437 1958; x_wconf 88' lang='lat' dir='ltr'>cum</span> <span class='ocrx_word' id='word_1_179' title='bbox 2490 1866 2742 1935; x_wconf 89' lang='lat' dir='ltr'>sancti·-</span> 
     </span>
     <span class='ocr_line' id='line_1_19' title="bbox 218 1950 2736 2039; baseline 0.002 -21"><span class='ocrx_word' id='word_1_180' title='bbox 218 1950 634 2021; x_wconf 80' lang='lat' dir='ltr'>monialibus</span> <span class='ocrx_word' id='word_1_181' title='bbox 669 1951 838 2022; x_wconf 89' lang='lat' dir='ltr'>inibi</span> <span class='ocrx_word' id='word_1_182' title='bbox 882 1957 1015 2022; x_wconf 90' lang='lat' dir='ltr'>Deo</span> <span class='ocrx_word' id='word_1_183' title='bbox 1053 1953 1531 2033; x_wconf 80' lang='lat' dir='ltr'>servientibuS,</span> <span class='ocrx_word' id='word_1_184' title='bbox 1570 1951 1913 2039; x_wconf 89' lang='lat' dir='ltr'>reliquum</span> <span class='ocrx_word' id='word_1_185' title='bbox 1952 1952 2125 2023; x_wconf 88' lang='lat' dir='ltr'>vitae</span> <span class='ocrx_word' id='word_1_186' title='bbox 2156 1975 2321 2024; x_wconf 88' lang='lat' dir='ltr'>suae</span> <span class='ocrx_word' id='word_1_187' title='bbox 2357 1958 2488 2023; x_wconf 88' lang='lat' dir='ltr'>Deo</span> <span class='ocrx_word' id='word_1_188' title='bbox 2518 1956 2736 2025; x_wconf 86' lang='lat' dir='ltr'>vovit:</span> 
     </span>
     <span class='ocr_line' id='line_1_20' title="bbox 213 2040 2742 2131; baseline 0.003 -23"><span class='ocrx_word' id='word_1_189' title='bbox 213 2040 330 2109; x_wconf 82' lang='lat' dir='ltr'>ubi</span> <span class='ocrx_word' id='word_1_190' title='bbox 365 2052 622 2109; x_wconf 89' lang='lat' dir='ltr'>tantam</span> <span class='ocrx_word' id='word_1_191' title='bbox 650 2040 713 2110; x_wconf 90' lang='lat' dir='ltr'>ei</span> <span class='ocrx_word' id='word_1_192' title='bbox 746 2040 1036 2131; x_wconf 83' lang='lat' dir='ltr'>gratiam</span> <span class='ocrx_word' id='word_1_193' title='bbox 1085 2041 1419 2113; x_wconf 86' lang='lat' dir='ltr'>Dominus</span> <span class='ocrx_word' id='word_1_194' title='bbox 1448 2040 1738 2111; x_wconf 90' lang='lat' dir='ltr'>contulit</span> <span class='ocrx_word' id='word_1_195' title='bbox 1776 2041 2181 2124; x_wconf 76' lang='lat' dir='ltr'>sanctitatiS,</span> <span class='ocrx_word' id='word_1_196' title='bbox 2225 2054 2468 2112; x_wconf 90' lang='lat' dir='ltr'>utnon</span> <span class='ocrx_word' id='word_1_197' title='bbox 2511 2044 2742 2115; x_wconf 86' lang='lat' dir='ltr'>minus</span> 
     </span>
     <span class='ocr_line' id='line_1_21' title="bbox 219 2129 2742 2253; baseline 0.002 -56"><span class='ocrx_word' id='word_1_198' title='bbox 219 2129 497 2253; x_wconf 43' lang='lat' dir='ltr'>animog</span> <span class='ocrx_word' id='word_1_199' title='bbox 546 2150 754 2216; x_wconf 87' lang='lat' dir='ltr'>quam</span> <span class='ocrx_word' id='word_1_200' title='bbox 804 2151 1010 2199; x_wconf 88' lang='lat' dir='ltr'>carne</span> <span class='ocrx_word' id='word_1_201' title='bbox 1044 2183 1061 2211; x_wconf 87' lang='lat'>,</span> <span class='ocrx_word' id='word_1_202' title='bbox 1113 2129 1391 2201; x_wconf 88' lang='lat' dir='ltr'>illorum</span> <span class='ocrx_word' id='word_1_203' title='bbox 1449 2129 1856 2220; x_wconf 86' lang='lat' dir='ltr'>probaretur</span> <span class='ocrx_word' id='word_1_204' title='bbox 1895 2130 2196 2200; x_wconf 84' lang='lat' dir='ltr'>virorum</span> <span class='ocrx_word' id='word_1_205' title='bbox 2250 2130 2361 2200; x_wconf 86' lang='lat' dir='ltr'>Dei</span> <span class='ocrx_word' id='word_1_206' title='bbox 2404 2151 2555 2200; x_wconf 89' lang='lat' dir='ltr'>esse</span> <span class='ocrx_word' id='word_1_207' title='bbox 2587 2153 2742 2223; x_wconf 88' lang='lat' dir='ltr'>ger-</span> 
     </span>
     <span class='ocr_line' id='line_1_22' title="bbox 214 2237 587 2288; baseline 0.005 -2"><span class='ocrx_word' id='word_1_208' title='bbox 214 2237 413 2288; x_wconf 75' lang='lat' dir='ltr'>mana</span> <span class='ocrx_word' id='word_1_209' title='bbox 504 2272 520 2287; x_wconf 87' lang='lat'><strong>.</strong></span> <span class='ocrx_word' id='word_1_210' title='bbox 572 2262 587 2274; x_wconf 77' lang='lat'>,</span> 
     </span>
    </p>

    <p class='ocr_par' dir='ltr' id='par_1_4' title="bbox 195 2305 2743 4442">
     <span class='ocr_line' id='line_1_23' title="bbox 303 2305 2738 2394; baseline 0 -16"><span class='ocrx_word' id='word_1_211' title='bbox 303 2309 333 2394; x_wconf 62' lang='grc' dir='ltr'><strong>ξ</strong></span> <span class='ocrx_word' id='word_1_212' title='bbox 377 2311 541 2378; x_wconf 66' lang='lat'>88.</span> <span class='ocrx_word' id='word_1_213' title='bbox 595 2310 759 2376; x_wconf 90' lang='lat' dir='ltr'>Cum</span> <span class='ocrx_word' id='word_1_214' title='bbox 810 2317 1039 2377; x_wconf 89' lang='lat' dir='ltr'>autem</span> <span class='ocrx_word' id='word_1_215' title='bbox 1069 2307 1327 2379; x_wconf 84' lang='lat' dir='ltr'>missus</span> <span class='ocrx_word' id='word_1_216' title='bbox 1366 2307 1631 2378; x_wconf 84' lang='lat' dir='ltr'>noviter</span> <span class='ocrx_word' id='word_1_217' title='bbox 1668 2305 2107 2377; x_wconf 87' lang='lat' dir='ltr'>Claravallem</span> <span class='ocrx_word' id='word_1_218' title='bbox 2158 2306 2569 2388; x_wconf 88' lang='lat' dir='ltr'>Bernardus,</span> <span class='ocrx_word' id='word_1_219' title='bbox 2628 2329 2738 2378; x_wconf 79' lang='lat' dir='ltr'>or-</span> 
     </span>
     <span class='ocr_line' id='line_1_24' title="bbox 213 2390 2739 2486; baseline 0.002 -24"><span class='ocrx_word' id='word_1_220' title='bbox 213 2390 562 2465; x_wconf 87' lang='lat' dir='ltr'>dinandus</span> <span class='ocrx_word' id='word_1_221' title='bbox 590 2406 769 2466; x_wconf 87' lang='lat' dir='ltr'>esset</span> <span class='ocrx_word' id='word_1_222' title='bbox 800 2396 870 2465; x_wconf 93' lang='lat' dir='ltr'>in</span> <span class='ocrx_word' id='word_1_223' title='bbox 906 2393 1364 2467; x_wconf 88' lang='lat' dir='ltr'>ministerium</span> <span class='ocrx_word' id='word_1_224' title='bbox 1413 2395 1498 2466; x_wconf 90' lang='lat' dir='ltr'>ad</span> <span class='ocrx_word' id='word_1_225' title='bbox 1548 2395 1729 2483; x_wconf 91' lang='lat' dir='ltr'>quod</span> <span class='ocrx_word' id='word_1_226' title='bbox 1765 2409 2169 2486; x_wconf 89' lang='lat' dir='ltr'>assumptus</span> <span class='ocrx_word' id='word_1_227' title='bbox 2213 2408 2384 2477; x_wconf 76' lang='lat' dir='ltr'>erat,</span> <span class='ocrx_word' id='word_1_228' title='bbox 2431 2409 2497 2466; x_wconf 90' lang='lat' dir='ltr'>et</span> <span class='ocrx_word' id='word_1_229' title='bbox 2543 2395 2739 2467; x_wconf 69' lang='lat' dir='ltr'>sedes</span> 
     </span>
     <span class='ocr_line' id='line_1_25' title="bbox 214 2483 2741 2576; baseline 0.001 -24"><span class='ocrx_word' id='word_1_230' title='bbox 214 2483 664 2575; x_wconf 88' lang='lat' dir='ltr'>Lingonensis</span> <span class='ocrx_word' id='word_1_231' title='bbox 710 2496 1000 2565; x_wconf 89' lang='lat' dir='ltr'>vacaret,</span> <span class='ocrx_word' id='word_1_232' title='bbox 1057 2484 1144 2555; x_wconf 93' lang='lat' dir='ltr'>ad</span> <span class='ocrx_word' id='word_1_233' title='bbox 1199 2507 1403 2573; x_wconf 90' lang='lat' dir='ltr'>quam</span> <span class='ocrx_word' id='word_1_234' title='bbox 1441 2483 1784 2556; x_wconf 90' lang='lat' dir='ltr'>ordinatio</span> <span class='ocrx_word' id='word_1_235' title='bbox 1835 2484 1987 2576; x_wconf 88' lang='lat' dir='ltr'>ipsa</span> <span class='ocrx_word' id='word_1_236' title='bbox 2036 2483 2487 2575; x_wconf 86' lang='lat' dir='ltr'>respiciebat:</span> <span class='ocrx_word' id='word_1_237' title='bbox 2529 2507 2741 2573; x_wconf 82' lang='lat' dir='ltr'>quae-</span> 
     </span>
     <span class='ocr_line' id='line_1_26' title="bbox 214 2573 2735 2662; baseline 0.001 -20"><span class='ocrx_word' id='word_1_238' title='bbox 214 2574 521 2645; x_wconf 87' lang='lat' dir='ltr'>rentibus</span> <span class='ocrx_word' id='word_1_239' title='bbox 567 2573 918 2655; x_wconf 82' lang='lat' dir='ltr'>fratribus‚</span> <span class='ocrx_word' id='word_1_240' title='bbox 968 2596 1109 2662; x_wconf 91' lang='lat' dir='ltr'>quo</span> <span class='ocrx_word' id='word_1_241' title='bbox 1153 2594 1311 2644; x_wconf 90' lang='lat' dir='ltr'>eum</span> <span class='ocrx_word' id='word_1_242' title='bbox 1347 2573 1766 2645; x_wconf 88' lang='lat' dir='ltr'>deducerent</span> <span class='ocrx_word' id='word_1_243' title='bbox 1795 2573 2288 2656; x_wconf 89' lang='lat' dir='ltr'>ordinandum,</span> <span class='ocrx_word' id='word_1_244' title='bbox 2326 2574 2462 2644; x_wconf 90' lang='lat' dir='ltr'>cito</span> <span class='ocrx_word' id='word_1_245' title='bbox 2500 2594 2571 2642; x_wconf 88' lang='lat' dir='ltr'>se</span> <span class='ocrx_word' id='word_1_246' title='bbox 2617 2574 2735 2645; x_wconf 91' lang='lat' dir='ltr'>ob·</span> 
     </span>
     <span class='ocr_line' id='line_1_27' title="bbox 211 2660 2737 2755; baseline 0.002 -26"><span class='ocrx_word' id='word_1_247' title='bbox 211 2660 371 2731; x_wconf 89' lang='lat' dir='ltr'>tulit</span> <span class='ocrx_word' id='word_1_248' title='bbox 405 2663 584 2733; x_wconf 89' lang='lat' dir='ltr'>bona</span> <span class='ocrx_word' id='word_1_249' title='bbox 616 2661 796 2732; x_wconf 84' lang='lat' dir='ltr'>fama</span> <span class='ocrx_word' id='word_1_250' title='bbox 829 2662 1238 2733; x_wconf 87' lang='lat' dir='ltr'>venerabilis</span> <span class='ocrx_word' id='word_1_251' title='bbox 1267 2662 1867 2733; x_wconf 88' lang='lat' dir='ltr'>Catalaunensium</span> <span class='ocrx_word' id='word_1_252' title='bbox 1902 2663 2243 2755; x_wconf 82' lang='lat' dir='ltr'>Episcopi,</span> <span class='ocrx_word' id='word_1_253' title='bbox 2276 2662 2737 2753; x_wconf 89' lang='lat' dir='ltr'>opinatissimi</span> 
     </span>
     <span class='ocr_line' id='line_1_28' title="bbox 206 2749 2739 2842; baseline 0.001 -24"><span class='ocrx_word' id='word_1_254' title='bbox 206 2749 400 2821; x_wconf 88' lang='lat' dir='ltr'>illius</span> <span class='ocrx_word' id='word_1_255' title='bbox 430 2751 740 2842; x_wconf 83' lang='lat' dir='ltr'>magistri</span> <span class='ocrx_word' id='word_1_256' title='bbox 769 2750 1112 2823; x_wconf 81' lang='lat' dir='ltr'>wilhelmi</span> <span class='ocrx_word' id='word_1_257' title='bbox 1141 2751 1226 2821; x_wconf 91' lang='lat' dir='ltr'>de</span> <span class='ocrx_word' id='word_1_258' title='bbox 1258 2750 1574 2842; x_wconf 87' lang='lat' dir='ltr'>Capellis,</span> <span class='ocrx_word' id='word_1_259' title='bbox 1608 2750 1914 2839; x_wconf 87' lang='lat' dir='ltr'>illucque</span> <span class='ocrx_word' id='word_1_260' title='bbox 1940 2773 2097 2822; x_wconf 92' lang='lat' dir='ltr'>eum</span> <span class='ocrx_word' id='word_1_261' title='bbox 2135 2750 2739 2823; x_wconf 89' lang='lat' dir='ltr'>transmittendum</span> 
     </span>
     <span class='ocr_line' id='line_1_29' title="bbox 205 2838 2738 2928; baseline 0.002 -21"><span class='ocrx_word' id='word_1_262' title='bbox 205 2860 361 2910; x_wconf 87' lang='lat' dir='ltr'>esse</span> <span class='ocrx_word' id='word_1_263' title='bbox 410 2839 782 2913; x_wconf 89' lang='lat' dir='ltr'>diffinitum</span> <span class='ocrx_word' id='word_1_264' title='bbox 831 2853 952 2911; x_wconf 89' lang='lat' dir='ltr'>est.</span> <span class='ocrx_word' id='word_1_265' title='bbox 1010 2841 1255 2928; x_wconf 89' lang='lat' dir='ltr'>Sicque</span> <span class='ocrx_word' id='word_1_266' title='bbox 1299 2840 1554 2911; x_wconf 82' lang='lat' dir='ltr'>factum</span> <span class='ocrx_word' id='word_1_267' title='bbox 1597 2852 1720 2910; x_wconf 88' lang='lat' dir='ltr'>est.</span> <span class='ocrx_word' id='word_1_268' title='bbox 1775 2839 1953 2911; x_wconf 79' lang='lat' dir='ltr'>Abiit</span> <span class='ocrx_word' id='word_1_269' title='bbox 2001 2852 2227 2912; x_wconf 90' lang='lat' dir='ltr'>autem</span> <span class='ocrx_word' id='word_1_270' title='bbox 2288 2838 2738 2911; x_wconf 81' lang='lat' dir='ltr'>catalaunum</span> 
     </span>
     <span class='ocr_line' id='line_1_30' title="bbox 206 2928 2741 3019; baseline 0.001 -22"><span class='ocrx_word' id='word_1_271' title='bbox 206 2940 564 3019; x_wconf 88' lang='lat' dir='ltr'>assumpto</span> <span class='ocrx_word' id='word_1_272' title='bbox 610 2950 845 2999; x_wconf 90' lang='lat' dir='ltr'>secum</span> <span class='ocrx_word' id='word_1_273' title='bbox 898 2928 1289 3012; x_wconf 87' lang='lat' dir='ltr'>Elbodone,</span> <span class='ocrx_word' id='word_1_274' title='bbox 1346 2929 1687 3001; x_wconf 83' lang='lat' dir='ltr'>monacho</span> <span class='ocrx_word' id='word_1_275' title='bbox 1747 2928 2047 3016; x_wconf 88' lang='lat' dir='ltr'>quodam</span> <span class='ocrx_word' id='word_1_276' title='bbox 2105 2928 2555 2999; x_wconf 75' lang='lat' dir='ltr'>cisterciensi.</span> <span class='ocrx_word' id='word_1_277' title='bbox 2625 2934 2741 2999; x_wconf 84' lang='lat' dir='ltr'>In·-</span> 
     </span>
     <span class='ocr_line' id='line_1_31' title="bbox 210 3016 2743 3110; baseline 0.001 -24"><span class='ocrx_word' id='word_1_278' title='bbox 210 3016 412 3086; x_wconf 86' lang='lat' dir='ltr'>travit</span> <span class='ocrx_word' id='word_1_279' title='bbox 452 3040 527 3088; x_wconf 91' lang='lat' dir='ltr'>er</span> <span class='ocrx_word' id='word_1_280' title='bbox 575 3040 616 3087; x_wconf 95' lang='grc'><strong>0</strong></span> <span class='ocrx_word' id='word_1_281' title='bbox 666 3018 995 3109; x_wconf 91' lang='lat' dir='ltr'>praedicti</span> <span class='ocrx_word' id='word_1_282' title='bbox 1043 3018 1362 3110; x_wconf 84' lang='lat' dir='ltr'>Episcopi</span> <span class='ocrx_word' id='word_1_283' title='bbox 1417 3018 1705 3089; x_wconf 90' lang='lat' dir='ltr'>domum</span> <span class='ocrx_word' id='word_1_284' title='bbox 1759 3018 2040 3107; x_wconf 83' lang='lat' dir='ltr'>juvenis</span> <span class='ocrx_word' id='word_1_285' title='bbox 2085 3018 2266 3089; x_wconf 80' lang='lat' dir='ltr'>exesi</span> <span class='ocrx_word' id='word_1_286' title='bbox 2320 3017 2632 3109; x_wconf 90' lang='lat' dir='ltr'>corporis</span> <span class='ocrx_word' id='word_1_287' title='bbox 2675 3028 2743 3089; x_wconf 85' lang='lat' dir='ltr'>et</span> 
     </span>
     <span class='ocr_line' id='line_1_32' title="bbox 207 3106 2741 3197; baseline 0.002 -23"><span class='ocrx_word' id='word_1_288' title='bbox 207 3106 529 3176; x_wconf 90' lang='lat' dir='ltr'>moribun</span> <span class='ocrx_word' id='word_1_289' title='bbox 586 3107 654 3188; x_wconf 88' lang='lat' dir='ltr'>i,</span> <span class='ocrx_word' id='word_1_290' title='bbox 717 3106 959 3177; x_wconf 86' lang='lat' dir='ltr'>habitu</span> <span class='ocrx_word' id='word_1_291' title='bbox 1010 3129 1284 3195; x_wconf 89' lang='lat' dir='ltr'>quoque</span> <span class='ocrx_word' id='word_1_292' title='bbox 1329 3106 1827 3197; x_wconf 73' lang='lat' dir='ltr'>despicabilia,</span> <span class='ocrx_word' id='word_1_293' title='bbox 1889 3108 2351 3196; x_wconf 85' lang='lat' dir='ltr'>subsequente</span> <span class='ocrx_word' id='word_1_294' title='bbox 2401 3106 2741 3180; x_wconf 78' lang='lat' dir='ltr'>monache</span> 
     </span>
     <span class='ocr_line' id='line_1_33' title="bbox 205 3194 2741 3287; baseline 0.001 -24"><span class='ocrx_word' id='word_1_295' title='bbox 205 3194 494 3277; x_wconf 86' lang='lat' dir='ltr'>seniore,</span> <span class='ocrx_word' id='word_1_296' title='bbox 547 3208 615 3265; x_wconf 92' lang='lat' dir='ltr'>et</span> <span class='ocrx_word' id='word_1_297' title='bbox 662 3216 771 3264; x_wconf 90' lang='lat' dir='ltr'>ma</span> <span class='ocrx_word' id='word_1_298' title='bbox 825 3195 1139 3267; x_wconf 89' lang='lat' dir='ltr'>nitudine</span> <span class='ocrx_word' id='word_1_299' title='bbox 1182 3209 1251 3266; x_wconf 90' lang='lat' dir='ltr'>et</span> <span class='ocrx_word' id='word_1_300' title='bbox 1296 3198 1541 3268; x_wconf 76' lang='lat' dir='ltr'>robore</span> <span class='ocrx_word' id='word_1_301' title='bbox 1584 3195 1896 3287; x_wconf 90' lang='lat' dir='ltr'>corporis</span> <span class='ocrx_word' id='word_1_302' title='bbox 1939 3194 2279 3286; x_wconf 88' lang='lat' dir='ltr'>eleganti,</span> <span class='ocrx_word' id='word_1_303' title='bbox 2316 3194 2475 3265; x_wconf 91' lang='lat' dir='ltr'>aliis</span> <span class='ocrx_word' id='word_1_304' title='bbox 2509 3196 2741 3266; x_wconf 80' lang='lat' dir='ltr'>riden-</span> 
     </span>
     <span class='ocr_line' id='line_1_34' title="bbox 208 3218 2736 3375; baseline 0.001 -24"><span class='ocrx_word' id='word_1_305' title='bbox 208 3281 420 3364; x_wconf 89' lang='lat' dir='ltr'>tibus,</span> <span class='ocrx_word' id='word_1_306' title='bbox 456 3283 611 3353; x_wconf 89' lang='lat' dir='ltr'>aliis</span> <span class='ocrx_word' id='word_1_307' title='bbox 642 3218 1115 3367; x_wconf 43' lang='lat' dir='ltr'>irridentibus,</span> <span class='ocrx_word' id='word_1_308' title='bbox 1159 3285 1317 3355; x_wconf 89' lang='lat' dir='ltr'>aliis</span> <span class='ocrx_word' id='word_1_309' title='bbox 1365 3307 1532 3365; x_wconf 84' lang='lat' dir='ltr'>rem,</span> <span class='ocrx_word' id='word_1_310' title='bbox 1569 3285 1753 3355; x_wconf 91' lang='lat' dir='ltr'>sicut</span> <span class='ocrx_word' id='word_1_311' title='bbox 1780 3295 1947 3366; x_wconf 88' lang='lat' dir='ltr'>erat,</span> <span class='ocrx_word' id='word_1_312' title='bbox 1987 3284 2501 3375; x_wconf 87' lang='lat' dir='ltr'>interpretando</span> <span class='ocrx_word' id='word_1_313' title='bbox 2541 3305 2736 3354; x_wconf 50' lang='lat' dir='ltr'>vener</span> 
     </span>
     <span class='ocr_line' id='line_1_35' title="bbox 205 3371 2737 3475; baseline 0 -33"><span class='ocrx_word' id='word_1_314' title='bbox 205 3371 543 3443; x_wconf 80' lang='lat' dir='ltr'>rantibus.</span> <span class='ocrx_word' id='word_1_315' title='bbox 600 3377 769 3443; x_wconf 91' lang='lat' dir='ltr'>Cum</span> <span class='ocrx_word' id='word_1_316' title='bbox 802 3386 1028 3455; x_wconf 84' lang='lat' dir='ltr'>autem</span> <span class='ocrx_word' id='word_1_317' title='bbox 1077 3387 1544 3475; x_wconf 86' lang='lat' dir='ltr'>quaereretur,</span> <span class='ocrx_word' id='word_1_318' title='bbox 1587 3374 1747 3462; x_wconf 88' lang='lat' dir='ltr'>quis</span> <span class='ocrx_word' id='word_1_319' title='bbox 1784 3394 2023 3443; x_wconf 90' lang='lat' dir='ltr'>eorum</span> <span class='ocrx_word' id='word_1_320' title='bbox 2071 3384 2248 3445; x_wconf 88' lang='lat' dir='ltr'>esset</span> <span class='ocrx_word' id='word_1_321' title='bbox 2286 3373 2531 3455; x_wconf 79' lang='lat' dir='ltr'>Abbas,</span> <span class='ocrx_word' id='word_1_322' title='bbox 2577 3374 2737 3463; x_wconf 82' lang='lat' dir='ltr'>Epi-</span> 
     </span>
     <span class='ocr_line' id='line_1_36' title="bbox 204 3461 2735 3553; baseline 0.001 -23"><span class='ocrx_word' id='word_1_323' title='bbox 204 3481 462 3550; x_wconf 89' lang='lat' dir='ltr'>scopus</span> <span class='ocrx_word' id='word_1_324' title='bbox 507 3461 778 3552; x_wconf 88' lang='lat' dir='ltr'>primus</span> <span class='ocrx_word' id='word_1_325' title='bbox 820 3462 1060 3533; x_wconf 85' lang='lat' dir='ltr'>oeulos</span> <span class='ocrx_word' id='word_1_326' title='bbox 1107 3484 1176 3531; x_wconf 85' lang='grc' dir='ltr'>ιη</span> <span class='ocrx_word' id='word_1_327' title='bbox 1226 3484 1387 3534; x_wconf 90' lang='lat' dir='ltr'>eum</span> <span class='ocrx_word' id='word_1_328' title='bbox 1453 3476 1727 3553; x_wconf 84' lang='lat' dir='ltr'>apertos</span> <span class='ocrx_word' id='word_1_329' title='bbox 1773 3461 2078 3544; x_wconf 85' lang='lat' dir='ltr'>habens,</span> <span class='ocrx_word' id='word_1_330' title='bbox 2132 3463 2410 3553; x_wconf 84' lang='lat' dir='ltr'>agnovit</span> <span class='ocrx_word' id='word_1_331' title='bbox 2457 3483 2735 3533; x_wconf 84' lang='lat' dir='ltr'>servum</span> 
     </span>
     <span class='ocr_line' id='line_1_37' title="bbox 205 3548 2738 3641; baseline 0.001 -23"><span class='ocrx_word' id='word_1_332' title='bbox 205 3548 348 3628; x_wconf 86' lang='lat' dir='ltr'>Dei,</span> <span class='ocrx_word' id='word_1_333' title='bbox 400 3561 468 3619; x_wconf 91' lang='lat' dir='ltr'>et</span> <span class='ocrx_word' id='word_1_334' title='bbox 498 3550 800 3639; x_wconf 88' lang='lat' dir='ltr'>suscepit</span> <span class='ocrx_word' id='word_1_335' title='bbox 825 3570 985 3623; x_wconf 91' lang='lat' dir='ltr'>eum</span> <span class='ocrx_word' id='word_1_336' title='bbox 1025 3552 1205 3621; x_wconf 91' lang='lat' dir='ltr'>sicut</span> <span class='ocrx_word' id='word_1_337' title='bbox 1252 3572 1523 3624; x_wconf 84' lang='lat' dir='ltr'>servum</span> <span class='ocrx_word' id='word_1_338' title='bbox 1569 3550 1706 3622; x_wconf 87' lang='lat' dir='ltr'>Dei.</span> <span class='ocrx_word' id='word_1_339' title='bbox 1759 3556 1929 3621; x_wconf 89' lang='lat' dir='ltr'>Cum</span> <span class='ocrx_word' id='word_1_340' title='bbox 1976 3551 2162 3621; x_wconf 89' lang='lat' dir='ltr'>enim</span> <span class='ocrx_word' id='word_1_341' title='bbox 2217 3551 2439 3641; x_wconf 89' lang='lat' dir='ltr'>primo</span> <span class='ocrx_word' id='word_1_342' title='bbox 2471 3550 2544 3620; x_wconf 89' lang='lat' dir='ltr'>in</span> <span class='ocrx_word' id='word_1_343' title='bbox 2595 3550 2738 3641; x_wconf 73' lang='lat' dir='ltr'>pri·-</span> 
     </span>
     <span class='ocr_line' id='line_1_38' title="bbox 202 3638 2734 3742; baseline 0.001 -35"><span class='ocrx_word' id='word_1_344' title='bbox 202 3649 359 3707; x_wconf 79' lang='lat' dir='ltr'>vato</span> <span class='ocrx_word' id='word_1_345' title='bbox 403 3638 746 3726; x_wconf 90' lang='lat' dir='ltr'>colloquio</span> <span class='ocrx_word' id='word_1_346' title='bbox 790 3639 983 3708; x_wconf 89' lang='lat' dir='ltr'>omni</span> <span class='ocrx_word' id='word_1_347' title='bbox 1036 3640 1289 3712; x_wconf 89' lang='lat' dir='ltr'>melius</span> <span class='ocrx_word' id='word_1_348' title='bbox 1334 3639 1677 3710; x_wconf 90' lang='lat' dir='ltr'>locutione</span> <span class='ocrx_word' id='word_1_349' title='bbox 1711 3639 2147 3742; x_wconf 87' lang='lat' dir='ltr'>prudentiam</span> <span class='ocrx_word' id='word_1_350' title='bbox 2180 3639 2462 3733; x_wconf 83' lang='lat' dir='ltr'>juvenis</span> <span class='ocrx_word' id='word_1_351' title='bbox 2507 3660 2620 3709; x_wconf 91' lang='lat' dir='ltr'>ma</span> <span class='ocrx_word' id='word_1_352' title='bbox 2672 3639 2734 3731; x_wconf 66' lang='lat' dir='ltr'>is</span> 
     </span>
     <span class='ocr_line' id='line_1_39' title="bbox 205 3726 2735 3830; baseline 0 -33"><span class='ocrx_word' id='word_1_353' title='bbox 205 3728 562 3817; x_wconf 89' lang='lat' dir='ltr'>magisque</span> <span class='ocrx_word' id='word_1_354' title='bbox 592 3726 909 3830; x_wconf 88' lang='lat' dir='ltr'>proderet</span> <span class='ocrx_word' id='word_1_355' title='bbox 953 3728 1367 3805; x_wconf 77' lang='lat' dir='ltr'>verecundia</span> <span class='ocrx_word' id='word_1_356' title='bbox 1404 3727 1756 3817; x_wconf 79' lang='lat' dir='ltr'>loquendi,</span> <span class='ocrx_word' id='word_1_357' title='bbox 1808 3727 2141 3798; x_wconf 88' lang='lat' dir='ltr'>intellexit</span> <span class='ocrx_word' id='word_1_358' title='bbox 2173 3728 2276 3797; x_wconf 85' lang='lat' dir='ltr'>vir</span> <span class='ocrx_word' id='word_1_359' title='bbox 2305 3727 2629 3828; x_wconf 46' lang='lat' dir='ltr'>sapiens·</span> <span class='ocrx_word' id='word_1_360' title='bbox 2681 3726 2735 3797; x_wconf 82' lang='lat' dir='ltr'>i·</span> 
     </span>
     <span class='ocr_line' id='line_1_40' title="bbox 204 3814 2739 3909; baseline 0.002 -26"><span class='ocrx_word' id='word_1_361' title='bbox 204 3814 437 3886; x_wconf 77' lang='lat' dir='ltr'>vinam</span> <span class='ocrx_word' id='word_1_362' title='bbox 486 3816 940 3887; x_wconf 79' lang='lat' dir='ltr'>visitationem</span> <span class='ocrx_word' id='word_1_363' title='bbox 991 3820 1060 3887; x_wconf 90' lang='lat' dir='ltr'>in</span> <span class='ocrx_word' id='word_1_364' title='bbox 1110 3818 1409 3888; x_wconf 86' lang='lat' dir='ltr'>adventu</span> <span class='ocrx_word' id='word_1_365' title='bbox 1458 3817 1750 3909; x_wconf 89' lang='lat' dir='ltr'>hospitis</span> <span class='ocrx_word' id='word_1_366' title='bbox 1801 3817 1936 3887; x_wconf 91' lang='lat' dir='ltr'>sui.</span> <span class='ocrx_word' id='word_1_367' title='bbox 1988 3821 2120 3887; x_wconf 85' lang='lat' dir='ltr'>Nec</span> <span class='ocrx_word' id='word_1_368' title='bbox 2165 3815 2384 3887; x_wconf 85' lang='lat' dir='ltr'>defuit</span> <span class='ocrx_word' id='word_1_369' title='bbox 2431 3816 2739 3906; x_wconf 75' lang='lat' dir='ltr'>hospita-</span> 
     </span>
     <span class='ocr_line' id='line_1_41' title="bbox 204 3901 2737 4004; baseline 0 -32"><span class='ocrx_word' id='word_1_370' title='bbox 204 3901 415 3976; x_wconf 85' lang='lat' dir='ltr'>litatis</span> <span class='ocrx_word' id='word_1_371' title='bbox 464 3906 575 3996; x_wconf 90' lang='lat' dir='ltr'>pia</span> <span class='ocrx_word' id='word_1_372' title='bbox 629 3906 980 3988; x_wconf 89' lang='lat' dir='ltr'>instantia,</span> <span class='ocrx_word' id='word_1_373' title='bbox 1038 3905 1257 3977; x_wconf 91' lang='lat' dir='ltr'>donec</span> <span class='ocrx_word' id='word_1_374' title='bbox 1302 3928 1527 3993; x_wconf 85' lang='lat' dir='ltr'>usque</span> <span class='ocrx_word' id='word_1_375' title='bbox 1573 3904 1658 3976; x_wconf 90' lang='lat' dir='ltr'>ad</span> <span class='ocrx_word' id='word_1_376' title='bbox 1711 3904 2125 3975; x_wconf 80' lang='lat' dir='ltr'>familiarem</span> <span class='ocrx_word' id='word_1_377' title='bbox 2176 3904 2508 3977; x_wconf 85' lang='lat' dir='ltr'>fiduciam</span> <span class='ocrx_word' id='word_1_378' title='bbox 2554 3903 2737 4004; x_wconf 77' lang='lat' dir='ltr'>etli-</span> 
     </span>
     <span class='ocr_line' id='line_1_42' title="bbox 209 3991 2743 4086; baseline 0 -23"><span class='ocrx_word' id='word_1_379' title='bbox 209 3991 530 4064; x_wconf 89' lang='lat' dir='ltr'>bertatem</span> <span class='ocrx_word' id='word_1_380' title='bbox 571 3993 899 4083; x_wconf 85' lang='lat' dir='ltr'>loquendi</span> <span class='ocrx_word' id='word_1_381' title='bbox 933 3994 1264 4086; x_wconf 88' lang='lat' dir='ltr'>producto</span> <span class='ocrx_word' id='word_1_382' title='bbox 1292 3995 1635 4083; x_wconf 90' lang='lat' dir='ltr'>colloquio</span> <span class='ocrx_word' id='word_1_383' title='bbox 1673 3993 1761 4064; x_wconf 87' lang='lat' dir='ltr'>ad</span> <span class='ocrx_word' id='word_1_384' title='bbox 1800 3993 2206 4064; x_wconf 87' lang='lat' dir='ltr'>alterutrum</span> <span class='ocrx_word' id='word_1_385' title='bbox 2241 4047 2258 4075; x_wconf 92' lang='lat'>,</span> <span class='ocrx_word' id='word_1_386' title='bbox 2293 3993 2437 4081; x_wconf 88' lang='lat' dir='ltr'>jam</span> <span class='ocrx_word' id='word_1_387' title='bbox 2489 3991 2743 4069; x_wconf 74' lang='lat' dir='ltr'>melius,</span> 
     </span>
     <span class='ocr_line' id='line_1_43' title="bbox 202 4078 2743 4183; baseline 0.001 -33"><span class='ocrx_word' id='word_1_388' title='bbox 202 4100 361 4151; x_wconf 88' lang='lat' dir='ltr'>eum</span> <span class='ocrx_word' id='word_1_389' title='bbox 394 4083 907 4166; x_wconf 82' lang='lat' dir='ltr'>commendaret</span> <span class='ocrx_word' id='word_1_390' title='bbox 936 4084 1357 4155; x_wconf 88' lang='lat' dir='ltr'>conscientia</span> <span class='ocrx_word' id='word_1_391' title='bbox 1386 4106 1536 4165; x_wconf 91' lang='lat' dir='ltr'>sua,</span> <span class='ocrx_word' id='word_1_392' title='bbox 1570 4104 1781 4172; x_wconf 89' lang='lat' dir='ltr'>quam</span> <span class='ocrx_word' id='word_1_393' title='bbox 1815 4081 2017 4153; x_wconf 85' lang='lat' dir='ltr'>verba</span> <span class='ocrx_word' id='word_1_394' title='bbox 2053 4080 2222 4152; x_wconf 85' lang='lat' dir='ltr'>ulla.</span> <span class='ocrx_word' id='word_1_395' title='bbox 2253 4080 2425 4182; x_wconf 79' lang='lat' dir='ltr'>Quid</span> <span class='ocrx_word' id='word_1_396' title='bbox 2468 4078 2743 4183; x_wconf 69' lang='lat' dir='ltr'>multa?</span> 
     </span>
     <span class='ocr_line' id='line_1_44' title="bbox 200 4171 2736 4244; baseline 0 -4"><span class='ocrx_word' id='word_1_397' title='bbox 200 4172 295 4241; x_wconf 82' lang='lat' dir='ltr'>Ex</span> <span class='ocrx_word' id='word_1_398' title='bbox 342 4171 461 4242; x_wconf 91' lang='grc'><strong>1110</strong></span> <span class='ocrx_word' id='word_1_399' title='bbox 492 4171 603 4242; x_wconf 89' lang='lat' dir='ltr'>die</span> <span class='ocrx_word' id='word_1_400' title='bbox 648 4186 714 4243; x_wconf 91' lang='lat' dir='ltr'>et</span> <span class='ocrx_word' id='word_1_401' title='bbox 758 4195 838 4243; x_wconf 82' lang='lat' dir='ltr'>ex</span> <span class='ocrx_word' id='word_1_402' title='bbox 886 4172 1007 4244; x_wconf 90' lang='lat' dir='ltr'>illa</span> <span class='ocrx_word' id='word_1_403' title='bbox 1052 4172 1220 4243; x_wconf 86' lang='lat' dir='ltr'>hora</span> <span class='ocrx_word' id='word_1_404' title='bbox 1267 4171 1425 4242; x_wconf 78' lang='lat' dir='ltr'>sacti</span> <span class='ocrx_word' id='word_1_405' title='bbox 1475 4185 1640 4244; x_wconf 86' lang='lat' dir='ltr'>sunt</span> <span class='ocrx_word' id='word_1_406' title='bbox 1684 4192 1805 4241; x_wconf 91' lang='lat' dir='ltr'>cor</span> <span class='ocrx_word' id='word_1_407' title='bbox 1846 4192 2069 4242; x_wconf 87' lang='lat' dir='ltr'>unum</span> <span class='ocrx_word' id='word_1_408' title='bbox 2105 4181 2173 4240; x_wconf 90' lang='lat' dir='ltr'>et</span> <span class='ocrx_word' id='word_1_409' title='bbox 2202 4191 2452 4241; x_wconf 75' lang='lat' dir='ltr'>amma</span> <span class='ocrx_word' id='word_1_410' title='bbox 2483 4190 2624 4239; x_wconf 91' lang='lat' dir='ltr'>una</span> <span class='ocrx_word' id='word_1_411' title='bbox 2664 4189 2736 4241; x_wconf 83' lang='lat' dir='ltr'>m</span> 
     </span>
     <span class='ocr_line' id='line_1_45' title="bbox 195 4256 2737 4354; baseline -0.001 -24"><span class='ocrx_word' id='word_1_412' title='bbox 195 4260 509 4344; x_wconf 86' lang='lat' dir='ltr'>Domino,</span> <span class='ocrx_word' id='word_1_413' title='bbox 548 4262 916 4337; x_wconf 86' lang='lat' dir='ltr'>intantum.</span> <span class='ocrx_word' id='word_1_414' title='bbox 952 4274 1260 4354; x_wconf 77' lang='lat' dir='ltr'>utsaepe</span> <span class='ocrx_word' id='word_1_415' title='bbox 1284 4260 1457 4331; x_wconf 90' lang='lat' dir='ltr'>alter</span> <span class='ocrx_word' id='word_1_416' title='bbox 1479 4260 1772 4331; x_wconf 88' lang='lat' dir='ltr'>alterum</span> <span class='ocrx_word' id='word_1_417' title='bbox 1806 4260 1931 4330; x_wconf 89' lang='lat' dir='ltr'>hos</span> <span class='ocrx_word' id='word_1_418' title='bbox 1985 4259 2143 4329; x_wconf 87' lang='lat' dir='ltr'>item</span> <span class='ocrx_word' id='word_1_419' title='bbox 2170 4256 2411 4329; x_wconf 90' lang='lat' dir='ltr'>deince</span> <span class='ocrx_word' id='word_1_420' title='bbox 2464 4280 2497 4327; x_wconf 88' lang='lat' dir='ltr'>s</span> <span class='ocrx_word' id='word_1_421' title='bbox 2525 4257 2737 4328; x_wconf 81' lang='lat' dir='ltr'>habe-</span> 
     </span>
     <span class='ocr_line' id='line_1_46' title="bbox 200 4345 2739 4442; baseline 0 -23"><span class='ocrx_word' id='word_1_422' title='bbox 200 4362 325 4430; x_wconf 83' lang='lat' dir='ltr'>ret,</span> <span class='ocrx_word' id='word_1_423' title='bbox 361 4363 428 4420; x_wconf 88' lang='lat' dir='ltr'>et</span> <span class='ocrx_word' id='word_1_424' title='bbox 456 4351 735 4441; x_wconf 89' lang='lat' dir='ltr'>propria</span> <span class='ocrx_word' id='word_1_425' title='bbox 761 4363 939 4423; x_wconf 82' lang='lat' dir='ltr'>esset</span> <span class='ocrx_word' id='word_1_426' title='bbox 970 4352 1221 4423; x_wconf 90' lang='lat' dir='ltr'>domus</span> <span class='ocrx_word' id='word_1_427' title='bbox 1250 4349 1593 4442; x_wconf 89' lang='lat' dir='ltr'>Episcopi,</span> <span class='ocrx_word' id='word_1_428' title='bbox 1630 4348 1906 4418; x_wconf 84' lang='lat' dir='ltr'>Clarava</span> <span class='ocrx_word' id='word_1_429' title='bbox 1968 4348 2071 4431; x_wconf 89' lang='lat' dir='ltr'>is;</span> <span class='ocrx_word' id='word_1_430' title='bbox 2127 4346 2406 4417; x_wconf 80' lang='lat' dir='ltr'>Clarava</span> <span class='ocrx_word' id='word_1_431' title='bbox 2441 4345 2739 4419; x_wconf 70' lang='lat' dir='ltr'>lensium</span> 
     </span>
    </p>
   </div>
   <div class='ocr_carea' id='block_1_3' title="bbox 250 4470 2394 4529">
    <p class='ocr_par' dir='ltr' id='par_1_5' title="bbox 250 4470 2394 4529">
     <span class='ocr_line' id='line_1_47' title="bbox 250 4470 2394 4529; baseline -0 -14"><span class='ocrx_word' id='word_1_432' title='bbox 250 4473 281 4503; x_wconf 77' lang='lat'><em>⁰</em></span> <span class='ocrx_word' id='word_1_433' title='bbox 310 4473 363 4515; x_wconf 80' lang='lat' dir='ltr'>B.</span> <span class='ocrx_word' id='word_1_434' title='bbox 392 4474 674 4519; x_wconf 65' lang='lat' dir='ltr'>nouatum</span> <span class='ocrx_word' id='word_1_435' title='bbox 703 4477 817 4519; x_wconf 74' lang='lat' dir='ltr'>haee</span> <span class='ocrx_word' id='word_1_436' title='bbox 838 4479 914 4520; x_wconf 74' lang='lat' dir='ltr'>eat</span> <span class='ocrx_word' id='word_1_437' title='bbox 932 4488 1052 4529; x_wconf 74' lang='lat' dir='ltr'>quae</span> <span class='ocrx_word' id='word_1_438' title='bbox 1071 4478 1358 4520; x_wconf 74' lang='lat' dir='ltr'>memoratur</span> <span class='ocrx_word' id='word_1_439' title='bbox 1377 4470 1428 4518; x_wconf 77' lang='lat' dir='ltr'>ln</span> <span class='ocrx_word' id='word_1_440' title='bbox 1445 4474 1687 4525; x_wconf 55' lang='grc' dir='ltr'><strong>κονίῃ-01.</strong></span> <span class='ocrx_word' id='word_1_441' title='bbox 1710 4472 1898 4516; x_wconf 74' lang='lat' dir='ltr'>Gallico</span> <span class='ocrx_word' id='word_1_442' title='bbox 1916 4470 2150 4526; x_wconf 62' lang='lat' dir='ltr'>postridie</span> <span class='ocrx_word' id='word_1_443' title='bbox 2166 4474 2267 4525; x_wconf 70' lang='lat' dir='ltr'>huj.</span> <span class='ocrx_word' id='word_1_444' title='bbox 2285 4471 2394 4515; x_wconf 68' lang='lat' dir='ltr'>M</span> 
     </span>
    </p>
   </div>
  </div>
 </body>
</html>
