3308 5004
172 357 323 424 AUG.
371 359 396 423 i
976 378 1055 425 mi
1101 379 1156 427 s.
1210 378 1484 427 ranno
1530 378 1809 428 anctuso
2479 363 2567 430 49

236 461 381 545 §¹1-
430 460 731 547 Denique
778 474 930 551 post
976 461 1146 532 haec
1192 485 1352 533 cum
1413 464 1482 533 in
1532 465 1846 534 arborem
1895 485 2019 554 pro
2064 464 2360 553 quadam
2423 487 2657 535 neces-

168 547 327 616 sitate
350 549 785 631 ascendisset,
837 550 1090 633 subito,
1135 552 1374 622 colliso
1404 552 1536 622 sub
1571 553 1863 642 pedibus
1898 574 2112 633 ram0,
2161 574 2359 623 ruere
2404 556 2651 644 coepit,

167 636 504 737 cadensque
550 638 871 710 deorsum
914 661 1032 730 per
1080 642 1183 711 sin
1243 641 1416 722 ulos,
1441 663 1616 729 quos
1647 642 2089 732 percutiebat,
2123 664 2374 724 ramos,
2409 644 2658 714 Christi

171 724 590 797 beatisSimum
642 749 891 797 nomen
945 730 1182 799 invoca
1236 743 1304 799 at
1350 730 1630 800 dicens:
1687 730 1946 801 Christe
1976 732 2434 821 omnipotens,
2470 732 2658 802 salva

167 834 264 880 iiie.
310 818 606 903 Cumque
647 818 1065 906 pervenisset
1111 819 1193 887 ad
1249 832 1524 900 terram,
1581 818 1754 888 nihil
1793 831 1899 888 est
1952 819 2220 899 laesus,
2274 820 2389 890 sed
2432 822 2659 911 ajebat

163 922 428 990 semper:
464 905 895 995 Adjutorium
949 919 1257 976 nostruin
1288 907 1357 975 in
1404 908 1682 977 nomine
1711 908 2005 987 Domini,
2047 909 2168 995 qui
2193 908 2352 979 fecit
2389 910 2657 980 coelum

157 1002 208 1058 et
246 1003 501 1061 terrain.
568 995 692 1064 His
753 1006 819 1064 et
864 993 1022 1066 aliis
1070 995 1440 1067 virtutibus
1486 996 1838 1066 animatus
1896 997 2122 1085 coepit
2171 997 2351 1067 intra
2398 1014 2658 1071 secreta

155 1078 348 1151 cordis
406 1082 652 1152 tacitus
697 1084 1051 1174 cogitare,
1097 1084 1378 1154 dicens:
1441 1107 1477 1151 «
1526 1086 1593 1154 Si
1643 1088 1817 1155 Crux
1866 1085 2157 1166 Christi,
2211 1098 2278 1155 et
2323 1087 2658 1157 invocatio

155 1169 418 1266 nominis
448 1171 623 1261 ejus,
662 1184 866 1259 atque
912 1172 1333 1262 adjutorium
1380 1173 1798 1263 postulatum
1835 1174 1923 1243 ab
1954 1195 2056 1253 eo,
2111 1187 2367 1243 tantam
2423 1190 2659 1266 poten-

153 1266 287 1324 tiam
335 1257 558 1339 habet,
617 1272 695 1329 ut
737 1282 982 1351 aspera
1030 1283 1345 1349 quaeque
1395 1262 1636 1332 mundi
1688 1261 2038 1343 devincat,
2096 1263 2481 1354 periculosa
2535 1263 2660 1333 ob-

149 1358 300 1426 ruat,
352 1349 799 1418 tentationum
835 1363 979 1419 atra
1015 1350 1335 1440 depellat,
1382 1364 1445 1421 et
1472 1352 1730 1431 omnia,
1763 1373 1940 1438 quae
1973 1365 2137 1422 sunt
2166 1352 2380 1421 seculi
2416 1353 2652 1443 hujuS,

148 1431 613 1532 oblectamenta
666 1457 787 1528 pro
823 1439 1039 1508 nihilo
1075 1454 1338 1530 reputet
1371 1462 1450 1509 ac
1498 1439 1835 1509 fastidiat:
1868 1440 2033 1527 quid
2069 1440 2240 1509 mihi
2267 1452 2334 1509 et
2368 1442 2652 1523 mund0,

149 1522 259 1591 nisi
305 1537 376 1593 ut
423 1525 683 1596 relictis
729 1526 1055 1597 omnibus
1101 1549 1277 1615 quae
1324 1529 1476 1618 ejus
1522 1542 1726 1609 sunt,
1787 1529 1856 1596 in
1910 1527 2098 1597 illius
2149 1549 2386 1598 vacare
2443 1529 2659 1601 solius

146 1608 399 1680 debeam
450 1615 844 1703 obsequiis,
897 1617 1100 1706 cujus
1175 1618 1479 1687 nominis
1551 1617 1977 1687 invocatione
2037 1639 2074 1686 a
2125 1617 2452 1707 periculis
2502 1640 2658 1688 sum

144 1699 419 1770 salvatus
462 1704 724 1791 iniquis
744 1708 815 1773 i»
865 1710 943 1774 Et
987 1727 1307 1795 egressus
1337 1708 1424 1777 ab
1460 1705 1828 1795 hospitiolo
1867 1727 2017 1786 su0,
2052 1705 2310 1776 oblitus
2348 1720 2661 1796 parentes

142 1799 216 1887 et·
238 1790 549 1875 patriam,
600 1795 910 1863 eremum
951 1795 1165 1884 petiit,
1211 1817 1292 1864 ne
1325 1795 1395 1863 in
1438 1794 1672 1865 seculo
1707 1794 2045 1864 habitanti
2084 1794 2658 1896 impedimentum

143 1874 396 1964 aliquod
433 1881 505 1949 in
548 1883 853 1952 oratione
886 1884 1131 1952 mundi
1179 1883 1544 1953 solicitudo
1578 1883 1940 1953 conferret.
1986 1888 2139 1984 Ipse
2177 1884 2413 1985 igitur,
2449 1883 2659 1954 simul

142 1976 196 2032 et
234 1967 452 2067 Abbas
503 1969 888 2053 sabaudus,
941 1972 1063 2058 qui
1109 1972 1457 2059 quondam
1514 1974 1717 2063 Regis
1763 1972 2037 2041 Clotarii
2073 1973 2385 2042 minister
2412 1972 2657 2053 fuerat,

143 2059 606 2141 poenitentiam
641 2060 1079 2149 accipiente8‚
1138 2061 1728 2131 Wiiidunitensem
1781 2061 2139 2131 Nannetici
2188 2061 2508 2131 territorii
2561 2062 2664 2129 in-

140 2143 338 2297 ἷᾳΙεηι
409 2160 577 2218 sunt
623 2149 956 2239 aggressi.
1021 2150 1382 2219 Habebant
1452 2163 1682 2219 autem
1747 2172 1982 2220 secum
2045 2163 2111 2219 et
2171 2149 2659 2220 secundellum

184 2252 521 2305 iaconum.

181 2322 240 2419 ,ξ
282 2330 369 2395 ὅ.
423 2326 652 2395 Abbas
719 2348 917 2408 vero,
971 2326 1199 2396 ablata
1247 2326 1331 2395 de
1378 2341 1604 2398 aratro
1663 2327 1927 2397 Domini
1982 2348 2230 2408 manu,
2286 2327 2373 2397 ab
2431 2327 2661 2397 insula

139 2405 523 2494 discedens,
581 2413 667 2483 ad
733 2416 1222 2486 monasterium
1304 2416 1542 2497 rediit,
1624 2438 1748 2485 nec
1820 2415 2037 2485 multo
2098 2427 2291 2506 post,
2374 2416 2663 2485 occultis

138 2500 362 2584 causis,
418 2502 656 2594 gladio
702 2516 805 2574 est
854 2519 1268 2596 peremptus.
1324 2510 1615 2576 Sanctus
1649 2528 1805 2575 vero
1847 2505 2169 2575 Friardus
2208 2527 2367 2574 cum
2403 2510 2663 2575 Secun-

139 2584 295 2658 dello
356 2594 662 2662 Diacono
721 2594 791 2662 in
868 2594 1263 2685 supradicta
1340 2594 1570 2664 insula
1645 2595 1828 2664 stetit
1894 2593 2313 2663 immobilis:
2367 2593 2663 2664 habebat

141 2685 338 2748 tamen
390 2694 689 2769 uterque
752 2704 991 2753 eorum
1062 2683 1408 2773 propriam
1468 2682 1834 2762 cellulam,
1893 2682 2007 2753 sed
2062 2681 2300 2772 procul
2351 2682 2529 2752 inter
2590 2703 2663 2752 se

141 2766 434 2850 positam.
494 2775 804 2858 Cumque
849 2785 1127 2842 strenue
1174 2773 1241 2841 in
1277 2773 1584 2842 oratione
1636 2772 2096 2872 persisterent,
2152 2782 2344 2840 nocte
2405 2775 2662 2841 Secun-

137 2849 293 2925 dello
340 2858 646 2930 Diacono
685 2862 1007 2951 apparuit
1046 2874 1334 2931 tentator
1363 2863 1429 2931 in
1465 2883 1694 2952 specie
1727 2860 2018 2942 Domini,
2048 2860 2310 2929 dicens:
2342 2864 2479 2952 Ego
2504 2881 2660 2930 suin

139 2941 465 3029 Christus,
539 2970 741 3037 quem
792 2949 1098 3036 quotidie
1144 2950 1571 3040 deprecaris:
1620 2951 1766 3038 jam
1834 2950 2018 3018 enim
2095 2961 2375 3020 sanctus
2429 2970 2547 3030 es,
2599 2961 2665 3017 et

141 3050 364 3104 nomen
418 3049 625 3107 tuum
699 3037 875 3107 libro
946 3040 1121 3108 vitae
1190 3061 1348 3108 curn
1425 3039 1710 3125 reliquis
1777 3038 2036 3108 sanctis
2097 3038 2270 3107 meis
2317 3037 2658 3128 ascripsi:

80 3185 85 3194 .
141 3123 450 3220 Egredere
504 3148 698 3196 nunc
730 3126 818 3196 ab
857 3127 986 3196 hac
1034 3127 1289 3208 insula,
1345 3139 1410 3197 et
1449 3127 1707 3197 vadens
1739 3126 1845 3196 fac
1885 3126 2212 3196 sanitates
2253 3127 2322 3195 in
2354 3126 2662 3216 populiS.

140 3210 242 3281 His
283 3226 347 3283 et
397 3213 521 3284 ille
571 3214 842 3285 illectus
888 3215 1437 3317 deceptionibuS,
1491 3216 1810 3286 discessit
1854 3215 1943 3284 ab
1999 3214 2253 3295 insula,
2309 3235 2433 3283 nec
2481 3214 2666 3283 socio

142 3304 517 3373 nunciavit:
576 3317 801 3373 tamen
854 3327 1011 3374 cum
1064 3304 1364 3374 infirmis
1410 3305 1480 3373 in
1535 3304 1814 3375 nomine
1862 3303 2110 3373 Christi
2150 3326 2398 3372 manus
2447 3303 2667 3393 impo-

142 3403 322 3472 neret,
372 3392 835 3462 sanabantur.
890 3399 1264 3482 Regressus
1311 3407 1541 3463 autem
1583 3405 1737 3484 post
1786 3392 2081 3462 multum
2118 3405 2389 3481 tempus
2423 3391 2510 3460 ad
2562 3392 2663 3460 in-

142 3476 379 3558 sulam,
436 3481 631 3551 venit
676 3481 761 3550 ad
813 3483 1075 3551 socium
1141 3503 1301 3550 curn
1352 3504 1528 3551 vana
1591 3482 1854 3573 gloria,
1929 3480 2208 3550 dicens:
2261 3480 2410 3549 Abii
2479 3493 2667 3550 extra

144 3561 445 3660 insulam,
489 3582 564 3640 et
595 3570 877 3640 virtutes
924 3570 1178 3640 multas
1238 3570 1306 3638 in
1354 3569 1627 3672 populis
1677 3570 1828 3640 feci.
1890 3574 2200 3656 Cumque
2257 3569 2667 3641 conterritus

145 3651 239 3751 ille
280 3657 773 3750 interrogaret,
834 3658 1001 3747 quid
1053 3659 1181 3729 hoc
1240 3660 1375 3728 sibi
1438 3659 1685 3741 vellet,
1736 3670 1987 3728 cuncta
2018 3713 2034 3738 ,
2085 3679 2261 3745 quae
2308 3670 2661 3749 gesserat,

146 3745 531 3835 simpliciter
582 3747 844 3836 pandit.
896 3753 972 3817 At
1028 3749 1258 3818 senior
1303 3749 1823 3839 obstupescens,
1888 3746 2386 3837 suspiransque
2432 3768 2511 3816 ac
2567 3745 2669 3815 la-

145 3849 465 3920 crymans,
506 3836 644 3906 ait:
698 3859 735 3903 «
768 3842 899 3907 Vae
932 3837 1154 3918 nobiS,
1201 3838 1611 3924 inquantum
1646 3836 1879 3918 audio,
1919 3858 1961 3905 a
2008 3848 2340 3906 tentatore
2383 3835 2670 3905 delusus

149 3938 231 3990 os:
265 3925 456 4007 vade,
515 3947 646 4016 age
692 3925 1206 4014 poenitentiam,
1264 3948 1349 3996 ne
1395 3925 1577 3996 ultra
1626 3926 1748 3996 tibi
1794 3924 2227 4016 praevaleant
2274 3925 2425 4015 ejus
2456 3922 2664 3992 doli.»

150 4011 311 4107 Quod
356 4014 479 4084 ille
533 4014 950 4105 intelligenS,
1003 4029 1069 4085 et
1117 4015 1377 4106 perisse
1422 4038 1495 4085 se
1560 4015 1851 4097 timens,
1904 4035 2062 4083 curn
2116 4014 2284 4083 fletu
2328 4012 2411 4082 ad
2464 4012 2673 4103 pedes

153 4115 270 4186 ejus
302 4104 791 4192 prosternitur,
852 4125 1104 4194 rogans
1143 4117 1220 4173 ut
1263 4126 1388 4195 pro
1435 4126 1508 4175 se
1544 4104 1910 4174 Dominum
1961 4103 2466 4192 deprecaretur.
2521 4102 2667 4183 Cui,

160 4191 376 4273 «veni,
424 4192 685 4280 inquit,
727 4205 793 4262 et
856 4193 1111 4283 pariter
1145 4193 1297 4282 ejus
1343 4192 1912 4282 omnipotentiam
1964 4213 2088 4281 pro
2138 4190 2357 4260 salute
2403 4190 2675 4260 animae

161 4283 279 4348 tuae
321 4302 743 4370 poscamus:
790 4304 927 4351 non
976 4294 1077 4353 est
1123 4282 1305 4350 enim
1357 4281 1662 4351 difficilis
1692 4281 2026 4351 Dominus
2073 4300 2146 4350 se
2186 4279 2676 4350 confitentibus

164 4366 460 4448 misereri,
518 4391 681 4439 cuin
719 4371 867 4461 ipse
902 4392 1020 4460 per
1046 4370 1452 4461 Prophetam
1482 4370 1705 4440 dicat:
1757 4373 1922 4440 Nolo
1966 4379 2245 4439 mortem
2283 4374 2669 4459 peccatoris,

166 4456 247 4523 ted
282 4470 355 4527 ut
392 4469 846 4540 convencitur,
878 4470 942 4529 et
987 4461 1245 4529 vivat.»
1277 4460 1652 4532 orantibus
1685 4472 1913 4530 autem
1941 4458 2083 4529 illis
2112 4459 2388 4530 advenit
2418 4459 2674 4527 iteruin

284 4582 530 4639 Suriae
560 4613 575 4624 ·
610 4577 776 4640 Vitae
798 4577 911 4640 88.
935 4610 960 4622 -
987 4576 1116 4639 Vol.
1147 4577 1304 4639 VIII.
2477 4580 2516 4635 4
