3308 5004
685 356 807 420 ⁴74
1330 372 1409 418 na
1457 372 1513 419 s.
1568 371 1872 420 oswAtno
1919 367 2188 419 anoton.
2242 369 2403 420 naen
2855 331 3043 422 KUG.
3092 357 3128 422 5

591 464 657 522 et
703 453 973 522 urbana
1021 464 1085 523 et
1133 451 1390 522 rustica
1440 451 1618 533 loca,
1676 471 1811 521 non
1861 473 2197 539 equorum
2249 451 2498 533 dorso,
2556 452 2674 522 sed
2726 452 2977 544 pedum
3032 454 3135 523 in-

592 564 794 612 cessu
827 555 1082 624 vectus,
1139 541 1269 612 nisi
1312 541 1370 610 si
1422 542 1638 628 maior
1687 541 1856 611 forte
1907 541 2277 610 necessitas
2324 541 2792 631 compulisset,
2832 543 3130 612 solebat:

591 644 934 718 quatenus
983 631 1406 718 ubicumque
1453 630 1724 717 aliquos
1774 627 1871 699 vel
1943 629 2186 699 divites
2250 629 2350 699 vel
2421 651 2758 720 pauperes
2803 631 3135 703 incedens

591 718 1039 810 adspexisset,
1093 719 1449 790 confestim
1503 719 1585 788 ad
1622 718 1747 788 hos
1778 719 2144 798 divertens,
2182 718 2280 787 vel
2315 717 2402 812 ad
2451 718 2608 788 fidei
2653 719 3138 811 suscipiendae

592 820 1129 890 sacramentum,
1177 809 1233 877 si
1269 806 1583 879 infideles
1619 820 1871 888 essent,
1912 808 2269 877 invitaret:
2323 807 2425 876 vel
2477 808 2535 878 si
2576 807 2838 891 fideles,
2880 810 2949 878 in
2985 807 3140 899 ipsa

590 918 707 966 eos
739 897 874 967 fide
907 897 1317 967 confortaret
1352 951 1366 975 ‚
1421 909 1624 984 atque
1673 897 1755 965 ad
1808 897 2278 986 eleemosynas
2331 898 2808 985 bonorumque
2846 917 3136 987 operum

592 987 1061 1056 executionem
1128 999 1194 1055 et
1240 986 1465 1055 verbis
1530 985 1853 1055 excitaret
1897 998 1962 1055 et
2012 985 2230 1054 factis.
2297 988 2647 1055 Intantum
2707 999 2935 1056 autem
3002 987 3140 1056 vita

590 1074 780 1145 illius
828 1098 869 1144 a
917 1075 1130 1146 nostri
1181 1074 1509 1163 temporis
1557 1074 1850 1164 segnitia
1898 1074 2219 1154 distabat,
2273 1088 2347 1143 ut
2393 1095 2656 1156 omneS,
2701 1074 2818 1164 qui
2861 1097 3020 1145 cum
3061 1096 3140 1144 eo

591 1164 1024 1244 incedebant,
1079 1164 1222 1233 sive
1269 1165 1543 1244 attonsi,
1582 1165 1723 1233 sive
1757 1162 1938 1243 laici,
1977 1163 2303 1234 meditari⁴
2345 1161 2693 1243 deberent,
2750 1163 2814 1233 id
2852 1177 2979 1246 est,
3021 1175 3143 1234 aut

591 1252 902 1345 legendis
950 1252 1349 1342 ScripturiS,
1389 1265 1509 1322 aut
1540 1252 1828 1343 psalmis
1876 1250 2228 1321 discendis
2275 1273 2553 1342 operam
2596 1251 2783 1322 dare.
2822 1257 2962 1323 Hoc
2994 1265 3142 1322 erat

589 1342 1077 1429 quotidianum
1128 1362 1304 1431 opus
1354 1339 1568 1422 illius,
1622 1353 1687 1411 et
1733 1342 2047 1410 omnium
2097 1341 2214 1428 qui
2266 1363 2425 1410 cum
2476 1362 2554 1410 eo
2584 1354 2780 1412 erant
2813 1342 3135 1421 fratrum,

590 1431 1014 1517 ubicumque
1052 1429 1354 1499 locorum
1388 1429 1841 1500 devenissent.
1882 1435 1959 1499 Et
2003 1431 2061 1499 si
2095 1431 2263 1500 forte
2291 1430 2625 1500 evenisset
2652 1429 2867 1521 (quod
2907 1443 3139 1500 tamen

427 1590 436 1599 ,
538 1599 545 1610 ,
589 1540 744 1587 raro
792 1518 1045 1606 evenit)
1080 1533 1157 1587 ut
1195 1519 1279 1588 ad
1319 1519 1520 1608 Regis
1568 1519 1958 1588 convivium
2011 1531 2390 1598 vocaretur,
2447 1519 2744 1589 intrabat
2784 1541 2942 1589 cum
2995 1541 3141 1589 uno

588 1607 837 1678 clerico
862 1619 981 1676 aut
1007 1606 1304 1688 duobus,
1343 1620 1408 1676 et
1437 1607 1554 1677 ubi
1583 1607 1948 1709 paululum
1989 1607 2440 1687 reficiebatur,
2471 1608 2892 1678 accelerabat
2923 1630 3143 1698 ocyus

589 1696 673 1766 ad
728 1694 1095 1786 legendum
1131 1717 1290 1765 cum
1325 1697 1496 1776 suis,
1542 1719 1683 1766 sive
1718 1696 1797 1764 ad
1843 1696 2210 1776 orandum,
2263 1696 2520 1786 egredi.
2557 1699 2764 1788 Cujus
2801 1697 3140 1788 exemplis

590 1784 937 1854 informati
990 1798 1293 1874 tempore
1343 1784 1460 1854 illo
1511 1785 1813 1876 religiosi
1861 1785 2120 1873 quique
2152 1786 2277 1853 viri
2316 1808 2395 1855 ac
2434 1784 2795 1866 foeminae,
2842 1808 3140 1857 consue-

590 1874 900 1944 tudinem
940 1873 1248 1943 fecerunt
1296 1895 1417 1964 per
1465 1885 1679 1943 totum
1717 1896 2007 1954 annum,
2046 1888 2320 1964 excepta
2356 1875 2759 1944 remissione
2790 1876 3142 1962 quinqua-

590 1964 894 2054 gesimae
948 1960 1345 2042 Paschalis‚
1398 1975 1641 2049 quarta
1682 1976 1747 2032 et
1800 1975 1983 2032 sexta
2025 1963 2291 2032 sabbati
2333 1963 2683 2051 jejunium
2742 1962 2827 2032 ad
2881 1985 3137 2033 nonam

588 2074 809 2138 usque
858 2052 1096 2120 horam
1149 2050 1506 2141 protelare.
1563 2057 1928 2139 Nunquam
1966 2052 2296 2122 divitibus
2347 2053 2628 2121 honoris
2677 2052 2819 2122 sive
2868 2053 3142 2124 timoris

588 2142 831 2232 gratia,
877 2140 933 2208 si
968 2162 1146 2227 quae
1193 2140 1670 2228 deliquissent,
1718 2141 2063 2219 reticebat,
2119 2141 2234 2210 sed
2272 2162 2513 2231 aspera
2560 2140 2712 2210 illos
2753 2141 3142 2212 invectione

586 2229 995 2319 corrigebat.
1050 2228 1318 2298 Nullam
1372 2230 1767 2320 potentibus
1816 2229 2032 2298 seculi
2073 2231 2436 2320 pecuniam
2475 2285 2490 2310 ,
2544 2243 2824 2318 excepta
2872 2230 3144 2300 solum-

589 2319 793 2388 modo
826 2321 1006 2398 escd,
1042 2319 1098 2387 si
1123 2340 1295 2404 quos
1333 2319 1626 2406 hospitio
1660 2319 2099 2408 suscepisset,
2139 2339 2445 2405 unquam
2485 2317 2649 2388 dare
2684 2317 2966 2388 solebat.
3009 2320 3142 2390 Sed

588 2430 663 2476 ea
700 2409 952 2499 potius,
991 2429 1170 2495 quae
1210 2407 1340 2477 sibi
1373 2430 1410 2476 a
1451 2407 1784 2477 divitibus
1814 2407 2101 2477 donaria
2138 2409 2594 2497 pecuniarum
2636 2406 3138 2497 largiebantur,

586 2496 688 2567 vel
725 2498 791 2567 in
836 2520 1010 2569 usus
1046 2519 1457 2587 pauperum,
1507 2511 1582 2566 ut
1621 2495 1926 2566 diximus
1955 2496 2415 2589 dispergebat,
2463 2495 2563 2566 vel
2600 2496 2682 2566 ad
2724 2496 3144 2588 redemptio-

590 2608 748 2657 nem
806 2609 1042 2656 eorum
1079 2642 1094 2668 ‚
1147 2587 1269 2673 qui
1319 2586 1576 2674 injuste
1633 2586 1903 2655 fuerant
1951 2587 2253 2661 venditi.
2307 2586 2776 2676 dispensabat.
2835 2588 3146 2675 Denique

587 2676 864 2755 multOS‚
920 2698 1094 2762 quos
1144 2675 1361 2764 pretio
1400 2675 1558 2744 dato
1594 2674 1994 2754 redemerat,
2034 2676 2446 2765 redemptos,
2488 2675 2928 2764 postmodum
2978 2699 3147 2747 suos

588 2764 974 2855 discipulos
1022 2763 1202 2844 fecit,
1247 2776 1452 2850 atque
1498 2763 1583 2833 ad
1635 2763 2126 2834 sacerdotalem
2164 2787 2386 2852 usque
2425 2764 2721 2854 gradum
2756 2764 3146 2835 erudiendo

586 2866 790 2940 atque
827 2852 1248 2921 instituendo
1283 2853 1609 2942 provexit.
2557 2901 2564 2909 -

674 2946 709 3026 ‚Q
755 2945 833 3011 ¹8.
887 2945 1140 3022 Fertur
1175 2954 1430 3020 autem,
1483 2941 1646 3027 quia
1696 2962 1853 3010 cum
1906 2941 1990 3010 de
2037 2939 2392 3041 provincia
2442 2945 2798 3011 Scotorum
2851 2963 2964 3011 rex
3016 2945 3148 3013 Os-

585 3029 848 3098 waldus
880 3028 1293 3117 postulasset
1325 3028 1733 3108 Antistitem,
1770 3030 1889 3117 qui
1921 3029 2050 3099 sibi
2084 3051 2388 3115 suaeque
2434 3030 2620 3120 genti
2656 3031 2937 3100 verbum
2974 3030 3146 3100 fidei

585 3117 1032 3196 ministraret,
1090 3118 1347 3187 missus
1378 3117 1584 3186 suerit
1684 3120 1855 3186 rimo
1904 3117 2085 3187 alius
2134 3118 2535 3188 austerioris
2583 3119 2800 3188 animi
2835 3119 2960 3188 vir.
3002 3122 3142 3202 Qui

584 3227 745 3275 cum
795 3205 1204 3292 aliquandiu
1244 3206 1430 3295 genti
1488 3211 1633 3296 Ang
1663 3227 1860 3274 orum
1914 3206 2346 3307 praedicanS,
2402 3206 2497 3275 nil
2551 3206 2954 3298 proficeret,
3014 3230 3144 3278 nec

587 3293 879 3363 libenter
915 3293 1338 3364 audiretura
1369 3295 1648 3385 populo,
1682 3295 1958 3364 redierit
1993 3297 2058 3364 in
2090 3296 2408 3385 patriam,
2444 3308 2649 3384 atque
2686 3297 2754 3365 in
2796 3311 3146 3367 conventu

585 3383 938 3452 seniorum
978 3382 1306 3465 retulerit,
1357 3385 1523 3470 quia
1571 3383 1743 3453 nihil
1800 3384 2121 3472 prodesse
2169 3384 2480 3455 docendo
2528 3387 2740 3487 genti,
2793 3385 2878 3455 ad
2922 3407 3141 3473 quarn

589 3472 846 3542 missus
893 3483 1060 3552 erat,
1115 3474 1475 3561 potuisset,
1531 3495 1611 3542 eo
1659 3472 1842 3559 quod
1894 3485 2123 3544 essent
2171 3474 2486 3543 homines
2537 3473 3019 3553 1ndomabiles,
3073 3489 3148 3545 et

584 3560 800 3631 durae
848 3583 926 3630 ac
978 3561 1310 3630 barbarae
1361 3561 1632 3632 mentis.
1688 3565 1762 3632 At
1812 3561 1951 3642 illi,
2005 3574 2080 3631 ut
2132 3562 2536 3653 perhibent,
2591 3576 2954 3633 tractatum
2991 3585 3148 3632 ma-

582 3670 800 3808 gnum
854 3650 923 3718 in
972 3649 1289 3730 concilio,
1327 3650 1495 3737 quid
1544 3662 1722 3721 esset
1769 3651 2144 3742 agendum,
2200 3652 2452 3722 habere
2508 3666 2906 3743 coeperunt,
2951 3651 3146 3721 desi-

630 3751 900 3809 erantes
947 3738 1230 3825 quidem
1280 3741 1511 3829 genti,
1565 3762 1775 3828 quam
1831 3740 2194 3831 petebant,
2254 3740 2544 3811 salutem
2594 3763 2768 3821 esse,
2822 3741 2941 3810 sed
2993 3763 3142 3811 non

583 3839 879 3920 recepto,
932 3849 1140 3915 quem
1191 3830 1545 3909 miserant,
1601 3829 2070 3920 praedicatore
2105 3829 2436 3899 dolentes,
2474 3834 2664 3899 Tunc
2705 3832 2800 3900 ait
2832 3830 3146 3901 Aidanus

579 3916 772 4074 gnam
813 3930 877 3987 et
910 3917 1058 4007 ipse
1105 3917 1397 3987 concilio
1447 3918 1802 4007 intererat)
1848 3918 1935 3987 ad
1984 3939 2170 3997 eum,
2207 3917 2292 3987 de
2339 3939 2475 4004 quo
2510 3919 2866 4008 agebatur,
2905 3940 3143 3988 sacer-

632 4020 809 4076 otem
842 4029 857 4070 ε
912 4029 949 4073 «
976 4004 1260 4076 Videtur
1299 4006 1494 4087 mihi,
1550 4007 1780 4088 frater,
1819 4006 2004 4094 quod
2055 4006 2297 4076 durior
2320 4006 2508 4093 justo
2547 4007 2838 4078 indoctis
2869 4007 3147 4077 audito-

584 4095 778 4166 ribus
828 4095 1061 4176 fuisti,
1115 4107 1180 4166 et
1229 4118 1363 4166 non
1415 4096 1556 4176 eis,
1600 4097 1800 4186 juxta
1847 4095 2305 4186 Apostolicam
2356 4094 2797 4187 disciplinam
2835 4150 2851 4176 ,
2905 4096 3141 4186 primo

587 4183 692 4251 lac
740 4182 1094 4254 doctrinae
1142 4184 1477 4256 mollioris
1526 4184 1910 4276 porrexisti,
1965 4185 2182 4254 donec
2273 4180 2559 4253 aulatim
2594 4184 2876 4254 enutriti
2929 4186 3142 4254 verbo

585 4271 725 4347 Dei,
781 4273 867 4341 ad
917 4274 1253 4364 capienda
1289 4273 1714 4365 perfectiora,
1761 4285 1828 4343 et
1858 4274 1942 4342 ad
1979 4273 2197 4343 facien
2255 4295 2295 4341 a
2333 4274 2447 4342 Dei
2490 4273 2899 4343 sublimiora
2932 4294 3143 4363 prae.-

584 4372 781 4460 cepta
828 4361 1244 4433 sufficerent.
1297 4386 1334 4430 ι)
1386 4367 1532 4446 Quo
1593 4362 1830 4432 audito
1865 4417 1881 4443 ,
1935 4362 2248 4431 omnium
2311 4362 2430 4448 qui
2488 4362 2989 4441 consedebant,
3044 4362 3138 4431 ad

587 4471 819 4539 ipsum
854 4472 974 4521 ora
1003 4464 1069 4522 et
1100 4451 1285 4522 oculi
1323 4452 1658 4543 conversi,
1705 4451 2073 4541 diligenter
2109 4449 2277 4538 quid
2319 4450 2596 4535 diceret,
2641 4450 3129 4532 discutiebant,
