3308 5004
175 350 370 417 ΑΗΕ.
421 350 507 416 9-5
1000 365 1080 414 nn
1127 366 1181 414 s.
1237 364 1620 414 nuscanum
1669 364 1927 413 vincum
2513 348 2629 413 621

176 453 516 523 duratura
537 450 794 543 gaudia
818 450 1323 541 apprehendas,
1350 445 1691 538 Ille,'quid
1732 464 1850 520 tuo
1885 450 1956 519 in
1992 449 2229 520 animo
2249 471 2471 551 geraS,
2498 450 2734 542 adspi-

177 543 315 612 cit:
368 563 579 630 quam
629 540 949 632 religiose
998 540 1018 608 i
1074 541 1221 610 sius
1268 540 1575 631 virgines
1623 538 1958 619 imiteris,
2011 538 2322 609 attendit.
2376 544 2615 626 Itaque
2660 553 2737 610 ut

178 653 341 701 cum
393 631 545 721 ejus
592 629 1036 699 adolescentu
1069 629 1127 698 is
1175 630 1263 699 ab
1310 650 1391 699 eo
1436 627 1756 718 diligaris
1786 683 1802 710 ,
1858 649 2299 715 summopere
2344 628 2729 706 contende,

178 732 247 790 et
292 720 363 789 in
413 717 694 790 odorem
738 733 1252 808 unguentorum
1286 718 1438 807 ejus
1476 739 1683 788 curre
1721 739 1863 788 una
1903 739 2062 787 cum
2100 715 2266 787 illis.
2313 721 2598 806 Semper
2633 717 2734 787 illi

181 830 307 900 pro
353 807 623 878 collatis
672 807 1027 879 beneficiis
1074 808 1332 898 gratias
1367 829 1540 898 age:
1586 828 1712 897 pro
1744 805 2181 876 conferendis
2221 805 2578 877 humiliter
2616 807 2737 877 de-

181 919 487 989 precare.
542 897 712 978 Sint,
765 918 1045 982 quaeso,
1101 895 1306 967 affixa
1351 897 1585 966 animo
1635 910 1774 977 tu0,
1832 907 1897 965 et
1937 895 2008 964 in
2041 915 2283 965 eorum
2324 895 2739 985 cogitatione

181 1008 498 1067 versare,
550 1007 729 1073 quae
777 986 846 1055 in
898 984 1020 1055 illa
1068 986 1201 1055 vita
1250 985 1447 1054 beata
1498 984 1811 1054 obtinere
1871 983 2188 1074 appetis:
2261 995 2339 1053 ut
2404 986 2611 1071 quus
2677 996 2738 1053 te

182 1098 512 1166 sponsam
569 1074 909 1164 profiteris
957 1075 1026 1142 in
1088 1074 1334 1155 terris,
1393 1074 1545 1164 ejus
1599 1072 2039 1163 amplexibus
2093 1071 2355 1163 perfrui
2411 1073 2740 1142 merearis

181 1164 255 1234 in
308 1164 529 1255 gloria
576 1163 1020 1253 sempiterna.
1055 1187 1090 1230 »
1140 1163 1262 1235 His
1308 1162 1537 1242 dictis,
1584 1161 1817 1232 velum
1850 1161 2099 1251 capitis
2129 1174 2197 1232 et
2231 1161 2496 1248 reliqua
2531 1160 2740 1230 indu-

180 1268 439 1334 menta,
492 1253 802 1342 corporis
847 1263 914 1321 et
959 1252 1178 1322 animi
1226 1252 1633 1331 castitatem,
1681 1250 2068 1338 mundique
2096 1262 2574 1339 contemptum
2611 1271 2744 1320 sua

181 1342 575 1412 humilitate
623 1340 1114 1431 significantia,
1164 1362 1375 1432 super
1403 1339 1616 1410 altare
1650 1352 1968 1410 sanctum
2004 1339 2410 1429 composita,
2456 1351 2743 1410 sanctus

182 1431 489 1502 Pontifex
522 1430 892 1510 benedixit,
927 1443 990 1500 et
1023 1451 1147 1520 pro
1184 1452 1369 1500 more
1400 1451 1550 1499 eam
1583 1450 2024 1509 consecrans,
2063 1429 2410 1519 impertita
2442 1429 2504 1497 ei
2539 1427 2740 1497 bene-

183 1521 527 1600 dictione,
586 1519 850 1588 Christo
896 1541 1046 1588 eam
1078 1573 1097 1599 ,
1155 1518 1334 1589 sicut
1386 1531 1828 1607 poposcerat,
1883 1518 2290 1587 servituram
2350 1516 2737 1597 dedicavit,

182 1623 248 1711 et
294 1606 708 1680 deosculans
754 1621 964 1698 caput
1010 1621 1289 1678 sanctae
1335 1607 1626 1704 virginis
1680 1606 2140 1698 Hunegundis
2169 1661 2189 1687 ,
2263 1606 2531 1676 dimisit
2590 1628 2742 1675 eam

187 1721 259 1767 ln
363 1721 505 1768 ace.
1404 1721 1416 1734 ·

273 1723 453 1874 §pa
508 1789 584 1856 At
631 1808 812 1886 vero,
854 1784 1207 1855 Eudaldus
1255 1806 1558 1875 sponsus
1611 1785 1767 1872 ejus
1817 1785 2007 1885 ‚haec
2055 1784 2387 1864 audiens,
2442 1806 2603 1854 cum
2672 1804 2746 1883 se

188 1887 498 1946 cerneret
552 1897 593 1944 a
646 1897 748 1943 vir
798 1896 909 1943 ine
954 1886 1428 1964 contemptum
1461 1928 1476 1955 ,
1532 1885 1670 1944 toto
1718 1895 1954 1944 animo
2003 1886 2431 1953 commotus,
2508 1884 2748 1944 statutt

183 1988 335 2035 eam
423 1963 603 2033 ladio
627 1985 752 2032 con
786 1962 1013 2032 odere.
1048 1964 1175 2033 Sed
1202 1964 1466 2032 veritus
1499 1985 1585 2032 ne
1634 1962 1998 2032 homicidii
2033 1963 2255 2053 poena
2304 1960 2740 2052 plecteretur,

140 2105 147 2111 -
186 2056 374 2124 simu
448 2053 651 2122 etiam
681 2052 980 2142 Apostoli
1009 2053 1346 2127 sententia
1382 2052 1682 2130 territus,
1711 2051 1894 2139 quod
1930 2073 2066 2121 non
2110 2052 2198 2121 sit
2229 2050 2747 2121 contristandus

190 2142 487 2233 Spiritus
529 2142 664 2222 Dei,
696 2142 899 2230 cujus
946 2155 1182 2210 sancta
1231 2142 1422 2230 virgo
1461 2153 1607 2211 erat
1652 2140 2086 2211 domicilium
2115 2194 2131 2221 ‚
2186 2154 2253 2210 et
2299 2139 2483 2227 quod
2535 2161 2696 2208 eum
2726 2193 2741 2218 ,

189 2233 309 2318 qui
351 2230 683 2319 templum
730 2231 842 2299 Dei
888 2229 1258 2311 violaverit,
1311 2229 1668 2320 disperdet
1719 2234 1936 2299 Deus:
1993 2229 2412 2319 poenitentia
2461 2229 2743 2306 ductuS‚

192 2342 326 2388 non
371 2319 499 2389 fuit
545 2341 695 2389 eam
764 2341 979 2389 ausus
1027 2320 1463 2410 contingere:
1518 2318 1635 2388 sed
1705 2318 1940 2387 missis
2024 2318 2351 2397 nunciiS‚
2405 2317 2750 2406 separavit

190 2431 339 2478 eam
389 2431 429 2478 a
462 2407 806 2479 consortio
856 2429 1005 2484 suo,
1061 2408 1275 2478 solam
1321 2407 1510 2477 illam
1564 2407 1990 2494 relinquens,
2042 2418 2106 2475 et
2139 2407 2345 2475 etiam
2400 2426 2509 2474 res
2564 2417 2750 2474 tanto

190 2498 418 2568 itineri
467 2495 898 2568 conficiendo
947 2498 1416 2578 necessarias,
1471 2496 1533 2565 ei
1583 2495 2022 2566 subtrahens
2095 2498 2172 2565 At
2219 2493 2384 2575 illa,
2440 2494 2749 2564 humano

191 2589 515 2657 destituta
555 2586 823 2666 solati0,
864 2586 1150 2656 viriliter
1195 2587 1356 2677 egit,
1408 2597 1475 2654 et
1521 2586 1823 2674 seipsam
1864 2585 1933 2653 in
1979 2585 2269 2655 Domino
2318 2583 2744 2657 confortans:

189 2678 543 2753 Dominus,
586 2676 832 2762 inquit,
885 2678 1055 2766 reqz‘t
1095 2699 1221 2757 me,
1266 2686 1328 2745 et
1359 2675 1538 2744 nihil
1578 2675 1756 2743 mihi
1790 2675 2000 2744 deerit
2031 2675 2171 2763 (Ps.
2208 2672 2347 2762 22).
2388 2677 2603 2760 Atque
2653 2672 2751 2740 ita

191 2765 408 2835 solam
443 2787 515 2834 se
561 2764 751 2833 dedit
785 2764 1034 2845 itineri,
1080 2765 1149 2833 in
1201 2763 1459 2835 Gallias
1492 2763 1963 2853 proficiscens,
2018 2783 2427 2852 semperque
2478 2774 2752 2830 sancto-

192 2876 351 2924 rum
408 2854 739 2943 suffragia
789 2852 1194 2942 implorans
1241 2852 1390 2922 Ibat
1434 2873 1599 2941 ergo
1660 2872 1781 2942 per
1820 2852 2025 2931 viam,
2081 2849 2369 2942 perinde
2417 2849 2562 2919 acsi
2602 2850 2750 2938 jam

191 2942 262 3011 in
318 2943 730 3012 monasterio
777 2942 1075 3032 degeret,
1137 2941 1236 3010 vel
1290 2940 1518 3029 potius
1573 2941 1792 3010 instar
1837 2940 2294 3020 eremicolae,
2358 2938 2628 3008 Christo
2681 2938 2747 3005 in

191 3044 450 3100 remota
514 3030 887 3101 solitudine
936 3030 1362 3100 famulantis.
1418 3029 1670 3099 Diebus
1739 3029 1932 3098 festis
1997 3028 2143 3103 solo
2198 3049 2398 3120 pane,
2451 3041 2516 3096 et
2567 3031 2754 3112 aqua

224 3119 607 3209 ‚arcissima
646 3132 1006 3190 contenta:
1046 3117 1356 3205 reliquis,
1411 3139 1588 3207 pane
1635 3119 1991 3189 cineribus
2042 3118 2379 3209 permixto
2408 3172 2423 3199 ,
2484 3129 2551 3185 et
2597 3115 2754 3185 her-

192 3143 441 3279 barum
490 3210 957 3296 arborumque
1007 3220 1210 3298 pastu
1256 3207 1604 3277 defessum
1636 3207 1905 3277 fovebat
1943 3205 2469 3297 corpusculum.

280 3301 318 3385 ξ
363 3301 521 3369 10.
576 3297 767 3380 Quod
821 3310 1050 3367 autern
1105 3319 1225 3386 per
1280 3318 1432 3366 eam
1487 3298 1821 3365 Dominus
1869 3295 2085 3366 voluit
2133 3294 2404 3365 efficere
2454 3295 2756 3364 miracu—

193 3387 366 3466 lum,
421 3408 555 3454 non
607 3399 710 3455 est
760 3400 989 3457 nostro
1023 3385 1295 3455 silentio
1344 3384 1745 3475 tegendum.
1801 3390 1968 3455 Cum
2025 3384 2407 3465 EudalduS,
2461 3395 2540 3453 ut
2578 3380 2757 3452 dixi-

195 3498 376 3551 mus,
431 3475 636 3545 serret
682 3475 1060 3564 aegerrime
1100 3497 1172 3545 se
1221 3477 1308 3545 ab
1338 3473 1459 3543 illa
1504 3487 1979 3563 contemptum
2009 3528 2025 3555 ,
2081 3487 2147 3543 et
2192 3472 2394 3543 vellet
2440 3472 2750 3560 quidem,

196 3564 310 3633 sed
368 3586 502 3633 non
541 3563 843 3641 auderet,
882 3585 1033 3632 eam
1068 3562 1495 3633 interficere:
1547 3562 1840 3633 consilio
1873 3563 2248 3650 cujusdam
2297 3562 2574 3631 comitis
2614 3560 2748 3640 sui,

196 3675 355 3723 cum
408 3675 658 3754 magna
692 3652 1035 3722 celeritate
1082 3652 1164 3722 ad
1220 3665 1579 3742 paternam
1621 3652 1975 3722 contendit
2015 3651 2328 3729 domum,
2368 3649 2668 3720 venditis
2693 3661 2758 3716 et

195 3741 586 3811 distributis
638 3742 797 3814 illis.
850 3763 1027 3828 quae
1079 3754 1356 3831 possent
1407 3763 1534 3811 suo
1584 3741 1888 3831 pondere
1937 3741 2064 3810 iter
2102 3739 2475 3821 retardare,
2519 3750 2597 3808 ut
2658 3737 2758 3806 ci-

196 3832 332 3901 tius
372 3831 623 3900 rediret
662 3830 746 3900 ad
800 3854 985 3901 suos.
1038 3837 1191 3899 Jam
1242 3830 1429 3899 enirn
1480 3841 1813 3900 statuerat
1867 3851 2102 3900 secum
2133 3885 2148 3909 ,
2217 3851 2421 3898 omne
2478 3839 2759 3897 sanctae

196 3919 485 4010 virginis
535 3920 1028 4010 patrimonium
1071 3932 1136 3989 et
1184 3942 1291 3989 res
1340 3917 1836 3989 haereditarias
1882 3916 2309 3989 distrahere:
2361 3939 2539 4005 quae
2601 3936 2760 3985 vero
2827 3998 2836 4013 s

199 4029 334 4076 non
374 4022 648 4099 possent
695 4009 922 4086 vendi,
961 4031 1041 4078 ea
1074 4030 1357 4099 prorsus
1383 4006 1762 4088 destruere,
1815 4019 2070 4078 etcum
2106 4008 2301 4076 omni
2334 4003 2758 4097 supellectili

200 4107 264 4164 et
292 4098 655 4188 mancipiis
704 4097 1068 4188 dissipare.
1123 4098 1273 4166 Ibat
1309 4118 1472 4187 ergo
1502 4118 1664 4167 cum
1700 4098 1901 4184 equis
1938 4095 2393 4166 velocissimis
2439 4092 2758 4186 expedito

201 4184 485 4256 itinere:
540 4187 656 4256 sed
693 4187 1026 4277 virginem
1079 4199 1417 4262 sanctam,
1473 4185 1541 4255 in
1597 4186 1803 4287 cujus
1868 4198 2139 4275 pectore
2194 4186 2596 4256 morabatur
2631 4187 2759 4252 Do-

200 4274 433 4346 minus
473 4277 698 4345 sciens
747 4276 1005 4356 omnia,
1062 4274 1234 4343 nihil
1272 4274 1487 4363 hujus
1537 4274 1760 4344 latuit.
1815 4274 2273 4358 Quamobrem
2325 4273 2564 4343 divino
2603 4293 2758 4362 per-

201 4374 382 4432 mota
444 4364 774 4436 instinctu
806 4421 822 4445 ,
901 4378 966 4434 et
1013 4364 1263 4434 Christi
1321 4364 1571 4456 spiritu
1601 4375 1941 4455 vegetata,
2024 4376 2102 4434 ut
2148 4375 2294 4434 erat
2330 4361 2561 4453 pedeS,
2624 4360 2762 4431 alia

173 4472 494 4541 pergens
530 4454 661 4531 via,
715 4476 928 4541 equos
976 4465 1041 4523 et
1087 4475 1340 4525 currus
1395 4453 1549 4541 ejus
1602 4474 1845 4523 omnes
1893 4453 2289 4525 antevertit:
2342 4452 2759 4540 veniensque
