3308 5004
146 240 351 308 Ano.
404 241 491 306 29
780 257 851 307 n(
894 254 1093 306 nsi-o
1139 256 1476 306 utentur.
1529 258 1583 306 s.
1636 257 1866 307 somn.
1915 259 2096 309 nur.
2495 245 2615 312 7⁴⁴

148 352 224 409 et
278 337 658 429 Lysanias:
709 358 868 407 cum
922 338 1148 428 prima
1209 337 1494 426 quidem
1542 340 1913 410 tetrarchia
1966 338 2146 413 esset
2205 341 2510 425 Judaea,
2562 365 2716 415 eam

152 441 399 498 autem
466 427 984 498 administraret
1042 426 1414 497 Archelaus
1448 480 1465 508 ,
1516 427 1635 515 qui
1703 442 1848 499 erat
1908 431 2179 520 primus
2238 432 2415 502 inter
2477 431 2713 504 filios:

152 538 468 605 cumque
505 517 836 586 omnibus
874 529 1143 606 sceptro
1192 520 1501 587 Romano
1538 515 1806 587 collum
1850 517 2354 590 inclinantibus
2389 533 2541 612 post
2575 520 2720 624 pri-

154 628 353 676 mam
406 605 969 696 descriptionem,
1023 604 1374 693 ducesque
1412 618 1479 674 et
1534 606 2233 696 praesides,-quibus
2275 610 2722 700 ,Reipublicae

156 717 335 765 cura
402 693 912 776 mandabatur,
968 699 1182 764 Roma
1248 694 1753 783 accipientibus
1790 750 1804 776 ,
1877 697 2161 766 Pontius
2222 698 2484 768 Pilatus
2552 711 2723 769 tunc

165 804 449 887 praeses
488 796 666 853 esset
710 782 1033 862 Judaeae,
1086 783 1206 871 qui
1247 784 1575 870 quoniam
1610 783 1882 855 Tiberio
1916 786 2181 855 Caesari
2220 799 2369 856 erat
2397 787 2716 871 intimus,

163 873 323 942 ideo
359 872 748 963 praemium
802 893 973 942 suae
1011 873 1080 941 in
1139 894 1297 941 eum
1351 873 1720 954 amicitiae,
1779 872 1959 943 hanc
2011 888 2368 965 acceperat
2422 875 2719 947 admini-

165 963 567 1033 strationem
601 962 990 1051 (oportebat
1037 960 1249 1042 enim,
1302 982 1462 1031 cum
1508 963 1804 1032 venisset
1851 963 2183 1046 Christus,
2225 965 2340 1034 cui
2376 963 2721 1054 imperare

164 1063 316 1120 erat
364 1049 772 1140 repositum,
822 1063 901 1120 ut
938 1050 1034 1120 ait
1087 1049 1440 1140 propbeta,
1495 1072 1766 1121 cessare
1804 1052 2157 1143 principes
2208 1074 2287 1123 ex
2319 1053 2579 1143 Juda):
2639 1059 2717 1125 Et

163 1139 512 1210 Galilaeae
543 1139 825 1225 quidem
879 1140 1216 1208 tetrarcha
1267 1152 1445 1209 esset
1494 1140 1820 1222 Herodes,
1866 1153 1942 1210 ut
1980 1162 2254 1210 sacrum
2297 1141 2466 1213 dicit
2503 1147 2719 1212 Evan-

163 1229 457 1319 gelium:
490 1227 857 1318 Philippus
888 1242 1118 1297 autem
1154 1228 1306 1318 ejus
1354 1227 1560 1298 frater
1597 1242 1776 1299 esset
1806 1230 2140 1300 tetrarcha
2173 1231 2471 1321 (oportet
2498 1232 2714 1314 enim,

164 1331 526 1404 tamquam
557 1330 962 1387 ornamento
993 1316 1250 1403 aliquo,
1291 1317 1463 1406 ipsis
1503 1317 1600 1387 uti
1636 1316 1960 1407 eloquiis)
1992 1324 2302 1388 Ituraeae
2325 1333 2391 1389 et
2420 1321 2720 1412 regionis

164 1405 727 1476 Trachonitidis:
789 1418 855 1475 et
895 1406 1264 1496 Lysanias‚
1323 1405 1676 1476 Abilinae:
1733 1407 1865 1479 sub
1919 1409 2367 1480 Pontificibus
2415 1414 2608 1480 Anna
2655 1420 2723 1481 et

165 1496 476 1584 Caipba,
528 1501 833 1564 Joannes
880 1494 1243 1564 definitum
1295 1509 1662 1585 expectans
1714 1509 1985 1587 tempus
2049 1500 2157 1581 (ut
2216 1520 2413 1567 sacra
2477 1498 2724 1570 dicunt

168 1584 482 1672 eloquia)
518 1606 656 1671 quo
688 1605 759 1653 se
791 1583 1027 1653 Israeli
1060 1583 1469 1664 ostenderet,
1510 1585 1910 1656 morabatur
1940 1586 2170 1655 adbuc
2205 1586 2276 1655 in
2318 1586 2716 1667 solitudine,

166 1673 380 1762 quam
422 1672 755 1742 habitavit
793 1673 902 1742 vix
951 1672 1222 1743 solutus
1267 1695 1308 1741 a
1354 1672 1589 1743 fasciis
1619 1727 1638 1754 ,
1668 1695 2011 1744 exercens
2045 1675 2250 1743 vitam
2295 1675 2713 1776 Angelicam,

167 1776 237 1833 et
294 1763 576 1831 liberam
612 1761 701 1831 ab
757 1762 1087 1832 omnibus
1142 1761 1662 1849 impedimentis
1709 1776 1774 1832 et
1821 1764 2012 1834 omni
2072 1763 2522 1851 supellectile.
2575 1769 2723 1835 Non

171 1852 360 1921 enim
400 1864 596 1929 tecm,
644 1872 777 1921 non
824 1853 1085 1931 mensa,
1134 1872 1354 1937 neque
1393 1851 1627 1938 aliquo
1675 1851 1811 1920 alio
1852 1852 2280 1943 hujusmodi,
2335 1852 2715 1947 indigebat.

172 1946 317 2010 Non
371 1952 620 2009 terram
674 1939 911 2021 aravit,
968 1962 1102 2009 non
1141 1938 1412 2009 sulcum
1452 1940 1828 2030 proscidit:
1887 1963 2019 2012 non
2064 1940 2133 2011 in
2175 1942 2430 2011 sudore
2460 1941 2718 2024 vultus,

171 2049 383 2117 quam
417 2027 698 2115 quidem
737 2050 960 2098 meam
1010 2041 1075 2098 et
1111 2040 1463 2118 paternam
1509 2031 1666 2099 novi
1705 2051 2021 2119 poenam,
2075 2050 2320 2121 panem
2371 2029 2717 2100 comedit:

173 2117 293 2187 sed
346 2117 671 2187 arborum
721 2117 1002 2205 quidem
1054 2138 1371 2187 summae
1417 2116 1697 2188 frondes
1760 2119 2166 2189 alimentum
2222 2119 2723 2210 para-banttet

177 2205 341 2297 pilis
380 2218 607 2276 autem
671 2205 919 2275 cameli
974 2205 1145 2275 rude
1191 2219 1257 2274 et
1304 2207 1452 2276 sine
1504 2219 1679 2298 arte⁴
1710 2208 2094 2277 confectum
2139 2208 2472 2278 induebat
2517 2209 2723 2278 vesti-

177 2307 515 2375 mentum,
552 2306 632 2365 ut
658 2316 800 2374 eos,
842 2295 963 2382 qui
996 2306 1190 2364 erant
1235 2294 1303 2363 in
1346 2296 1629 2375 mundo,
1675 2295 1759 2364 ad
1793 2317 1968 2383 quos
2001 2317 2133 2364 non
2173 2296 2266 2365 ita
2315 2296 2535 2380 multo
2571 2308 2725 2387 post

173 2383 382 2464 venit,
426 2383 698 2454 doceret
730 2384 951 2455 victuS
985 2383 1410 2466 tenuitatem,
1462 2396 1528 2453 et
1574 2385 1963 2463 instrueret,
2007 2396 2084 2453 ut
2131 2396 2196 2452 et
2253 2384 2558 2474 bumana
2604 2383 2725 2455 de-

174 2474 543 2631 spicerent,
574 2486 641 2545 et
671 2494 850 2557 eam,
888 2493 1070 2561 quae
1099 2494 1329 2547 revera
1360 2485 1506 2543 erat
1544 2472 1729 2564 apud
1765 2472 2112 2560 antiquoS,
2149 2484 2545 2544 exercerent·
2578 2472 2724 2546 sru-

223 2586 259 2632 a
293 2576 552 2632 itatem.
1316 2576 1325 2588 ’·
1588 2608 1599 2615 -
2263 2620 2266 2623 .

173 2586 221 2654 g
263 2655 298 2738 ξ
348 2657 493 2724 18.
548 2656 715 2721 Cum
766 2662 995 2721 autem
1034 2662 1304 2740 tempus
1334 2650 1479 2738 jam
1514 2649 1777 2719 dictum
1819 2649 2274 2731 adventasset,
2310 2661 2376 2721 et
2405 2650 2724 2741 seipsum

178 2741 418 2811 Israeli
470 2739 919 2830 patefecisset,
976 2738 1375 2828 cujusmodi
1412 2751 1557 2808 erat
1594 2738 1678 2807 ad
1732 2738 2150 2808 afferendam
2185 2740 2723 2810 admirationem

177 2829 409 2909 homo,
446 2829 567 2916 qui
602 2830 885 2919 triginta
922 2830 1143 2899 annos
1192 2827 1535 2898 habitarat
1575 2828 1643 2895 in
1689 2826 2085 2908 solitudine,
2122 2840 2189 2898 et
2225 2850 2298 2897 se
2331 2828 2538 2898 veluti
2574 2849 2728 2919 per-

182 2930 390 3008 petuo
437 2919 886 2988 damnaverat
922 2917 1127 2988 exilio
1157 2972 1172 2998 ,
1224 2929 1289 2986 et
1347 2937 1505 2986 cum
1559 2914 1752 2985 nullo
1798 2918 2086 2987 omnino
2139 2916 2421 2987 homine
2468 2916 2727 2989 versari

178 3017 532 3088 statuerat,
568 3020 633 3076 et
670 3008 759 3076 ab
800 3008 1078 3075 ineunte
1125 3017 1340 3074 aetate
1387 3004 1593 3074 vitam
1635 3004 1934 3093 elegerat
1969 3007 2445 3087 monasticam,
2485 3019 2563 3076 ut
2594 3004 2719 3094 qui

179 3107 342 3165 tunc
376 3096 682 3185 primum
721 3096 979 3165 veniret
1018 3095 1089 3163 in
1132 3109 1573 3184 conspectum
1628 3093 2040 3163 hominum?
2087 3094 2325 3164 Statim
2374 3094 2588 3176 enim,
2642 3107 2723 3164 ut

174 3184 317 3272 jam
370 3183 697 3266 diximus,
740 3185 829 3255 ab
871 3182 1314 3254 incunabulis
1366 3182 1680 3253 lubenter
1711 3194 2020 3253 versatus
2052 3182 2181 3252 fuit
2220 3183 2289 3252 in
2323 3182 2720 3266 solitudine,

182 3271 376 3342 nulla
404 3295 475 3342 re
501 3273 807 3343 humana
838 3272 1126 3343 omnino
1158 3272 1500 3364 indigens,
1539 3271 1749 3340 simul
1777 3292 1937 3340 cum
1977 3270 2289 3342 moribus
2331 3272 2726 3359 loquentem

181 3361 471 3431 sormam
512 3375 578 3432 et
652 3375 903 3432 vestem
958 3361 1332 3441 attrahens,
1388 3373 1467 3430 ut
1519 3360 1636 3448 qui
1704 3360 1946 3430 fuisset
1994 3360 2181 3430 {ilius
2231 3360 2604 3443 Pontificis,
2660 3370 2729 3430 et

185 3451 650 3521 testimonium
702 3450 786 3520 de
817 3472 896 3520 eo
931 3450 1254 3520 ferentem
1294 3449 1542 3519 lsaiam
1585 3462 1819 3539 aperte
1871 3449 2247 3520 induceret.
2286 3448 2464 3521 Illud
2504 3450 2717 3531 enim,

183 3544 315 3610 Vox
348 3539 714 3609 clamantis
748 3539 831 3608 in‘
859 3540 1168 3610 deserto:
1203 3538 1289 3608 de
1319 3558 1398 3608 eo
1428 3538 1691 3609 scilicet
1728 3538 1994 3609 dictum
2023 3551 2149 3609 est.
2187 3543 2412 3611 Novus
2440 3538 2725 3626 quidem
2771 3540 2778 3547 '

182 3629 368 3699 -Elias
413 3641 734 3700 ostensus
779 3650 860 3698 ex
923 3630 1293 3710 omnibus,
1350 3627 1451 3697 vel
1509 3627 1737 3717 potius
1792 3627 2120 3698 omnibus
2174 3627 2595 3719 persuadens
2653 3647 2728 3697 se
2830 3624 2837 3633 ”

185 3717 433 3788 habere
473 3716 593 3787 illo
641 3718 904 3806 aliquid
942 3717 1273 3807 amplius,
1308 3731 1652 3804 quatenus
1706 3716 1864 3802 plus
1901 3728 2002 3787 est
2048 3717 2334 3787 omnino
2365 3715 2618 3785 versari
2652 3714 2726 3785 in

185 3807 678 3877 solitudinibus
708 3862 725 3885 ,
766 3828 978 3895 quam
1038 3807 1108 3876 in
1166 3805 1583 3886 civitatibus,
1634 3805 1703 3874 in
1745 3804 2003 3894 quibus
2049 3819 2193 3876 erat
2246 3805 2457 3877 Elias.
2503 3809 2595 3873 Ea
2641 3803 2728 3874 de

187 3917 395 3966 causa
414 3909 559 3966 erat
581 3895 865 3966 Judaeis
890 3896 1281 3965 mirandum
1308 3895 1378 3963 in
1410 3894 1692 3964 modum
1722 3894 2153 3975 venerabiliS,
2179 3907 2244 3964 et
2264 3893 2729 3964 tolerabantur

185 3985 329 4074 eJus
371 3985 965 4075 reprehensiones
1010 3983 1368 4067 Quomodo
1404 3985 1590 4054 enim
1629 4005 1745 4053 eos
1797 3984 2163 4074 increpans
2193 3993 2260 4052 et
2306 4004 2562 4052 vocans
2609 4002 2729 4073 ge-

190 4074 449 4143 nimina
502 4073 921 4164 viperarum,
964 4074 1095 4143 etsi
1155 4094 1368 4142 manu
1407 4085 1637 4143 essent
1676 4071 1875 4142 valde
1927 4071 2253 4163 prompti,
2295 4082 2361 4140 et
2402 4070 2730 4163 propensi

190 4160 272 4230 ad
311 4162 616 4241 caedem,
654 4184 771 4232 eos
803 4183 938 4232 non
988 4161 1217 4254 adegit
1249 4161 1335 4230 ad
1379 4162 1777 4232 insaniam?

270 4252 307 4336 ξ
352 4257 492 4324 14.
548 4252 1153 4321 verumenimvero
1185 4250 1680 4320 attendendum
1713 4262 1836 4332 est,
1876 4270 2084 4337 quam
2121 4247 2252 4319 fuit
2282 4247 2565 4318 Judaeis
2601 4252 2731 4319 Ba-

191 4339 390 4429 ptista
420 4340 880 4412 admirabilis.
934 4341 1046 4411 Eis
1094 4339 1279 4410 enim
1331 4339 2106 4430 inJecitsuspicionem,
2171 4360 2258 4408 ne
2307 4338 2456 4429 ipse
2496 4359 2731 4408 revera
