3308 5004
143 317 327 387 AUG.
385 320 465 385 115
819 336 900 383 nt
948 335 1005 385 s.
1058 334 1393 385 muniano
1442 333 1770 385 suassroiv.
1824 334 2023 385 rmsc.
2480 320 2607 385 367

143 442 306 494 sane
336 418 776 500 horrendam,
807 441 847 488 o
873 419 1187 490 crudeles
1212 431 1583 501 exactoreS,
1627 442 1670 489 a
1700 419 1960 507 quibus
1999 419 2236 491 infelix
2274 420 2427 510 eJus
2454 423 2693 495 anima

143 509 437 581 aeternis
480 507 908 580 cruciatibus
956 507 1358 600 punienda,
1413 508 1485 577 in
1538 520 1871 579 tartarum
1922 508 2223 581 abducta
2269 514 2394 582 estl
2428 533 2465 579 »
2508 516 2693 582 Haec

142 598 431 671 audiens
462 597 692 669 affinis
737 597 913 699 ejuS,
951 596 1148 667 valde
1205 597 1611 689 perterritus
1657 608 1782 678 est,
1834 607 1901 667 et
1950 597 2358 689 priusquam
2400 599 2691 673 domum

142 687 416 768 rediret,
461 687 696 757 omnia
724 709 824 757 stc
852 686 1186 777 comperit
1224 686 1467 757 Israeli
1495 685 1855 767 accidisse,
1887 699 1965 756 ut
1998 687 2098 756 vir
2127 689 2245 758 Dei
2292 690 2691 760 nunciarat.

224 779 263 864 ἓ
310 780 465 850 2-1.
536 774 682 850 Alio
730 787 1037 864 tempore
1101 775 1282 846 venit
1329 774 1416 846 ad
1464 796 1625 847 eum
1683 796 1878 845 soror
1929 774 2087 863 ejus
2132 776 2401 849 Adzela.
2462 783 2555 850 Ea
2602 777 2693 849 ad

139 864 502 937 fenestram
531 864 823 935 cellulae
846 864 998 955 ejus
1045 862 1347 945 sedente,
1384 876 1450 935 et
1494 885 1633 952 quo
1671 876 1870 955 pacto
1918 865 2129 935 vitam
2181 867 2459 939 animae
2511 868 2695 939 inter

143 966 232 1027 tot
279 953 529 1024 mundi
579 953 915 1045 procellas
961 975 1231 1024 servare
1281 963 1510 1043 posset
1572 952 2006 1040 inquirente,
2070 953 2239 1023 hora
2302 955 2694 1027 meridiana

145 1043 454 1115 minister
501 1042 759 1132 piscem
807 1041 1062 1112 frixum
1111 1042 1342 1113 attulit
1383 1042 1563 1132 (erat
1605 1042 1795 1114 enim
1844 1041 1991 1114 dies
2024 1042 2573 1134 celeberrimus),
2628 1055 2696 1115 et

144 1153 365 1203 eoram
433 1130 554 1202 illo
603 1130 835 1224 posuit
881 1130 952 1199 in
1001 1130 1321 1202 fenestra.
1387 1131 1493 1202 Ait
1548 1152 1714 1233 ergo
1779 1153 1974 1202 soror
2040 1130 2241 1219 ejus:
2287 1131 2432 1220 jam
2486 1132 2688 1215 mihi,

146 1232 370 1292 sancte
419 1220 651 1303 frater,
703 1218 1164 1290 recedendum
1210 1232 1336 1302 est,
1368 1220 1523 1291 cibo
1547 1241 1735 1290 enim
1785 1220 2017 1302 allam,
2070 1233 2134 1292 te
2166 1221 2357 1292 refici
2407 1243 2532 1312 par
2563 1232 2690 1294 est.

143 1309 518 1400 Respondit
563 1309 667 1378 vir
714 1309 868 1379 Dei:
924 1330 959 1375 «
989 1309 1212 1400 Hujus
1259 1308 1398 1379 cibi
1443 1312 1657 1380 causa
1703 1331 1869 1401 ego,
1928 1331 2080 1380 mea
2127 1332 2360 1392 soror,
2421 1324 2486 1381 te
2551 1332 2691 1381 non

143 1399 360 1489 patior
391 1398 560 1469 hinc
591 1398 806 1468 abire.
857 1398 1236 1469 Nonenim
1281 1397 1512 1469 licebit
1560 1398 1734 1469 mihi
1773 1420 1854 1468 ex
1901 1398 2031 1468 hoc
2080 1398 2270 1488 pisce
2317 1399 2541 1470 edere.
2577 1405 2694 1471 Est

144 1488 320 1559 enim
387 1508 651 1558 veneno
695 1486 784 1558 ab
831 1486 1080 1558 infesto
1130 1487 1330 1558 nobis
1379 1487 1573 1559 hoste
1632 1486 1930 1557 infectus
1959 1542 1976 1570 ‚
2028 1499 2109 1559 ut
2174 1488 2347 1558 mihi
2406 1488 2693 1559 exitium

145 1575 423 1648 adferat.
480 1575 609 1646 Sed
659 1575 948 1666 Spiritui
997 1580 1245 1648 Sancto
1290 1597 1583 1677 agamus
1643 1577 1948 1667 gratias,
2008 1576 2131 1664 qui
2181 1598 2307 1648 suo
2356 1576 2696 1649 instinctu

145 1663 392 1747 docuit„
419 1686 572 1746 nOS,
631 1686 715 1734 ne
740 1675 1020 1755 sumpto
1067 1666 1312 1757 toxico,
1344 1664 1629 1735 mimico
1664 1665 1999 1756 gaudium
2033 1664 2500 1738 adferamus.»
2545 1671 2696 1736 Mox

144 1754 222 1823 ad
264 1776 336 1825 se
368 1775 654 1824 corvum
703 1765 919 1836 vocat,
972 1775 1177 1842 quem
1228 1754 1432 1825 micis
1463 1753 1886 1843 quibusdam
1935 1753 2241 1825 collectis
2277 1754 2347 1825 in
2396 1753 2695 1826 fenestra

147 1842 503 1931 pascebat:
556 1843 853 1933 imperat
883 1843 970 1921 ei,
1010 1855 1086 1913 ut
1118 1856 1338 1914 rostro
1384 1856 1780 1933 correptum
1814 1842 2099 1934 piscem,
2143 1844 2216 1914 in
2263 1866 2426 1915 eum
2459 1842 2689 1915 locum

149 1931 525 2012 transferat,
582 1930 704 2001 ubi
755 1954 795 2001 a
843 1931 1040 2002 nullo
1153 1932 1322 2003 ossit
1386 1930 1786 2002 mortalium
1839 1932 2158 2003 inveniri.
2212 1933 2516 2005 Haesitat
2562 1932 2694 2003 ali-

146 2021 546 2122 quantisper
601 2041 889 2102 corvus‚
965 1955 1240 2091 tansfem
1313 2020 1669 2092 mordicus
1733 2021 2248 2112 apprehensum
2311 2022 2687 2113 absportat.

147 2111 338 2180 Porro
381 2131 486 2179 v1r
524 2121 806 2179 sanctus
859 2108 1253 2180 terribiliter
1281 2108 1634 2180 interdicit
1681 2112 1901 2181 sorori
1957 2110 2132 2193 haec
2173 2112 2507 2193 cernenti,
2575 2131 2685 2193 ne,

152 2195 290 2285 ipso
335 2199 628 2279 vivente,
666 2198 996 2285 cuiquam
1047 2197 1316 2269 revelet.

233 2288 267 2373 ἓ
314 2290 476 2360 25.
530 2286 787 2358 Habuit
831 2286 1069 2358 eadem
1105 2287 1258 2376 ipsa
1304 2285 1528 2357 filium
1580 2285 2109 2365 adolescentem,
2145 2308 2353 2373 quem
2400 2286 2683 2358 cuidam

158 2370 406 2445 homini
458 2376 719 2466 potenti
763 2375 1323 2457 commendarat,
1375 2386 1455 2446 ut
1500 2374 1588 2446 ab
1646 2374 1765 2445 illo
1812 2396 2006 2446 arma
2054 2376 2418 2467 acciperet.
2471 2381 2693 2448 Inter-

155 2464 397 2553 rogavit
436 2486 604 2557 ergo
660 2486 808 2535 eam
854 2463 957 2535 vir
1003 2465 1144 2548 Dei,
1197 2464 1319 2536 ubi
1371 2476 1549 2536 esset
1601 2463 1794 2535 filius
1840 2464 2015 2551 eius,
2067 2476 2133 2535 et
2199 2463 2367 2552 quid
2429 2476 2687 2556 ageret.

154 2554 518 2643 Respondit
564 2553 708 2636 illa,
754 2554 1048 2624 missum
1081 2575 1242 2625 eum
1282 2576 1432 2625 esse
1462 2553 1730 2624 salvum
1773 2565 1840 2623 et
1866 2551 2288 2624 incolumem
2325 2553 2410 2623 ad
2451 2575 2693 2640 quem-

155 2638 299 2712 dam
347 2654 694 2734 potentem
745 2643 1372 2733 consanguineum,
1408 2653 1484 2713 ut
1521 2641 1709 2745 apud
1759 2663 1917 2712 eum
1969 2642 2079 2724 sit,
2133 2640 2352 2712 donec
2402 2642 2693 2713 militiae

151 2744 540 2802 ornamenta
575 2732 892 2822 accipiat.
937 2732 1055 2801 Vir
1101 2744 1383 2804 sanctus
1414 2732 1542 2802 ait:
1588 2754 1625 2798 «
1652 2735 1911 2802 Vanam
1958 2730 2043 2805 de
2088 2752 2170 2800 eo
2216 2731 2690 2819 conjecturam

150 2814 354 2890 fecisti
385 2842 612 2911 nuper
658 2821 729 2891 in
771 2820 969 2891 initio
1008 2821 1613 2911 Quadragesimae,
1647 2819 1833 2907 quod
1884 2818 2270 2891 moriturus
2294 2842 2434 2890 non
2486 2832 2687 2902 esset,

150 2907 698 2998 quandoquidem
749 2911 1026 2981 calceus
1073 2909 1144 2981 in
1193 2909 1410 2980 altum
1475 2910 1865 3000 projectus,
1924 2908 2185 2979 trabem
2258 2909 2686 2981 excessisset.

152 2992 265 3066 Illo
307 2999 496 3068 enim
546 2998 618 3067 in
688 2997 840 3068 loco
886 3020 965 3068 ae
1019 3010 1274 3079 rotans,
1326 2997 1446 3069 tali
1494 2998 1645 3079 die,
1721 2997 1978 3085 talique
2023 2997 2198 3069 hora
2245 3010 2562 3068 mortuus
2625 3010 2694 3068 et

151 3085 447 3173 sepultus
495 3099 669 3176 est.»
701 3092 870 3160 Tum
918 3086 962 3156 il
997 3110 1060 3169 a,
1110 3109 1323 3178 supra
1369 3109 1580 3175 quam
1620 3085 1762 3157 dici
1812 3086 2050 3176 possit,
2105 3085 2486 3168 admirans,
2523 3109 2685 3158 cum

152 3173 352 3245 multo
402 3197 653 3265 pavore
703 3176 1061 3258 discessit,
1121 3187 1187 3245 et
1240 3188 1399 3247 ante
1457 3182 1668 3263 quam
1722 3175 2007 3246 domum
2059 3174 2334 3259 rediret,
2391 3177 2692 3246 nuncius

154 3263 390 3358 mortui
437 3263 567 3334 filii
616 3264 840 3355 ipsam
878 3265 1258 3347 antevertit,
1297 3277 1362 3335 et
1408 3264 1665 3347 locum,
1702 3276 1768 3335 et
1814 3264 2024 3347 diem,
2054 3278 2122 3335 et
2169 3266 2410 3337 horam
2459 3265 2691 3336 obitus

154 3366 288 3433 ejus
332 3352 571 3423 eodem
617 3353 821 3423 modo
868 3375 1240 3443 exponens,
1294 3375 1432 3442 quo
1473 3364 1633 3424 ante
1672 3351 1925 3424 fecerat
1972 3354 2075 3424 vir
2122 3354 2396 3425 Domini
2441 3354 2693 3424 Arnul-

154 3435 338 3523 phus,
390 3440 726 3513 divinitus
757 3441 1066 3514 edoctus.

226 3527 261 3612 ἓ
306 3533 469 3604 26.
523 3529 839 3606 Solemne
887 3531 1295 3620 martyrium
1345 3529 1718 3602 clarissimi
1746 3530 2014 3602 Levitae
2062 3532 2412 3603 Laurentii
2451 3552 2692 3602 annua

152 3612 525 3689 celebritate
571 3617 807 3690 festive
853 3619 1209 3711 agebatur,
1261 3631 1327 3691 et
1376 3619 1617 3711 populi
1665 3618 2049 3708 frequentia
2098 3642 2382 3713 campos
2422 3634 2490 3691 et
2539 3620 2692 3711 pla-

152 3710 277 3775 teas
337 3706 407 3776 in
457 3708 756 3779 circuitu
821 3710 1218 3779 monasterii
1256 3715 1330 3780 B.
1374 3708 1680 3779 Medardi
1726 3709 2230 3802 compleverat:
2306 3730 2466 3779 cum
2530 3729 2690 3779 ecce

152 3794 470 3875 quaedam
497 3797 750 3872 mulier
780 3819 943 3868 cum
975 3796 1120 3868 filio
1149 3819 1493 3868 annorum
1524 3798 1877 3878 tredecim,
1908 3800 1998 3869 ab
2037 3798 2191 3887 ipso
2215 3810 2372 3869 ortu
2398 3818 2687 3888 prorsus

153 3893 327 3952 muto
373 3884 701 3977 irrumpit
745 3884 832 3955 ad
873 3885 1241 3957 fenestram
1269 3886 1482 3960 cellae
1512 3888 1689 3958 servi
1737 3887 1878 3968 Dei,
1930 3899 2191 3958 etcum
2226 3885 2443 3957 multo
2466 3884 2686 3955 animi

156 3983 439 4042 moerore
484 3986 655 4056 orat,
711 3986 789 4046 ut
835 3974 963 4046 filii
1013 3976 1121 4046 sui
1164 3975 1593 4047 misereatur.
1636 3975 1877 4066 Jungit
1925 3975 2039 4045 ille
2086 3974 2395 4046 dolorem
2430 3972 2679 4057 dolori,

155 4062 215 4122 et
255 4055 587 4152 lacrymas
635 4063 962 4153 lacrymis
1009 4064 1185 4153 ejuS,
1238 4077 1305 4134 et
1350 4064 1505 4136 fusa
1549 4064 1879 4146 oratione,
1932 4076 2292 4155 acceptum
2346 4084 2465 4154 per
2499 4061 2687 4132 fene—

158 4151 349 4245 stram
401 4173 718 4241 puerum,
771 4154 972 4244 signo
1029 4164 1305 4226 sanctae
1352 4154 1589 4227 Crucis
1656 4175 1816 4225 cum
1866 4152 2087 4224 divini
2133 4151 2440 4222 nominis
2487 4150 2686 4221 invo-

156 4243 399 4327 catione
444 4241 849 4332 consignat:
925 4241 1109 4312 idem
1173 4242 1452 4333 signum
1524 4242 1741 4314 labris
1785 4242 1935 4331 ejus
1982 4241 2365 4332 imprimit,
2447 4238 2686 4331 digitis

157 4313 445 4411 linguam
495 4342 889 4412 contrectat,
942 4352 1243 4419 eumque
1290 4331 1706 4422 interrogat:
1759 4330 1952 4414 Quod
2003 4344 2104 4402 est
2153 4351 2405 4401 nomen
2441 4332 2687 4401 tuum?

161 4403 270 4477 Ille
311 4416 657 4491 confestim
707 4419 948 4512 lingua
995 4421 1245 4505 soluta,
1287 4418 1492 4512 plane
1522 4433 1588 4491 et
1618 4432 1853 4512 aperte
1894 4420 2299 4511 respondet:
2351 4420 2675 4491 loannes:
