3308 5004
653 284 781 351 ⁴70
1298 297 1387 353 nn,
1427 300 1486 348 s.
1537 298 1842 349 oswALno
1888 298 2158 349 menon.
2211 297 2373 348 nen
2822 279 3009 348 ΑΗΕ.
3038 280 3099 346 ’5

558 393 656 453 Ita
696 387 946 455 sactum
984 399 1107 461 est,
1147 399 1217 453 ut
1269 385 1471 453 simul
1509 384 1744 459 beatae
1793 384 2119 455 mulieres
2154 382 2439 465 Hilaria,
2484 383 2725 473 Digna,
2766 381 3104 453 Eunomia

560 491 622 543 et
662 477 1004 563 Eutropia,
1051 477 1357 561 martyrii
1411 495 1732 545 coronam
1787 487 1970 545 sexto
1997 495 2047 542 -a
2093 473 2413 563 passione
2461 472 2695 543 beatae
2740 471 2932 543 Afrae
2964 469 3098 550 die,

564 565 1015 651 perciperent,
1073 579 1133 631 ot
1183 587 1355 648 quae
1409 564 1661 651 pariter
1707 563 1778 630 in
1828 562 2174 634 Christum
2236 560 2695 641 crediderant,
2747 559 2958 631 simul
3017 558 3105 629 ad

564 654 762 720 illum
798 678 951 720 cum
1010 654 1231 742 palma
1291 652 1597 740 martyrii
1637 652 2107 741 pervenirent:
2161 656 2320 739 Ipso
2353 663 2759 741 praestante,
2793 649 3107 737 quicum

560 748 754 810 Patre
802 756 864 810 ct
899 744 1157 830 Spiritu
1209 750 1451 810 Senem
1500 740 1663 812 vivit
1690 752 1756 810 et
1801 753 2041 831 regnat
2083 745 2260 811 Deus
2300 739 2371 809 in
2414 740 2646 811 secula
2680 737 3104 818 seculorum,

560 838 794 899 Amen.

1063 1162 1378 1265 GESTA
1449 1161 1929 1269 QUAEDAM
2001 1163 2077 1264 S.
2145 1161 2611 1264 OSWALDI

1458 1404 1704 1470 REGIS
1769 1403 2213 1470 ANGLORUM

1261 1653 1546 1702 AUCTORE
1595 1655 1741 1701 ven.
1794 1655 1956 1702 nem
2005 1654 2398 1703 rnsssavmno

1131 1740 1267 1808 Lib.
1322 1751 1362 1809 3
1413 1745 1586 1809 stc.
1639 1742 2023 1809 Ecclesz'ast.
2073 1741 2295 1830 yemis
2342 1742 2542 1829 Anql.

1430 1958 1847 2013 Interfeetus
1890 1971 2068 2013 anno
2111 1959 2261 2013 642.

650 2159 686 2245 ᾖ
733 2159 811 2227 1.
865 2156 1138 2225 Cunctis
1191 2155 1448 2245 placuit
1487 2160 1750 2246 Regum
1804 2167 2112 2245 tempora
2157 2155 2745 2246 computantibus,
2780 2167 2857 2225 ut
2881 2154 3117 2227 ablata

561 2245 647 2317 de
696 2244 923 2314 medio
980 2250 1242 2337 Regum
1296 2244 1717 2333 perfidorum
1783 2245 2143 2322 memoria,
2196 2244 2379 2313 idem
2419 2267 2693 2325 annus,
2760 2247 3117 2333 sequentis

561 2335 790 2427 Regia,
846 2333 915 2404 id
964 2347 1088 2415 est,
1142 2332 1435 2403 Oswaldi
1481 2334 1607 2402 viri
1665 2339 1793 2402 Deo
1842 2331 2098 2414 dilecti,
2154 2354 2365 2422 regno
2412 2334 2909 2424 assignaretur.
2963 2340 3117 2417 Quo

561 2438 715 2516 post
751 2423 1163 2493 occisionem
1216 2422 1447 2493 fratris
1496 2422 1800 2491 Eaniridi
1863 2422 2388 2512 superveniente
2435 2445 2596 2493 cum
2659 2444 2867 2513 parvo
2924 2444 3119 2496 exer-

560 2515 728 2595 citu,
782 2512 897 2584 sed
938 2512 1074 2582 fide
1113 2512 1362 2583 Christi
1416 2513 1724 2594 munito,
1779 2510 2108 2582 infandus
2163 2511 2517 2582 Britonum
2567 2512 2708 2582 dux
2769 2534 2933 2582 cum
2980 2513 3119 2583 im-

566 2603 828 2677 mensis
876 2601 1016 2671 illis
1063 2624 1141 2672 co
1198 2602 1306 2683 iis,
1350 2600 1608 2688 quibus
1670 2600 1846 2669 nihil
1897 2600 2210 2670 resistere
2261 2622 2456 2688 posse
2504 2600 2846 2688 jactabat,
2902 2600 3119 2671 inter-

517 2705 838 2782 ‚emptus
887 2703 988 2762 est
1034 2689 1103 2759 in
1184 2712 1329 2772 oen,
1367 2691 1486 2776 qui
1531 2689 1770 2778 lingua
1817 2687 2191 2778 Anglorum
2242 2691 2509 2759 Dem'ses
2556 2691 2795 2768 burna,
2863 2689 2932 2758 id
2967 2703 3113 2770 est,

562 2781 752 2859 rivus
794 2779 1023 2850 Denisi
1075 2792 1355 2848 vocatur
1376 2779 1432 2844 ²⁴.
1465 2778 1861 2849 Ostenditur
1881 2791 2110 2847 autem
2143 2800 2367 2865 usque
2396 2777 2620 2856 hodie,
2655 2790 2719 2847 et
2753 2778 2822 2846 in
2858 2800 3119 2868 magna

561 2869 1000 2939 veneratione
1058 2867 1350 2937 habetur
1413 2866 1604 2937 locus
1669 2866 1814 2946 ille,
1881 2865 2003 2935 ubi
2063 2879 2395 2936 venturus
2442 2867 2529 2935 ad
2582 2867 2759 2936 hanc
2801 2888 3118 2957 pugnam

563 2957 948 3037 OswalduS,
1005 2956 1283 3046 signum
1326 2969 1601 3025 sanctae
1649 2954 1883 3025 Crucis
1930 2953 2161 3033 erexit,
2198 2976 2275 3023 ac
2325 2955 2520 3025 flexis
2567 2955 2864 3043 genibus
2902 2961 3117 3026 Deum

563 3046 971 3134 deprecatus
1018 3061 1143 3125 est,
1200 3057 1278 3113 ut
1324 3044 1395 3113 in
1435 3057 1615 3112 tanta
1648 3065 1880 3112 rerum
1933 3042 2333 3111 necessitate
2358 3044 2508 3112 suis
2553 3043 3121 3121 cultoribuscoe-

563 3133 714 3206 lesti
747 3146 1178 3204 succurreret
1225 3132 1504 3201 auxilio.
1560 3132 1864 3217 Denique
1924 3129 2161 3209 fertur,
2217 3132 2383 3288 guia
2429 3130 2607 3202 facta
2654 3132 2861 3203 citato
2909 3155 3120 3224 opere

567 3227 800 3301 Cruce,
849 3242 927 3290 ac
961 3220 1150 3290 fovea
1186 3232 1612 3312 praeparata,
1656 3219 1724 3287 in
1774 3240 1912 3306 qua
1961 3219 2168 3289 statui
2267 3220 2515 3301 eberet,
2577 3222 2729 3311 ipse
2786 3221 2925 3291 side
2979 3222 3120 3292 fer·

564 3333 732 3381 vens
781 3311 957 3380 hanc
1000 3310 1394 3411 arripuerit,
1447 3331 1527 3378 ac
1576 3309 1806 3379 foveae
1837 3308 2266 3397 imposuerit,
2319 3325 2526 3398 atque
2555 3323 2847 3396 utraque
2896 3333 3117 3380 manu

563 3412 859 3469 erectam
902 3412 1218 3479 tenuerit,
1271 3398 1489 3468 donec
1539 3411 1819 3489 aggesto
1850 3419 1891 3466 a
1944 3396 2281 3469 militibus
2316 3399 2891 3488 pulvere‚·te.rrae
2945 3400 2993 3470 fi
3044 3422 3121 3469 e-

566 3501 794 3558 retur:
847 3501 911 3557 et
958 3487 1087 3556 hoc
1134 3486 1335 3568 facto,
1370 3486 1548 3557 elata
1577 3488 1646 3557 in
1683 3485 1900 3557 altum
1941 3507 2125 3567 voce,
2177 3501 2427 3557 cuncto
2468 3487 2797 3558 exercitui
2850 3510 3009 3576 proc
3039 3511 3121 3557 a·

569 3576 894 3647 maverit:
957 3575 1407 3645 «Flectamus
1455 3599 1696 3648 omnes
1750 3597 2001 3666 genua,
2057 3589 2124 3644 et
2184 3581 2393 3645 Deum
2444 3576 2984 3666 omnipotentem
3037 3600 3122 3648 ac

564 3688 804 3739 verum
854 3664 923 3733 in
980 3665 1337 3743 communi
1412 3664 1496 3733 de
1550 3686 1899 3746 recemur,
1970 3663 2071 3734 uti
2120 3686 2242 3736 nos
2288 3665 2376 3735 ab
2431 3664 2645 3744 hoste,
2703 3666 3006 3755 superbo
3053 3681 3124 3737 et

566 3753 809 3835 feroce,
855 3776 977 3827 sua
1008 3754 1444 3829 miseratione
1532 3753 1825 3833 efendat,
1880 3753 2009 3822 scit
2050 3752 2235 3823 enim
2292 3753 2460 3842 ipse,
2528 3754 2694 3842 quia
2744 3755 2937 3840 justa
2989 3778 3115 3844 pro

565 3843 789 3922 salute
820 3842 1045 3931 gentis
1094 3856 1364 3913 nostrae
1399 3843 1571 3912 bella
1609 3841 2121 3930 suscepimus»
2160 3846 2493 3913 Fecerunt
2524 3864 2789 3923 omnes,
2846 3857 2921 3914 ut
2957 3844 3119 3934 jus-

566 3945 769 4004 serat.
806 3937 882 4001 Et
928 3931 1050 4011 sic,
1109 3932 1479 4022 incipiente
1524 3930 1860 4012 dilucuIO,
1899 3930 1971 4006 in
2012 3931 2273 4000 hostem
2329 3931 2698 4021 progressi,
2738 3935 2938 4021 juxta
2972 3955 3123 4002 me·

567 4022 779 4092 ritum
817 4042 981 4092 suae
1027 4019 1190 4090 fidei
1255 4020 1537 4090 victoria
1587 4019 1781 4110 potiti
1820 4032 2006 4088 sunt.
2051 4024 2129 4089 In
2179 4018 2381 4107 cujus
2436 4018 2584 4090 loco
2630 4020 2986 4101 orationis,
3028 4022 3123 4091 in·

570 4130 899 4179 numerae
932 4110 1213 4186 virtutes
1252 4109 1622 4179 sanitatum
1669 4120 2051 4178 noscuntur
2081 4129 2233 4179 esse
2268 4121 2592 4197 patratae,
2636 4108 2724 4178 ad
2771 4109 3119 4180 indicium

568 4197 884 4269 videlicet
930 4221 1010 4268 ac
1059 4200 1459 4268 memoriam
1512 4196 1672 4267 fidei
1709 4197 1936 4287 Regis.
1975 4203 2140 4266 Nam
2180 4207 2248 4266 et
2293 4218 2515 4284 usque
2566 4197 2767 4273 hodie
2800 4198 3002 4271 multi
3036 4199 3123 4270 de

571 4285 724 4376 ipso
766 4286 951 4377 ligno
999 4301 1472 4358 sacrosanctae
1511 4286 1748 4356 Crucis
1796 4285 2067 4357 assulas
2098 4285 2410 4356 excidere
2433 4285 2703 4357 solent:
2753 4309 2930 4376 quas
2955 4311 3117 4359 cum

626 4413 652 4440 ¹⁸
683 4409 790 4453 Sive
826 4414 881 4453 ut
898 4414 1062 4460 Butler
1081 4412 1439 4464 interpretatur,
1459 4416 1582 4454 rivus
1597 4414 1816 4465 Dionysii,
1835 4423 1964 4456 nuno
1983 4414 2167 4464 vute-‚rt
2183 4414 2378 4463 anglico
2396 4414 2696 4473 Errinpburn.
