3308 5004
719 342 849 408 736
1216 357 1283 406 m
1333 356 1524 406 rsssro
1571 355 1910 405 nncotmr.
1964 356 2020 403 s,
2072 354 2303 403 somn.
2356 355 2536 404 narr.
2856 336 3061 404 Ano.
3109 337 3181 402 29

718 447 754 531 ξ
802 448 943 517 14.
989 442 1110 512 His
1157 441 1256 511 sic
1307 442 1541 532 gestiS,
1597 455 1792 532 pater
1849 441 2131 529 quidem
2201 441 2423 510 vivam
2473 438 2689 509 filiam
2739 438 3046 510 domum
3096 461 3187 510 re-

634 532 882 614 ducit,
933 544 998 601 et
1060 531 1389 620 lacrymis
1437 530 1646 601 simul
1696 543 1762 600 et
1808 530 2066 621 gaudio
2115 529 2398 619 plenuS,
2449 542 2516 597 et
2561 525 3092 609 admirabilem,
3136 540 3189 597 et

629 642 808 707 quae
855 632 1123 711 praeter
1167 619 1567 711 opinionem
1618 619 1988 700 acciderat,
2044 618 2231 688 filiae
2263 638 2557 688 narrans
2605 615 3181 706 redemptionem.

630 710 758 792 Qui
791 723 1022 780 autem
1071 708 1625 779 circumsistebat
1689 708 2031 799 populuS,
2088 705 2350 797 insigni
2399 703 2737 775 miraculo
2783 705 3185 796 obstupefa-

630 811 805 878 ctus,
843 800 1155 888 ingentes
1207 803 1337 867 Deo
1385 797 1630 887 agebat
1660 797 1942 887 gratias.
1984 798 2127 874 Quo
2166 795 2423 865 sactum
2452 808 2580 877 est,
2622 806 2699 864 ut
2747 795 3186 865 Praecursori

636 887 967 978 templum
1020 885 1163 956 illic
1201 898 1703 965 construerent,
1739 886 1863 955 ubi
1894 885 2153 954 factum
2189 883 2412 953 fuerat
2449 882 2905 953 miraculum.
2950 889 3029 954 In
3066 906 3184 972 quo

631 999 791 1046 cum
830 976 1016 1045 hunc
1064 996 1341 1045 sacrum
1391 988 1456 1043 et
1492 974 1869 1045 mirificum
1903 973 2200 1064 digitum
2238 972 2744 1062 deposuissent,
2779 993 2960 1043 eum
3009 971 3182 1042 sestis

633 1066 972 1135 honorant
1003 1064 1518 1146 anniversariis,
1548 1062 1994 1144 miraculum,
2029 1062 2211 1149 quod
2250 1061 2507 1132 factum
2546 1060 2791 1142 suerat,
2852 1083 2989 1151 per
3012 1084 3182 1131 com-

627 1153 1198 1223 memorationem
1272 1153 1812 1224 transmittentes
1873 1150 1961 1221 ad
2014 1164 2343 1242 posteros
2400 1150 2662 1220 Dicitur
2718 1150 2945 1220 etiam
3007 1149 3178 1220 aliud

629 1263 904 1330 quoque
965 1243 1221 1311 mirum
1271 1241 1404 1312 tale
1453 1240 1599 1310 lieri
1642 1241 1697 1310 si
1805 1262 1967 1310 um:
2021 1240 2245 1331 Hujus
2293 1239 2557 1309 scilicet
2604 1251 2896 1309 sanctae
2948 1261 3175 1309 manus

631 1331 1006 1418 aliquando
1052 1329 1330 1417 quidem
1373 1330 1664 1413 extendi⁴
1747 1330 1972 1430 igitos,
2004 1327 2382 1417 aliquando
2420 1349 2582 1420 vero
2627 1328 2990 1398 contrahi:
3026 1350 3176 1417 quo-

635 1420 1237 1521 rum-extensione
1282 1417 1563 1520 quidem
1629 1417 2014 1518 significari
2074 1418 2490 1488 fertilitatem
2556 1416 2926 1488 fructuum
2963 1473 2981 1499 ‚
3030 1440 3175 1488 con·

638 1522 964 1578 tractione
1010 1521 1265 1587 autem,
1323 1529 1628 1597 inopiam
1666 1521 1730 1577 et
1766 1529 2156 1597 penuriam.

718 1599 755 1685 ξ
802 1604 944 1669 15.
991 1603 1154 1666 Cum
1206 1609 1434 1666 autem
1487 1596 1733 1678 multi,
1797 1597 1920 1684 qui
1965 1609 2122 1665 ante
2174 1618 2298 1666 nos
2345 1594 2666 1678 fuerunt,
2721 1600 3166 1686 Imperatores

633 1687 810 1754 lianc
859 1707 1145 1754 manum
1195 1684 1702 1755 desiderassent
1757 1684 1999 1773 quovis
2050 1684 2252 1754 modo
2302 1682 2693 1775 possidere,
2762 1706 2901 1755 nec
2943 1685 3161 1762 sinere,

632 1787 708 1843 ut
757 1785 1022 1861 tantum
1073 1774 1334 1843 bonum
1395 1784 1700 1844 maneret
1747 1772 1930 1864 apud
1984 1773 2315 1842 barbaras
2390 1786 2672 1863 genteS‚
2723 1793 2921 1860 quae
2972 1787 3162 1865 partes

590 1863 788 1947 *illas
820 1875 1263 1952 occuparant,
1316 1863 1709 1952 captivum:
1763 1863 2147 1951 augebatur
2193 1861 2511 1950 quidem,
2568 1883 2649 1931 ac
2700 1862 2988 1953 vigebat
3042 1862 3161 1963 ejus

634 1952 727 2019 rei
778 1950 1237 2021 desiderium:
1293 1950 1408 2021 sed
1462 1952 1735 2031 modus,
1774 1973 1910 2038 quo
1961 1951 2027 2021 id
2073 1951 2522 2052 possiderent,
2580 1950 2779 2020 nullo
2834 1952 3038 2022 modo
3074 1972 3152 2020 m·

634 2039 850 2108 veniri
884 2052 1161 2129 poterat.
1200 2045 1460 2109 Etcum
1494 2040 1594 2108 eis
1618 2039 1994 2131 aliquando
2026 2062 2250 2111 visum
2283 2051 2483 2120 esset,
2515 2037 2751 2109 dando
2787 2041 3147 2130 pecuniam,

634 2127 836 2197 talem
886 2150 1287 2217 comparare
1337 2129 1767 2210 thesaurum,
1823 2131 2076 2211 aerem,
2132 2142 2208 2199 ut
2237 2141 2339 2199 est
2389 2129 2458 2196 in
2498 2129 2896 2218 proverbiO,
2936 2127 3149 2220 pugnis

631 2217 977 2286 caedebat.
1019 2217 1542 2289 Desiderabatur
1572 2239 1736 2307 ergo
1775 2219 1863 2287 ab
1889 2218 2265 2288 homnibus
2295 2240 2336 2288 a
2361 2217 2621 2305 quibus
2654 2239 2913 2296 nomen
2942 2214 3148 2287 Christi

631 2320 731 2375 est
774 2307 1204 2375 invocatum:
1248 2321 1312 2376 et
1344 2310 1773 2393 quicumque
1817 2307 1890 2374 in
1940 2307 2091 2394 ejus
2142 2307 2235 2376 rei
2286 2308 2690 2376 versabatur
2736 2307 3136 2397 cogitatione,

639 2402 845 2464 Deum
900 2395 1182 2485 rogabat
1211 2396 1584 2486 gemitibus
1618 2394 2228 2479 inenarrabilibus,
2260 2408 2337 2466 ut
2363 2394 2689 2485 benignis
2719 2397 2938 2466 oculis
2965 2412 3135 2463 suum

633 2483 1015 2574 adspiceret
1066 2484 1427 2573 populum,
1499 2496 1564 2555 et
1608 2485 1762 2575 ejus
1808 2507 1969 2554 eum
2017 2483 2317 2555 efficeret
2389 2506 2858 2575 possessorem
2908 2495 2961 2553 et
2998 2499 3126 2567 spe·

633 2586 984 2643 ctatorem.
1038 2575 1377 2656 Quoniam
1414 2586 1642 2644 autem
1680 2574 1957 2643 divinae
2007 2574 2477 2664 providentiae
2509 2586 2677 2644 sunt
2726 2573 2927 2644 omnia
2955 2587 3113 2665 prat}-

637 2662 852 2743 finita,
905 2663 967 2730 ei
1015 2663 1133 2749 qui
1182 2664 1418 2732 omnia
1469 2664 1833 2753 praescivit
1880 2675 2038 2732 ante
2089 2664 2430 2733 mundum
2480 2662 2874 2741 conditum,
2924 2656 3119 2754 daept·

635 2752 843 2821 cienti
879 2765 1187 2840 tempora
1235 2765 1507 2822 nostrae
1557 2752 1984 2834 inscientiae,
2054 2750 2315 2842 placuit
2365 2774 2484 2842 per
2548 2752 2806 2823 multas
2843 2769 2986 2819 suas
3015 2765 3131 2812 mt-

635 2841 1033 2920 serationeS,
1073 2841 1241 2911 utin
1273 2841 1399 2911 hac
1436 2862 1713 2929 quoque
1743 2841 2183 2931 generatione
2216 2841 2632 2911 revelaretur
2669 2841 2804 2911 hoc
2853 2852 3136 2927 magnum
3268 2877 3269 2884 κ

634 2941 698 2998 et
737 2929 1010 3019 insigne
1061 2930 1474 3000 miraculum
1505 2984 1520 3011 ,
1573 2929 1642 2998 in
1692 2953 1833 3017 qua
1896 2930 2385 3001 Constantinus
2439 2934 2522 3000 vl
2568 2942 2637 3001 et
2685 2935 3029 3000 Romanus
3066 2926 3133 3023 ll.

631 3019 750 3104 qui
799 3018 995 3108 digni
1045 3031 1208 3088 sunt
1243 3019 1514 3109 magnis
1551 3018 1915 3100 laudibus,
1968 3021 2056 3090 ab
2106 3019 2257 3108 ipso
2302 3034 2462 3089 ortu
2518 3020 2903 3110 purpureis
2953 3015 3134 3086 tamis

635 3106 946 3187 involuti,
1002 3107 1327 3207 regebant
1394 3108 1700 3178 habenas
1772 3109 2077 3197 Imperii.
2131 3108 2204 3177 Id
2256 3120 2488 3178 autem
2536 3119 2689 3187 est,
2760 3100 3139 3178 venerandae

529 3241 532 3246 -
637 3200 1107 3265 Praecursorts
1144 3217 1391 3267 manus
1437 3197 1837 3286 exportatio,
1878 3209 1944 3266 et
1991 3197 2328 3267 revocatio
2372 3197 2575 3287 (anno
2619 3197 2819 3284 956).

722 3286 758 3370 ἓ
807 3287 957 3356 16.
1013 3283 1254 3354 Modus
1300 3297 1528 3356 autem
1561 3285 2039 3367 revocationis,
2082 3298 2184 3356 est
2209 3285 2408 3356 valde
2441 3285 2791 3355 mirabilis
2819 3299 2894 3358 et
2942 3290 3155 3376 praeter

634 3372 1056 3462 opinionem.
1112 3378 1276 3443 Nam
1329 3374 1431 3443 vir
1461 3372 1790 3461 quidam,
1845 3375 1966 3463 qui
2029 3388 2176 3445 erat
2222 3375 2479 3445 relatus
2526 3375 2596 3443 in
2646 3389 2925 3446 sortem
2971 3372 3163 3443 diaco-

639 3482 884 3530 norum
934 3462 1329 3532 Antiochiae
1374 3463 1693 3544 civitatis,
1745 3464 1875 3534 Job
1923 3464 2246 3546 nomine,
2305 3485 2602 3554 superne
2660 3462 3080 3555 inspiratus,
3116 3468 3170 3559 ᾳῑ
3266 3493 3267 3516 1

635 3549 870 3618 divino
928 3550 1071 3620 zelo
1120 3551 1445 3641 repletus,
1502 3551 1689 3642 apud
1741 3574 1813 3623 se
1868 3552 2234 3644 cogitabat,
2290 3566 2516 3643 posset
2565 3574 2648 3622 ne
2711 3556 3173 3624 Praecursons

636 3639 1017 3709 suffuratus
1070 3645 1444 3723 Dexteram,
1476 3662 1627 3710 eam
1680 3641 1943 3710 donum
1977 3642 2446 3712 desideratum
2475 3640 2578 3710 lar
2629 3640 2717 3709 iri
2749 3639 3175 3714 Christianis:

635 3745 839 3816 atque
885 3728 1056 3799 adeo
1102 3727 1187 3799 ad
1222 3729 1424 3800 talem
1478 3730 1810 3831 processit
1856 3731 2376 3820 experientiam.
2418 3730 2584 3800 Pulc
2642 3752 2806 3801 rum
2865 3728 3179 3821 templum

634 3830 697 3886 et
745 3818 1091 3887 excelsum
1144 3818 1275 3890 sub
1315 3840 1586 3888 nomme
1628 3819 1806 3888 Petri
1845 3819 2324 3907 Apostolorum
2378 3819 2601 3909 princi
2655 3818 2716 3889 is
2755 3823 3185 3909 positumest

635 3907 704 3974 in
756 3927 838 3976 ea
883 3905 1177 3976 civitate.
1219 3912 1294 3976 In
1350 3908 1563 3996 hujus
1613 3907 1952 3979 vestibulo
2007 3931 2168 3980 cum
2231 3929 2427 3978 suam
2497 3908 2557 3979 is
2630 3907 2899 3980 ecisset
2944 3905 3189 3979 habita·

639 3995 914 4072 tionem,
966 4018 1129 4065 cum
1175 4017 1557 4077 sacrorum,
1609 4018 1788 4084 quae
1836 3996 1978 4084 illic
2024 4008 2253 4079 erant,
2307 4017 2626 4066 vasorum
2686 3998 2999 4069 custode
3056 3993 3189 4068 iniit
3264 4041 3265 4056 ι

636 4083 1040 4164 amicitiam,
1073 4097 1151 4153 ut
1187 4105 1264 4153 ea
1299 4084 1383 4153 de
1407 4107 1618 4155 causa
1652 4097 1942 4156 tentaret
1987 4109 2148 4158 cum
2177 4087 2327 4177 ipso
2367 4097 2504 4155 tota
2537 4098 2737 4156 nocte
2758 4084 3189 4159 venerandae

641 4194 891 4241 manus
927 4171 1234 4268 assidere
1268 4172 1517 4244 loculo.
1572 4179 1943 4275 Postquam
1995 4187 2221 4245 autem
2274 4173 2587 4266 petitioni
2647 4195 2786 4268 non
2844 4176 3113 4249 annuit
3146 4172 3192 4244 is

635 4260 750 4329 cui
783 4261 1043 4360 credita
1089 4261 1312 4362 suerat
1349 4263 1689 4346 custodia,
1744 4263 2178 4355 inopinatum
2228 4262 2395 4352 quid
2447 4263 2789 4355 cogitan5‚
2850 4265 2949 4337 ad
3002 4265 3191 4338 aliam

637 4361 877 4447 transit
913 4349 1518 4422 machinationem.
1575 4357 1742 4424 Cum
1793 4367 2201 4444 sumptuosa
2231 4364 2300 4423 et
2334 4350 2526 4423 lauta
2573 4356 2828 4426 mensa
2877 4377 3057 4428 eum
3094 4374 3191 4426 ex·

639 4435 1022 4519 hilarasset‚
1076 4452 1142 4508 et
1187 4439 1407 4510 amice
1452 4463 1614 4512 eum
1654 4441 1744 4512 ad
1793 4442 2172 4514 bibendum
2201 4440 2579 4526 invitando,
2617 4441 2707 4514 ad
2760 4441 3189 4533 profundum
