3308 5004
182 318 375 400 AUG.
434 319 515 385 16
872 337 950 383 oa
996 335 1261 386 masma
1305 337 1625 386 nnsssssm
1673 340 1736 385 n.
1779 338 1845 388 N.
1899 340 1952 386 J.
2004 338 2061 387 c.
2521 323 2651 390 395

182 431 253 491 et
311 421 697 494 adorantes.
753 419 954 491 Illinc
1003 421 1438 502 sacerdotes,
1520 433 1585 492 et
1631 422 1918 510 juvenes
1978 428 2435 514 Imperatores
2485 425 2740 516 (senes

183 510 375 581 enim
404 510 591 579 domi
626 523 1023 580 manserant
1109 522 1333 600 ropter
1362 511 1672 601 corporis
1714 511 2220 603 infirmitatem)
2255 536 2414 584 cum
2450 515 2741 605 psalmis

184 612 252 670 et
300 598 584 700 hymnis
632 612 697 668 et
738 599 1021 688 'copioso
1100 599 1359 673 umine.
1401 621 1524 690 per
1560 600 1971 682 descensum
2014 601 2099 671 ad
2145 624 2357 684 mare,
2392 624 2472 674 ea
2513 603 2583 672 in
2619 604 2742 674 tri-

185 711 365 758 remi
406 689 593 778 regia
625 710 868 758 rursus
903 687 1248 778 imposita,
1287 710 1498 779 prope
1528 690 1769 759 urbem
1813 691 2251 781 remiganteS,
2300 703 2377 761 ut
2404 692 2744 778 quodam-

187 775 399 846 modo
426 778 671 848 urbem
696 789 1129 846 conservaret
1160 798 1283 867 per
1308 778 1540 867 ipsum
1576 778 1641 846 in
1672 779 1850 847 mari
1873 779 2287 870 ingressum,
2321 780 2745 870 appulerunt

192 878 381 935 extra
413 887 694 938 murum
733 866 1052 945 civitatis,
1094 866 1216 953 qui
1247 879 1350 936 est
1388 866 1473 935 ad
1516 866 1976 937 Occidentem.
2022 872 2166 950 Quo
2200 867 2269 935 in
2306 867 2453 938 loco
2482 871 2740 959 egressi

191 976 227 1024 e
260 977 459 1037 nave,
502 954 796 1046 pedibus
828 954 1293 1045 ingredientes
1332 961 1813 1063 Imperatores,
1861 967 1926 1025 et
1966 968 2146 1027 totus
2186 969 2487 1042 senatuS,
2526 971 2593 1028 et
2632 981 2741 1029 sa-

191 1065 469 1113 crorum
506 1044 798 1113 Antistes
837 1066 998 1114 cum
1042 1057 1177 1113 tota
1223 1043 1551 1114 ecclesiae
1582 1045 2134 1136 congregatione,
2170 1066 2248 1114 eo
2287 1068 2424 1132 quo
2456 1068 2583 1138 par
2611 1046 2742 1118 fuit

187 1133 521 1202 comitatu
555 1133 923 1222 prosecuti,
982 1143 1333 1220 tamquam
1371 1132 1575 1201 aliam
1613 1156 1873 1214 arcam,
1919 1133 2021 1202 vel
2058 1134 2287 1225 potius
2315 1157 2526 1224 supra
2557 1157 2734 1217 eam,
2796 1149 2802 1155 '

187 1243 310 1290 vas
360 1220 815 1303 deducebant,
853 1221 1035 1307 quod
1073 1220 1191 1291 illa
1226 1221 1662 1292 sanctissima
1692 1236 1758 1292 et
1792 1222 2087 1312 pretiosa
2136 1222 2609 1295 custodiebat:
2665 1229 2742 1294 Et

185 1331 349 1381 cum
380 1332 560 1397 quae
606 1322 800 1379 erant
831 1323 1018 1380 extra
1061 1332 1296 1380 muros
1328 1309 1876 1380 transmisissent
1922 1333 2144 1399 usque
2183 1311 2268 1380 ad
2313 1327 2575 1402 portam
2619 1335 2743 1382 au-

187 1420 408 1480 ream,
446 1399 692 1469 deinde
724 1399 1018 1490 ingressi
1051 1399 1391 1469 civitatem
1435 1422 1593 1470 cum
1639 1399 2072 1489 psalmodiis,
2111 1413 2175 1469 et
2208 1400 2491 1489 hymnis
2522 1400 2741 1471 subli-

191 1487 474 1567 mibus,
545 1500 611 1557 et
673 1488 962 1557 canticis
1019 1487 1497 1578 spiritalibuS‚
1551 1500 1616 1556 et
1672 1488 1943 1558 infinito
2001 1488 2264 1558 lumine
2334 1488 2737 1580 lampadum

187 1576 544 1666 publicam
596 1577 1018 1647 celebrantes
1077 1577 1559 1647 deductionem
1598 1630 1614 1658 ‚
1681 1578 1808 1646 iter
1870 1577 2210 1647 faciebant
2261 1599 2380 1669 per
2439 1578 2737 1648 mediam

184 1665 558 1747 civitatem,
598 1665 1164 1735 sanctificationis
1210 1679 1276 1736 et
1323 1666 1588 1736 roboris
1640 1688 1761 1757 per
1806 1666 1936 1736 hoc
1984 1688 2134 1736 esse
2181 1667 2588 1757 participem
2640 1669 2740 1738 ci-

184 1754 464 1824 vitatem
492 1754 870 1836 credentes,
894 1755 1345 1842 illaesamque
1367 1768 1434 1824 et
1459 1755 2070 1847 inexpugnabilem
2097 1777 2245 1825 esse
2276 1755 2344 1824 in
2382 1769 2734 1827 aeternum

185 1843 759 1913 conservandam.

275 1934 313 2020 ξ
365 1936 508 2003 22.
564 1933 790 2002 Otiosa
839 1945 1068 2002 autem
1121 1931 1323 2002 turba
1368 1944 1825 2002 concurrente
1873 1931 1955 2000 ad
1996 1932 2493 2021 spectaculum,
2531 1933 2739 2003 homo

186 2020 474 2108 quidam
529 2021 951 2111 paralyticus
991 2034 1055 2089 et
1105 2020 1521 2102 imbecilluS,
1559 2033 1623 2090 et
1670 2021 1788 2108 qui
1815 2022 1961 2111 Jam
2001 2020 2204 2111 longo
2253 2033 2559 2112 tempore
2593 2024 2741 2091 suis

184 2110 612 2180 innitebatur
659 2109 965 2191 famuliS,
1003 2111 1322 2191 surrexit,
1368 2122 1446 2180 ut
1475 2109 1731 2179 videret
1760 2110 2062 2180 divinam
2091 2111 2482 2210 Imaginem
2519 2124 2741 2182 trans-

186 2211 493 2280 euntem,
535 2198 656 2286 qui
708 2197 1127 2286 simulatque
1173 2222 1323 2270 eam
1375 2198 1711 2287 adspexit,
1771 2211 2037 2288 praeter
2084 2199 2482 2288 opinionem
2526 2222 2740 2270 sanus

186 2287 494 2369 effectuS‚
542 2311 700 2358 cum
743 2288 1173 2377 cognovisset
1212 2309 1361 2360 esse
1410 2287 1853 2357 confirmatas
1900 2302 1964 2356 et
2013 2288 2488 2358 corroboratas
2537 2288 2738 2359 bases

185 2398 475 2447 suorum
531 2377 811 2467 pedum,
868 2375 1568 2448 accurritambulans
1620 2376 1790 2464 ipsis
1828 2376 2143 2466 pedibus,
2187 2389 2253 2446 et
2301 2376 2740 2446 exosculatus

184 2479 289 2536 est
335 2488 617 2556 capsam
666 2466 1024 2567 Imaginis‚
1076 2478 1141 2537 et
1190 2471 1401 2536 Deum
1440 2465 1932 2556 magnificavit,
1991 2486 2283 2537 narrans
2330 2464 2512 2553 quod
2565 2467 2634 2535 in
2669 2488 2742 2535 se

189 2553 449 2625 sactum
502 2555 724 2627 fuerat
759 2554 1201 2625 mlraculum.
1241 2561 1457 2638 Quem
1489 2578 1647 2625 cum
1687 2553 2019 2625 vidissent
2064 2576 2306 2624 omnes
2351 2554 2474 2641 qui
2524 2554 2736 2625 simul

187 2644 498 2725 aderant,
552 2659 617 2714 et
665 2645 869 2715 verba
915 2644 1070 2733 ejus
1116 2644 1566 2725 audivissent,
1620 2643 2000 2714 emiserunt
2049 2643 2339 2733 gloriam
2399 2648 2529 2712 Deo
2579 2643 2739 2713 uni-

185 2755 570 2815 versorum,
623 2733 744 2821 qui
792 2755 1065 2823 semper
1114 2733 1274 2804 facit
1322 2732 1786 2803 admirabilia.
1841 2739 2002 2801 Tam
2057 2732 2312 2801 multae
2360 2743 2588 2801 autem
2641 2732 2738 2801 la-

187 2844 469 2912 crymae
506 2845 667 2912 prae
697 2822 953 2913 gaudio
986 2835 1151 2893 sunt
1184 2821 1528 2914 profusae,
1563 2836 1627 2891 et
1653 2834 1789 2892 tam
1837 2822 2091 2892 multae
2124 2820 2209 2890 ad
2254 2826 2464 2890 Deum
2501 2842 2736 2909 preces

182 2924 249 2981 et
282 2912 661 3002 gratiarum
704 2912 1007 2981 actiones
1040 2912 1255 2982 factae
1290 2922 1451 2981 sunt
1480 2911 1566 2980 ab
1600 2910 1923 2981 universa
1956 2910 2249 2991 civitate,
2288 2909 2522 2979 divina
2558 2914 2738 2979 Ima-

186 3001 351 3090 gine
384 3012 449 3070 et
482 3000 869 3070 veneranda
918 3000 1223 3091 Epistola
1271 3012 1672 3070 transeunte
1707 3021 1830 3089 per
1877 2999 2177 3069 mediam
2214 2999 2555 3069 civitatem
2591 3053 2606 3080 ‚
2660 3011 2737 3068 ut

190 3089 421 3175 verbis
468 3088 797 3178 explicari
848 3101 1232 3176 nequeant,
1289 3100 1525 3179 utpote
1569 3088 1752 3175 quod
1803 3110 1979 3176 quae
2033 3087 2205 3157 vidit
2250 3086 2498 3158 oculus
2529 3142 2544 3169 ,
2601 3109 2737 3156 non

188 3178 409 3267 possit
436 3179 767 3266 consequi
806 3180 1045 3248 oratio.
1088 3184 1219 3249 Res
1249 3178 1461 3259 enim,
1499 3200 1677 3265 quae
1718 3189 1881 3248 sunt
1905 3177 2334 3264 excellentes,
2371 3176 2736 3266 pulchrius

180 3277 290 3336 est
334 3266 585 3347 videre,
640 3289 848 3355 quam
902 3268 1179 3337 audire:
1235 3268 1593 3354 solentque
1627 3266 1790 3335 talia
1838 3266 2231 3353 relinquere
2264 3288 2300 3335 a
2345 3279 2534 3356 tergo
2583 3286 2734 3334 ora-

186 3356 470 3437 tionem,
525 3360 688 3425 Cum
738 3378 900 3447 ergo
931 3357 1017 3426 ad
1054 3356 1305 3438 sorum,
1341 3355 1524 3443 quod
1567 3367 1670 3426 est
1707 3368 1866 3425 ante
1904 3355 2341 3445 Augustium,
2389 3356 2737 3424 venissent

186 3443 404 3515 duces
460 3444 672 3534 hujus
725 3444 1143 3515 celebritatis
1174 3500 1190 3527 ,
1243 3459 1309 3516 et
1355 3468 1395 3515 a
1443 3444 1552 3514 via
1599 3458 1782 3515 recta
1836 3466 2081 3534 parum
2132 3442 2599 3514 declinassent
2646 3443 2732 3513 ad

186 3533 571 3613 sinistram,
625 3534 913 3604 veniunt
952 3533 1037 3603 ad
1079 3532 1549 3605 clarissimum
1588 3532 1921 3623 templum
1976 3545 2254 3603 sanctae
2285 3533 2620 3621 Sophiae:
2673 3545 2739 3601 et

183 3622 369 3691 intra
417 3621 780 3712 adytorum
836 3622 1389 3713 propitiatorium
1441 3634 1786 3712 reponunt
1836 3622 2203 3713 pretiosam
2247 3622 2629 3711 Imaginem
2673 3633 2738 3689 et

182 3709 588 3801 Epistolam.
643 3716 811 3781 Cum
863 3710 977 3780 hic
1025 3725 1252 3781 autem
1305 3711 1660 3781 adorasset
1711 3723 1845 3781 tota
1885 3710 2229 3780 Ecclesiae
2263 3709 2732 3801 congregatio,

180 3812 271 3880 et,
326 3810 405 3868 ut
441 3822 563 3888 par
601 3813 724 3882 est,
769 3800 1194 3883 honorasset,
1250 3799 1445 3869 illinc
1495 3822 1741 3869 rursus
1801 3799 2058 3889 egressi
2108 3810 2270 3869 sunt
2304 3820 2463 3867 cum
2499 3809 2736 3867 sancto

182 3909 414 3968 onere,
451 3890 572 3976 qui
604 3890 1022 3980 peragebant
1056 3889 1606 3979 processionem:
1646 3900 1904 3957 etcum
1949 3888 2295 3958 venissent
2328 3887 2400 3955 in
2441 3886 2726 3975 regiam,

184 3976 255 4046 in
292 3977 491 4057 atrio,
529 3978 711 4065 quod
764 3979 1298 4069 cognominatur
1330 3977 1652 4057 Triclion‚
1716 3997 1795 4045 su
1850 3998 1925 4044 er
1983 3975 2306 4044 thronum
2367 3975 2735 4074 imperato-

178 4066 369 4135 rium
400 4119 420 4145 ‚
477 4066 548 4134 in
598 4088 733 4152 quo
782 4081 1291 4138 consueverunt
1339 4088 1446 4137 res
1499 4066 1755 4135 ondere
1842 4087 1878 4133 e
1931 4064 2136 4133 rebus
2187 4084 2460 4151 magnis
2494 4115 2509 4145 ,
2567 4074 2734 4131 tunc

179 4155 491 4223 divinam
525 4155 864 4226 collocant
896 4157 1305 4259 Imaginem,
1344 4154 1742 4225 catiedram
1794 4153 2079 4224 omnino
2128 4151 2549 4221 sanctificari
2600 4150 2735 4219 im-

181 4243 627 4333 peratoriam,
671 4256 737 4312 et
784 4244 991 4316 simul
1038 4245 1380 4333 justitiam
1430 4257 1494 4312 et
1546 4243 2039 4331 benignitatem
2090 4241 2190 4310 eis
2226 4239 2428 4332 plane
2464 4240 2728 4330 largiri,

180 4333 305 4418 qui
362 4332 433 4400 in
481 4355 561 4402 ea
613 4332 977 4417 sedebant,
1034 4357 1168 4403 non
1213 4333 1557 4403 immerito
1607 4331 1985 4400 credentes.
2041 4335 2318 4399 Intensa
2366 4342 2593 4400 autem
2648 4329 2734 4399 de

182 4441 378 4491 more
425 4419 601 4491 sacta
633 4423 960 4506 oratione,
1000 4437 1153 4515 post
1185 4445 1334 4493 eam
1386 4420 1770 4511 impletam,
1808 4420 1971 4489 hinc
2013 4418 2282 4490 sublata
2318 4418 2447 4490 suit
2498 4418 2736 4488 divina
