3308 5004
680 324 810 389 320
1404 337 1484 384 m:
1530 336 1587 384 s,
1641 334 2058 384 wmumramo
2108 335 2325 382 rausa.
2816 316 3003 383 AUG.
3062 317 3151 383 ⁴4

679 427 718 512 ξ
762 430 847 499 4.
902 429 1145 493 Beatus
1192 421 1377 491 enim
1408 421 1514 490 vir
1544 420 1656 490 die
1691 431 2036 506 noctuque
2066 434 2302 489 secum
2340 418 2539 488 tacite
2571 419 2927 488 revolvens
2964 418 3149 506 quid

595 514 850 585 sanctis
883 510 1279 582 doctoribus
1311 510 1661 600 Scriptura
1697 509 1998 578 veritatis
2034 508 2404 598 promittat,
2435 507 2714 577 dicens:
2757 508 2893 589 Qui
2916 519 3157 578 autem

594 604 775 672 docti
796 603 1075 691 suerint,
1126 600 1481 691 fulgebunt
1529 600 1732 689 quasi
1765 598 2078 689 splendor
2110 599 2572 686 *firmamenta-
2628 607 2691 666 et
2728 598 2849 687 qui
2893 597 2986 665 ad
3020 600 3158 687 ju-

591 693 852 760 stitiam
910 690 1225 760 erudiunt
1301 690 1579 769 multos,
1632 688 1835 778 quasi
1866 689 2105 756 stellae
2175 688 2245 754 in
2295 696 2663 777 perpetuas
2709 688 3155 755 aeternitates

592 779 793 869 (Dan.
845 778 986 867 ΧΗ).
1040 783 1170 847 Nec
1221 798 1434 855 mora,
1485 777 1587 845 vir
1634 796 1754 865 per
1800 775 2035 845 omnia
2074 780 2206 844 Deo
2245 773 2552 854 devotus,
2595 774 2866 844 coelesti
2903 774 3153 843 rhom-

593 868 815 958 phaea
847 866 1130 936 viriliter
1178 877 1530 946 armatus,
1586 863 2098 934 Ecclesiasticae
2143 863 2237 933 rei
2289 862 2636 934 destructa
2685 863 3139 943 reaedificat,

595 956 1036 1047 pessumdata
1067 966 1344 1025 strenue
1377 964 1732 1034 restaurat,
1770 964 1835 1021 et
1869 964 2246 1022 restaurata
2291 950 2531 1022 deifice
2577 951 2940 1042 gubernat,
2994 951 3151 1042 spi-

593 1044 828 1116 rituali
876 1066 1144 1114 vomere
1191 1042 1400 1112 corda
1451 1042 1669 1131 plebis
1716 1041 2061 1110 evidenter
2098 1044 2350 1122 exarat,
2404 1041 2691 1132 insuper
2722 1056 2787 1112 et
2833 1046 3149 1132 Evange-

595 1133 764 1205 licae
805 1133 983 1204 lucis
1031 1132 1296 1203 semina
1345 1152 1478 1199 non
1582 1151 1737 1200 arce
1780 1129 2119 1200 seminat:
2173 1131 2338 1220 quia
2386 1132 2508 1220 qui
2553 1153 2763 1221 parce
2818 1132 3141 1206 seminat,

588 1246 793 1314 parce
825 1234 886 1292 ec
932 1231 1129 1291 metet
1151 1221 1247 1310 (2.
1290 1223 1430 1290 Cor.
1468 1243 1533 1289 ix
1572 1272 1584 1285 .
1622 1218 1995 1289 Seminavit
2028 1219 2097 1287 in
2149 1217 2648 1299 benedictione,
2686 1232 2762 1289 ut
2811 1220 3146 1308 perennis

593 1312 832 1403 gaudii
869 1332 1157 1381 messem
1214 1321 1488 1378 meteret
1538 1309 1604 1376 in
1659 1307 2229 1377 remuneratione.
2293 1306 2665 1377 seminavit
2711 1308 2785 1376 in
2835 1308 3140 1398 spiritu,

593 1413 937 1487 quatenus
983 1399 1067 1467 de
1116 1397 1366 1489 spiritu
1427 1396 1739 1466 coelestis
1812 1397 2007 1486 regni
2076 1396 2567 1465 commercium
2627 1395 3015 1486 collegisset
3069 1398 3145 1465 iu

591 1489 848 1558 futuro,
891 1493 1168 1556 Messem
1220 1508 1377 1555 vero
1417 1486 1751 1555 Dominici
1786 1485 2033 1574 segetis
2064 1486 2347 1574 superni
2385 1485 2559 1555 roris
2603 1485 2880 1555 fluentis
2912 1486 3143 1557 inces-

594 1591 827 1647 santer
875 1576 1183 1667 irrigavit
1230 1575 1551 1666 irriguis,
1608 1588 1674 1643 et
1723 1573 1967 1643 exinde
2013 1573 2315 1643 fructum
2369 1573 2571 1643 modo
2620 1575 3082 1644 centesimum
3122 1629 3139 1653 ,

593 1666 798 1735 modo
839 1665 1338 1755 sexagesimum
1379 1663 1645 1733 Domini
1683 1663 1790 1732 sui
1833 1663 2203 1732 transvexit
2250 1662 2334 1732 ad
2390 1662 2734 1731 borreum.
2788 1663 3146 1750 Quicquid

593 1767 897 1824 terrenae
939 1752 1280 1823 facultatis
1328 1752 1430 1820 vel
1478 1751 1774 1822 aliorum
1811 1751 2196 1841 largitione,
2236 1750 2339 1820 vel
2373 1752 2687 1853 propriae
2716 1753 3147 1841 operationis

592 1842 825 1914 labore
872 1854 1288 1933 susceperat,
1328 1841 1423 1910 nil
1476 1841 1657 1910 ultra
1707 1840 2089 1910 naturalem
2141 1855 2348 1910 usum
2386 1839 2518 1910 sib1
2553 1853 2973 1932 poposcerat,
3012 1840 3146 1910 sed

590 1955 712 2023 per
761 1954 1009 2001 manus
1051 1950 1432 2021 pauperum
1467 1928 1548 1997 ad
1590 1930 1871 2019 superni
1923 1930 2126 2019 Regis
2157 1928 2463 2000 studiose
2510 1929 2892 1999 transmisit
2938 1951 3147 1999 aera-

589 2022 799 2101 rium,
838 2021 956 2090 ubi
1007 2019 1193 2089 fures
1227 2038 1361 2086 non
1390 2017 1725 2087 effodiunt
1774 2018 2273 2099 necfurantur,
2321 2040 2443 2087 nec
2482 2021 2739 2109 aerugo
2787 2040 2909 2088 nec
2947 2020 3147 2089 tinea

588 2109 984 2190 demolitur,
1030 2107 1311 2194 illicque
1358 2129 1475 2176 cor
1522 2128 1726 2176 suum
1764 2106 2369 2177 indissociabiliter
2399 2106 2746 2189 defixerat,
2800 2107 3143 2195 quoniam

594 2198 713 2267 illo
762 2210 896 2268 tota
948 2198 1196 2267 mentis
1245 2195 1623 2265 intentione
1680 2195 2075 2265 tetenderat.

680 2290 715 2373 ᾖ
762 2295 849 2359 5.
903 2292 1082 2356 Haec
1130 2298 1196 2355 et
1241 2285 1352 2355 his
1392 2284 1648 2355 similia
1687 2284 1853 2354 dum
1907 2286 2010 2355 vir
2069 2297 2350 2355 sanctus
2421 2306 2542 2373 per
2609 2284 2885 2375 singula
2935 2284 3146 2374 plene

641 2375 879 2465 eregit,
934 2388 1389 2460 utrorumque
1436 2373 1739 2444 locorum
1796 2374 2101 2465 regimen
2154 2375 2221 2443 in
2274 2373 2539 2444 Christo
2587 2373 2876 2443 firmiter
2921 2374 3147 2444 stabi-

620 2464 762 2547 ivit‚
820 2487 985 2535 suae
1035 2462 1474 2534 resolutionis
1515 2462 1922 2533 imminebat
1969 2476 2265 2553 tempuS,
2305 2474 2381 2532 ut
2423 2475 2694 2553 peracto
2735 2464 3146 2554 temporalis

594 2554 882 2624 militiae
930 2575 1331 2644 congressu,
1386 2552 1631 2622 Christi
1683 2552 1888 2643 Regis
1920 2566 2146 2623 castra
2198 2564 2574 2621 mereretur
2610 2553 2883 2621 *intrare
2938 2575 3146 2623 coro-

593 2643 891 2713 nandus.
930 2642 1052 2712 Ille
1086 2655 1313 2712 autem
1357 2641 1439 2710 ad
1476 2641 1840 2712 Dominum
1895 2664 2098 2712 suum
2133 2662 2290 2710 cum
2328 2640 2680 2730 duplicato
2715 2640 2965 2710 talento
2984 2642 3143 2730 jam

593 2733 725 2802 sibi
765 2731 1025 2801 credito
1058 2731 1277 2801 laetus
1327 2729 1548 2800 redire
1596 2752 1730 2799 non
1796 2730 2128 2820 trepidat,
2182 2729 2292 2798 cui
2347 2729 2733 2819 specialiter
2781 2729 3145 2800 Dominica

591 2843 755 2890 voce
803 2821 1065 2890 dictum
1104 2819 1319 2889 fuisse
1372 2840 1575 2887 nemo
1615 2830 1929 2888 nostrum
1992 2818 2301 2887 dubitat:
2354 2823 2541 2908 Euge
2602 2840 2790 2887 serve
2846 2819 3021 2887 bone
3073 2831 3143 2889 et

594 2908 842 2989 fidelis,
895 2908 1057 2995 quia
1108 2929 1315 2998 super
1411 2929 1585 2977 auca
1652 2907 1846 2976 fuisti
1918 2906 2184 2986 fidelis,
2239 2928 2452 2995 supra
2504 2906 2720 2976 multa
2767 2920 2829 2976 te
2884 2908 3144 2976 consti-

595 3011 810 3076 tuam,
864 2997 1045 3066 intra
1092 2996 1159 3063 in
1196 3018 1333 3086 gau
1388 2996 1529 3065 ium
1584 2995 1854 3065 Domini
1905 2996 2028 3066 tui.
2083 2995 2196 3064 Vir
2245 2995 2262 3062 i
2320 2995 2456 3064 itur
2510 3006 2793 3065 sanctus
2849 2996 2919 3063 in
2972 2994 3144 3066 villa

593 3090 1038 3156 Westervoert
1069 3084 1490 3173 supradicta,
1537 3085 1598 3152 vi
1645 3084 1942 3154 febrium
1993 3105 2279 3172 corpora
2317 3085 2438 3152 iter
2484 3096 2803 3164 attactus,
2847 3084 3139 3174 adopta·

593 3173 717 3244 bili
753 3174 1018 3244 dierum
1047 3174 1192 3264 jam
1230 3193 1517 3243 numero
1543 3186 1923 3262 provectus,
1957 3172 2179 3262 coepit
2224 3194 2430 3242 carne
2472 3172 2969 3262 languescere,‘
3015 3173 3140 3243 uia

596 3275 761 3331 tunc
811 3285 881 3332 se
931 3261 1267 3353 persensit
1315 3261 1380 3329 in
1433 3261 1667 3329 anima
1700 3260 2194 3330 convalescere.
2234 3262 2628 3332 Convocatis
2677 3262 2974 3349 itaquea
3062 3283 3141 3331 se

596 3350 715 3419 reli
776 3350 935 3421 iosis
971 3351 1134 3420 viris
1167 3350 1530 3437 utriusque
1565 3349 1876 3419 videlicet
1923 3349 2220 3429 ordinis,
2271 3371 2387 3420 eos
2447 3363 2523 3419 ut
2570 3363 2762 3441 pater
2815 3350 3141 3442 egregius

595 3439 663 3507 in
741 3438 852 3507 ide
898 3438 1370 3520 confortabat,
1422 3438 1661 3526 eisque
1710 3460 1864 3508 mox
1927 3461 1999 3508 se
2060 3440 2518 3530 migraturum
2584 3461 2734 3510 esse
2784 3439 2868 3508 de
2927 3460 3140 3509 carne

592 3527 958 3597 revelabat.
1011 3532 1140 3597 Nec
1177 3525 1381 3616 longo
1429 3541 1580 3617 post
1611 3526 1969 3598 intervallo
2016 3527 2217 3608 facto,
2257 3539 2651 3599 sanctarum
2688 3529 3138 3615 exequiarum

595 3638 781 3686 more
822 3629 1093 3707 peracto
1124 3670 1140 3697 ‚
1195 3617 1401 3686 totius
1447 3615 1857 3686 colluvionis
1908 3616 2283 3698 immunis,
2340 3616 2738 3686 meritorum
2810 3630 2909 3686 tro
2964 3616 3140 3687 haeo

592 3705 914 3796 insigniS,
967 3727 1048 3776 ex
1095 3706 1305 3794 hujus
1351 3705 1583 3774 carnis
1630 3705 1950 3796 migravit
2003 3705 2372 3796 ergastulo,
2438 3705 2585 3774 sine
2650 3705 2788 3774 fine
2848 3639 3140 3776 feliciter

587 3795 957 3886 gavisurus
1019 3795 1088 3863 in
1150 3794 1457 3863 Domino.
1526 3792 1695 3876 Quis
1742 3794 2048 3884 ambigat
2116 3795 2429 3864 omnium
2487 3793 2765 3863 illorum
2831 3793 3140 3863 lamenta

590 3883 887 3973 graviter
932 3883 1303 3973 ingruere?
1349 3883 1516 3965 Quis
1576 3883 2001 3953 adstantium
2063 3883 2394 3975 gemitum
2446 3882 2546 3952 vel
2615 3882 2849 3951 fletum
2911 3884 3141 3973 potuit

590 3973 975 4043 sustinere?
1015 3978 1170 4041 Erat
1210 3970 1348 4041 illis
1381 3973 1606 4060 itaque
1627 3973 1790 4062 jure
1823 3972 2330 4053 lamentandas,
2368 3971 2490 4058 qui
2537 3971 2742 4040 modo
2790 3971 2991 4041 nobis
3030 3984 3137 4042 est

590 4061 995 4163 suppliciter
1042 4060 1497 4132 venerandus.
1535 4061 1937 4150 Egrediente
1983 4062 2262 4147 quidem
2292 4072 2527 4130 sancta
2561 4059 2643 4128 de
2676 4059 2853 4129 mole
2899 4061 3135 4131 carnis

589 4152 847 4231 anima,
906 4150 1433 4220 circumstantes
1493 4162 1629 4219 tam
1700 4150 1860 4219 miri
1920 4148 2153 4220 odoris
2202 4149 2543 4220 invaserat
2579 4148 3003 4239 fragrantia,
3056 4162 3135 4218 ut

589 4239 860 4308 cunctis
896 4237 1452 4310 manifestissime
1501 4237 1990 4320 declararetur,
2048 4239 2230 4327 quod
2292 4238 2460 4308 tanti
2510 4237 2637 4306 viri
2685 4237 2972 4329 spiritus
3012 4259 3134 4329 per

592 4347 842 4396 manus
875 4328 1284 4416 Angelorum
1323 4326 1410 4396 ad
1460 4326 1818 4398 coelestem
1872 4328 2102 4398 aulam
2155 4327 2630 4397 deduceretur.

675 4417 711 4502 ξ
759 4421 852 4487 θ.
908 4421 1055 4486 Mox
1101 4429 1176 4485 ut
1225 4428 1472 4486 terram
1512 4416 1994 4505 hujuscemodi
2043 4438 2280 4487 rumor
2314 4416 2680 4507 pertonuit,
2729 4415 2929 4507 plebs
2963 4415 3127 4486 illuc
