3308 5004
735 351 864 418 708
1260 365 1327 414 in
1372 363 1568 414 usro
1613 363 1950 413 »scorta-r.
2007 366 2064 414 s,
2114 365 2342 414 somn.
2394 364 2576 413 narr.
2888 349 3098 417 Anu.
3135 350 3202 416 2!

732 457 770 542 ξ
813 457 903 526 ὅ.
956 451 1297 536 Quoniam
1348 462 1579 520 autem
1628 461 1707 521 tu
1751 449 1956 540 (haec
1999 451 2187 520 enim
2234 449 2407 520 dicit
2448 449 2753 541 Angelus
2809 451 3204 540 Zachariae)

646 543 839 612 visus
883 563 960 613 es
1009 562 1146 611 non
1196 540 1475 610 credere
1524 539 1701 610 meis
1744 539 1995 614 verbis.
2049 551 2117 610 et
2162 540 2340 618 eus,
2394 540 2518 628 qui
2566 561 2680 607 me
2726 538 2963 621 misit,
3009 552 3087 611 et
3107 543 3204 611 cui

646 632 919 711 assisto,
972 631 1294 701 virtutem
1345 649 1481 700 non
1531 627 1916 709 attendenS,
1971 561 2328 700 attendisti
2377 629 2606 721 potius
2647 629 3203 701 'imbecillitatem

646 721 978 812 corporis,
1028 730 1098 789 et
1143 718 1231 789 ad
1280 719 1409 788 boc
1458 716 1687 788 solum
1737 716 2156 809 adspexisti:
2211 717 2608 808 imponetur
2645 718 2776 788 tibi
2809 740 3084 808 poena,
3115 742 3205 789 vo-

645 810 749 880 cis
797 808 1110 885 mutatio,
1164 820 1230 877 et
1266 807 1487 877 donec
1516 806 1872 876 evenerint
1901 827 1982 876 ea
2021 827 2201 895 quae
2235 806 2421 877 dicta
2462 819 2649 889 sunt,
2692 806 2842 877 eris
2876 808 3205 880 obnoxius

646 898 944 969 silentio.
999 897 1240 968 Statim
1290 910 1522 967 autem
1573 916 1796 985 poena
1842 896 2063 979 affuit,
2114 908 2182 966 et
2230 895 2441 967 simul
2491 917 2652 966 cum
2706 896 2979 998 Ange-li
3030 920 3203 976 voce.

645 988 943 1057 extincta
988 1005 1268 1076 quoque
1312 997 1414 1055 est
1459 1005 1587 1054 vox
1632 985 2023 1055 Zachariae.
2075 990 2400 1078 Apertum
2451 1005 2610 1055 vero
2642 983 2806 1073 ejus
2847 986 3202 1062 indicium.

646 1087 884 1147 nutuS.
940 1081 1098 1145 Erat
1140 1075 1352 1155 enim,
1408 1073 1659 1161 inquit,
1710 1074 1814 1143 eis
1844 1095 2187 1157 annuens,
2231 1074 2490 1165 populo
2516 1073 2812 1154 scilieet,
2863 1087 3205 1167 propterea

645 1166 831 1253 quod
880 1165 944 1234 ei
992 1185 1219 1236 serr-no
1251 1163 1538 1234 deesset.
1577 1169 1798 1232 'l'uum
1841 1183 2008 1265 ergo
2044 1176 2146 1234 est
2178 1163 2329 1246 hoc,
2368 1185 2408 1232 o
2444 1161 2718 1232 Maximi
2758 1167 3203 1242 Praecursor,

644 1267 711 1324 et
755 1269 1052 1324 arcanae
1100 1266 1259 1323 tuae
1306 1253 1393 1322 ab
1444 1252 1642 1346 initio
1695 1264 2058 1342 potentiae,
2110 1264 2188 1322 ut
2233 1267 2299 1322 et
2346 1252 2525 1342 patri
2576 1250 2901 1322 solveres
2945 1253 3203 1346 linguae

647 1342 927 1413 vincula
974 1365 1055 1413 ex
1104 1341 1248 1412 solo
1296 1342 1623 1422 nomine,
1680 1355 1746 1411 et
1795 1343 1994 1411 matri
2045 1340 2387 1411 naturalis
2434 1339 2716 1431 pedicas
2775 1343 3203 1414 sterilitatis:

648 1432 830 1502 sicut
875 1432 1081 1502 etiam
1114 1430 1356 1501 multis
1389 1443 1645 1518 postea,
1687 1431 2147 1519 poenitentiae
2181 1430 2714 1520 praedicatione,
2757 1431 3062 1502 solvisti
3092 1433 3204 1502 vin·

646 1520 806 1590 cula
856 1533 1319 1611 peccatorum.
1374 1518 1976 1588 verumenimvero
2024 1519 2386 1589 Zacharias
2430 1519 2758 1606 quidem,
2816 1521 2925 1590 ab
2975 1544 3064 1592 eo
3091 1523 3202 1613 jam

649 1609 945 1700 peractis
986 1609 1238 1678 diebus
1286 1607 1677 1688 ministerii,
1722 1606 2008 1676 domum
2052 1609 2447 1678 revertitur:
2494 1607 2963 1679 Elisabethae
3003 1615 3200 1682 antem

647 1712 883 1791 postea
910 1721 990 1767 ex
1026 1697 1384 1787 inopinato
1413 1697 1641 1767 elucet
1670 1697 2050 1787 conceptio,
2089 1702 2169 1788 Et
2199 1696 2565 1768 abscondit
2591 1718 2686 1778 se,
2728 1698 3018 1785 inquit,
3049 1721 3195 1769 mea·

648 1809 758 1858 ses
803 1788 1140 1875 quinque,
1192 1785 1378 1873 quod
1432 1787 1501 1855 in
1550 1797 1925 1868 senectute,
1962 1798 2293 1875 tanquam
2325 1799 2593 1877 praeter
2623 1797 2958 1877 tempus,
2997 1810 3193 1858 conce

649 1877 887 1968 pisset‚
937 1876 1386 1946 erubescens.

736 1968 778 2052 ἕ
826 1970 922 2046 0,
977 1967 1172 2034 Sexto
1221 1974 1451 2034 autem
1504 1984 1743 2034 mense
1773 1984 1951 2050 quae
1984 1963 2068 2033 ad
2102 1984 2253 2033 eam
2286 1985 2536 2055 genere
2565 1963 2953 2046 attinebat,
2993 1967 3186 2037 Maria.

646 2053 803 2123 dico
854 2053 1239 2142 Deiparam‚
1288 2072 1472 2139 quae
1517 2052 1810 2154 degebat
1853 2053 1921 2121 in
1955 2051 2162 2122 domo
2200 2053 2444 2144 sponsi
2469 2052 2755 2142 Joseph‚
2799 2056 2944 2141 qui
2975 2056 3182 2124 eratin

646 2142 918 2212 civitate
965 2140 1320 2220 Nazareth,
1374 2163 1535 2211 oum
1584 2163 1643 2210 et
1697 2141 1838 2211 illic
1871 2141 2124 2211 allatus
2161 2154 2341 2213 esset
2372 2143 2596 2212 bonus
2632 2143 2961 2214 nuncius
2992 2143 3179 2214 earnis

646 2253 688 2301 a
734 2230 951 2301 Verbo
997 2230 1482 2321 susceptionis,
1530 2241 1599 2299 et
1641 2242 1919 2320 propter
1951 2253 2093 2300 rem
2136 2252 2386 2301 novam
2419 2230 2505 2300 de
2541 2244 2840 2301 naturae
2871 2232 3174 2302 dubitaret

646 2319 944 2408 leg-ibnS,
996 2333 1232 2409 aperte
1277 2319 1471 2388 audit
1516 2319 1605 2388 ab
1652 2318 1932 2408 Angelo,
1985 2331 2051 2388 et
2089 2320 2351 2408 alioqui
2390 2319 2862 2390 confirmante
2887 2320 3172 2409 quotidi-

644 2420 857 2489 xerat,
912 2422 977 2479 et
1024 2408 1108 2478 ad
1162 2408 1370 2478 fidem
1422 2407 1734 2477 trahente
1781 2406 1901 2476 tali
1948 2409 2309 2499 exemplo:
2365 2413 2531 2483 Ecce
2577 2408 2770 2477 enim
2833 2411 3034 2498 quod
3089 2431 3163 2478 ω»

646 2512 855 2588 gnata
904 2511 1020 2569 tua
1073 2497 1413 2568 Elisabeth
1467 2498 1618 2588 ipsa
1651 2518 1929 2587 quoque
1959 2498 2276 2589 concepit
2307 2497 2529 2568 fili-um
2562 2497 2633 2567 i‘n
2661 2512 3154 2571 senectutem:

645 2599 712 2656 et
759 2586 872 2656 hic
920 2598 1021 2657 est
1070 2598 1303 2657 sextus
1354 2588 1612 2677 mensis
1657 2586 1722 2657 ei
1770 2607 1949 2674 quae
1998 2600 2282 2658 vocatur
2328 2586 2607 2657 sterilis.
2663 2587 2946 2659 Deinde
2986 2585 3144 2683 μῦ

644 2688 798 2766 post
843 2677 1291 2763 consequitur
1339 2675 1591 2745 Mariae
1634 2698 1800 2746 cum
1851 2676 2286 2746 festinatione
2335 2677 2410 2745 in
2459 2689 2791 2746 montana
2844 2694 3144 2750 ascensus,

643 2776 711 2835 et
754 2764 911 2853 ejus
957 2766 1026 2833 in
1078 2764 1364 2835 domum
1416 2766 1780 2835 Zachariae
1828 2765 2190 2835 adventus.
2245 2765 2612 2836 Festinavit
2657 2766 2890 2845 enim,
2950 2780 3020 2838 ut
3050 2784 3154 2856 ga-

647 2853 987 2923 tularetur
1034 2854 1380 2923 Elisabeth
1430 2854 1517 2922 de
1574 2856 1754 2924 bono
1819 2854 2077 2924 nuncio
2140 2855 2356 2943 hujus
2425 2876 2639 2923 novae
2700 2853 3157 2947 concepti&

645 2943 918 3012 Accedit
962 2963 1151 3031 erg-0,
1204 2954 1270 3012 et
1317 2942 1618 3033 benigne
1661 2965 1814 3011 eam
1867 2943 2121 3013 salutat
2169 2965 2291 3013 seu
2340 2942 2669 3034 appellat.
2716 2945 3157 3016 Salutation-

646 3045 807 3112 tem‚
860 3044 963 3103 est
1008 3030 1241 3100 dulcis
1285 3032 1614 3101 exultatio
1662 3031 1969 3114 infantiS,
2020 3032 2144 3120 qui
2192 3044 2293 3101 est
2333 3032 2403 3101 in
2443 3045 2660 3102 utero.
2694 3033 2879 3104 Jam
2912 3034 3147 3105 edna

644 3132 877 3189 ventre
927 3119 1266 3189 didicerat
1311 3140 1553 3191 servus
1604 3122 2020 3201 Dominum,
2075 3122 2196 3209 qui
2244 3133 2390 3190 erat
2438 3120 2507 3189 in
2557 3133 2856 3192 ventre:
2919 3136 2976 3192 et
3007 3136 3146 3188 m

647 3210 973 3279 sensisset
1020 3213 1171 3300 ejus
1220 3210 1289 3278 in
1346 3209 1688 3279 mundum
1738 3210 2138 3291 adventum,
2193 3209 2592 3279 mirandum
2633 3210 2707 3278 in
2748 3205 3153 3283 modmhb

647 3298 942 3366 tabatur.
990 3303 1132 3368 Hoc
1160 3299 1348 3367 enim
1387 3312 1621 3389 aperte
1651 3299 2055 3369 ostendebat
2088 3298 2264 3369 laeta
2296 3298 2647 3369 exultatio.

732 3387 772 3473 ξ
818 3390 895 3457 1.
951 3392 1044 3457 Ne
1093 3398 1155 3456 te
1203 3387 1407 3457 lateat
1456 3400 1684 3458 autem
1727 3410 1984 3479 magna
2023 3387 2458 3458 Elisabethae
2498 3388 2921 3471 moderatio,
2949 3383 3182 3460 etw-

646 3474 887 3545 missio
933 3498 1094 3545 cum
1144 3476 1542 3546 admirabili
1594 3477 2084 3568 praedictione.
2141 3478 2600 3548 Erubescebat
2639 3478 2870 3559 enim,
2913 3473 3186 3568 thd

644 3582 794 3632 eam
844 3565 1143 3635 venisset
1191 3565 1417 3657 Virgo,
1470 3590 1629 3635 cum
1682 3566 1751 3635 id
1800 3567 1952 3655 ejus
2001 3565 2205 3668 longe
2251 3578 2611 3656 superaret
2657 3566 3196 3659 dignitatemAEt

645 3652 825 3733 ideo,
882 3654 1073 3723 Unde
1122 3655 1250 3723 hoc
1291 3655 1516 3724 mihi?
1554 3656 1804 3744 inquit.
1842 3657 2033 3725 Sicut
2063 3666 2270 3725 ettam
2301 3655 2497 3726 illius
2533 3654 2726 3725 filius
2770 3655 3198 3729 samad&-

648 3742 821 3811 mini
871 3743 1270 3825 adventum,
1321 3756 1389 3813 et
1436 3757 1510 3814 tn
1558 3746 1753 3815 venis
1789 3745 1876 3813 ad
1905 3766 2043 3826 me,
2078 3744 2320 3815 dicens
2355 3746 2431 3815 in
2473 3756 2786 3834 tempore
2821 3747 3197 3839 baptism·

645 3830 754 3900 tis.
790 3831 955 3902 Vide
980 3845 1235 3913 autem,
1268 3833 1857 3920 quemadmodum
1889 3833 2235 3925 Virginem
2258 3832 2771 3927 appellat.Eam
2797 3847 2874 3905 et
2897 3847 3202 3907 mue-i.

643 3931 709 3989 et
756 3920 1113 3990 dominam
1166 3940 1363 3991 suam
1416 3924 1750 4004 nominat,
1804 3923 2187 4011 quinetiam
2237 3922 2671 3992 benedictam
2709 3921 2902 3994 dic&
2945 3924 3027 3995 in
3059 3944 3206 3996 'um-

645 4008 955 4079 lierihus.
1014 4016 1090 4080 Et
1140 4010 1233 4090 id,
1286 4011 1470 4098 quod
1521 4012 1831 4102 gestabat
1877 4013 1950 4080 in
2000 4026 2220 4093 utero,
2265 4011 2571 4082 fructum
2603 4014 2874 4083 ventris
2907 4014 3206 4115 ejustp·

644 4097 858 4185 pellat
902 4096 1429 4179 admirabiliter,
1481 4113 1549 4170 et
1588 4115 1865 4192 praeter
1912 4102 2338 4191 opinionem.
2384 4099 2563 4185 Quid
2599 4100 2728 4170 hoc
2755 4102 3208 4193 signiae-ns·

644 4187 833 4268 Quod
884 4190 1176 4258 seminis
1226 4188 1352 4258 viri
1403 4190 1693 4259 minime
1740 4203 1886 4260 erat
1944 4190 2311 4283 particeps.
2379 4195 2458 4261 Et
2515 4191 2586 4259 in
2652 4189 2872 4262 domo
2926 4190 3208 4281 quiden

642 4274 1076 4347 Elisabethae
1124 4277 1456 4348 habitavit
1502 4279 1617 4348 Vir
1666 4301 1706 4348 o
1751 4280 1939 4349 circa
1984 4292 2125 4349 tres
2167 4300 2461 4352 menses.
2512 4278 2889 4351 Deindeea
2926 4281 3210 4370 quiden

642 4363 745 4432 sic
790 4363 1077 4436 domum
1131 4367 1517 4447 revertitur,
1574 4373 1622 4437 E
1654 4369 2008 4439 isabethae
2057 4380 2286 4439 autem
2338 4366 2704 4458 impletum
2752 4367 2895 4440 fuit
2929 4378 3212 4464 tenpus

641 4453 982 4543 pariendi.
1037 4460 1352 4538 Quanam
1403 4477 1560 4527 vero
1606 4457 1693 4527 de
1739 4478 1955 4528 causa
1999 4457 2089 4529 ad
2135 4471 2277 4529 tres
2324 4477 2622 4540 mensem
2655 4467 2727 4529 et
2757 4478 2906 4530 non
2947 4460 3208 4553 pines
