3308 5004
199 331 353 399 Aur..
399 332 437 396 6
950 349 1029 397 nn
1074 346 1578 397 rnansrrcuax‘r.
1631 348 1881 400 emusrr
2488 332 2617 398 485

197 433 582 506 cernebatur.
639 438 1000 505 Testantur
1030 432 1251 503 oculi:
1291 432 1533 523 lingua
1579 433 1766 503 enim
1800 433 2029 503 dicere
2059 455 2195 505 non
2231 433 2500 504 didicit.
2546 438 2709 524 Spe-

196 522 499 593 ctaculum
551 535 780 592 autem
830 520 1195 614 splendore
1241 543 1478 591 eorum
1544 543 1727 610 quae
1772 522 2218 605 videbantur,
2267 522 2568 615 fulguris
2601 524 2706 593 in-

190 625 312 683 star
354 611 859 702 praestringens
905 609 1183 692 oculos,
1238 610 1294 680 si
1354 610 1659 681 nificavit
1706 611 1907 682 Orbis
1953 625 2171 682 terrae
2217 613 2529 683 futurum
2578 618 2707 683 Ju-

186 699 402 770 dicem.
455 700 651 770 Visae
709 711 871 770 sunt
928 714 1154 770 autem
1223 720 1303 768 vo
1358 698 1579 769 iscum
1658 713 2053 788 praesentes
2135 723 2255 771 eae
2300 723 2479 789 quae
2539 713 2709 779 sunt,

185 790 464 859 vivorum
494 801 561 859 et
612 802 1037 860 mortuorum
1089 787 1172 858 ad
1209 787 1528 858 virtutem
1584 789 1967 878 primitiae,
2021 801 2097 859 ut
2143 791 2453 861 vivorum
2490 790 2699 860 simul

186 890 241 950 et
262 891 677 947 mortuorum
726 877 1048 948 Judicem
1090 877 1456 946 Dominum
1486 877 1883 966 praedicent
1908 880 2403 968 praesentibus.
2439 885 2705 968 Moyses

185 966 341 1035 enim
388 965 660 1036 virtutis
687 967 827 1037 dux
874 979 939 1036 et
978 966 1349 1057 legislator,
1391 978 1608 1035 morte
1657 966 1921 1036 excedit
1967 991 2004 1039 e
2053 970 2213 1037 vita:
2249 968 2431 1037 Elias
2469 981 2697 1037 autem

191 1054 392 1127 divino
421 1055 567 1125 zelo
600 1077 958 1137 accensus,
1016 1054 1199 1146 ignis
1247 1054 1494 1146 auriga
1526 1054 1849 1126 efficitur:
1898 1069 1963 1125 et
2009 1078 2166 1127 cum
2217 1079 2429 1127 cursu
2468 1069 2738 1125 vectus.

184 1157 331 1214 esset
369 1166 498 1246 ‘per
535 1149 787 1226 aerem,
842 1145 1026 1234 leges
1075 1157 1362 1213 naturae
1404 1144 1772 1225 transiliit,
1830 1144 2005 1214 viam
2058 1146 2418 1215 inveniens
2485 1157 2701 1215 morte

183 1253 607 1320 superiorem.

252 1323 287 1409 ξ
327 1328 417 1393 6.
472 1327 637 1392 Cum
691 1322 760 1391 in
811 1321 999 1392 hunc
1034 1320 1259 1392 locum
1302 1321 1715 1412 perveneriS,
1765 1321 1871 1391 fac
1920 1335 1996 1392 ut
2030 1323 2099 1391 in
2157 1322 2557 1392 memoriam
2594 1323 2702 1391 re-

179 1431 351 1481 voces
384 1410 656 1480 Domini
691 1424 949 1501 rogata‚
981 1423 1045 1480 et
1095 1432 1423 1500 responsa
1462 1410 1966 1500 discipulorum
1999 1434 2013 1479 :
2050 1433 2208 1481 cum
2248 1411 2364 1480 alii
2413 1410 2696 1497 quidem

176 1497 391 1581 Eliam,
448 1498 567 1568 alii
602 1522 760 1570 vero
808 1521 1024 1569 unum
1076 1521 1156 1569 ex
1206 1498 1585 1589 Prophetis,
1638 1499 1759 1568 alii
1809 1521 1965 1569 vero
2020 1500 2427 1591 Prophetam
2479 1499 2703 1569 nomi-

175 1602 429 1658 narent:
502 1587 807 1658 viderent
853 1600 1082 1657 autem
1146 1610 1304 1658 eum
1358 1588 1632 1658 adorari
1680 1611 1722 1658 a
1775 1587 2152 1677 Prophetis.
2207 1595 2470 1678 Moyses
2536 1609 2702 1677 sup·

172 1674 380 1763 plicat,
426 1675 612 1746 Elias
650 1699 723 1747 se
755 1675 1079 1747 inclinat:
1124 1690 1190 1746 et
1224 1678 1588 1748 Dominum
1617 1699 1791 1758 esse,
1832 1699 1967 1747 non
2022 1699 2321 1756 servum,
2362 1688 2700 1747 testantur

171 1783 309 1834 eum
355 1766 480 1853 qui
527 1766 835 1836 aderant.
876 1767 1002 1836 Sed
1041 1771 1277 1836 Petrus
1322 1765 1592 1836 etiamsi
1626 1765 1791 1834 haec
1826 1765 2105 1847 videret,
2138 1766 2445 1836 nondum
2497 1765 2701 1835 doee-

173 1862 288 1934 tur,
337 1868 413 1924 ut
460 1855 666 1944 cujus
697 1867 875 1925 esset
911 1855 1112 1925 obstu
1165 1855 1382 1924 efacta
1422 1854 1594 1924 ratio
1646 1853 2127 1943 magnitudine
2169 1852 2692 1924 miraculorum.

167 1944 314 2011 Nam
360 1957 638 2034 propter
683 1943 1059 2033 spectaculi
1141 1943 1541 2022 esiderium,
1596 1944 1908 2012 omnium
1961 1943 2414 2025 obliviscitur,
2449 1956 2514 2013 et
2554 1942 2702 2012 loco

167 2027 472 2121 alligatur
506 2046 874 2133 superatus
912 2054 952 2101 a
1000 2032 1216 2101 nimio
1264 2032 1543 2123 gaudio.
1580 2033 1968 2112 Faciamus,
2005 2032 2253 2121 inquit,
2304 2034 2434 2102 tria
2474 2031 2698 2102 taber-

165 2120 438 2215 nacula:
495 2121 621 2191 tibt
669 2143 917 2201 unum,
972 2120 1187 2211 Moysi
1237 2144 1483 2202 unum,
1540 2133 1606 2189 et
1653 2120 1838 2190 Eliae
1886 2144 2134 2191 unum.
2202 2122 2439 2212 Arguit
2495 2143 2696 2191 suam

165 2210 677 2296 lgnorationem,
717 2210 1084 2280 Dominum
1123 2232 1259 2279 una
1309 2232 1467 2280 cum
1513 2210 1732 2279 servis
1778 2230 2220 2280 enumerans..
2277 2209 2703 2280 Existimavit

162 2295 516 2385 subjectos,
560 2320 709 2368 esse
745 2299 1029 2369 Domino
1076 2299 1398 2386 aequales
1447 2298 1729 2367 honore.
1787 2298 1912 2369 Sed
1964 2321 2096 2368 non
2153 2299 2409 2368 mansit
2456 2305 2695 2368 Petrus

164 2382 222 2450 in
254 2384 379 2457 hoc
411 2387 577 2457 vitio
611 2387 1064 2478 ignorantiae.
1111 2393 1275 2458 Nam
1311 2409 1469 2457 cum
1509 2387 1766 2456 tonitru
1788 2387 2086 2475 desuper
2131 2387 2498 2474 erupisset,
2534 2407 2696 2456 cum

160 2470 383 2546 timore
432 2488 631 2546 curat
678 2476 1220 2568 ignorationem,
1285 2474 1786 2567 propemodum
1836 2497 1996 2546 cum
2060 2477 2352 2565 strepitu
2403 2475 2532 2546 hoc
2583 2496 2697 2544 ex-

161 2560 495 2634 clamans:
537 2571 671 2635 Cur
716 2587 946 2637 servos
991 2588 1151 2636 cum
1190 2566 1478 2635 Domino
1525 2565 1997 2653 comparatis?
2035 2564 2253 2636 Vultis
2288 2564 2467 2634 scire
2504 2563 2702 2632 diffe-

159 2652 485 2723 rentiam?
521 2657 650 2724 Hic
707 2665 802 2725 est
837 2657 1026 2744 filius
1062 2659 1261 2724 'meus
1313 2655 1645 2724 dilectus.-
1690 2653 1854 2723 Illos
1901 2655 2126 2724 creavi
2175 2675 2442 2734 servos,
2509 2653 2700 2722 hunc

158 2736 362 2811 filium
398 2766 485 2813 ex
528 2764 677 2813 mea
724 2743 931 2845 genui
967 2743 1287 2813 essentia.
1328 2748 1515 2812 Meus
1553 2756 1654 2812 est
1685 2741 1894 2823 fitius,
1939 2742 2211 2813 etiamsi
2261 2742 2442 2812 servi
2477 2741 2699 2811 forma

159 2843 420 2920 propter
451 2853 571 2902 vos
595 2844 697 2902 est
726 2832 1039 2901 indutus.
1076 2832 1293 2901 Habet
1327 2831 1578 2912 lucem,
1617 2831 1705 2900 ad
1734 2853 1941 2918 quam
1983 2830 2218 2900 accedi
2274 2853 2406 2901 non
2446 2842 2688 2922 potest,

155 2917 408 2989 etiamsi
455 2933 731 3011 propter
777 2943 896 2991 vos
940 2920 1140 2989 babet
1176 2920 1562 2991 moderatos
1614 2920 1866 2991 radios
1905 2924 1954 2991 Ο
1989 2920 2221 2990 beatos
2268 2919 2529 3001 oculoS,
2568 2918 2691 3006 qui

158 3003 490 3079 Christum
526 3023 792 3079 contem
850 3006 1083 3078 lantur
1131 3009 1450 3078 indutum
1485 3009 1705 3078 instar
1751 3010 2012 3099 sponsi.
2067 3013 2118 3079 Ο
2153 3009 2349 3079 beata
2400 3007 2694 3088 lumina,

156 3112 310 3177 quae
358 3096 743 3167 terribilem
843 3098 972 3168 iem
1005 3097 1256 3188 judicii
1303 3099 1366 3166 in
1424 3098 1570 3167 miti
1632 3112 1926 3168 cernunt
1964 3098 2216 3187 specie.
2273 3102 2459 3181 Quae
2507 3096 2694 3167 enim

157 3199 418 3256 cernent
470 3198 840 3257 trementes
885 3186 1146 3277 Angeli,
1200 3209 1279 3257 ea
1336 3186 1494 3256 laeti
1546 3185 1865 3256 viderunt
1938 3187 2277 3256 homines.
2343 3190 2696 3269 Quaenam

153 3272 316 3343 enim
361 3276 469 3345 vis
503 3275 864 3346 oculorum
916 3290 1134 3364 potest
1180 3275 1364 3345 diem
1400 3274 1774 3345 terribilem
1828 3275 2063 3345 subire
2101 3275 2379 3365 judicii,
2415 3273 2696 3362 quando

153 3366 304 3430 terra
353 3364 647 3451 quidem
697 3364 1103 3444 movebitur,
1147 3377 1211 3434 et
1254 3386 1463 3443 mare,
1520 3364 1705 3451 quod
1760 3365 2119 3434 hominum
2148 3387 2229 3434 ex
2276 3363 2490 3434 Adam
2539 3375 2692 3433 orta

152 3446 416 3522 ebulliet
444 3475 781 3542 corpora:
884 3453 1232 3523 uatientur
1265 3475 1418 3523 vero
1449 3453 1811 3522 coelicum
1863 3452 2162 3544 AngeliS,
2205 3453 2516 3522 timorem
2556 3472 2695 3521 non

155 3531 476 3611 ferentes?
510 3541 856 3632 Complica
911 3543 1048 3612 itur
1091 3543 1274 3612 enim
1319 3542 1615 3622 coelum,
1650 3554 2000 3628 tamquam
2046 3548 2226 3633 Rege
2250 3551 2694 3612 transeunte:

153 3643 410 3716 repente
462 3652 627 3701 vero
671 3629 1077 3700 contrahent
1109 3629 1435 3700 satellites
1476 3629 1797 3700 vestibuli
1851 3630 2404 3721 peripetasmata.
2458 3628 2704 3699 Ablato

158 3728 357 3786 autem
413 3719 639 3799 coelo,
691 3718 1169 3810 Angelicarum
1219 3719 1497 3806 quidem
1535 3733 1945 3808 potestatum
1995 3742 2154 3790 cum
2210 3718 2578 3808 splendore
2629 3739 2705 3787 se

157 3802 416 3878 offerent
450 3808 761 3888 ordineS,
818 3806 1007 3877 mille
1055 3807 1276 3877 millia
1323 3807 1740 3897 Angelorum
1773 3862 1788 3888 ,
1843 3822 1908 3878 et
1954 3807 2183 3878 decies
2235 3806 2426 3876 mille
2480 3805 2701 3875 millia

163 3897 684 3974 praecurrentia.
728 3896 1084 3968 Videbitur
1114 3896 1804 3967 autemdescendens
1833 3897 2187 3977 Dominus,
2227 3894 2486 3986 insigni
2519 3892 2698 3975 luce,

167 3974 437 4072 fulguris
493 3986 738 4065 instar,
791 3984 1151 4057 illustrans
1184 3986 1446 4056 omnia.

232 4072 375 4155 ξῖ.
434 4074 618 4158 Quis
661 4095 826 4165 ergo
862 4095 1126 4156 eorum,
1165 4096 1343 4161 quac
1390 4073 1855 4154 videbuntur,
1909 4072 2205 4143 sufficiet
2261 4069 2708 4163 spectaculo?

167 4155 297 4235 Quis
331 4178 614 4234 metum
675 4163 915 4254 poterit
961 4163 1318 4233 dimetiri?
1365 4163 1435 4232 Si
1496 4163 1680 4232 enim
1743 4163 2169 4252 repentinam
2227 4184 2362 4231 non
2413 4160 2703 4231 ferimus

166 4241 435 4347 fulguris
486 4251 1064 4333 coruscationem,
1118 4251 1234 4321 sed
1270 4273 1352 4321 ea
1397 4273 1555 4320 eum
1591 4251 1713 4338 qui
1760 4251 2005 4333 cernit,
2052 4250 2121 4319 in
2152 4250 2446 4320 humum
2499 4270 2704 4339 saepe

159 4327 406 4423 dejicitz
444 4340 626 4428 quid
676 4339 924 4410 dixerit
968 4341 1345 4431 quispiam,
1400 4340 1817 4410 exorientem
1874 4361 2036 4410 eum
2086 4337 2352 4418 videns,
2391 4338 2511 4426 qui
2563 4336 2702 4407 ful-

156 4434 384 4508 gurat?
435 4428 728 4517 quando
775 4430 1043 4501 sonitus
1090 4428 1419 4499 tubarum
1474 4429 1816 4499 vocabunt
1875 4442 2182 4499 mortuos
2228 4450 2265 4498 e
2315 4426 2700 4518 sepulcris:
