3308 5004
688 347 773 412 52
1175 361 1252 407 m:
1300 360 1356 407 s.
1408 357 1834 408 nrantwozoo
1882 357 2309 407 Wlu‘romssust
2358 356 2556 406 amsc.
2866 337 3055 405 AUG.
3108 339 3133 403 l

596 464 782 522 eum,
837 440 1161 511 manibus
1239 453 1343 510 ost
1376 453 1643 531 tergum
1696 440 1949 531 ligatis,
1991 440 2059 508 in
2115 439 2328 508 maris
2378 436 2721 528 profundo
2762 438 3007 528 mergi.
3042 437 3145 507 Ibi

596 531 924 603 continuo
973 530 1178 598 vincu
1210 552 1251 599 a
1294 529 1443 620 ejus
1490 530 1769 619 dirupta
1819 540 2022 609 sunt,
2077 541 2144 598 et
2190 528 2458 618 angelis
2489 527 2708 616 ipsius
2758 547 3012 596 manus
3054 539 3149 595 te·-

600 621 950 699 nentibuS,
989 639 1200 708 super
1247 618 1472 688 undas
1503 618 1987 695 deambulans,
2018 616 2103 685 ad
2158 616 2323 686 litus
2351 616 2556 686 venit.
2592 622 2783 685 Tunc
2831 614 3178 685 Ruffinus-

589 709 826 801 jussit,
880 709 1126 777 iterum
1185 721 1408 777 cutem
1460 708 1611 799 ejus
1660 706 1946 797 ungulis
1997 706 2268 775 detrahi
2300 760 2315 785 ,
2369 728 2448 775 ac
2495 704 2747 773 deinde
2794 725 3018 792 usque
3064 702 3152 772 ad

599 818 758 868 ossa
794 796 1063 874 laniari,
1117 810 1183 866 et
1230 795 1473 866 tandiu
1524 795 1808 865 vulnera
1859 794 2264 865 vulneribus
2313 794 2712 875 instaurari,
2758 792 3152 882 usquedum

597 887 936 956 invictum
971 885 1235 955 Christo
1268 885 1591 975 spiritum
1647 883 1966 953 reddidit.
2004 889 2267 973 Corpus
2313 885 2465 972 ejus
2505 881 2867 959 Gerundae
2899 883 2971 951 in
3009 902 3156 951 mo-

604 988 956 1075 numento,
1008 975 1192 1061 quod
1244 975 1391 1064 ipse
1439 973 1572 1043 sibi
1617 985 2164 1063 praeparaverat,
2213 973 2571 1042 conditum
2622 986 2726 1041 est
2772 972 2983 1043 Nonis
3021 973 3156 1041 Au·

601 1075 812 1154 gusti.

1138 1327 1428 1426 VlTA
1525 1328 1617 1426 S.
1723 1325 2599 1427 ETHELWOLDI

1372 1547 1696 1613 WINTON
1707 1547 1836 1613 [EN
1848 1547 1970 1613 SIS
2020 1546 2387 1612 EPISCOPI

605 1760 773 1811 HANG
821 1761 1098 1810 scnlrsu·
1145 1761 1382 1817 Quium!
1432 1760 1816 1808 WOLSTANUS
1864 1759 2325 1808 WINTONIENSIS
2373 1757 2734 1817 uolumus,
2795 1755 2951 1806 EJUS
2997 1759 3163 1809 ALU-

695 1851 904 1899 lmus:
976 1846 1089 1897 SED
1151 1850 1349 1898 conssx
1398 1851 1475 1897 HS
1554 1849 1681 1905 QUO
1744 1848 1904 1895 USUS
1960 1850 2086 1896 SUI
2118 1880 2133 1907 ‚
2198 1848 2600 1896 TESTABATUR
2661 1848 2812 1895 ESSE
2874 1847 3163 1896 CONTRA-

696 1938 881 1987 cun.
935 1939 1112 1996 QUAH
1160 1939 1374 1987 lGlTUR
1420 1938 1539 1985 Nos
1588 1937 1843 1995 EmuUS,
1888 1938 2016 1985 EA!
2061 1937 2189 1985 NON
2235 1937 2366 1984 lel
2406 1936 2720 1985 nmmum
2757 1937 2964 1985 ILLIUS
3003 1938 3160 1986 Essa

694 2028 1018 2077 SUSPICOR·
1073 2028 1312 2076 STYLuu
1364 2026 1738 2082 PLERUuQUR
1787 2026 2176 2074 uuuvlnus,

1387 2151 1513 2205 Ob.
1560 2165 1739 2205 anno
1783 2152 1912 2205 984
1957 2181 2029 2191 —-
2071 2152 2363 2220 Anglus.

700 2306 736 2380 ἓ
787 2302 862 2367 Ι.
916 2303 1234 2367 Parentes
1284 2302 1350 2367 S.
1387 2295 1842 2366 Ethelwoldus
1873 2296 1910 2332 ⁴
1944 2297 2281 2387 ingenuos
2313 2309 2380 2367 et
2421 2296 2843 2367 Christianos
2882 2297 3157 2383 habuit,

609 2392 977 2459 Wentanae
1010 2386 1202 2457 urbis
1232 2386 1298 2421 *⁴*
1336 2387 1538 2454 cives.
1583 2386 1989 2455 Floruerunt
2036 2399 2264 2455 autem
2317 2385 2448 2456 sub
2499 2384 2826 2455 Edwardo
2884 2388 3162 2459 seniore

610 2475 982 2568 Anglorum
1062 2481 1241 2566 Rege
1267 2529 1285 2555 ,
1358 2474 1839 2544 mandatorum
1909 2476 2015 2544 Dei
2069 2474 2292 2545 seduli
2353 2474 2676 2545 cultores.
2742 2474 2925 2545 Felix
2999 2476 3163 2565 ejus

610 2566 930 2658 genitrix,
981 2587 1142 2634 cum
1192 2586 1349 2634 eum
1401 2564 1470 2632 in
1532 2576 1724 2634 utero
1772 2563 2018 2643 ferret,
2075 2564 2484 2653 intempesta
2548 2576 2741 2633 nocte
2797 2566 3161 2637 somnium

609 2656 781 2725 vidit
813 2654 1258 2744 ejuscemodi.
1301 2653 1672 2723 Videbatur
1709 2653 1838 2722 sibi
1874 2652 2109 2722 sedere
2161 2674 2320 2742 prae
2364 2652 2629 2722 foribus
2675 2652 2927 2722 domus
2960 2677 3161 2737 suae,

609 2759 675 2814 et
720 2743 1069 2831 quoddam
1122 2743 1421 2811 sublime
1461 2741 1784 2811 vexillum
1836 2742 2058 2832 ipsius
2101 2740 2457 2811 obtutibus
2496 2740 2749 2820 offerri,
2803 2743 3009 2832 cujus
3045 2765 3169 2815 su-

612 2854 855 2920 prema
890 2853 1046 2921 pars
1086 2831 1349 2900 coelum
1385 2832 1854 2920 contingeret:
1894 2830 2213 2917 idemque
2249 2830 2550 2900 modeste
2590 2852 2661 2900 se
2689 2829 3168 2903 submittendo

611 2920 697 2990 ad
736 2933 1012 2999 terram,
1058 2920 1206 2988 suis
1238 2919 1533 2988 fimbriis
1570 2917 2044 3008 circumplecti
2078 2919 2300 3008 ipsam
2335 2918 2690 3009 gravidam
2723 2942 2738 2984 2
2776 2941 3169 3008 rursusque

613 3007 810 3077 valde
858 3006 1248 3078 sublimiter
1280 3029 1426 3077 sese
1471 3007 1771 3096 erigere,
1827 3020 1893 3076 et
1929 3007 2290 3077 inflexibili
2351 3008 2675 3077 firmitate
2720 3009 3113 3080 consistens
3146 3066 3163 3093 ,

611 3097 909 3176 coelum,
940 3118 977 3165 a
1007 3117 1144 3182 quo
1171 3117 1242 3165 se
1274 3096 1707 3185 deposuerat,
1737 3108 2058 3185 repetere.
2086 3096 2570 3187 Expergesacta
2604 3096 2876 3178 mulier,
2908 3097 3167 3170 iterum

613 3206 859 3275 sopore
889 3184 1325 3273 deprimitur,
1363 3199 1429 3254 et
1465 3206 1623 3254 ecce
1674 3199 1948 3274 repente
1977 3184 2160 3254 videt
2189 3207 2269 3253 ex
2316 3207 2434 3256 ore
2480 3206 2606 3256 suo
2639 3185 2877 3254 exilire
2906 3199 2972 3257 et
3001 3207 3168 3257 avo-

615 3274 755 3343 lare
787 3273 982 3360 quasi
1019 3294 1298 3342 auream
1348 3273 1724 3359 quamdam
1763 3274 1979 3344 mirae
2029 3275 2531 3363 magnitudinis
2589 3274 2922 3361 aquilam,
2982 3297 3169 3364 quae

613 3361 961 3431 volitando
991 3373 1244 3430 cuncta
1272 3366 1639 3432 wentanae
1661 3361 1955 3432 civitatis
1995 3362 2310 3432 aedificia
2338 3361 2600 3433 auratis
2632 3362 2763 3432 alis
2787 3363 3164 3454 obtegeret,

613 3463 679 3520 et
710 3450 779 3518 in
830 3450 968 3520 alta
999 3449 1346 3519 coelorum
1383 3471 1456 3519 se
1485 3451 1874 3541 subrigens,
1919 3450 2006 3520 ab
2038 3453 2189 3542 ejus
2237 3474 2309 3523 se
2347 3452 2677 3541 adspectu
2711 3452 3161 3523 subduceret.

703 3541 740 3626 ξ
795 3544 880 3610 8.
938 3537 1237 3608 Solemni
1272 3539 1568 3627 quodam
1603 3541 1738 3619 die,
1778 3562 1933 3609 cum
1977 3562 2059 3608 ex
2100 3562 2286 3610 more
2320 3541 2550 3609 nutrix
2596 3540 2788 3610 illius
2831 3541 2915 3611 ad
2946 3542 3171 3613 eccle-

615 3626 790 3697 siam
841 3649 914 3696 se
959 3626 1290 3709 conferre,
1347 3628 1667 3718 precibus
1704 3628 1844 3698 illic
1884 3629 2304 3709 incubitura,
2350 3628 2785 3712 decrevisset,
2822 3642 3013 3701 tanta
3060 3633 3172 3702 vis

617 3715 950 3785 imbrium
1003 3737 1042 3785 e
1087 3714 1275 3786 coelo
1312 3717 1597 3806 proruit,
1653 3730 1733 3789 ut
1776 3730 1965 3788 extra
2003 3719 2154 3804 ejus
2203 3719 2335 3788 loci
2394 3718 2630 3799 limen,
2675 3719 2794 3787 ubi
2833 3742 3004 3808 puer
3050 3743 3170 3791 as-

619 3804 1044 3883 servabatur,
1101 3805 1337 3894 pedem
1396 3807 1636 3876 afferre
1677 3829 1811 3877 non
1848 3819 2100 3897 posset.
2157 3813 2464 3894 Cumque
2509 3828 2589 3875 eo
2645 3807 2924 3877 nomine
2971 3830 3171 3878 acer-

618 3891 903 3962 bissime
943 3893 1153 3975 fleret,
1192 3895 1726 3985 omnipotentem
1763 3895 2128 3965 Dominum
2165 3897 2634 3986 deprecatura,
2672 3909 2883 3985 caput
2929 3896 3172 3967 humi-

623 3980 773 4050 liter
818 3981 1159 4072 deposuit.
1224 3989 1300 4052 Et
1345 4005 1500 4055 ecce
1557 3983 1823 4054 nullam
1876 3985 2297 4086 tempestatis
2365 3983 2746 4054 molestiam
2808 3985 3165 4068 sentiens,

620 4069 849 4140 subito
883 4071 1157 4140 inventa
1188 4083 1288 4140 est
1320 4094 1479 4142 cum
1522 4072 1867 4143 infantulo
1901 4073 2197 4143 residere
2231 4075 2298 4142 in
2350 4073 2630 4163 templ0‚
2683 4095 2821 4160 quo
2860 4074 2960 4143 ire
2997 4095 3173 4144 con·

620 4157 973 4228 stituerat:
1011 4171 1076 4229 et
1104 4160 1282 4247 quod
1325 4160 1514 4230 nulla
1555 4161 1817 4231 ratione
1848 4161 2124 4232 credere
2164 4162 2498 4252 potuisset
2534 4174 2612 4232 ut
2651 4162 2864 4244 fieret,
2902 4161 3166 4233 factum

620 4246 1055 4317 vehementer
1101 4249 1391 4339 expavit.

672 4410 698 4436 *
729 4407 959 4451 Son-ibitur
977 4412 1118 4452 etiam
1135 4413 1443 4459 Edelwoldus.
1459 4414 1771 4460 Adelwoldus,
1803 4414 2136 4462 Ethelwnldus,
2157 4414 2206 4455 et
2233 4411 2416 4456 modica
2445 4415 2582 4456 enter
2610 4411 2795 4465 Apicum
2814 4412 3113 4458 diversitate.

674 4463 731 4492 *Φ
763 4463 1039 4511 mucltetur,
1057 4475 1175 4516 qun
1196 4467 1246 4508 et
1264 4465 1542 4509 wincestria
1557 4469 1706 4509 latine
1725 4468 1816 4509 eut.
