3308 5004
692 345 777 412 50
1459 359 1540 407 nr.
1586 359 1642 407 s.
1697 357 1971 407 rumano
2017 354 2298 406 asscmso
2866 324 3139 407 Aueyt

572 459 892 519 .tentator
916 446 985 515 in
1024 444 1236 516 simili
1268 443 1495 535 specie
1526 443 1611 512 ad
1665 442 2148 514 secundellum
2186 442 2584 523 diaconum,
2618 440 2881 512 dicens:
2910 448 3148 514 Nonne

599 556 1082 639 praeceperam
1118 534 1265 615 tibi,
1309 555 1388 603 eo
1415 533 1596 620 quod
1648 554 1807 603 oves
1842 554 2031 602 meae
2080 530 2436 601 morbidae
2479 543 2730 612 essent,
2764 543 2831 600 et
2879 546 3154 621 pastore

599 625 1013 715 indigerent,
1070 636 1144 692 ut
1182 621 1605 713 egredereris
1651 633 1717 691 et
1765 621 2106 701 visitares,
2167 632 2373 707 atque
2429 640 2629 709 opem
2687 620 3000 691 sanitatis
3047 621 3148 692 eis

602 712 985 785 tribueres?
1021 716 1099 780 Et
1138 710 1287 780 ille:
1341 716 1419 781 In
1473 710 1750 780 veritate
1783 709 2113 799 comperi,
2157 708 2338 797 quod
2394 708 2713 779 seductor
2745 709 2864 790 sis,
2920 730 3147 796 neque

598 815 663 873 te
696 807 906 872 Deum
958 799 1184 880 cred0,
1220 799 1423 889 cujus
1458 812 1519 868 te
1567 799 1865 888 speciem
1922 798 2235 867 mentiris
2267 797 2541 868 habere.
2579 804 2830 866 Tamen
2863 797 2921 868 si
2954 799 3154 869 Chri-

598 903 747 962 stus
794 912 890 970 eS,
916 910 1191 958 crucem
1236 900 1450 968 tuam,
1485 908 1694 974 quam
1747 885 2109 974 reliquisti,
2152 886 2371 975 ipsam
2419 886 2727 967 ostende,
2764 896 2832 957 et
2864 887 3146 957 credam

599 980 747 1050 tibi.
787 981 1094 1065 Cumque
1142 997 1273 1046 non
1325 976 1735 1055 ostenderet,
1780 976 2075 1045 Diacono
2123 979 2407 1045 Crucem
2456 975 2726 1044 Domini
2777 976 2845 1043 in
2882 997 2960 1045 os
2994 976 3154 1064 ejus

599 1068 913 1148 faciente,
979 1064 1312 1136 confusus
1358 1065 1658 1134 evanuit.
1711 1069 2013 1134 Rursum
2084 1085 2239 1133 vero
2300 1062 2386 1133 ad
2448 1085 2608 1132 eum
2657 1063 2940 1135 veniens
2982 1086 3149 1135 cum

601 1155 1047 1227 multitudine
1084 1154 1528 1234 daemonum,
1594 1166 1782 1222 tanta
1831 1152 2029 1222 illum
2071 1152 2279 1221 caede
2328 1152 2591 1234 afflixit,
2636 1164 2711 1222 ut
2771 1152 2880 1222 vix
2940 1166 3146 1243 puta-

600 1258 789 1316 retur
854 1244 1139 1315 evadere
1189 1264 1423 1332 posse:
1483 1255 1551 1313 et
1595 1241 2004 1322 discedenS,
2059 1262 2404 1328 nusquam
2471 1241 2885 1342 comparuit.
2951 1242 3149 1313 Idem

647 1349 835 1404 ostea
871 1334 1208 1402 Diaconus
1256 1331 1325 1399 in
1391 1352 1668 1400 summa
1717 1330 2073 1401 sanctitate
2128 1330 2539 1421 perduranS,
2582 1330 2695 1401 die
2741 1330 2972 1401 debito
3030 1332 3153 1401 de-

628 1436 882 1493 unctus
929 1433 1054 1489 est.

688 1514 725 1599 ξ
772 1516 866 1581 θ.
918 1514 1163 1578 Beatus
1211 1530 1366 1577 vero
1402 1507 1726 1578 Friardus
1786 1529 1944 1578 cum
2000 1508 2271 1597 magnis
2322 1508 2691 1578 virtutibus
2737 1507 3094 1598 effulgeret
3127 1563 3143 1590 ,
3210 1546 3221 1554 ·

599 1599 898 1687 quadam
943 1597 1086 1667 vice
1133 1597 1485 1667 effractum
1537 1619 1573 1666 e
1607 1608 1803 1666 vento
1850 1598 1939 1667 ab
1986 1596 2231 1666 arbore
2281 1618 2577 1678 ramum,
2646 1619 2877 1686 quem,
2924 1610 3000 1666 ut
3045 1597 3149 1666 se-

600 1699 784 1768 runt,
820 1687 968 1776 ipse
994 1687 1352 1766 inseverat,
1378 1684 1676 1775 collegit,
1703 1685 2304 1775 compositumque
2338 1684 2666 1755 baculum
2700 1686 2832 1756 sibi
2858 1685 3137 1767 exinde,

648 1797 800 1845 uem
841 1797 1052 1844 manu
1090 1787 1375 1865 gereret,
1436 1773 1615 1843 fecit.
1671 1780 1827 1843 Post
1876 1773 2171 1843 multum
2224 1797 2381 1844 vero
2431 1788 2740 1864 tempus,
2793 1775 2939 1866 jam
2991 1797 3150 1844 are-

625 1878 845 1934 actam
896 1864 1157 1953 virgam
1187 1864 1254 1932 in
1293 1875 1468 1933 terra
1495 1863 1849 1952 plantavit,
1883 1862 2246 1949 infusaque
2275 1867 2457 1950 aqua
2490 1863 2790 1953 saepiuS‚
2845 1863 3145 1935 baculus

600 1953 716 2024 ille
747 1950 1022 2022 frondes
1084 1951 1313 2021 emisit
1358 1963 1422 2020 et
1472 1974 1697 2041 poma,
1750 1965 1954 2039 atque
1993 1953 2173 2020 intra
2221 1951 2399 2022 duos
2437 1964 2558 2021 aut
2606 1966 2740 2021 tres
2786 1973 3007 2022 annos
3069 1952 3147 2021 in

601 2062 921 2132 magnam
956 2040 1221 2110 arboris
1304 2041 1729 2110 roceritatem
1762 2040 2101 2110 distentus
2127 2040 2442 2111 excrevit.
2472 2041 2660 2123 Quod
2691 2063 2851 2110 cum
2931 2040 3150 2111 rande

600 2128 1017 2200 miraculum
1063 2063 1338 2220 populis
1385 2129 1828 2199 cernentibus
1891 2129 2296 2209 haberetur,
2361 2143 2427 2198 et
2472 2129 2777 2216 quotidie
2823 2152 2861 2199 a
2961 2129 3148 2199 hanc

598 2218 953 2288 visendam
988 2241 1238 2308 magna
1264 2219 1466 2288 turba
1505 2219 1902 2299 conflueret,
1946 2219 2038 2288 ita
2072 2232 2147 2287 ut
2174 2218 2378 2287 etiam
2432 2218 2650 2308 ipsam
2690 2217 3143 2288 remotionem

599 2307 872 2377 insulae
912 2306 1127 2376 virtus
1177 2307 1445 2397 prodita
1480 2307 1902 2397 publicaret:
1970 2319 2252 2377 sanctus
2307 2306 2446 2385 Dei,
2488 2328 2572 2375 ne
2617 2328 2832 2375 vanae
2877 2306 3145 2396 gloriae

599 2395 752 2466 labe
785 2395 1168 2477 subrueret,
1207 2397 1519 2466 arborem
1560 2408 1831 2486 arrepta
1871 2417 2110 2466 secure
2156 2394 2473 2465 succidit.
2528 2400 2931 2481 Rursusque
2977 2417 3148 2463 san-

599 2496 752 2555 ctus
799 2484 1081 2555 alterius
1129 2485 1393 2556 arboris
1443 2485 1716 2556 ruinam
1757 2506 2067 2565 cernenS,
2119 2505 2297 2572 quae
2334 2495 2487 2554 acta
2534 2484 2714 2554 venti
2764 2482 3089 2555 violentia
3120 2540 3139 2567 ‚

596 2574 888 2644 floribus
936 2573 1139 2664 plena
1184 2589 1584 2655 corruerat,
1656 2573 2130 2645 misericordia
2203 2588 2477 2659 motuS‚
2530 2573 2789 2655 oravit,
2845 2573 3139 2643 dicens:

601 2685 638 2731 «
674 2668 764 2732 Ne
814 2675 1063 2752 pereat,
1117 2684 1394 2750 quaes0‚
1435 2663 1743 2744 Domine,
1788 2662 2001 2749 hujus
2048 2660 2463 2732 arbusculae
2509 2661 2815 2743 fructus,
2867 2684 3045 2750 quae
3079 2676 3148 2733 te

593 2751 880 2840 jubente
911 2751 1159 2820 florum
1199 2764 1602 2821 ornamenta
1627 2751 1949 2842 produxit
1980 2774 1993 2816 :
2031 2751 2147 2821 sed
2186 2751 2415 2841 potius
2451 2772 2495 2820 a
2529 2765 2589 2820 te
2629 2750 3141 2821 incrementum

603 2839 1056 2929 reparationis
1101 2838 1475 2921 indultum,
1519 2839 1874 2910 fructuum
1912 2853 2256 2910 mereatur
2285 2838 2578 2929 adipisci
2616 2839 2960 2909 effectum.
2995 2861 3031 2906 »
3064 2845 3148 2910 Et

604 2928 771 2997 haec
818 2928 1081 3007 dicens,
1134 2941 1412 3019 accepta
1461 2950 1721 3009 secure,
1766 2928 2146 3017 amputavit
2183 2928 2451 2997 arboris
2483 2927 2879 2997 columnam
2931 2950 3151 3018 super

603 3015 893 3096 radiceS,
945 3040 1120 3104 quae
1152 3017 1381 3086 adhuc
1429 3016 1823 3098 haerebant,
1868 3017 2406 3104 columnamque
2455 3017 2674 3106 ipsam
2727 3016 2797 3085 in
2852 3017 3140 3086 modum

604 3104 802 3175 sudis
847 3104 1005 3175 fecit
1049 3119 1348 3185 acutam,
1397 3128 1476 3175 ac
1503 3128 1651 3175 eam
1692 3119 1905 3174 terrae
1949 3105 2208 3175 defixit.
2253 3112 2402 3175 Mox
2437 3104 2667 3195 ligatis
2715 3105 2865 3175 sine
2913 3105 3152 3177 radice

601 3192 841 3272 ramis,
884 3206 950 3263 et
994 3193 1079 3262 ad
1132 3194 1502 3284 pristinum
1556 3193 1885 3264 restitutis
1934 3207 2182 3264 statum
2218 3249 2233 3276 ,
2289 3197 2492 3265 flores
2524 3247 2540 3277 ,
2593 3194 2715 3281 qui
2763 3206 3141 3272 aruerant,

603 3282 985 3352 viruerunt.
1041 3287 1195 3371 Ipso
1241 3303 1514 3370 quoque
1560 3305 1743 3353 anno
1795 3284 1959 3352 haec
1997 3283 2203 3353 arbor
2246 3283 2517 3353 fructus
2569 3282 2818 3352 cultori
2864 3304 2992 3353 suo
3041 3305 3150 3353 re-

602 3371 845 3441 stituit.
901 3370 1110 3440 Credo
1155 3392 1281 3461 ego
1328 3370 1413 3440 de
1485 3372 1955 3442 misericordia
2001 3372 2160 3453 Dei,
2215 3372 2395 3459 quod
2468 3371 2882 3441 miraculum
2946 3394 3150 3462 prae-

603 3480 763 3528 sens
808 3459 1015 3548 exigit
1060 3458 1297 3547 loqui,
1349 3459 1514 3546 quia
1582 3460 1890 3529 obtinere
1939 3461 2158 3551 potuit
2213 3461 2325 3529 bic
2385 3460 2693 3530 oratione
2757 3482 2888 3529 sua
2935 3461 3146 3531 vitam

604 3547 894 3617 mortuis
940 3570 982 3617 a
1029 3549 1315 3618 Domino
1364 3548 1736 3638 impertiri,
1800 3549 1921 3636 qui
1969 3549 2266 3619 obtinuit
2313 3549 2595 3619 arbores
2640 3548 2873 3618 aridas
2921 3548 2991 3618 in
3042 3571 3150 3620 re-

602 3637 828 3706 diviva
869 3636 1206 3706 viriditate
1253 3636 1710 3706 frondescere.

689 3727 727 3813 §
772 3729 849 3796 ἵ.
906 3724 1092 3796 Idem
1142 3747 1302 3795 cum
1353 3725 1762 3816 plerumque
1806 3726 2167 3796 transitum
2228 3748 2436 3796 suum
2490 3725 2822 3797 fratribus
2869 3725 3150 3817 praedi·-

602 3827 805 3896 ceret‚
858 3815 1158 3900 quadam
1206 3813 1317 3883 die
1366 3828 1622 3885 tractus
1668 3838 1709 3884 a
1754 3816 1972 3896 febre,
2024 3815 2191 3885 dicit
2243 3815 2434 3885 suis:
2489 3837 2526 3883 «
2562 3820 2659 3885 Ite
2712 3815 2798 3885 ad
2849 3815 3144 3885 Felicem

602 3903 1018 3994 Episcopum
1056 3957 1071 3983 ,
1142 3915 1206 3973 et
1255 3905 1577 3974 nunciate
1630 3905 1693 3973 ei
1742 3905 2123 3975 discessum
2177 3926 2444 3985 meum,
2497 3903 2841 3974 dicentes:
2911 3909 3146 3974 Frater

604 4002 764 4062 tuus
804 3991 1126 4061 Friardus
1174 3992 1378 4062 dixit:
1415 3998 1582 4062 Ecce
1627 4007 2106 4063 consummato
2132 4015 2345 4063 cursu
2393 3993 2566 4063 vitae
2598 3993 2831 4084 hujus,
2884 3992 2970 4062 de
3010 3993 3144 4063 hoc

603 4080 864 4150 mundo
911 4080 1269 4151 absolvor:
1321 4094 1385 4152 et
1430 4093 1508 4151 ut
1552 4083 1799 4151 certior
1847 4082 1942 4153 sis
1989 4082 2074 4152 de
2132 4083 2261 4153 hoc
2312 4083 2551 4163 verbe,
2619 4081 2732 4151 die
2782 4081 3141 4152 Dominica

600 4169 962 4239 transitum
1011 4169 1298 4260 accipie,
1351 4182 1417 4240 et
1464 4170 1635 4240 vado
1668 4171 1754 4239 ad
1803 4170 2134 4258 requiem,
2177 4192 2387 4259 quam
2432 4171 2598 4240 mihi
2652 4171 2968 4261 promisit
2997 4176 3139 4241 Rex

603 4269 920 4329 aeternus
961 4264 1158 4328 DeuS.
1214 4260 1400 4340 Veni,
1454 4261 1761 4341 obsecro,
1796 4272 1873 4328 ut
1919 4259 2186 4330 videam
2237 4272 2322 4341 te,
2364 4259 2763 4349 priusquam
2816 4259 3136 4329 obeam.»

605 4349 908 4433 Cumque
954 4346 1068 4416 ille
1113 4348 1471 4418 occasione
1512 4349 1742 4418 nescio
1788 4370 1926 4436 qua
1958 4349 2399 4429 detineretur,
2457 4347 2859 4418 mandatum
2914 4348 3130 4428 misit,

603 4435 876 4505 dicens:
936 4440 1145 4527 Rege,
1184 4437 1244 4506 si
1290 4436 1440 4506 fieri
1500 4449 1761 4528 potest,
1813 4453 1890 4509 ut
1953 4460 2061 4507 me
2112 4437 2460 4507 modicum
2507 4452 2856 4529 expectes,
2910 4436 3133 4506 donec
