3308 5004
499 401 507 408 .
704 319 835 385 121
1619 333 1716 380 nn.
1747 333 1809 382 sa
1859 329 2164 382 notrum
2517 332 2540 338 “
2869 307 3052 379 mm-
3079 310 3113 378 t

609 419 937 491 similiter
954 430 1312 509 operatum
1352 417 1794 488 Filiusdixit:
1826 423 1998 488 Ecce
2018 416 2346 508 placatus·
2361 413 2637 505 suscepi
2664 413 3114 484 faeiemntunm:

608 523 683 580 at
716 522 955 578 tamen.
985 509 1191 582 velim
1224 507 1454 577 videre
1484 527 1625 589 eos,
1670 528 1850 594 quos
1897 520 2085 576 tanto
2133 506 2407 575 muneri
2458 500 3121 606 designasti.·0btullt

609 620 774 688 ergo
836 608 1061 668 mater
1100 596 1244 666 filio
1291 596 1585 666 beatum⁴
1644 595 2124 676 Dominicum,
2175 594 2388 664 etzaitv
2447 599 2825 664 Dominus-2
2869 596 3036 661 Bene
3071 599 3126 659 et
3247 639 3248 650 κ

609 698 941 758 accurate·
973 687 1036 756 is
1080 686 1303 767 saciet,
1354 706 1543 772 quae·
1571 683 1851 754 dixisti:
1904 690 2112 754 Porro
2161 683 2403 755 beatus
2453 681 2847 753 Dominicus
2885 678 3120 751 socium

611 796 833 845 suum=
860 774 931 844 in
952 775 1092 844 hac
1123 774 1385 844 visione
1422 773 1796 863 diligenter
1839 772 2345 862 contemplans,
2392 772 2479 843 ad
2520 770 2592 842 id
2627 789 2844 858 usque
2874 779 3121 859 tempus

610 865 923 955 ignotum
967 864 1125 945 sibi,
1224 875 1450 933 ostera
1477 861 1590 930 die
1636 861 1706 930 in
1748 860 2036 932 ecclesia
2068 861 2424 931 inventum
2464 860 2767 951 agnovit,
2815 874 3127 944 ruensque

611 952 685 1022 in
734 965 977 1022 sancta
1017 974 1182 1024 oscu
1212 974 1252 1022 a
1297 963 1373 1021 et·
1410 950 1718 1020 sinceros
1749 948 2137 1039 amplexu&
2171 950 2267 1019 ait
2297 972 2312 1018 τ
2350 972 2387 1017 «
2411 955 2610 1020 'rues
2642 948 3122 1019 sociummeusz

613 1052 704 1111 tua
738 1062 1006 1112 mecum
1058 1041 1323 1132 pariter·
1356 1059 1620 1109 curres.
1675 1043 1947 1110 Stemus
1993 1038 2249 1119 simul,
2304 1049 2371 1108 et
2416 1037 2658 1107 nullus
2720 1032 3132 1106 adversarius

612 1130 836 1199 vincet
884 1151 1092 1200 nos.»
1144 1129 1483 1198 visionem
1533 1147 1830 1228 quoque,
1864 1149 2075 1215 quam
2099 1129 2247 1219 jam
2295 1126 2623 1207 diximuS,
2675 1123 3020 1195 enarravit·
3050 1120 3124 1190 ei.

613 1223 826 1307 Atque
877 1219 973 1288 ab.
1015 1240 1094 1288 eo
1140 1217 1255 1287 die
1299 1217 1427 1285 suit
1477 1216 1619 1285 illis
1672 1237 1791 1286 cor
1851 1238 2072 1286 unum
2132 1231 2198 1286 et
2244 1216 2477 1285 anima
2523 1235 2667 1286 una
2717 1213 2786 1282 in
2839 1211 3119 1309 Domino,

612 1308 796 1395 quod
845 1307 1049 1376 etiam
1100 1328 1141 1374 a
1201 1305 1738 1376 successoribus·
1785 1306 1949 1375 suis
1971 1306 2333 1395 jusserunt
2396 1318 2744 1395 perpetuo·
2781 1302 3127 1373 observari.

614 1398 839 1484 Hujus
888 1394 1172 1464 visionis
1218 1393 1462 1463 seriem
1495 1408 1563 1464 et
1598 1393 1907 1464 notitiam
1959 1416 2082 1483 per
2128 1399 2195 1464 S.
2250 1394 2694 1464 Franciscum
2730 1389 3124 1481 accepimus,

617 1485 733 1641 cusi
795 1485 1038 1585 beatus
1102 1482 1503 1554 Dominicus
1566 1495 1726 1552 ante
1786 1482 2065 1553 Ordinis
2110 1482 2707 1553 confirmationem
2745 1536 2761 1564 ‚
2828 1495 3138 1567 eamffipa-

619 1585 680 1644 te
711 1583 865 1641 ecit.

701 1664 740 1749 §
789 1665 878 1732 DJ.
932 1664 1021 1729 Ea
1069 1683 1227 1732 vero
1276 1660 1538 1731 visione
1586 1659 1938 1730 animatus
1979 1659 2367 1747 certiorque
2410 1658 2696 1729 effeetus
2743 1657 2998 1727 beatus·
3028 1656 3144 1721 Do·

619 1749 961 1829 minicus,
1026 1750 1113 1819 ad
1192 1749 1587 1820 Pontificem
1669 1748 2045 1830 accedens,
2098 1746 2692 1835 quemadmodum
2767 1747 2858 1816 ab
2904 1744 3051 1835 ipso
3089 1750 3146 1808 et

617 1838 946 1908 fratribus
975 1851 1121 1908 erat
1151 1851 1549 1927 conceptus,
1588 1837 1868 1908 Ordinis
1913 1835 2421 1916 Praedicatorii,
2467 1848 2535 1905 et
2588 1835 2932 1915 omnium,
2987 1848 3150 1919 qnae

616 1927 924 1998 obtinere
972 1927 1208 2009 voluit,
1260 1925 1854 1997 confirmationem
1908 1927 2299 2018 impetravit
2359 1946 2543 1994 anno
2603 1924 2857 1996 salutis
2911 1939 3141 1994 tecm.

621 2020 797 2086 Sane
842 2016 900 2086 si
934 2016 1092 2103 quis
1148 2036 1440 2107 magnae
1486 2015 1698 2115 hujus
1747 2016 1842 2084 rei
1906 2036 2308 2086 successum
2357 2025 2679 2084 accurate
2723 2007 3143 2103 expenderit-²,

623 2104 841 2174 multa
903 2103 1358 2174 admiratione
1407 2102 1782 2187 afficietur,
1845 2103 2031 2191 quod
2080 2105 2184 2172 vir
2230 2116 2386 2173 tam-
2437 2102 2733 2173 humilis
2792 2113 3154 2189 atquea-

620 2204 834 2262 treme
883 2191 1105 2283 inops,
1159 2193 1351 2262 nullo
1422 2191 1731 2262 humano
1794 2192 2008 2262 fretus
2072 2191 2332 2262 auxilio
2366 2246 2381 2274 ,
2458 2214 2494 2260 a
2551 2190 2647 2260 ud
2712 2188 3150 2282 Apostolicam

621 2281 1114 2351 sublimitatem
1163 2297 1230 2351 et
1276 2281 1828 2351 illustrissimum
1891 2280 2372 2351 cardinalium.
2410 2302 2489 2350 co
2522 2280 2817 2371 legium,
2873 2291 3007 2349 tam
3065 2294 3156 2342 ar·

621 2370 839 2440 duum
893 2370 1239 2461 negotium
1293 2383 1428 2440 tam
1483 2369 1849 2440 efficaciter
1895 2370 2100 2440 solus-
2151 2368 2494 2459 expedire,
2550 2382 2844 2456 tamque
2888 2361 3164 2435 faciliter

621 2458 705 2530 ad
734 2459 1048 2530 effectum
1091 2459 1468 2550 perducere
1507 2459 1827 2550 potuerit.
1867 2459 1992 2530 Sed
2031 2479 2265 2530 revera
2299 2451 3157 2531 nonhumanaindustria,

622 2549 738 2619 sed
779 2561 1017 2639 potens
1055 2550 1167 2619 Dei
1208 2549 1547 2640 sapientia
1580 2571 1702 2639 per
1749 2548 2083 2620 humilem
2119 2568 2393 2621 servum
2430 2567 2638 2619 suum
2683 2545 2981 2639 perfecit
3011 2542 3166 2611 haec

621 2639 877 2719 omnia,
915 2638 1325 2729 impetrante
1373 2637 1443 2706 id
1480 2644 1688 2707 Matre
1722 2637 1833 2707 Dei
1894 2637 2351 2709 sanctissimis
2385 2634 2738 2727 precibus
2770 2636 2944 2705 suist
2980 2634 3165 2703 Cum·

620 2747 754 2812 que
803 2727 871 2794 in
908 2726 1195 2796 basilica
1244 2732 1310 2797 S.
1350 2727 1525 2796 Petri
1574 2726 2250 2795 beatus-Dominicus
2278 2746 2508 2794 coram
2561 2729 2705 2794 Deo
2757 2743 2997 2815 preces
3027 2721 3170 2789 fun-

622 2815 811 2884 deret
851 2837 973 2904 pro
1003 2815 1518 2884 conservatione
1564 2828 1629 2884 et
1662 2835 1871 2904 propa
1926 2816 2153 2884 atione
2184 2814 2485 2893 Ordinis,
2526 2834 2752 2899 quem
2803 2834 2927 2906 per
2955 2812 3184 2903 ipsum·

623 2903 857 2972 dextra
904 2904 1055 2993 ejus
1097 2903 1458 3003 plantarat,
1494 2903 1856 2972 confestim
1914 2916 2065 2972 acta
2098 2924 2310 2990 super
2353 2903 2585 2992 ipsum
2624 2925 2850 2973 manu
2887 2896 3165 2975 Domini,

622 2990 794 3059 vidit
843 2991 1274 3062 beatissimos
1319 2991 1673 3092 Apostolos
1722 2996 1993 3060 Petrum
2055 3004 2120 3060 et
2166 2991 2456 3060 Paulum
2522 2990 2609 3059 ad
2666 3013 2746 3063 se
2805 2990 3168 3061 venientes»

623 3084 671 3146 E
719 3079 975 3166 quibus
1023 3084 1262 3148 Petrus
1295 3080 1698 3169 scipionem,
1753 3079 2016 3149 Paulus
2070 3079 2325 3148 librum
2376 3080 2437 3149 ei
2472 3080 2751 3150 tradere
2789 3078 3165 3153 videbatur,

624 3166 974 3253 simulque
1018 3167 1247 3237 dicere
1293 3168 1376 3236 ad
1427 3190 1630 3236 eum:
1687 3167 1888 3244 Vade,
1942 3167 2373 3249 concionare,
2426 3167 2775 3239 divinitus
2804 3168 2895 3238 ad
2945 3166 3018 3237 id
3057 3162 3174 3231 mi-

627 3255 986 3325 nisterium
1043 3255 1322 3326 electus.
1377 3262 1522 3326 Mox
1572 3257 1902 3347 temporis
1974 3270 2319 3327 momento
2374 3256 2542 3326 vidit
2595 3258 2792 3328 illios
2838 3277 3009 3327 suos
3051 3263 3176 3323 toto

625 3345 790 3444 orbe
864 3343 1238 3434 disperSOS‚
1284 3345 1623 3432 binosque
1668 3357 1733 3414 et
1788 3346 1991 3415 binos
2038 3347 2324 3416 verbum
2390 3347 2504 3416 Dei
2557 3346 2851 3438 populis
2912 3361 3178 3416 annuu-

626 3444 915 3502 ouantes,

714 3522 751 3607 ξ
797 3525 888 3591 8.
972 3524 1206 3607 ltaque
1281 3520 1595 3591 Tolosam
1669 3538 2025 3601 reversus,
2077 3521 2195 3590 ubi
2247 3520 2504 3590 fratres.
2536 3521 2975 3611 reliquerat,
3025 3537 3182 3590 cum

625 3608 767 3677 illis
816 3608 1070 3698 pariter
1099 3610 1436 3680 invocavit
1493 3609 1824 3701 Spiritum
1869 3615 2235 3681 Sanctum:
2291 3610 2524 3697 aitque
2578 3610 2715 3680 hoc
2777 3614 2920 3683 sibi
2962 3609 3187 3681 animo

624 3719 779 3768 esse
814 3698 1288 3769 constitutum.
1324 3711 1402 3768 ut
1431 3720 1547 3768 eos
1578 3721 1843 3780 omnes,
1881 3699 2037 3769 licet
2070 3719 2328 3789 paueos
2366 3699 2786 3782 etiamnum,
2827 3722 2957 3793 per
2990 3717 3188 3768 mun-

626 3787 794 3856 dum
829 3787 1202 3888 dispergat,
1256 3797 1605 3875 tamquam
1657 3810 1872 3879 grana
1921 3788 2209 3856 multam
2266 3799 2561 3878 segetem
2613 3787 2960 3861 allatura.
3012 3785 3197 3857 Didi·

626 3887 811 3946 cerat
854 3898 1040 3946 enim
1090 3897 1168 3945 ex
1205 3875 1587 3966 Apostolica
1620 3876 2031 3946 revelatione
2064 3882 2276 3946 Deum
2326 3876 2391 3946 id
2433 3875 2623 3956 velle,
2664 3890 2754 3947 ut
2783 3881 2886 3949 ita
2927 3878 3197 3970 dispe-r-

627 3977 973 4065 gerentur.
1028 3964 1137 4034 Illi
1172 3986 1327 4035 vero
1356 3986 1597 4035 omnes
1639 3966 2073 4035 mirabantur
2112 3978 2247 4034 tam
2301 3965 2749 4055 repentinum
2804 3968 2968 4071 ejus
3015 3968 3200 4058 ipsos

628 4056 826 4121 nain
879 4054 1147 4124 diversa
1207 4053 1357 4124 loca
1411 4054 1807 4124 dimittendi
1854 4054 2250 4124 consilium.
2324 4059 2530 4123 Porro
2598 4052 2917 4127 illustr-is
2968 4060 3205 4125 Comes

630 4142 1103 4213 Montis—sortis
1150 4141 1483 4213 dominus
1512 4144 1771 4225 Simon,
1823 4156 1889 4211 et
1931 4141 2344 4213 venerabilis
2397 4142 3002 4237 Archiepiscopus
3048 4147 3214 4213 Nar·-

630 4228 978 4311 bonensi8‚
1020 4245 1087 4300 et
1134 4232 1514 4321 Episcopus
1570 4231 1973 4312 Tolosanus,
2037 4232 2295 4318 aliique
2342 4230 2826 4303 Bcelesiarum
2879 4228 3219 4325 pmefecti

628 4330 696 4386 et
730 4318 1035 4406 praelati,
1079 4342 1202 4410 pro
1249 4321 1554 4390 humana
1591 4319 1935 4389 industria
1985 4333 2064 4389 et*
2102 4318 2466 4410 prudentia
2513 4319 2659 4389 viro
2698 4323 2825 4391 Dei
2880 4343 3050 4395 sese=
3088 4342 3215 4411 op-

629 4417 984 4496 ponentes,
1036 4420 1174 4476 tam
1217 4430 1473 4498 paucos
1520 4409 1761 4480 fratres
1816 4431 1900 4478 ne
1945 4409 2039 4479 ita
2096 4408 2326 4479 subito
2379 4431 2420 4477 a
2467 4430 2540 4477 se
2577 4408 2983 4501 ablegaret,
3049 4428 3212 4480 eum
