3308 5004
694 345 822 418 394
1266 362 1345 410 ns
1392 357 1658 422 lamma
1704 361 2023 412 :nussam
2069 362 2132 409 n.
2183 362 2250 410 ιε.
2301 362 2354 409 J.
2408 361 2465 410 c.
2833 344 3018 411 AUG.
3076 346 3157 411 ⁴6

603 458 671 518 et
730 445 963 530 claudi
1020 445 1485 530 reddebantur
1548 447 1702 516 sani
1752 458 1818 530 et
1884 446 2215 518 membris
2269 446 2571 538 integri:
2646 446 2991 518 saltabant
3036 449 3156 536 qui

606 535 814 627 longo
847 549 1152 637 tempore
1199 536 1267 606 in
1320 534 1501 608 lecto
1524 535 2029 614 decubuerant:
2067 549 2133 606 et
2171 536 2324 606 sani
2359 535 2637 618 flebant,
2675 536 2932 624 quibus
2960 550 3162 608 erant

607 647 860 708 manus
907 624 1179 704 aridae:
1233 636 1299 695 et
1341 625 1453 714 (ut
1491 625 1709 700 semel
1756 624 2021 714 dicam)
2065 624 2141 695 fu
2191 625 2438 695 abatur
2483 625 2713 698 omnis
2762 624 3047 712 morbus
3096 638 3161 697 et

604 713 1007 792 infirmitas:
1060 726 1124 782 et
1179 714 1301 802 qui
1360 714 1515 798 sani
1576 725 1795 796 erant,
1836 719 2050 790 Deum
2099 714 2623 805 gorificabant‚
2666 728 2732 785 et
2778 713 3164 798 laudabant

603 803 756 893 ejus
801 801 1270 874 admirabilia.

691 894 728 979 ξ
779 897 933 978 85.
989 896 1157 961 Cum
1221 902 1450 964 autem
1526 892 1826 962 multum
1882 892 2030 982 jam
2090 891 2238 962 viae
2301 890 2802 974 confecissent,
2868 891 3164 963 veniunt

600 981 805 1064 etiam
842 981 927 1060 ad
967 980 1446 1060 sanctissimae
1497 981 1825 1069 Deiparae
1874 981 2398 1064 monasterium,
2457 981 2642 1069 quod
2697 993 2982 1053 vocatur
3027 986 3164 1051 Eu-

590 1068 821 1140 -sebii:
875 1069 1056 1157 quod
1099 1069 1382 1156 quidem
1409 1083 1511 1140 est
1542 1070 1613 1142 in
1661 1067 1808 1139 loco
1836 1070 1956 1156 qui
1992 1070 2245 1139 dicitur
2284 1070 2736 1160 optimatum.
2779 1075 2857 1140 In
2895 1069 3159 1160 templo

590 1180 759 1230 -vero
808 1158 1020 1249 hujus
1069 1158 1491 1239 monasterii,
1530 1181 1669 1246 quo
1701 1181 1827 1249 par
1860 1158 1988 1227 suit
2021 1159 2280 1228 honore
2322 1160 2680 1249 reponitur
2707 1181 2941 1250 capsa,
2977 1180 3160 1246 quae

600 1246 1103 1320 miraculorum
1136 1246 1545 1320 effectricem
1591 1247 1858 1338 tegebat
1903 1248 2285 1338 Imaginem
2322 1271 2336 1315 :
2389 1258 2456 1318 et
2503 1247 2729 1330 multi,
2767 1249 2891 1335 qui
2920 1270 3157 1318 acces-

596 1347 843 1407 serunt
892 1359 1067 1426 pura
1114 1349 1179 1406 et
1211 1336 1479 1407 sincera
1513 1336 1894 1416 affectione,
1948 1337 2170 1408 curati
2218 1349 2381 1406 sunt
2412 1359 2452 1406 a
2486 1337 2632 1408 suis
2668 1337 2953 1418 morbis.
3009 1342 3158 1420 Quo

601 1425 808 1494 etiam
860 1425 1043 1495 venit
1095 1424 1381 1513 quidam
1435 1439 1715 1496 vexatus
1762 1448 1802 1495 a
1858 1425 2242 1496 daemone:
2295 1448 2435 1513 quo
2484 1439 2833 1513 tamquam
2896 1427 3159 1496 instru-

598 1526 834 1594 mento
881 1526 1083 1584 utens
1132 1513 1359 1585 malus
1394 1513 1704 1605 spiritus,
1757 1525 1822 1583 et
1871 1514 2090 1584 multa
2139 1536 2260 1604 per
2309 1515 2538 1605 ipsum
2581 1513 2938 1601 eloquens»,
2972 1536 3154 1601 quae

601 1602 1037 1692 pertinebant
1082 1602 1167 1672 ad
1207 1601 1480 1672 laudem
1522 1603 1861 1693 Imaginis
1906 1616 1972 1673 et
2020 1603 2360 1692 Epistolae
2404 1604 2597 1694 (nam
2650 1603 2814 1674 olim
2850 1625 3154 1761 quogue,

602 1691 930 1762 Novimus
976 1692 1137 1778 quis
1187 1692 1283 1763 sis
1330 1704 1613 1772 sanctus
1649 1692 1906 1775 Israel,
1954 1692 2300 1774 dicebant,
2347 1692 2465 1780 qui
2503 1705 2699 1763 erant
2743 1714 2983 1763 earum
3040 1714 3153 1762 em

598 1801 761 1850 cum
816 1779 935 1850 illo
978 1780 1333 1870 partium),
1385 1779 1657 1862 tandem
1719 1781 1884 1850 haec
1943 1803 2218 1867 quoque
2272 1796 2375 1850 est
2425 1781 2626 1868 quasi
2687 1781 3153 1852 vaticinatus:

602 1869 871 1958 Accipe,
909 1869 1169 1948 dicens,
1208 1892 1249 1937 o
1286 1869 1912 1960 Constantinopolis
1951 1869 2239 1960 gloriam
2283 1881 2347 1939 et
2381 1870 2734 1952 laetitiam,
2780 1881 2844 1939 et
2879 1881 2952 1940 tu
2987 1875 3162 1939 Con-

604 1957 903 2028 stantine
957 1958 1539 2115 Porphyrogenite
1581 1972 1776 2030 tuum
1831 1959 2225 2049 imperium.
2280 1959 2404 2029 His
2450 1960 2653 2028 dictis
2686 2014 2702 2042 ‚
2765 1958 2895 2029 fuit
2944 1957 3157 2030 homo

600 2058 912 2127 curatuS,
948 2060 1012 2116 et
1051 2061 1277 2118 statim
1363 2047 1665 2116 iberatus
1711 2071 1749 2117 a
1785 2048 2134 2117 vexatione
2183 2048 2563 2118 daemonis.
2611 2053 2869 2120 Horum
2922 2061 3153 2117 autem

603 2136 968 2205 verborum
1002 2134 1190 2205 suere
1221 2135 1419 2206 multi
1457 2149 1678 2205 testes.
1718 2142 1882 2206 Nam
1919 2159 2076 2206 cum
2115 2141 2498 2225 Imperator
2531 2137 2835 2208 misisset
2871 2137 3147 2208 obviam

599 2222 688 2305 ei,
742 2222 926 2310 quod
992 2224 1471 2305 desiderabat,
1528 2225 1974 2314 magistratus
2020 2237 2085 2294 et
2133 2226 2395 2314 primos
2450 2226 2660 2297 totius
2713 2237 3039 2297 senatus:
3088 2237 3155 2295 et

603 2312 807 2382 multi
841 2335 920 2382 ex
962 2313 1374 2384 satellitibus
1408 2312 1618 2384 simul
1665 2337 1823 2383 cum
1866 2315 1965 2383 eis
1999 2314 2386 2394 exivissent,
2429 2313 2682 2384 accidit
2727 2326 2804 2385 ut
2838 2314 3153 2404 magistri

598 2414 665 2470 et
730 2401 984 2492 patritii
1033 2424 1191 2472 cum
1243 2401 1687 2473 inferioribus
1733 2402 2100 2472 ordinibus
2159 2425 2238 2473 ea
2286 2403 2651 2484 audirent,
2716 2415 2783 2472 et
2845 2402 2929 2473 de
2979 2403 3154 2493 ipsis

599 2488 852 2561 ferrent
902 2491 1399 2562 testimonium.
1456 2498 1532 2562 Et
1572 2492 1902 2580 quoniam
1953 2515 2130 2579 quae
2169 2491 2352 2563 dicta
2383 2491 2676 2575 fuerant,
2720 2492 2856 2577 cito
2902 2515 3151 2563 evene-

601 2595 787 2663 runt,
831 2581 992 2671 jure
1039 2592 1142 2651 est
1188 2580 1681 2661 dubitandum,
1736 2580 2087 2651 undenam
2148 2582 2601 2670 praescientia
2648 2581 3017 2652 accesserit
3062 2581 3152 2651 ad

600 2668 1033 2739 daemonem.
1088 2675 1228 2739 Non
1280 2670 1463 2738 enim
1515 2669 1896 2740 creduntur
1941 2693 2090 2740 eam
2141 2693 2222 2739 ex
2270 2693 2342 2742 se
2391 2671 2689 2752 habere,
2745 2693 2908 2741 cum
2952 2693 2994 2742 a
3049 2671 3156 2740 di-

599 2759 759 2827 vina
817 2759 1037 2849 gloria
1095 2758 1519 2842 exciderint,
1581 2771 1645 2828 et
1701 2781 1822 2849 pro
1873 2759 2023 2828 luce
2082 2758 2248 2828 dicti
2311 2757 2568 2830 fuerint
2617 2759 2959 2830 tenebrae.
3025 2759 3154 2831 Sed

596 2847 867 2917 clarum
916 2859 1067 2927 est,
1122 2847 1470 2936 quomodo
1526 2847 1762 2917 divina
1810 2849 2026 2917 virtus
2074 2870 2198 2919 usa
2247 2864 2350 2917 est
2402 2846 2725 2921 Balaamo
2756 2903 2772 2930 ,
2827 2848 3154 2920 ministro

597 2937 772 3025 ejuS,
825 2958 1004 3023 quae
1037 2948 1199 3005 tunc
1233 2935 1385 3017 suit,
1443 2937 1955 3027 praedictionis,
1993 2947 2057 3005 et
2105 2936 2277 3006 alias
2309 2936 2466 3008 aliis
2506 2959 2708 3026 saepe
2744 2959 2822 3006 ea
2858 2959 2932 3007 re
2967 2938 3157 3007 indi-

596 3024 781 3113 gnis,
821 3025 1117 3112 sapienti
1149 3023 1450 3111 quodam
1486 3039 1552 3095 et
1585 3026 1817 3096 solerti
1852 3025 2140 3095 consilio
2174 3044 2186 3091 :
2243 3026 2336 3094 ita
2363 3048 2562 3111 vnunc
2596 3047 2871 3113 quoque
2901 3026 3152 3107 virtus,

598 3134 777 3198 quae
815 3125 960 3181 erat
1015 3114 1084 3181 in
1146 3114 1381 3182 divina
1436 3114 1702 3204 effigie,
1762 3137 1888 3185 usa
1935 3127 2037 3184 est
2083 3114 2439 3185 daemone.
2494 3120 2571 3185 Et
2618 3114 2772 3185 ideo
2823 3137 2943 3205 per
2987 3137 3156 3185 eum

604 3201 1188 3291 praesignificavit
1217 3257 1233 3281 ,
1288 3224 1467 3289 quae
1509 3226 1664 3272 mox
1712 3215 1906 3273 erant
1937 3217 2286 3273 eventura.
2327 3203 2452 3274 Sed
2490 3226 2650 3273 cum
2693 3205 2824 3273 hoc
2863 3203 3153 3291 quidem

600 3289 701 3358 sic
747 3290 1103 3371 evenisset,
1157 3290 1308 3381 ejus
1355 3292 1758 3361 meminisse
1801 3292 2068 3360 interim
2122 3314 2254 3361 non
2298 3292 2428 3362 suit
2474 3291 2761 3363 sortasse
2805 3292 3148 3365 alienum.

599 3382 972 3467 Pergemus
1001 3393 1230 3447 autem
1263 3378 1348 3448 ad
1385 3402 1465 3448 ea
1510 3402 1687 3466 quae
1727 3392 2136 3466 sequuntur,
2178 3380 2549 3451 narranda.

692 3474 729 3546 ἓ
780 3472 940 3537 26.
999 3468 1516 3554 Decimoquinto
1569 3469 1827 3539 mensis
1873 3470 2184 3569 Augusti,
2238 3470 2783 3560 Imperatoribus
2830 3470 2918 3540 de
2962 3493 3154 3540 more

599 3553 847 3624 festum
916 3556 1428 3627 celebrantibus
1488 3578 1761 3646 semper
1827 3558 1928 3626 vir
1979 3557 2114 3629 inis
2178 3570 2243 3627 et
2293 3559 2406 3628 Dei
2472 3560 2713 3630 matris
2762 3560 3018 3630 Mariae
3079 3560 3150 3629 in

601 3644 976 3714 venerabili
1011 3644 1289 3735 templo,
1324 3645 1505 3731 quod
1540 3658 1640 3715 est
1671 3646 1738 3727 in
1775 3646 1932 3715 Blac
1987 3647 2195 3729 ernis,
2231 3647 2417 3718 circa
2453 3649 2944 3739 crepusculum
2979 3648 3152 3719 illuc

600 3746 1058 3834 pervenerunt
1108 3733 1407 3803 ministri
1452 3735 1703 3805 harum
1752 3757 1983 3805 rerum
2038 3737 2519 3826 pretiosarum.
2573 3742 2652 3807 Et
2700 3738 2999 3828 reposita
3048 3750 3155 3810 est

599 3844 669 3891 ln
720 3825 1075 3913 superiore
1123 3823 1416 3905 oratorio
1465 3823 1682 3893 divini
1734 3823 1946 3911 hujus
2015 3825 2252 3915 templi
2300 3848 2460 3896 arca
2492 3881 2506 3908 ‚
2560 3848 2738 3913 quae
2784 3828 2976 3896 intus
3026 3827 3152 3897 ha-

601 3911 807 3982 bebat
854 3912 1234 4002 Imaginem
1287 3924 1351 3981 et
1400 3913 1798 4003 Epistolam.
1854 3918 1999 3995 Quo
2048 3914 2395 3986 venientes
2443 3919 2938 4005 Imperatores,
2993 3937 3148 3986 eam

596 4014 783 4071 extra
810 4014 1198 4072 reverenter
1229 4002 1710 4072 adoraverunt.
1747 4002 2001 4071 Deinde
2033 4026 2193 4072 cum
2227 4004 2603 4073 honorifice
2637 4026 2890 4095 magno
2927 4006 3152 4075 comi-

600 4100 744 4159 tatu
790 4104 856 4159 et
913 4090 1150 4161 multis
1188 4090 1628 4181 lampadibus
1677 4091 1761 4161 ad
1813 4092 2074 4192 regiam
2127 4115 2275 4161 eam
2330 4104 2717 4181 portassent
2766 4093 3147 4175 triremem,

597 4199 756 4247 cum
810 4201 887 4248 ea
922 4192 1252 4252 venerunt
1300 4181 1370 4249 in
1425 4180 1732 4270 regiam:
1786 4194 1851 4250 et
1899 4203 1967 4249 ιη
2021 4181 2298 4271 temple,
2352 4181 2535 4267 quod
2574 4181 2716 4252 illic
2749 4193 2871 4260 est,
2913 4194 2980 4252 et
3030 4205 3152 4253 no-

600 4266 902 4364 minatur
932 4269 1210 4351 Pharos,
1260 4284 1616 4360 propterea
1666 4268 1973 4353 sortasse,
2026 4270 2205 4357 quod
2261 4270 2441 4341 sicut
2490 4271 2696 4342 vestis
2744 4270 3140 4361 splendida,

597 4352 666 4423 td
703 4354 789 4422 sit
820 4359 1089 4446 egregie
1136 4371 1480 4441 ornatum,
1535 4381 1683 4427 eam
1742 4371 2218 4447 reposuerunt,
2277 4358 2390 4428 die
2440 4361 2775 4447 sequenti,
2829 4359 2949 4447 qui
3002 4373 3150 4430 erat

599 4442 855 4513 mensis
890 4445 1459 4527 sextusdecimus,
1523 4448 1631 4537 pie
1670 4459 1735 4517 et
1788 4462 2174 4517 reverenter
2211 4447 2594 4523 salutantes
2638 4471 2786 4518 eam
2841 4471 3089 4520 rursus
3124 4504 3141 4531 ‚
