3308 5004
200 347 393 415 me..
445 349 532 414 ΞΟ
898 367 977 416 nit
1022 368 1080 416 s.
1133 369 1466 418 annuntiabo
1513 370 1657 418 Aac.
1711 369 2095 419 nummu..
2536 355 2665 421 467

287 446 327 533 9
372 450 516 519 ω.
569 446 1065 519 Infirmabatur
1093 448 1470 537 aliquando
1516 449 1725 521 homo
1771 450 1913 532 Dei,
1967 462 2034 522 et
2069 450 2258 523 velut
2287 449 2559 524 rivulus
2603 454 2758 541 qui-

193 534 363 606 dam
414 534 834 627 phlegmatis
864 537 1290 609 incessanter
1335 538 1425 609 ab
1469 538 1622 629 ejus
1679 560 1798 610 ore
1843 540 2125 622 fluebat,
2186 540 2373 613 unde
2418 541 2754 615 exhausto

194 644 487 715 corpore
525 646 1024 715 usquequaque
1062 626 1416 711 deficiens,
1461 628 1913 719 paulominus
1961 629 2050 700 ad
2101 641 2403 702 extrema
2450 631 2747 703 devenit.

195 716 680 785 Convenerunt
709 715 941 804 itaque
986 715 1219 787 filiiet
1246 717 1454 788 amici
1500 718 1675 800 e'us,
1713 717 1899 789 velut
1942 718 2031 789 ad
2062 718 2386 807 exequias
2434 720 2604 791 tanti
2629 743 2756 812 pa-

73 887 82 895 ·
195 802 349 884 tris,
375 815 623 905 ‘et-ego
662 802 811 906 ipse
863 804 1045 875 inter
1088 817 1392 877 caeteros
1437 806 1527 877 ad
1560 807 1657 890 ui,
1713 806 1902 895 quod
1961 828 2071 877 me
2116 828 2392 897 quoque
2449 810 2605 899 eJus
2651 809 2757 880 di-

199 904 435 995 gnatlo
460 914 531 961 in
567 915 952 964 amicorum
980 916 1271 966 numero
1300 907 1671 987 reputaret.
1697 900 2005 984 Cumque
2019 907 2401 967 extremum
2425 898 2754 988 spiritum

186 1003 340 1074 Jam
389 981 661 1053 trahere
706 982 1077 1066 videretur,
1130 983 1202 1054 in
1241 1005 1528 1057 excessu
1577 986 1827 1056 mentis
1856 1007 2024 1056 suae
2068 998 2227 1056 ante
2274 984 2578 1057 tribunal
2623 992 2755 1058 Do-

196 1068 377 1140 mini
423 1070 560 1141 sibi
602 1071 790 1143 visus
821 1084 925 1143 est
956 1075 1405 1164 praesentari.
1442 1073 1671 1144 Adfuit
1697 1088 1926 1145 autem
1974 1087 2041 1146 et
2072 1086 2266 1146 satan
2315 1096 2397 1145 ex
2433 1075 2747 1159 adverso,

70 1225 77 1232 .
195 1159 538 1250 improbis
575 1181 737 1231 eum
786 1163 1350 1234 accusationibus
1406 1162 1719 1254 pulsans.
1775 1164 1903 1235 Ubi
1957 1184 2113 1234 vero
2160 1162 2278 1234 ille
2322 1165 2559 1235 omnia
2613 1164 2746 1236 fuit

196 1260 631 1340 prosecutus„
670 1262 736 1320 et
782 1251 928 1322 viro
975 1252 1090 1322 Dei
1124 1264 1301 1323 esset
1347 1274 1472 1343 pro
1519 1274 1646 1323 sua
1693 1264 1885 1343 parte
1930 1251 2345 1335 dicendum,
2394 1253 2568 1324 nihil
2621 1266 2753 1325 ter-

191 1338 377 1409 ritus
422 1350 543 1409 aut
591 1339 931 1422 turbatus,
966 1340 1098 1411 ait:
1143 1363 1181 1408 «
1212 1345 1471 1423 Fateor,
1511 1362 1646 1412 non
1688 1363 1847 1412 sum
1895 1340 2156 1433 dignus
2200 1363 2361 1433 ego,
2416 1363 2542 1412 nec
2591 1364 2753 1434 pro-

197 1426 374 1529 priis
404 1447 686 1515 possum
717 1430 982 1499 meritis
1006 1451 1299 1522 regnum
1334 1430 1643 1502 obtinere
1689 1430 2068 1501 coelorum.
2099 1435 2449 1502 Caeterum
2483 1430 2752 1521 duplici

178 1538 349 1607 Jure
389 1516 564 1587 illud
613 1517 934 1589 obtinens
982 1520 1318 1589 Dominus
1352 1540 1571 1602 meus,
1612 1519 2031 1590 haereditate
2077 1520 2341 1590 scilicet
2385 1520 2629 1602 Patris,
2683 1532 2753 1591 et

193 1605 444 1676 merito
494 1605 877 1694 passionis:
933 1607 1148 1678 altero
1209 1609 1358 1698 ipse
1407 1621 1794 1690 contentus,
1840 1608 2130 1679 alterum
2169 1608 2342 1678 mihi
2376 1608 2628 1679 donat:
2667 1630 2751 1680 ex

193 1695 403 1784 cujus
450 1694 633 1766 dono
672 1695 834 1784 ⁸iure
879 1696 1055 1767 illud
1096 1697 1272 1767 mihi
1310 1697 1711 1778 vendicans,
1782 1719 1919 1767 non
1967 1696 2380 1768 confundor.
2410 1720 2448 1765 »
2497 1702 2573 1767 In
2618 1697 2751 1768 hoc

194 1783 405 1854 verbo
433 1783 768 1856 confusus
806 1786 1159 1868 inimicus,
1202 1798 1580 1857 conventus
1627 1786 1744 1857 ille
1791 1786 2099 1868 solutuS,
2150 1797 2217 1856 et
2254 1786 2460 1857 homo
2508 1785 2627 1856 Dei
2673 1786 2748 1856 in

192 1893 270 1942 se
309 1894 626 1944 reversus
685 1886 807 1944 est.
864 1879 1134 1946 Rursus
1179 1889 1408 1946 autem
1461 1874 1646 1946 velut
1692 1876 1763 1945 in
1832 1875 2029 1946 litore
2074 1874 2376 1964 quodam
2428 1875 2698 1966 positus
2727 1929 2744 1958 ,

194 1961 559 2031 videbatur
604 1962 736 2032 sibi
788 1985 1058 2044 navem,
1119 1985 1296 2052 quae
1342 1986 1415 2035 se
1454 1964 1953 2047 transveheret,
2005 1976 2387 2054 expectare.
2439 1968 2751 2053 Cumque

192 2050 650 2141 applicuisset
703 2052 898 2122 navis
943 2052 1031 2122 ad
1080 2052 1246 2123 litus
1279 2107 1296 2136 ,
1349 2052 1717 2124 festinabat
1779 2052 2097 2144 ingredi:
2166 2066 2232 2122 et
2278 2053 2396 2124 illa
2447 2052 2743 2135 cedenS,

195 2139 630 2231 impingebat
673 2140 742 2210 in
794 2163 1074 2230 aquam.
1138 2147 1363 2230 Usque
1438 2143 1633 2213 tertio
1684 2143 1775 2213 ita
1821 2142 2105 2224 faciens,
2160 2141 2436 2212 tandem
2509 2141 2748 2212 relicto

191 2247 299 2309 e0,
355 2230 549 2299 navis
598 2229 762 2310 ibat,
817 2244 882 2301 et
947 2252 1084 2301 non
1125 2233 1611 2302 revertebatur.
1681 2230 2042 2303 Intellexit,
2088 2244 2321 2302 autern
2373 2230 2690 2322 protinus
2723 2284 2741 2312 ,

195 2315 496 2387 necdum
548 2329 824 2420 tempus
855 2341 1022 2391 suae
1068 2320 1528 2411 navigationis
1553 2319 1820 2392 adesse:
1856 2320 2086 2391 adhuc
2118 2318 2347 2389 tamen
2396 2320 2748 2390 crescebat

192 2403 414 2487 dolor,
465 2428 546 2476 eo
601 2418 841 2496 utique
903 2408 1126 2499 magis
1192 2408 1544 2491 molestus,
1596 2430 1738 2498 quo
1799 2410 2034 2481 minus
2077 2429 2239 2478 eum
2288 2428 2447 2499 spes
2511 2408 2747 2477 immi-

192 2495 425 2567 nentis
470 2495 694 2567 exitus
740 2495 1116 2569 solabatur.

222 2589 329 2746 ng
365 2589 513 2658 ³8.
569 2586 863 2677 Contigit
901 2599 1131 2657 autem
1181 2586 1788 2677 advesperascente
1813 2587 1961 2675 jam
1989 2586 2124 2668 die,
2157 2597 2236 2656 ut
2279 2584 2568 2657 caeteris
2609 2585 2746 2656 fra-

194 2685 218 2745 t
262 2675 274 2687 '
334 2697 417 2746 us
454 2675 654 2765 juxta
699 2675 1271 2747 consuetudinem
1328 2675 1818 2748 accedentibus
1855 2675 1943 2745 ad
2006 2675 2364 2746 lectionem
2430 2673 2744 2745 collatio-

192 2785 390 2846 num,
429 2763 627 2834 solus.
666 2766 891 2836 Abbas
936 2787 1099 2836 cum
1146 2764 1424 2836 duobus
1461 2764 1792 2835 fratribus
1819 2764 1950 2836 sibi
1999 2764 2484 2834 assistentibus
2521 2785 2746 2834 rema-

190 2867 385 2924 neret
440 2852 512 2922 in
561 2852 973 2936 diversorio,
1027 2854 1098 2924 in
1145 2876 1284 2943 quo
1322 2854 1619 2945 jacebat.
1675 2859 1982 2942 Cumque
2050 2852 2525 2923 vehementius
2571 2850 2742 2921 affli-

280 2954 491 3025 retur,
543 2956 619 3012 ut
666 2964 878 3033 supra
947 2943 1127 3014 vires
1173 2943 1370 3015 dolor
1419 2954 1883 3024 accresceret,
1937 2942 2285 3013 advocans
2348 2940 2644 3012 alterum
2702 2961 2743 3011 e

241 3032 492 3111 uobus‚
523 3030 725 3120 ⁸iubet
746 3032 956 3103 citius
973 3044 1244 3103 oratum
1282 3033 1403 3103 ire.
1436 3038 1886 3104 Excusantem
1917 3031 2241 3120 denique,
2270 3043 2335 3101 et
2367 3029 2735 3112 dicentem,

186 3126 334 3193 llon
368 3142 525 3190 sum
573 3143 700 3213 ego
752 3121 905 3191 talis
937 3135 1202 3192 orator:
1254 3121 1683 3193 obedientiae
1709 3122 2113 3192 auctoritate
2139 3119 2517 3211 compellit.
2556 3123 2740 3220 Itum

187 3221 294 3282 est
337 3221 405 3281 et
448 3224 721 3281 oratum
770 3210 857 3281 ad
920 3210 1212 3293 altaria,
1279 3231 1458 3298 quae
1521 3211 1589 3281 in
1656 3209 1895 3281 eadem
1959 3209 2250 3280 basilica
2294 3219 2493 3280 erant
2566 3219 2739 3278 tria:

188 3300 501 3463 primum
557 3300 628 3369 in
686 3299 947 3371 honore
999 3301 1237 3371 beatae
1285 3301 1403 3370 Dei
1450 3299 1818 3372 Genitricis
1850 3322 1867 3364 :
1905 3298 2045 3369 duo
2091 3297 2588 3400 circumposita
2667 3297 2741 3366 in

241 3410 449 3461 onore
476 3390 657 3461 beati
688 3390 1038 3460 Laurentii
1064 3390 1410 3478 martyris,
1441 3401 1509 3460 et
1541 3389 1723 3461 beati
1754 3387 2102 3459 Benedicti
2143 3386 2446 3458 Abbatis.
2484 3384 2741 3455 Eadem

191 3482 362 3551 hora
394 3479 615 3551 adfuit
662 3479 807 3549 viro
859 3478 972 3549 Dei
1045 3479 1394 3569 praedicta
1450 3478 1650 3548 beata
1698 3477 1924 3569 Virgo,
1977 3476 2254 3548 duobus
2303 3475 2453 3545 istis
2488 3475 2741 3564 stipata

191 3570 557 3650 ministris,
618 3569 816 3639 beato
863 3567 1125 3638 scilicet
1180 3568 1580 3647 Laurentio,
1631 3578 1698 3636 et
1756 3567 1954 3637 beato
2001 3563 2386 3635 Benedicto.
2441 3562 2738 3633 Aderant

190 3673 420 3730 autem
478 3659 549 3727 in
596 3680 676 3728 ea
724 3658 1057 3728 suavitate
1103 3669 1169 3727 et
1215 3657 1577 3727 serenitate
1644 3676 1826 3743 quae
1871 3675 1989 3726 eos
2043 3654 2413 3724 decebant:
2466 3664 2533 3722 et
2597 3662 2738 3752 tam

194 3748 576 3830 manifeste,
629 3759 708 3818 ut
752 3768 833 3818 ex
880 3747 1031 3835 ipso
1071 3746 1362 3816 ‘introitu
1393 3743 1706 3826 cellulae,
1764 3764 2093 3834 personas
2138 3742 2560 3815 discerneret
2593 3761 2743 3809 sin-

196 3837 542 3926 gulorum.
596 3841 1171 3928 Imponentesque
1215 3835 1280 3904 ei
1328 3857 1600 3915 manus,
1640 3845 1707 3902 et
1747 3831 1895 3901 loca
1941 3830 2201 3902 doloris
2246 3842 2504 3901 attactu
2564 3828 2742 3929 piis-

200 3926 375 3996 simo
418 3926 773 4007 lenientes,
826 3946 1102 3994 omnem
1155 3923 1472 4014 protinus
1519 3920 2024 4013 aegritudinem
2082 3918 2521 4009 depulerunt.
2589 3921 2739 4018 §ic-

198 4027 391 4085 catus
433 4027 536 4086 est
562 4015 747 4085 enim
789 4013 948 4084 ilico
985 4012 1398 4103 phlegmatis
1446 4012 1660 4091 rivus,
1698 4023 1764 4080 et
1809 4008 2007 4080 dolor
2033 4008 2262 4079 omnis
2300 4006 2660 4077 abscessut.

283 4106 321 4192 ξ
364 4110 524 4177 50.
572 4110 739 4175 Cum
773 4117 1000 4174 autem
1028 4115 1093 4172 et
1123 4123 1250 4193 ego
1279 4114 1703 4191 aegrotarem
1733 4096 2111 4186 aliquando
2141 4097 2208 4166 in
2239 4096 2448 4165 domo
2479 4105 2736 4195 nostra,

191 4206 257 4264 et
308 4215 416 4264 me
454 4195 598 4282 jam
649 4193 945 4263 nimium
1016 4191 1369 4281 fatigasset
1414 4202 1480 4259 et
1525 4189 1894 4259 attrivisset
1962 4187 2030 4255 in
2095 4185 2378 4276 longum
2433 4183 2736 4253 nimium

193 4306 266 4355 se
300 4281 713 4374 protendens
752 4280 1133 4373 aegritudo,
1164 4279 1456 4349 audiens
1491 4278 1638 4357 hoc,
1686 4277 1872 4347 misit
1904 4274 1990 4345 ad
2028 4296 2137 4344 me
2182 4273 2460 4375 fratrem
2496 4292 2731 4351 suum,

188 4374 421 4442 virum
468 4372 690 4443 bonae
724 4372 1091 4441 memoriae
1140 4367 1545 4446 Gerardum,
1601 4365 1941 4434 mandans
1976 4385 2086 4433 me
2114 4384 2345 4433 venire
2383 4362 2469 4432 ad
2506 4361 2740 4431 Clara-

192 4461 469 4543 vallem,
523 4459 875 4553 spondens
904 4481 1011 4530 me
1058 4459 1149 4530 ibi
1180 4459 1315 4529 cito
1353 4468 1474 4527 aut
1503 4455 1920 4536 curandum,
1958 4465 2080 4524 aut
2128 4452 2569 4524 moriturum.
2600 4455 2740 4541 Ego
