3308 5004
202 261 400 362 AUG.
442 261 539 361 ’θ
865 311 947 359 na
989 311 1050 361 s.
1100 309 1432 362 musano
1477 311 1618 360 ns.
1673 308 2058 362 emunt..
2533 245 2664 362 45'7

202 397 692 476 commissum,
722 394 903 467 sicut
925 416 967 465 o
1017 395 1307 476 ortebat,
1335 394 1875 486 procurandum,
1897 409 1965 467 et
1991 396 2381 483 videremus
2400 397 2487 480 ei,
2509 407 2754 487 agente

203 485 483 557 medico
528 505 657 555 suo
705 483 847 565 illo,
898 505 940 554 o
992 484 1128 556 erri
1174 485 1389 567 cibos,
1445 506 1621 573 quos
1660 506 1878 555 sanus
1904 486 2063 573 quis
2094 487 2198 557 vix
2231 508 2397 576 prae
2428 486 2754 577 angustia

199 573 418 645 {amis
462 573 867 675 attingeret:
920 573 1327 645 videbamus
1371 586 1437 644 et
1476 574 2018 656 tabescebamus,
2059 575 2164 645 vix
2204 574 2505 666 regulari
2546 575 2756 646 silen-

202 665 306 735 tio
356 684 483 735 nos
526 662 911 743 cohibente,
965 663 1136 751 quin
1189 662 1256 731 in
1308 661 1533 743 illum,
1585 663 1788 750 quasi
1837 663 1905 732 in
1958 664 2372 754 sacrilegum
2421 676 2490 734 et
2527 664 2755 734 homi-

201 752 437 824 cidam
471 806 488 832 ,
542 751 646 823 ira
689 765 757 822 et
801 751 1242 822 contumeliis
1291 751 1836 841 insurgeremus.
1891 757 2045 842 Ipse
2090 765 2320 824 autem
2353 806 2369 834 ,
2422 753 2492 821 in
2542 773 2751 840 quem

208 841 382 912 haec
430 841 730 922 fiebant,
787 839 1252 911 indifferenter
1297 854 1549 911 cuncta
1595 862 1905 923 sumens,
1957 863 2173 930 aeque
2219 840 2454 911 omnia
2502 863 2755 932 appro-

208 930 459 1001 babat:
510 931 694 1001 sicut
735 930 859 1017 qui
905 951 1116 999 sensu
1164 929 1317 1020 ipso
1349 943 1675 1018 corrupto
1703 942 1768 999 et
1801 951 1975 1019 pene
2005 943 2340 1008 emortuo,
2377 951 2449 1000 sa
2550 953 2621 1000 re
2653 928 2751 999 nil

206 1018 666 1091 discernebat.
721 1024 886 1089 Nam
935 1031 1001 1088 et
1045 1020 1357 1108 saglmen
1398 1019 1720 1099 crudum,
1761 1040 1882 1108 per
1912 1039 2209 1089 errorem
2245 1017 2379 1089 sibi
2412 1040 2453 1087 o
2506 1018 2748 1101 latum,

206 1130 338 1199 pro
386 1107 634 1198 butyro
675 1106 915 1178 multis
944 1105 1193 1177 diebus
1233 1108 1540 1178 noscitur
1568 1107 1984 1178 comedisse:
2020 1107 2248 1179 oleum
2286 1107 2567 1189 bibisse,
2605 1120 2756 1176 tan-

203 1218 421 1285 quam
455 1218 747 1284 aquam:
781 1209 847 1266 et
884 1195 1097 1266 multa
1125 1194 1288 1266 talia
1318 1195 1810 1286 contingebant
1833 1196 1921 1266 ei.
1952 1197 2176 1267 Solam
2210 1196 2467 1287 quippe
2499 1217 2749 1283 aquam

205 1286 345 1357 sibi
397 1306 637 1377 sapere
682 1284 976 1366 dicebat,
1028 1306 1107 1354 eo
1153 1283 1337 1372 quod
1385 1306 1544 1356 cum
1593 1306 1746 1353 eam
1799 1300 2122 1365 sumeret,
2163 1285 2394 1354 fauces
2421 1298 2486 1354 et
2517 1298 2757 1386 guttur

201 1375 272 1445 ei
323 1373 792 1464 refrigerabat.
847 1373 955 1443 Sic
1001 1395 1167 1464 ergo
1215 1385 1380 1444 tunc
1416 1395 1576 1445 eum
1615 1373 1870 1456 inveni,
1903 1388 1970 1445 et
1999 1374 2099 1446 sic
2130 1373 2485 1444 habitabat
2517 1396 2585 1443 tn
2623 1372 2760 1444 illa

205 1463 587 1535 solitudine
615 1485 742 1533 sua
777 1462 879 1531 vir
908 1461 1025 1532 ille
1058 1462 1199 1532 Dei.

299 1554 338 1641 §
384 1556 541 1625 85.
597 1551 722 1622 Sed
778 1573 913 1620 non
961 1565 1106 1622 erat
1152 1550 1365 1633 solus,
1418 1571 1576 1621 cum
1626 1572 1768 1638 quo
1813 1562 1960 1621 erat
1998 1555 2198 1634 Deus,
2241 1562 2307 1620 et
2343 1550 2659 1622 custodia
2690 1562 2756 1620 et

202 1639 587 1712 consolatio
633 1651 1028 1711 sanctorum
1081 1640 1519 1731 Angelorum.
1575 1640 1769 1723 Quod
1815 1641 2019 1710 etiam
2056 1640 2435 1712 manifestis
2476 1638 2754 1709 indiciis

204 1743 668 1801 monstratum
716 1742 843 1799 est.
895 1733 1098 1801 Nocte
1143 1729 1327 1800 enim
1377 1727 1677 1816 quadam
1730 1728 1929 1800 solito
1961 1729 2290 1799 attentius
2325 1728 2611 1808 orando,
2654 1726 2753 1797 es·

203 1816 480 1888 fuderat
523 1839 735 1908 super
779 1838 854 1888 se
899 1817 1204 1889 animam
1256 1838 1496 1888 suam:
1550 1838 1710 1886 cum
1763 1816 2057 1888 tenuiter
2103 1832 2503 1909 soporatuS,
2555 1837 2754 1887 voces

203 1907 475 1978 audivit
523 1920 850 1995 tanquam
900 1906 1323 1979 transeuntis
1372 1905 1845 1979 multitudinis
1875 1907 2219 1998 copiosae.
2254 1907 2603 1997 Evigilans
2632 1927 2758 1976 au·

209 2007 374 2076 tem,
425 2009 493 2067 et
540 2017 736 2068 voces
780 1994 1055 2065 easdem
1093 1994 1369 2087 plenius
1405 1994 1721 2077 audienS‚
1758 1994 2001 2065 cellam
2037 2017 2334 2084 quoque,
2373 1998 2440 2064 in
2481 2017 2620 2083 qua
2644 1996 2753 2084 ja-

207 2085 448 2167 cebat,
499 2085 886 2176 egreditur,
936 2099 1003 2156 et
1051 2082 1488 2175 persequitur
1531 2084 1886 2155 abeuntes.
1956 2084 2154 2155 Haud
2269 2083 2455 2155 rocul
2522 2083 2757 2153 aberat

206 2172 406 2244 locus
451 2172 689 2245 densis
720 2173 949 2244 adhuc
987 2173 1349 2264 spinarum
1393 2172 1845 2262 vepriumque
1874 2171 2143 2244 frutetis
2180 2195 2216 2242 a
2276 2172 2590 2243 undans:
2633 2171 2754 2242 sed

204 2282 399 2331 nunc
430 2261 634 2353 longe
668 2274 974 2332 mutatus
1002 2261 1092 2333 ab
1130 2260 1275 2332 illo.
1320 2265 1540 2353 Super
1581 2261 1766 2331 hunc
1800 2261 2233 2350 aliquamdiu
2265 2261 2539 2336 stabant
2571 2260 2755 2330 velut

206 2349 625 2423 alternantes
669 2351 890 2432 chori,
944 2350 1272 2421 hincinde
1317 2349 1674 2440 dispositi,
1724 2363 1790 2420 et
1839 2350 1941 2419 vir
1986 2362 2270 2421 sanctus
2314 2349 2641 2420 audiebat
2686 2361 2753 2419 et

209 2438 703 2512 delectabatur.
749 2440 959 2531 Cujus
1007 2452 1232 2511 tamen
1286 2439 1687 2529 mysterium
1723 2438 2009 2510 visionis
2047 2459 2181 2509 non
2220 2439 2415 2531 prius
2445 2437 2747 2531 agnovit,

202 2549 415 2618 quam
468 2528 815 2601 translatis
864 2543 1017 2620 post
1060 2528 1327 2618 aliquot
1369 2550 1592 2599 annos
1637 2528 1976 2600 aedificiis
2025 2529 2460 2610 monasterii,
2510 2527 2752 2599 eodem

206 2619 277 2687 in
308 2618 459 2689 loco
490 2620 789 2710 positum
819 2618 1192 2689 oratorium
1219 2631 1551 2698 cerneret,
1581 2617 1706 2687 ubi
1740 2638 1937 2690 voces
1971 2616 2127 2687 illas
2160 2616 2491 2688 audisset.
2531 2616 2751 2686 Mansi

195 2720 436 2793 ‚autem
483 2728 610 2799 ego
658 2706 993 2798 indignus
1087 2707 1285 2778 aucis
1331 2706 1581 2776 diebus
1611 2727 1775 2775 cum
1805 2728 1910 2786 eo,
1950 2718 2017 2776 et
2045 2727 2485 2794 quocumque
2513 2704 2753 2776 oculos

205 2796 581 2876 vertebam,
638 2796 902 2866 mirans
950 2796 1009 2866 vi
1064 2796 1232 2867 ebar
1275 2796 1472 2883 quasi
1517 2794 1743 2865 coelos
1787 2795 1955 2866 mihi
2000 2794 2228 2865 videre
2270 2815 2502 2874 novos,
2535 2806 2603 2865 et
2634 2806 2757 2863 ter·

206 2906 356 2955 ram
408 2906 679 2966 novam,
729 2898 795 2955 et
828 2885 1283 2974 antiquorum
1333 2884 1820 2985 Aegyptiorum
1875 2884 2421 2963 monachorum,
2479 2896 2753 2974 patrum

206 2987 624 3075 nostrorum,
675 2974 1000 3075 antiquas
1046 2973 1352 3056 semitas,
1394 2987 1470 3044 et
1517 2994 1587 3042 tn
1635 2972 1740 3043 eis
1772 2972 1988 3043 nostri
2031 2972 2357 3064 temporis
2389 2972 2751 3042 hominum

209 3076 512 3133 recentia
560 3075 869 3153 vestigia.

291 3153 529 3238 §8OE
562 3155 721 3221 Erat
745 3152 931 3223 enim
965 3163 1131 3223 tunc
1164 3149 1494 3241 temporis
1534 3150 1762 3221 videre
1786 3148 2222 3221 claraevallis
2245 3171 2457 3221 aurea
2489 3148 2750 3231 secula,

203 3260 367 3311 cum
419 3238 543 3310 viri
596 3239 890 3320 virtutis,
924 3239 1089 3313 olim
1131 3239 1379 3310 divites
1417 3240 1487 3309 in
1520 3239 1755 3309 seculo
1789 3252 1858 3309 et
1889 3238 2229 3321 honorati,
2267 3251 2432 3309 tunc
2467 3238 2536 3307 in
2577 3261 2753 3329 pau·

204 3340 465 3421 pet-tate
511 3327 758 3401 Christi
804 3329 1204 3419 gloriantes,
1256 3328 1629 3400 Ecclesiam
1683 3328 1799 3398 Dei
1839 3327 2237 3431 plantarent
2284 3328 2354 3397 in
2405 3349 2528 3397 san
2587 3327 2753 3399 uine

203 3439 356 3498 suo,
405 3417 479 3489 in
531 3417 763 3488 labore
808 3431 875 3487 et
910 3417 1289 3493 aerumnis.
1334 3418 1403 3486 in
1435 3416 1616 3486 fame
1645 3431 1713 3486 et
1744 3417 1881 3498 siti,
1921 3417 1990 3486 in
2028 3416 2114 3486 fri
2164 3438 2282 3487 ore
2313 3428 2507 3501 etnu
2562 3417 2747 3497 itate,

201 3507 274 3577 in
325 3506 922 3597 persecutionibus
965 3518 1030 3577 et
1073 3505 1514 3576 contumeliis
1543 3518 1610 3576 et
1639 3506 1983 3596 angustiis
2023 3528 2142 3575 mu
2204 3506 2286 3583 is,
2331 3526 2752 3595 praeparan-

203 3608 303 3667 tes
348 3594 747 3667 claraevalli
790 3616 972 3675 eam,
1023 3615 1232 3682 quam
1285 3594 1486 3666 habet
1535 3593 1773 3676 hodie,
1825 3594 2308 3666 sufficientiam
2358 3606 2426 3663 et
2477 3615 2746 3683 pacem.

203 3689 432 3771 neque
474 3683 660 3754 enim
712 3705 785 3753 se
832 3697 967 3753 tam
1020 3683 1178 3765 sibi,
1229 3703 1439 3771 quam
1490 3682 1757 3754 Christo
1801 3695 1867 3752 et
1913 3681 2267 3765 fratribuS,
2319 3682 2573 3752 ibidem
2617 3686 2752 3751 Deo

204 3772 582 3853 servituris,
638 3773 859 3842 vivere
905 3772 1367 3853 aestimantes,
1423 3793 1547 3863 pro
1588 3771 1808 3842 nihilo
1841 3771 2208 3851 habebant,
2242 3770 2574 3866 quicquid
2613 3770 2756 3839 sibi

204 3859 489 3942 deesset,
517 3860 686 3932 dum
715 3859 1179 3948 relinquerent
1216 3873 1365 3951 post
1395 3881 1468 3930 se
1505 3859 1687 3948 quod
1733 3859 1874 3929 illis
1905 3858 2273 3940 sufficeret,
2310 3873 2378 3931 et
2400 3859 2485 3930 ad
2515 3857 2756 3928 subsi-

207 3949 395 4019 dium
426 3949 875 4031 necessitatis,
904 3948 1076 4019 etad
1106 3948 1410 4037 aliquam
1440 3949 1934 4020 conscientiam
1966 3947 2388 4018 voluntariae
2465 3969 2541 4018 ro
2569 3946 2755 4017 Chri·

206 4051 309 4109 sto
341 4038 799 4129 paupertatis:
836 4036 1246 4140 primusque
1274 4037 1447 4108 facie
1484 4038 1572 4108 ab
1609 4037 2073 4108 introentibus
2109 4035 2411 4106 Claraval
2447 4058 2582 4136 ern,
2632 4056 2757 4125 pet·

202 4126 607 4200 descensum
640 4139 892 4197 montis
920 4128 1190 4198 Deusin
1216 4126 1544 4197 domibus
1564 4129 1721 4214 ejus
1737 4148 1818 4197 co
1872 4138 2287 4204 nosceretur,
2310 4146 2560 4194 cumin
2582 4125 2754 4195 sim-

252 4215 506 4288 licitate
551 4229 619 4287 et
663 4214 1054 4287 humilitate
1098 4214 1598 4295 aedificiorum,
1644 4215 1840 4284 humi
1874 4213 2104 4285 itatem
2138 4225 2205 4284 et
2236 4212 2750 4303 simplicitatem

202 4239 666 4376 habitantium
731 4326 1111 4397 pauperum
1178 4302 1428 4374 Christi
1481 4302 1678 4372 vallis
1731 4316 1920 4372 muta
1977 4302 2396 4390 loqueretur.
2452 4303 2755 4391 Denique

207 4394 279 4464 in
331 4391 503 4466 valle
522 4392 641 4465 illa
667 4394 875 4485 plena
902 4392 1332 4469 hominibus.
1368 4391 1608 4479 inqua
1639 4392 1904 4469 nemini
1930 4390 2177 4464 licebat
2228 4413 2383 4465 esse
2425 4393 2749 4475 otiosum,
