3308 5004
207 326 355 393 Ana.
394 324 430 391 ί
1130 344 1219 393 nn
1266 343 1327 393 s.
1374 338 1680 392 comico
2457 321 2586 388 449

202 430 257 500 iii
295 429 420 519 eius
459 427 793 520 principis
837 428 1381 521 gestis‘legitur,
1422 450 1583 499 cum
1622 424 1962 497 catholici
2008 425 2122 497 die
2158 424 2461 514 quodam
2510 446 2673 497 cuni

198 516 496 589 haemticis
522 516 1016 606 disputassent,
1071 530 1356 590 sanctus
1403 515 1803 587 Dominicus
1847 516 2186 602 quaedam
2253 515 2413 600 fidei
2463 515 2678 586 docu-

194 619 378 676 menta
426 606 555 677 scri
609 606 701 677 sit
766 607 839 676 in
903 607 1265 688 chartula,
1320 604 1738 694 tradiditque
1795 625 1946 674 eam
2008 604 2350 675 haeretico
2381 659 2396 686 ,
2448 616 2526 675 ut
2588 603 2676 674 de

194 694 422 783 obiectis
466 627 902 766 deliberaret.
958 701 1051 766 Ea
1078 708 1295 766 -nocte
1344 693 1668 766 haeretici
1727 692 2190 764 consederunt
2216 781 2229 794 ⁶
2257 691 2345 763 ad
2395 693 2671 795 ignem:

193 782 400 883 prolata
426 796 526 854 est
561 783 1053 855 chartula-viri
1115 785 1256 864 Dei,
1308 782 1572 854 dictum
1621 792 1726 852 est
1779 782 1867 853 ab
1908 781 2315 853 haereticis:
2371 788 2678 854 Mutatur

197 892 247 941 iii
287 873 492 962 ignem
571 872 936 955 schedula,
1006 885 1088 944 ut
1142 872 1394 944 vei-itas
1463 871 1975 962 comprobetur.
2046 877 2195 942 Mox
2251 871 2552 971 proJecta
2600 871 2672 941 in

194 958 392 1050 ignem,
441 972 592 1052 post
627 961 1054 1050 aliquantam
1097 982 1359 1033 moram
1409 959 1573 1031 inde
1627 959 1802 1029 nihil
1875 958 2060 1032 laesa
2126 959 2442 1051 prosiliit.
2497 966 2669 1030 Tum

190 1069 328 1119 unus
357 1049 778 1133 obstinatior,
831 1051 1153 1132 Minatur,
1219 1050 1493 1139 inquit,
1556 1048 1900 1129 secunde,
1975 1061 2040 1119 et
2090 1049 2347 1140 patebit
2393 1050 2663 1119 veritas.

186 1137 681 1229 Obtemperatum
715 1150 819 1210 est
842 1139 970 1223 illi,
1008 1139 1126 1210 sed
1161 1139 1407 1211 iterum
1443 1138 1681 1209 charta
1713 1137 1979 1208 resiliit.
2017 1137 2465 1228 Stupentibus
2499 1136 2664 1221 illis,-

183 1224 504 1297 obduratus
541 1227 929 1299 haereticus
972 1228 1181 1299 etiam
1212 1228 1408 1299 tertio
1456 1226 1636 1297 idem
1676 1227 1821 1297 vult
1853 1225 2043 1296 fieri:
2085 1227 2203 1298 sed
2258 1226 2426 1296 nihil
2469 1226 2665 1295 enai-⁴

182 1312 321 1385 tulae
357 1314 587 1386 officit.
640 1323 853 1389 Tanto
918 1329 1147 1388 autem
1205 1317 1352 1389 viso
1400 1314 1784 1397 miraculo,
1839 1336 1974 1385 non
2032 1328 2199 1386 sunt
2265 1315 2668 1406 compuncti

180 1402 366 1473 miseri
406 1405 534 1486 illi,
586 1405 708 1476 sed
742 1406 920 1477 inter
953 1427 1028 1476 se
1073 1406 1480 1497 gravissime
1538 1404 1989 1495 prohibuere,
2042 1425 2129 1474 ne
2173 1404 2542 1506 quisquam
2592 1403 2665 1474 id

176 1491 479 1564 catholicis
534 1493 896 1566 indicaret.
950 1500 1288 1565 Attamen
1346 1493 1545 1565 miles
1588 1493 1902 1581 quidam,
1944 1493 2065 1581 qui
2116 1515 2210 1563 rei
2259 1515 2492 1564 coram
2560 1492 2668 1562 in-

173 1579 380 1663 terfuit,
430 1581 594 1653 fidei
640 1605 720 1655 ex
760 1595 950 1675 parte
993 1584 1454 1664 consentione,
1506 1582 1782 1673 insigne
1838 1581 2257 1652 miraculum
2308 1582 2393 1651 ad
2430 1581 2665 1652 catho-

172 1664 416 1741 licorum
452 1672 767 1742 notitiam
810 1671 1129 1764 perduxit
1157 1671 1214 1738 ’ἃ

230 1759 261 1844 δ
295 1764 447 1832 ²8.
501 1761 696 1831 Venit
723 1760 1099 1849 aliquando
1128 1781 1371 1832 servus
1400 1759 1897 1851 omnipotentis
1945 1760 2084 1842 Dei,
2128 1780 2288 1830 cuin
2325 1762 2665 1831 Converso

168 1846 422 1931 quodam
484 1849 954 1921 cisterciensis
1000 1849 1279 1920 Ordinis
1336 1849 1534 1938 valde
1587 1849 1951 1938 religioso,
2021 1850 2109 1920 ab
2157 1847 2663 1936 haereticorum

166 1935 452 2008 conflictu
510 1935 599 2008 ad
659 1938 1021 2009 ecclesiam
1077 1937 1455 2026 quamdam
1517 1938 1906 2028 vespertino
1973 1949 2277 2028 tempore
2307 1991 2322 2019 ,
2373 1957 2666 2025 eamque

165 2020 429 2096 clausam
478 2026 766 2097 invenit.
819 2031 1029 2098 Orant
1075 2027 1290 2118 igitur
1325 2027 1410 2097 ad
1451 2026 1706 2097 ostium
1743 2081 1758 2109 ,
1815 2040 1882 2096 et
1936 2048 2091 2096 mox
2129 2025 2388 2097 clausis
2422 2025 2666 2112 januis

160 2110 301 2183 miro
360 2114 565 2185 modo
626 2137 700 2186 se
743 2116 925 2187 intra
982 2116 1319 2207 templum
1375 2116 1817 2207 conspiciunt
1877 2113 2326 2185 introductos,
2394 2115 2663 2185 Gratias
2779 2181 2790 2192 ,

161 2196 337 2288 igitur
364 2209 827 2294 agentes-Deo
857 2260 872 2288 ,
926 2216 1135 2276 totam
1173 2204 1362 2274 illam
1414 2217 1683 2275 noctem
1737 2204 1806 2273 in
1846 2204 1997 2294 ejus
2050 2202 2377 2274 laudibus
2421 2224 2664 2294 exege-

155 2301 305 2359 runt.
354 2293 800 2364 concionanti
844 2293 1263 2382 quandoque
1310 2293 1506 2363 beato
1557 2292 1701 2363 viro
1749 2294 1819 2361 in
1854 2292 2155 2379 quadam
2191 2293 2503 2382 paroecia
2537 2293 2663 2363 ob-

157 2371 426 2478 latus-est
455 2381 955 2455 daemoniacus
973 2381 1395 2474 jampridem
1426 2404 1467 2451 a
1496 2403 1790 2469 nequam
1824 2381 2073 2472 spiritu
2100 2393 2402 2451 vexatus.
2434 2381 2663 2452 Oravit

155 2484 253 2553 pro
295 2467 408 2541 illo
452 2471 564 2541 vir
608 2483 914 2557 sanctus,
950 2483 1016 2543 et
1062 2483 1346 2543 curatus
1375 2481 1501 2542 est.
1537 2471 1718 2543 Alios
1747 2490 2024 2559 quoque
2061 2469 2351 2541 diver-sis
2388 2491 2662 2561 pressos

156 2556 400 2655 morbis,
436 2559 620 2632 fusis
664 2562 750 2632 ad
802 2567 1016 2632 Deum
1058 2561 1403 2652 precibus,
1457 2560 1748 2630 sanavit.
1802 2560 2155 2630 Adductus
2202 2559 2287 2628 ad
2337 2580 2495 2628 eum
2530 2558 2663 2630 fuit

153 2644 397 2727 quidam
449 2650 695 2722 multis
740 2651 1063 2722 obsessus
1108 2649 1591 2721 daemonibus.
1644 2653 1931 2739 Accepto
1977 2669 2052 2718 er
2100 2670 2140 2719 o
2186 2648 2434 2731 orario,
2471 2648 2655 2735 quod

151 2732 354 2804 stolam
402 2750 676 2819 vocant,
732 2738 930 2830 prius
977 2760 1209 2821 suum,
1264 2739 1427 2808 inde
1456 2737 1887 2807 daemoniaci
1934 2736 2194 2806 colum
2244 2736 2364 2808 illo
2413 2738 2652 2820 cinxit,

150 2823 547 2915 praecipiens
568 2827 1050 2910 daemonibuS,
1084 2838 1163 2898 ut
1205 2828 1295 2897 ab
1342 2827 1648 2897 hominis
1681 2825 2114 2897 infestatione
2150 2825 2478 2916 deinceps
2508 2847 2658 2898 ces·-

152 2924 366 2983 sarent.
472 2966 477 2973 .

175 3004 244 3096 ‚S
287 3006 427 3074 θ’.
482 3003 646 3073 Viro
693 3002 1278 3075 christianissimo
1346 3003 1603 3075 Comite
1650 3003 2124 3076 Montis-fortis
2191 3025 2354 3073 cum
2416 3007 2654 3073 Cruce-

148 3091 395 3244 Stffiiatis
439 3091 806 3162 obsidente
851 3090 1187 3173 Tolosam,
1234 3104 1568 3164 venerunt
1602 3093 1947 3184 peregrini
1994 3114 2076 3162 ex
2123 3091 2389 3182 Anglia‚
2433 3097 2499 3161 S.
2532 3093 2656 3162 Ja-

149 3191 208 3242 co
248 3176 268 3245 i
298 3177 547 3281 limina
580 3180 944 3251 visitaturi.
998 3180 1054 3250 li
1086 3193 1362 3271 propter
1392 3182 2172 3252 excommunicationem
2212 3182 2498 3251 vitantes
2530 3186 2658 3251 To-

146 3256 343 3343 losam,
380 3290 454 3338 in
509 3268 903 3339 naviculam
954 3289 1028 3340 se
1071 3269 1515 3341 contulerunt
1543 3324 1558 3353 ‚
1611 3281 1691 3340 ut
1727 3271 2018 3340 fluvium
2056 3269 2448 3340 transirent.
2488 3275 2656 3341 Prae

147 3351 555 3429 multitudine
586 3379 744 3428 vero
791 3357 1179 3439 hominum,
1235 3359 1359 3460 qui
1404 3369 1600 3429 erant
1627 3358 1767 3429 fere
1804 3358 2287 3449 quadraginta,
2326 3358 2655 3449 depressa

148 3451 222 3508 est
258 3447 468 3529 navis,
523 3457 596 3517 et
639 3467 881 3517 omnes
927 3446 1276 3519 submersi
1323 3461 1485 3518 sunt
1514 3502 1529 3529 ,
1585 3447 1680 3517 ita
1734 3459 1814 3517 ut
1868 3469 1988 3517 nec
2043 3448 2270 3537 capita
2318 3449 2405 3518 ab
2453 3448 2656 3535 aquis

149 3538 422 3604 extarent.
475 3535 735 3606 Orabat
773 3547 918 3606 tum
952 3536 1022 3605 in
1057 3536 1285 3607 vicina
1316 3536 1608 3607 ecclesia
1638 3540 1704 3606 S.
1745 3537 2169 3617 Dominicus,
2211 3536 2653 3625 clamoreque

151 3624 547 3721 pereuntium
588 3636 657 3694 et
690 3623 1206 3696 circumstantis
1261 3624 1601 3695 exercitus
1649 3637 2028 3715 permotus,
2084 3624 2375 3696 festinus
2413 3647 2495 3695 eo
2540 3647 2670 3694 ac·-

154 3719 356 3780 currit:
405 3732 840 3801 cernensque
875 3714 1514 3805 praesentissimum
1568 3713 1959 3803 periculum
1993 3768 2009 3795 ,
2053 3714 2655 3786 commiseratione

156 3791 427 3883 stactus,
484 3813 629 3872 toto
675 3823 960 3893 corpore
1009 3801 1507 3893 prosternitur,
1565 3802 1890 3893 expansis
1939 3804 2008 3871 in
2060 3804 2296 3873 Crucis
2359 3802 2652 3872 formam

160 3887 451 3982 manibus,
508 3890 688 3961 flens
731 3890 1178 3962 acerbissime
1220 3891 1477 3962 clamat
1522 3890 1608 3961 ad
1660 3891 2027 3962 Dominum
2058 3945 2079 3972 ,
2120 3904 2199 3962 ut
2253 3912 2417 3963 suos
2464 3911 2656 3982 pere-

162 3986 336 4052 Sflnos
369 3992 667 4053 serveta
700 3992 939 4051 morte.
993 3979 1205 4050 Paulo
1252 3992 1407 4071 post
1434 4001 1729 4072 surgens
1760 3981 1849 4051 ab
1895 3981 2227 4061 oratione,
2280 4000 2656 4051 conversus

164 4056 536 4151 aduncum,
581 4088 741 4141 cum
776 4068 991 4140 multa
1042 4069 1112 4137 in
1150 4073 1363 4139 Deum
1412 4069 1675 4140 fiducia
1723 4068 1821 4138 ita
1853 4069 1992 4140 ait:
2046 4068 2398 4159 Praecipio
2432 4067 2648 4150 vobis

165 4156 448 4228 “lomnes
496 4156 591 4227 ad
641 4156 805 4227 litus
848 4157 1178 4228 evadatis.
1232 4157 1401 4228 Mira
1431 4179 1565 4241 res,
1621 4156 1741 4228 sed
1790 4157 1878 4228 ab
1925 4156 2047 4227 illo
2079 4156 2280 4239 facta,
2324 4156 2445 4245 qui
2491 4157 2656 4227 facit

200 4286 324 4340 '¹11oe
340 4301 521 4352 tegenti
553 4299 788 4362 incipiunt
814 4314 1063 4345 occurrere
1090 4303 1367 4353 frequenter
1394 4302 1641 4348 miraculo:
1672 4314 1873 4353 quorum
1903 4304 2135 4345 nonnullo
2161 4303 2350 4353 quidem
2377 4303 2550 4345 leviter
2574 4314 2654 4353 po-

171 4336 371 4396 “tutor
387 4356 719 4397 Theodericus
750 4367 806 4397 ex
837 4357 1047 4400 modIcae
1076 4354 1377 4402 auctoritati·
1409 4359 1640 4399 relatione
1669 4358 1883 4406 proferre
1897 4368 1910 4404 ς
1935 4359 2021 4399 sed
2049 4359 2277 4408 pleraque
2295 4368 2351 4398 ea
2370 4360 2484 4398 sunt
2513 4358 2651 4407 queis

173 4396 251 4441 ’ἡ
273 4407 329 4447 tit
347 4410 616 4451 detrectare
652 4410 808 4457 fidem.
838 4414 1005 4461 utpote
1042 4409 1341 4463 gravioribus
1368 4411 1491 4451 tulto
1526 4409 1816 4454 testimoniis
1853 4422 1960 4454 cum
1990 4411 2160 4463 quibus
2198 4413 2497 4453 nouandum
2532 4411 2652 4451 hanc

173 4451 269 4499 Ἣ
288 4459 627 4512 muntem-ui
655 4459 903 4506 historiun
929 4463 1280 4507 accuratissime
1299 4465 1620 4508 contulerunt.
