3308 5004
131 325 334 393 AUG.
385 326 473 391 20
809 343 888 390 nn
935 343 992 390 s.
1047 341 1378 390 annnfflno
1428 342 1572 389 Ana.
1627 341 2011 391 omasum..
2488 328 2617 394 545

128 452 263 522 per
293 428 445 499 dies
475 427 738 515 aliquot
758 426 845 498 de
893 450 1059 518 pace
1099 438 1462 497 tractatum
1494 439 1619 508 est,
1654 442 1723 498 et
1766 429 1855 499 ob
1891 428 2230 499 maximas
2266 428 2706 502 difficultates

129 532 583 590 occurrentes
615 517 964 604 utrinque,
1019 538 1132 588 sae
1186 516 1298 587 ius
1342 515 1809 607 desperatum,
1851 517 1986 586 nisi
2033 518 2221 604 quod
2272 540 2514 590 omnes
2556 519 2703 609 jam

133 606 657 685 consolabatur,
710 627 889 693 quae
936 604 1122 676 omni
1178 628 1262 675 us
1296 604 1712 687 innotuerat,
1751 605 2028 677 Abbatis
2063 607 2288 677 sancti
2345 620 2482 678 tam
2524 622 2707 679 certa

134 697 228 767 de
276 693 710 767 reformanda
766 716 932 785 pace
983 694 1373 785 promissio.
1406 699 1537 764 Nec
1573 716 1821 785 parum
1857 695 2008 786 ipsa
2042 694 2285 766 dilatio
2313 696 2595 786 profuit,
2625 699 2713 771 iis

197 785 580 865 raesertim,
614 784 736 871 qui
784 783 993 855 variis
1017 782 1477 853 incommodis
1517 783 1933 864 laborantes,
1992 784 2299 854 remedia
2347 808 2715 874 conseque·

191 888 402 944 antur
451 874 520 943 in
569 895 801 953 carne,
859 895 984 943 seu
1029 872 1236 943 etiam
1293 872 1416 959 qui
1464 873 1773 943 videntes
1820 873 2379 944 aedificabantur
2427 875 2498 943 in
2549 876 2710 946 fide.

138 969 403 1035 Tantus
430 964 616 1033 enim
667 984 1048 1033 concursus
1094 974 1262 1044 erat,
1301 972 1379 1031 ut
1413 961 1858 1032 multitudine
1892 963 2146 1053 pariter
2193 974 2406 1049 atque
2453 965 2716 1056 impor-

139 1052 436 1123 tunitate
484 1074 610 1122 sua
686 1051 918 1153 ipsum
990 1072 1266 1138 quoque
1314 1050 1669 1142 negotium
1746 1050 2224 1122 reformandae
2301 1052 2493 1143 pacis
2545 1075 2717 1144 pene

133 1141 669 1232 desperabiliter
717 1139 1156 1232 impedirent,
1208 1139 1427 1210 donec
1474 1140 1787 1228 quaesita
1839 1140 2113 1211 tandem
2168 1140 2238 1209 in
2302 1141 2530 1212 medio
2579 1144 2713 1213 ssu—

137 1232 335 1303 mine
387 1230 642 1311 insula,
698 1229 913 1318 partis
949 1230 1314 1317 utriusque
1362 1227 1679 1319 primarii
1727 1229 1796 1298 in
1849 1228 2189 1299 naviculis
2239 1244 2705 1302 accesserunt.

138 1322 272 1391 Ubi
324 1318 726 1420 compositis
772 1319 1123 1398 omnibus,
1162 1318 1546 1390 secundum
1574 1318 1756 1406 quod
1801 1316 2026 1390 fidelis
2055 1318 2317 1389 arbiter
2358 1319 2702 1401 diffinivit,

133 1409 325 1480 datis
376 1409 506 1481 sibi
561 1407 853 1477 invicem
902 1407 1207 1488 dextriS,
1282 1408 1706 1478 reconciliati
1770 1419 1838 1477 et
1883 1406 2351 1479 confoederati
2399 1422 2564 1480 sunt
2637 1411 2705 1479 in

133 1498 387 1570 osculo
422 1498 635 1588 pacis.

226 1591 266 1675 ἓ
319 1594 412 1659 8.
467 1592 653 1657 Inter
698 1605 940 1655 omnes
1000 1607 1166 1655 sane
1197 1640 1212 1666 ,
1265 1605 1442 1673 quas
1513 1605 1635 1677 per
1683 1605 1973 1655 manum
2051 1584 2231 1655 servi
2281 1586 2394 1655 sui
2445 1586 2704 1659 ibidem

136 1677 486 1768 praestitit
531 1675 885 1756 DominuS,
921 1675 1271 1755 sanitates,
1307 1673 1753 1745 celeberrima
1806 1672 1934 1743 fuit
1967 1673 2332 1764 cujusdam
2395 1677 2711 1747 mulieris

136 1766 437 1837 curatio.
478 1769 657 1834 Haec
705 1764 792 1833 ab
839 1764 1043 1833 annis
1090 1776 1241 1834 octo
1278 1764 1576 1864 pessima
1624 1762 2062 1854 aegritudine
2096 1763 2474 1848 laborabat,
2510 1765 2706 1835 vehe-

138 1854 361 1925 menti
412 1868 704 1924 tremore
734 1864 799 1922 et
838 1852 1084 1922 validis
1135 1852 1436 1922 motibus
1485 1852 1810 1923 universa
1859 1851 2115 1943 pariter
2174 1852 2486 1922 membra
2538 1877 2702 1923 con-

139 1944 442 2014 cutiens.
489 1946 653 2011 Cum
705 1953 933 2012 autem
986 1941 1352 2024 videretur,
1407 1941 1842 2031 gravioribus
1905 1940 2075 2013 ortis
2123 1940 2700 2022 difficultatibus,

143 2030 649 2190 propemodum
698 2030 1033 2101 excidisse
1067 2053 1224 2120 spes
1263 2031 1473 2120 pacis,
1513 2031 1800 2101 Domino
1848 2029 2283 2132 disponente,
2322 2032 2506 2101 venit
2557 2054 2708 2101 mu·

174 2121 280 2191 ier
322 2121 413 2190 ita
455 2133 772 2200 tremens,
803 2141 926 2189 nec
962 2120 1194 2190 minus
1223 2119 1598 2201 horribilis,
1630 2141 1840 2206 quam
1891 2119 2333 2200 miserabilis,
2373 2132 2438 2189 et
2468 2142 2708 2191 omnes

144 2209 411 2300 pariter
437 2209 522 2278 ad
572 2208 1041 2300 spectaculum
1095 2220 1587 2278 convenerunt.
1627 2213 1876 2279 Orante
1915 2207 2214 2294 denique
2248 2208 2362 2276 Dei
2416 2208 2700 2289 famum,

144 2299 279 2369 sub
314 2297 533 2368 oculis
561 2298 875 2368 omnium
917 2297 1246 2388 paulatim
1280 2297 1735 2368 concussione
1764 2296 2021 2376 sedata,
2054 2295 2421 2386 perfectam
2451 2297 2701 2387 adepta

145 2399 248 2457 est
300 2389 613 2478 protinus
662 2387 1085 2476 sospitatem.
1140 2392 1325 2469 Quae
1359 2409 1467 2456 res
1509 2387 1575 2456 in
1629 2398 1885 2455 tantam
1923 2385 2452 2454 admirationem
2497 2387 2703 2455 etiam

142 2476 563 2549 durissimos
624 2497 934 2633 quosgue
986 2475 1338 2568 permovit,
1394 2486 1469 2545 ut
1535 2475 1993 2565 percutientes
2045 2487 2316 2563 pectora
2364 2497 2532 2555 sua,
2591 2497 2710 2566 per

144 2567 388 2636 horam
441 2566 578 2636 fere
615 2565 788 2634 dimi
847 2567 979 2634 iam
1020 2587 1179 2635 cum
1215 2564 1543 2655 lacrymis
1576 2564 2059 2635 acclamarent.
2119 2569 2375 2632 Tantus
2411 2564 2709 2652 denique

143 2655 370 2726 factus
419 2668 522 2725 est
579 2654 879 2745 impetus
923 2666 990 2724 et
1027 2676 1412 2724 concursus
1475 2652 1979 2742 procidentium
2029 2664 2093 2721 et
2147 2652 2703 2723 deosculantium

145 2746 271 2814 viri
327 2744 444 2814 Dei
495 2765 689 2813 sacra
757 2743 1081 2832 vestigia,
1134 2757 1211 2812 ut
1277 2741 1774 2834 propemodum
1842 2741 2443 2830 comprimeretur,
2493 2741 2710 2812 donec

144 2834 467 2904 tollentes
493 2853 656 2902 eum
705 2831 970 2914 fratres,
1008 2846 1072 2902 et
1107 2833 1538 2922 imponentes
1571 2832 1641 2899 in
1686 2830 2104 2910 naviculam,
2148 2852 2186 2898 a
2225 2843 2400 2900 terra
2446 2831 2712 2901 modice

144 2923 656 2994 subduxerunt.
711 2926 1016 3009 Cumque
1065 2920 1468 2991 accedentes
1528 2919 1612 2989 ad
1665 2941 1737 2989 se
1789 2919 2164 3009 principes,
2218 2932 2295 2989 ut
2352 2933 2704 3011 coeperat,

148 3035 268 3101 pro
324 3031 493 3101 pace
533 3022 823 3099 rogaret,
855 3010 1289 3112 suspirantes
1312 3010 1676 3079 dixerunt:
1723 3013 1774 3079 Ο
1827 3020 1999 3078 ortet
2035 3030 2157 3078 nos
2184 3004 2500 3078 ‘libenter
2546 3030 2706 3078 eum

144 3101 414 3180 audire,
469 3121 701 3186 quem,
742 3112 816 3170 ut
865 3100 998 3190 ipsi
1038 3099 1414 3180 cernimus,
1472 3103 1646 3169 Deus
1703 3098 1775 3167 di
1810 3097 1933 3188 igit
1992 3111 2056 3166 et
2104 3096 2418 3167 exaudit:
2472 3112 2538 3168 et
2584 3121 2709 3169 au-

147 3189 288 3259 dito
323 3212 406 3259 eo
445 3188 665 3257 multa
704 3188 948 3270 facere,
1007 3210 1129 3278 pro
1158 3209 1296 3276 quo
1345 3200 1530 3258 tanta
1580 3186 1743 3257 facit
1792 3191 1969 3257 Deus
2015 3187 2083 3254 in
2145 3186 2368 3256 oculis
2427 3187 2702 3258 nostris.

148 3279 419 3360 Quibus
455 3276 592 3356 ille,
647 3290 721 3347 ut
769 3299 1043 3366 semper
1075 3290 1323 3347 cautus
1379 3288 1524 3347 erat
1584 3287 2053 3367 competenter
2099 3275 2503 3367 hujusmodi
2566 3276 2710 3365 glo-

149 3367 322 3437 riam
357 3365 731 3437 declinare.
773 3389 808 3432 «
839 3371 981 3436 Non
1020 3379 1297 3456 propter
1344 3388 1474 3447 me,
1526 3367 1771 3456 inquit,
1805 3364 1920 3434 sed
1974 3375 2252 3455 propter
2283 3386 2403 3433 vos
2446 3364 2678 3435 facit.»

235 3458 273 3543 ἓ
318 3462 399 3529 ⁰2.
458 3454 681 3525 Simili
721 3454 1405 3542 quoquemiraculo,
1458 3468 1524 3525 et
1563 3455 1632 3523 in
1686 3454 1899 3524 simili
1957 3454 2497 3544 opportunitate,
2558 3454 2708 3544 ipsa

153 3545 353 3615 etiam
397 3544 512 3614 die
562 3544 965 3614 Metensium
1000 3544 1271 3614 animos
1328 3543 1663 3613 Dominus
1719 3543 2078 3613 inclinavit
2134 3541 2219 3611 ad
2276 3564 2538 3632 pacem.
2595 3548 2710 3611 In—

159 3654 434 3721 gressus
482 3634 666 3703 enim
718 3645 999 3702 sanctus
1041 3633 1442 3703 Metensium
1492 3633 1862 3712 civitatem,
1896 3632 2310 3721 Episcopum
2350 3630 2558 3700 simul
2591 3653 2709 3731 po-

161 3721 541 3811 pulumque
587 3722 670 3791 ad
723 3744 803 3791 ea
849 3743 1027 3810 quae
1071 3721 1260 3812 pacis
1306 3733 1501 3791 erant
1558 3721 1992 3791 vehementer
2042 3720 2353 3810 urgebat.
2406 3724 2712 3789 Graviter

162 3821 379 3880 autem
421 3814 669 3883 urebat
713 3833 829 3881 eos
871 3810 1124 3880 vulnus
1171 3822 1558 3901 acceptum,
1595 3810 1856 3897 quibus
1904 3809 2089 3878 enim
2125 3807 2348 3878 valide
2398 3808 2562 3878 satis
2614 3830 2715 3877 re—

164 3898 451 3978 pendere
497 3901 988 3990 cogitaverant,
1042 3921 1264 3981 secuS,
1308 3921 1517 3987 quam
1562 3898 1836 3979 vellent,
1881 3897 2223 3967 remittere
2257 3897 2683 3985 cogebantur

168 3987 243 4050 In
292 3985 434 4075 ipsa
468 3990 638 4061 hora
671 3988 898 4059 oblata
930 4002 1032 4059 est
1067 3989 1130 4058 ei
1168 3988 1416 4058 mulier
1451 3987 1829 4079 paralytica
1869 3986 1937 4055 in
1975 3986 2248 4056 civitate
2282 3985 2549 4055 eadem.
2589 3986 2708 4054 Cui

170 4092 411 4146 manus
457 4079 847 4169 imponens,
900 4088 965 4146 et
1002 4097 1233 4160 oram,
1273 4076 1598 4168 dignatus
1647 4087 1751 4147 est
1813 4075 2167 4167 palliolum
2228 4095 2503 4162 quoque
2554 4096 2714 4164 pro-

171 4159 419 4247 prium,
468 4189 607 4255 quo
647 4168 970 4238 utebatur
1017 4167 1187 4256 ipse,
1234 4176 1444 4255 super
1494 4187 1644 4234 eam
1686 4164 2067 4235 extendere.
2115 4163 2488 4233 tenendum
2557 4164 2714 4253 Epi-

170 4269 374 4337 scopo
427 4256 690 4327 tradere
748 4256 1070 4336 adstanti,
1140 4268 1208 4325 et
1254 4254 1385 4325 sub
1440 4253 1681 4324 eodem
1725 4252 2061 4323 velamine
2110 4251 2367 4321 debilia
2436 4265 2713 4343 tangere

173 4340 495 4438 mem-bra.
525 4345 803 4436 Expleta
827 4358 1056 4417 autem
1085 4343 1414 4426 oratione,
1436 4354 1501 4414 et
1527 4341 2001 4413 benedictione
2028 4342 2208 4423 data,
2243 4342 2453 4411 erexit
2487 4340 2702 4411 illam:

170 4428 622 4522 ommbusque
688 4435 1148 4516 mirantibuS,
1226 4455 1347 4524 per
1397 4431 1704 4504 medium
1757 4430 2033 4504 illorum
2101 4429 2474 4503 incolumis
2539 4430 2701 4511 ibat,

332 4553 605 4615 surius·
633 4557 794 4619 Vitae
818 4558 926 4620 SS.
950 4589 974 4603 ·
993 4558 1118 4617 Vol.
1162 4554 1315 4617 vm.
2474 4556 2549 4614 35
