3308 5004
697 332 824 398 064
1306 349 1386 397 mi
1432 347 1489 398 s.
1541 347 1854 398 casamo
1901 346 2098 396 xrisc.
2150 344 2419 396 Anxur.
2826 330 3014 398 ΑΗΕ.
3068 330 3158 396 ΞἿ

607 433 697 504 ad
737 454 811 504 se
860 432 1185 515 redierit,
1233 433 1759 523 quamprimum
1807 431 1878 502 id
1928 432 2064 523 ipsi
2116 431 2500 520 renunciet.
2552 432 2894 503 messiano
2942 432 3172 523 igitur

606 521 693 593 ad
728 521 1185 594 adolescentis
1232 521 1565 593 lectulum
1612 522 1996 593 excubante
2026 575 2041 602 ,
2096 520 2278 591 intra
2323 520 2539 592 unius
2586 520 2810 596 horae·
2851 522 3172 611 spatium

607 610 728 681 ille
773 633 815 681 a
875 611 1117 682 mortis
1165 610 1464 682 tenebris
1523 609 1610 680 ad
1677 611 1902 681 lucem
1963 621 2319 680 revocatur
2351 663 2368 690 ‚
2437 631 2730 698 moxque
2791 609 3172 680 oculorum

606 699 968 791 explicatis
1014 699 1324 782 orbibus,
1380 711 1670 770 matrem
1721 700 1814 769 ita
1861 698 2277 800 compellat:
2328 704 2540 769 Curre
2589 711 2803 768 mater
2853 720 3014 769 mea
3086 697 3172 769 ad

610 810 888 860 servum
924 788 1065 871 Dei,
1102 788 1306 879 cujus
1350 788 1784 859 orationibus
1816 800 1882 858 et
1914 788 2038 857 tib1
2069 799 2137 858 et
2169 788 2345 858 vitae
2375 808 2534 859 sum
2569 787 2918 859 redditus:
2960 788 3175 875 eique

612 878 870 970 gratias
895 898 1044 969 age,
1080 877 1266 966 quod
1299 876 1562 947 meritis
1594 889 1661 948 et
1700 876 2069 947 virtutibus
2101 876 2258 965 ejus
2298 880 2475 947 Deus
2510 876 2829 947 effectum
2865 876 3175 969 largitus

611 978 737 1038 est.
789 967 942 1036 Abit
989 979 1207 1036 mater
1251 965 1634 1047 celerrime,
1689 966 1947 1056 gratias
1991 964 2136 1055 agit
2181 987 2318 1036 non
2355 977 2491 1035 tam
2525 966 2774 1047 verbis,
2810 987 3037 1054 quam
3075 966 3176 1036 ia-

611 1054 873 1146 crymis
909 1066 975 1124 et
1008 1054 1291 1126 vocibus
1319 1056 1407 1124 ab
1438 1054 1658 1124 animi
1694 1054 2112 1125 exultatione
2147 1054 2539 1145 expressis:
2593 1054 2953 1143 simulque
2987 1067 3163 1136 orat,

617 1156 696 1214 ut
740 1163 947 1230 quem
1009 1147 1189 1214 Deus
1248 1144 1471 1234 ipsius
1538 1144 1864 1233 precibus
1930 1143 2267 1213 revocavit
2323 1142 2409 1213 ad
2460 1142 2667 1213 vitam
2701 1198 2716 1225 ‚
2771 1143 2841 1213 in
2903 1144 3171 1215 Gallias

617 1232 1088 1323 proficiscenS,
1142 1253 1277 1303 non
1329 1232 1514 1302 sinat
1566 1255 1606 1302 a
1652 1253 1783 1302 suo
1830 1230 2183 1303 discedere
2227 1230 2592 1301 famulatu.
2645 1236 2722 1302 At
2767 1234 2873 1302 vir
2919 1234 3170 1304 beatus

610 1320 838 1390 altiori
886 1320 1164 1411 ingenio
1214 1321 1614 1411 respondit,
1666 1342 1818 1390 eam
1869 1318 1973 1390 illi
2023 1321 2252 1411 potius
2299 1319 2546 1390 debere
2594 1320 2854 1409 gratias
2899 1342 3118 1413 agere
3148 1376 3164 1403 ,

618 1408 831 1497 cujus
879 1408 1100 1480 virtus
1141 1421 1208 1480 et
1252 1410 1619 1480 clementia
1666 1411 1947 1481 moestis
1991 1421 2058 1479 et
2102 1408 2524 1480 calamitosis
2587 1408 2829 1480 adesse
2873 1432 3170 1482 consue-

620 1497 738 1568 vit.
791 1501 931 1568 Hoc
980 1510 1117 1569 tam
1168 1498 1439 1570 illustre
1484 1499 1904 1569 miraculum
1954 1519 2092 1569 non
2144 1497 2349 1568 modo
2396 1498 2586 1568 illam
2627 1499 3012 1581 civitatem,
3056 1498 3164 1570 sd

614 1587 1039 1678 provinciam
1075 1608 1379 1669 omnem,
1436 1586 1749 1657 fidelium
1800 1586 2041 1658 devota
2086 1585 2417 1656 relatione
2455 1599 2906 1678 pervagatum
2949 1603 3081 1659 est.
3237 1665 3240 1672 ,

667 1677 741 1833 ης
791 1680 936 1748 21.
992 1675 1305 1766 Elpidius
1348 1675 1690 1748 Diaconus
1743 1688 1810 1746 et
1862 1676 2196 1757 medicus,
2263 1676 2489 1766 regiae
2549 1675 2865 1767 potestati
2902 1676 3163 1748 sedulis

621 1786 662 1835 ο
716 1764 870 1834 iciis
900 1765 1317 1855 cumprimis
1348 1764 1714 1835 familiaris
1741 1777 1809 1835 et
1839 1765 2151 1846 intimus,
2187 1764 2530 1835 diabolica
2560 1764 3005 1836 infestatione
3039 1787 3156 1836 non
3221 1761 3230 1774 '

617 1853 845 1923 solum
901 1852 1194 1924 diversis
1241 1853 1611 1923 vexabatur
1650 1852 1925 1925 insidiis
1959 1907 1975 1935 ,
2037 1854 2154 1924 sed
2198 1874 2521 1924 saxorum
2574 1875 2853 1941 quoque
2903 1855 3152 1934 imbre,

615 1941 862 2012 crebro
908 1942 979 2011 in
1015 1942 1165 2011 suis
1214 1940 1507 2012 aedibus
1537 1943 1886 2033 appetitus
1934 1953 2059 2012 est.
2114 1946 2275 2012 Orat
2315 1943 2528 2032 igi-tur
2573 1955 2898 2013 sanctum
2936 1949 3155 2014 Caesa·

614 2030 829 2111 rium,
884 2042 959 2100 ut
1004 2030 1153 2100 suis
1201 2031 1524 2120 precibus
1566 2054 1683 2102 eas
1717 2030 1881 2101 mali
1937 2030 2296 2102 daemonis
2335 2031 2628 2121 injurias
2680 2053 2722 2100 a
2769 2053 2846 2101 se
2886 2043 3146 2102 avertat

612 2117 809 2187 Venit
833 2117 919 2188 ad
950 2120 1101 2208 ejus
1125 2118 1412 2190 domum
1442 2120 1545 2190 vir
1576 2120 1840 2201 beatuS,
1870 2140 2162 2207 eamque
2191 2120 2770 2199 sanctificaturus,
2810 2120 3150 2191 benedicta

618 2207 804 2295 aqua
835 2208 1271 2299 conspergit:
1325 2229 1619 2296 moxque
1666 2208 1836 2278 adeo
1868 2209 2097 2278 omnis
2154 2209 2272 2278 illa
2315 2209 2575 2280 vexatio
2607 2209 2976 2302 profligata
3018 2220 3140 2286 est,

612 2308 690 2366 ut
728 2295 1055 2387 deinceps
1106 2295 1281 2366 nihil
1330 2296 1673 2388 ejusmodi
1702 2297 2054 2368 acciderit.

703 2386 741 2472 θ
793 2390 953 2457 tm.
1005 2391 1164 2456 Post
1209 2386 1378 2455 haec
1427 2391 1714 2456 Romam
1758 2387 2063 2468 venienS‚
2108 2386 2306 2457 beato
2353 2386 2772 2477 Symmacho
2821 2384 3123 2462 Pontifici,

617 2492 696 2543 ac
744 2472 994 2544 deinde
1057 2473 1504 2546 senatoribus
1564 2475 1948 2547 exhibetur.
2000 2479 2228 2565 Agunt
2286 2497 2527 2547 omnes
2586 2476 2849 2578 gratias
2903 2481 3016 2545 Deo
3063 2481 3122 2541 et

620 2563 811 2653 Regi,
913 2563 1049 2634 uod
1099 2564 1375 2636 licuerit
1434 2565 1604 2655 ipsis
1664 2566 2012 2654 corporeis
2060 2564 2283 2635 oculis
2334 2565 2534 2636 illum
2584 2566 2882 2646 intueri,
2937 2581 3121 2663 quem

607 2585 1037 2739 jamdudum
1067 2653 1284 2722 animi
1334 2653 1691 2724 obtutibus
1725 2654 2280 2744 conspexissent:
2317 2655 2681 2742 virumque
2699 2652 3128 2750 Apostolicum

617 2761 752 2811 non
781 2740 930 2831 jam
964 2740 1050 2811 de
1097 2741 1304 2824 fama,
1351 2743 1468 2812 sed
1510 2743 1595 2813 de
1622 2743 2009 2833 praesentia
2056 2743 2608 2833 comprobanteS,
2646 2744 2956 2814 certatim
2996 2737 3137 2809 dih-

617 2850 777 2919 gere
822 2841 889 2899 et
927 2832 1238 2900 venerari
1278 2830 1581 2902 student.
1631 2836 1710 2902 At
1761 2852 1847 2902 ue
1894 2831 2041 2921 ipse
2086 2831 2294 2901 etiam
2331 2832 2634 2902 Pontifex
2671 2830 3136 2922 symmachus,

625 2918 981 3009 praeclara
1034 2919 1190 3005 ejus
1246 2921 1649 2995 meritorum
1712 2854 2046 3012 dignitate
2096 2932 2486 3009 permotus,
2540 2941 2676 2990 non
2727 2921 2958 2991 solum
3004 2939 3144 2989 eum

614 3007 975 3078 verissime
1025 3008 1532 3108 metropolitani
1579 3008 1839 3079 honore
1891 3008 2276 3099 praeditum
2324 3009 2558 3090 voluit,
2610 3009 2730 3078 sed
2772 3010 2980 3079 etiam
3017 3028 3154 3098 spe-

612 3096 773 3165 ciali
806 3095 1106 3182 quodam
1163 3096 1521 3187 privilegio
1619 3097 1765 3167 allii
1800 3120 2003 3167 usum
2036 3098 2098 3167 ei
2140 3097 2477 3189 permisit,
2511 3112 2578 3168 et
2614 3097 2952 3168 diaconos
2994 3098 3153 3196 ejus,

621 3184 907 3285 perinde
941 3196 1015 3254 ut
1044 3190 1395 3256 Romanae
1427 3191 1555 3255 Ecc
1588 3186 1772 3256 esiae
1803 3186 2154 3263 diaconos,
2193 3186 2587 3257 dalmaticis
2618 3186 2721 3257 uti
2771 3187 3015 3257 voluit.
3048 3189 3159 3255 His

616 3284 712 3341 ita
741 3273 972 3362 gestis.
1010 3287 1294 3344 sanctus
1334 3275 1437 3343 vir
1467 3273 1799 3345 Arelatem
1839 3294 2173 3355 reversuS,
2200 3275 2543 3367 excipitur
2567 3297 2727 3345 cum
2762 3273 3164 3366 psalmodiis

616 3373 684 3431 et
721 3362 1051 3431 canticis:
1103 3376 1170 3433 et
1198 3363 1319 3450 qui
1355 3364 1423 3432 in
1462 3363 1732 3432 Italiam
1765 3363 2117 3435 exulatum
2152 3364 2346 3445 ierat,
2384 3364 2692 3434 confecta
2738 3367 3161 3455 captivorum

614 3448 1129 3541 redemptione,
1183 3464 1335 3522 octo
1392 3450 1774 3522 solidorum
1826 3452 2049 3523 millia
2107 3454 2195 3522 ab
2243 3452 2438 3523 Italia
2489 3474 2723 3523 secum
2777 3452 3165 3544 reportavit.

619 3541 767 3621 Qua
812 3553 1042 3610 autem
1093 3539 1207 3609 die
1256 3539 1584 3610 Arelatem
1639 3541 1993 3631 ingressus
2040 3555 2166 3623 est,
2219 3542 2510 3612 daturus
2561 3540 3162 3619 benedictionem,

616 3628 748 3697 sub
782 3650 1133 3720 vesperam
1185 3629 1255 3696 in
1303 3629 1666 3699 ecclesiam
1700 3653 1773 3699 se
1825 3632 2099 3720 recepit.
2144 3632 2270 3701 Ubi
2306 3645 2452 3701 tum
2489 3629 2791 3700 foemina
2827 3630 3172 3718 quaedam

616 3730 905 3787 tremore
933 3730 1274 3807 correpta,
1337 3738 1675 3806 spumans
1708 3774 1723 3800 ,
1778 3719 2052 3809 ejulans
2098 3719 2597 3803 et'clamitanS‚
2653 3721 2935 3790 cunctis
2969 3722 3042 3789 in
3076 3741 3172 3788 ec·

609 3803 821 3875 clesia
868 3806 1537 3895 obstupescentibuS,
1597 3808 1891 3898 proripit
1939 3829 2137 3877 sese:
2194 3829 2486 3895 moxque
2537 3809 2982 3899 apprehensa
3021 3864 3039 3891 ,
3095 3805 3172 3878 ad

610 3915 805 3963 aram
846 3894 1042 3964 beato
1068 3894 1358 3970 amistiti
1388 3896 1713 3967 offertur:
1751 3909 1952 3966 orant
1988 3918 2109 3986 pro
2146 3918 2227 3966 ea
2264 3918 2527 3978 omnes,
2568 3912 2643 3967 ut
2674 3900 2924 3969 morbo
2953 3898 3169 3988 pulso,

608 3981 941 4053 reddatur
993 3983 1387 4053 incolumis.
1447 3989 1616 4054 Tum
1671 4008 1798 4056 suo
1849 4006 2037 4054 more
2086 3997 2366 4056 sanctus
2419 3986 2520 4055 vir
2583 4007 2706 4076 pro
2754 3988 2918 4075 ejus
2965 3987 3178 4058 salute

498 4076 501 4079 ’
617 4070 1116 4162 deprecaturus
1147 4127 1163 4154 ‚
1219 4072 1417 4142 humi
1465 4095 1538 4143 se
1585 4074 1874 4160 abjicit:
1925 4074 2174 4144 deinde
2221 4074 2431 4164 capiti
2480 4075 2633 4163 ejus
2684 4074 3000 4165 imponit
3054 4096 3174 4145 ma·

614 4180 811 4243 num,
851 4182 1100 4232 sensus
1139 4183 1380 4230 omnes
1408 4174 1474 4230 et
1510 4162 1775 4232 vultum
1817 4174 2015 4232 sacro
2053 4163 2203 4233 oleo
2238 4163 2601 4253 perungit:
2637 4162 2819 4253 sugit
2865 4166 3172 4236 morbus:

616 4269 744 4318 nec
790 4272 1006 4320 ausus
1045 4262 1169 4330 est,
1210 4251 1280 4318 in
1323 4250 1571 4320 Christi
1614 4251 1893 4321 nomine
1926 4252 2293 4324 abscedere
2335 4252 2580 4340 jussus
2612 4306 2628 4333 ‚
2682 4251 2922 4323 denuo
2981 4251 3180 4324 mote-

620 4350 767 4407 stus
798 4360 947 4407 esse
983 4337 1280 4408 mulieri.

709 4427 746 4511 ἓ
795 4431 956 4497 918.
1008 4432 1192 4495 Inter
1239 4426 1373 4495 alia
1408 4426 1510 4496 vel
1544 4427 1840 4498 maxime
1873 4429 1935 4499 ei
1983 4428 2215 4501 studio
2247 4442 2312 4499 et
2358 4449 2566 4499 curae
2605 4428 2737 4499 fuit
2792 4428 3180 4523 redemptio
