3308 5004
156 352 345 421 AUG.
398 353 488 418 20
817 371 896 417 na
940 370 997 418 s.
1049 342 1382 420 armanno
1424 374 1569 421 aaa.
1623 370 2011 421 canalium..
2494 355 2627 424 525

157 462 354 538 Ecce,
411 455 664 544 inquit,
718 455 963 543 quinta
1008 455 1124 525 die
1169 456 1448 527 moriar.
1504 454 1723 527 Hodie
1767 457 1954 526 enim
2005 467 2199 547 pater
2235 469 2467 529 noster
2494 457 2728 528 domi--

160 567 297 617 nus
323 545 550 615 Abbas
578 544 750 614 mihi
777 544 1102 635 apparuit
1123 567 1286 615 cum
1315 545 1765 617 multitudine
1797 546 2323 625 monachorum,
2361 559 2428 618 et
2460 545 2720 618 blanda

162 633 636 705 consolatione
684 634 995 704 refovens
1026 689 1041 716 ‚
1095 634 1343 722 quinta
1389 634 1501 704 die
1548 635 1965 706 moriturum
2031 655 2143 704 me
2199 656 2351 705 esse
2414 635 2711 708 dicabat.

163 723 344 795 Exiit
388 744 616 794 sermo
663 723 844 794 inter
887 723 1134 794 fratres
1167 776 1182 804 ‚
1235 735 1302 793 et
1346 737 1717 811 antequam
1768 722 2217 814 impleretur,
2275 724 2716 816 'divulgatum

164 825 268 882 est
316 812 628 882 verbum.
681 813 1183 914 Expectabatur
1228 812 1318 881 ab
1364 812 1695 883 omnibus
1741 812 1891 882 dies
1938 811 2084 893 illa,
2139 812 2260 886 sed
2310 813 2529 883 multo
2573 835 2721 885 ma·-

219 901 273 972 's
315 901 432 971 ille
480 902 725 972 beatus
770 924 843 971 1n
892 900 1361 992 expectatione
1408 924 1538 972 sua
1583 900 1737 972 fuit.
1787 901 1939 971 lam
1974 900 2124 971 dies
2151 901 2395 990 quinta
2428 901 2723 973 inclina-

257 1002 367 1060 tur
410 990 500 1061 ad
548 1011 944 1081 vesperam:
997 989 1192 1060 illius
1238 1001 1470 1060 autem
1532 990 1824 1081 spiritus
1890 990 2114 1081 magis
2177 989 2573 1061 elevabatur
2629 991 2755 1072 ad,

169 1083 407 1149 Deum.
462 1084 754 1149 Demum
802 1079 989 1150 circa
1028 1078 1474 1150 undecimam
1507 1079 1750 1149 horam
1783 1078 1853 1147 in
1888 1078 2041 1169 ipso
2070 1100 2290 1169 agone
2326 1080 2568 1150 mortis
2603 1101 2722 1170 po-

168 1167 363 1250 situs,
417 1168 719 1238 obducto
769 1189 1079 1258 prorsuS,
1131 1179 1211 1237 ut
1256 1166 1533 1249 assolet,
1588 1168 1855 1238 lumine
1901 1167 2291 1250 oculorum,
2343 1179 2409 1239 et
2455 1168 2722 1239 nemini

159 1255 305 1345 jam
358 1256 749 1338 intendens,
802 1257 891 1326 ad
939 1257 1196 1327 exitum
1247 1256 1638 1327 festinabat.
1676 1256 1960 1326 Interim
1996 1255 2284 1327 visitans
2314 1277 2478 1328 eum
2529 1269 2723 1348 pater

166 1357 474 1427 sanctus,
528 1344 715 1416 velut
751 1347 841 1416 ab
874 1345 1011 1416 alto
1045 1367 1290 1416 somno
1329 1347 1622 1428 revocat,
1668 1357 1734 1416 et
1770 1344 1975 1433 quasi
2008 1345 2293 1415 retrahit
2322 1367 2723 1416 commean-

166 1447 326 1515 tem,
380 1456 507 1505 nec
555 1433 1010 1505 insalutatum
1063 1433 1257 1505 abire
1303 1435 1662 1525 permittit.
1713 1434 1807 1504 Ad
1857 1434 2060 1523 cujus
2113 1456 2346 1505 vocem
2403 1435 2722 1526 aperiens

162 1523 440 1606 oculos,
480 1534 547 1594 et
593 1523 851 1593 mirum
903 1524 975 1593 in
1026 1523 1310 1594 modum
1359 1523 1535 1594 facie
1581 1536 1916 1605 serenata,
1961 1523 2372 1609 aliquandiu
2402 1524 2722 1594 intende-

105 1623 120 1644 ‘
165 1614 283 1683 bat
332 1612 403 1682 in
452 1634 638 1682 eum.
693 1614 1117 1683 Mirabamus
1164 1633 1407 1682 omnes
1453 1613 1816 1684 mortalem
1865 1613 2218 1682 hominem
2251 1666 2267 1695 ,
2323 1613 2533 1683 immo
2571 1615 2722 1703 jam

166 1703 601 1783 morientem,
655 1712 939 1773 eatenus
990 1701 1423 1792 triumphare
1468 1701 1555 1771 de
1603 1713 1843 1782 morte,
1898 1712 1977 1770 ut
2022 1701 2093 1770 in
2144 1700 2298 1791 ipso
2332 1702 2573 1773 mortis
2613 1724 2723 1772 ar-

81 1795 84 1798 ’
168 1789 383 1862 ticulo
420 1791 756 1862 exultaret
794 1791 864 1859 in
907 1790 1186 1881 gaudio,
1231 1790 1434 1860 nobis
1470 1790 1804 1861 exhibens
1842 1789 2019 1860 illud
2052 1792 2332 1861 Poetae:
2456 1807 2467 1818 ·

626 1924 828 2007 Incipe
871 1942 1059 2007 parve
1102 1941 1257 2006 puer
1297 1926 1429 1989 risu
1474 1941 1837 2007 cognoscere
1879 1932 2143 1989 matrem
2186 1924 2240 1988 ‘'.

257 2067 450 2129 Tunc
497 2082 652 2131 vero
699 2060 1068 2132 consolans
1112 2082 1273 2130 eum
1327 2073 1519 2151 pater
1565 2060 1834 2142 beatuS,
1893 2059 1993 2129 nil
2042 2060 2284 2130 timere
2324 2058 2548 2148 jubet,
2603 2059 2723 2131 sed

173 2161 360 2219 recto
409 2150 722 2239 protinus
768 2173 981 2220 cursu
1031 2149 1418 2250 pertingere
1465 2149 1552 2219 ad
1606 2150 1977 2219 Dominum
2031 2150 2264 2219 Jesum
2324 2149 2670 2220 Christum
2702 2203 2720 2231 ,

75 2319 82 2324 ,
172 2248 240 2308 et
266 2238 506 2308 offerre
528 2240 592 2308 ei
624 2238 961 2309 humilem
998 2260 1327 2330 pauperls
1362 2261 1530 2308 suae
1562 2237 1871 2308 familiae
1891 2237 2399 2308 salutationem.
2421 2237 2516 2307 Ad
2543 2238 2725 2308 hanc

97 2329 100 2332 ’
169 2348 427 2407 vocem,
456 2350 593 2415 qua
634 2328 855 2418 potuit
887 2328 1134 2418 capitis
1175 2327 1647 2408 inclinatione,
1673 2339 1739 2396 et
1770 2338 1962 2397 motu
1993 2348 2312 2397 annuens
2346 2325 2717 2407 labiorum,

169 2416 418 2485 iterum
466 2417 722 2487 clausit
768 2415 1031 2498 ocuIOS,
1083 2427 1150 2487 et
1194 2416 1434 2486 eadem
1486 2417 1656 2487 hora
1695 2416 1764 2484 in
1802 2436 1973 2506 pace
2000 2414 2281 2502 quievit.
2332 2414 2542 2485 Multa
2572 2416 2726 2502 qui-

165 2505 322 2576 dem
376 2507 540 2576 huic
590 2508 707 2575 Dei
753 2505 1018 2575 famulo
1068 2506 1361 2577 revelata
1410 2527 1534 2597 per
1581 2505 1933 2596 spiritum,
1988 2505 2208 2574 multa
2255 2504 2406 2573 sine
2447 2525 2726 2594 praece-

166 2594 357 2665 denti
409 2595 821 2664 revelatione
869 2595 1279 2665 mirabiliter
1325 2595 1413 2664 ab
1441 2616 1520 2664 eo
1555 2594 1903 2684 praedicta
1935 2593 2413 2685 cognovimus,
2452 2615 2533 2662 ex
2565 2594 2726 2682 qui-

162 2683 295 2754 bus
333 2684 635 2773 exempli
667 2683 890 2774 gratia
977 2706 1153 2754 auca
1192 2684 1701 2754 subnectimus.

249 2775 287 2862 ἓ
335 2776 421 2847 S.
476 2776 645 2842 Cum
679 2784 858 2843 esset
889 2794 929 2841 a
962 2772 1266 2862 iquando
1349 2785 1495 2843 ater
1525 2782 1811 2842 sanctus
1839 2773 1911 2840 in
1945 2772 2121 2842 urbe
2158 2770 2725 2842 Noviomensium

162 2864 232 2931 in
266 2863 482 2932 domo
514 2861 835 2953 Episcopi
869 2862 1194 2945 Simonis»,
1234 2795 1579 2932 adductus
1608 2870 1713 2931 est
1741 2860 1827 2929 ad
1862 2882 2024 2930 eum
2061 2860 2390 2950 Hervejus
2420 2859 2506 2930 de
2546 2865 2727 2930 Bau-

159 2953 473 3042 gencej0,
527 2972 702 3039 puer
745 2951 1125 3022 admodum
1174 2950 1556 3041 gratiosus,
1609 2962 1800 3020 ortus
1848 2970 1931 3019 ex
1977 2950 2166 3041 regio
2214 2949 2557 3039 sanguine
2591 3004 2606 3031 ,
2659 2962 2729 3021 et

161 3040 507 3130 praedicti
556 3039 877 3141 Episcopi
917 3061 1152 3131 nepos.
1192 3046 1282 3109 De
1318 3061 1456 3127 quo
1487 3039 1801 3127 sequenti
1839 3050 2038 3110 nocte
2075 3038 2340 3108 famulo
2374 3059 2501 3108 suo
2535 3039 2727 3109 Chri-

162 3142 309 3200 stus
359 3128 685 3209 ostendit,
738 3129 922 3217 quod
973 3141 1118 3199 erat
1166 3141 1318 3217 post
1365 3128 1571 3220 longa
1620 3141 1931 3217 tempora
1977 3126 2318 3197 futurum.
2361 3127 2725 3215 Siquidem

157 3219 530 3289 videbatur
574 3218 708 3287 sibi
757 3232 1087 3307 tanquam
1135 3218 1207 3286 in
1259 3218 1627 3288 Missarum
1660 3216 2121 3287 celebratione
2147 3216 2405 3307 Angelo
2438 3216 2726 3287 cuidam

159 3309 354 3397 pacis
402 3307 724 3377 osculum
775 3307 964 3387 dare,
1015 3306 1198 3395 quod
1250 3307 1336 3376 ad
1385 3328 1682 3396 puerum
1732 3304 2136 3376 deferretur.
2184 3310 2318 3375 Nec
2350 3304 2611 3377 dubius
2640 3306 2729 3377 de

160 3397 602 3477 revelatione,
637 3395 959 3466 eumdem
992 3395 1360 3483 Hervejum
1393 3394 1966 3465 renunciaturum
2001 3394 2256 3475 seculo,
2304 3407 2373 3464 et
2408 3393 2727 3465 futurum

161 3484 546 3573 aliquando
593 3484 918 3554 devotum
966 3485 1215 3553 Christi
1255 3483 1599 3556 famulum
1631 3484 2096 3572 promittebat.
2135 3488 2324 3566 Quae
2355 3483 2727 3585 promissio

160 3573 327 3644 adeo
375 3573 675 3645 celebris
723 3574 937 3643 extitit
982 3584 1049 3642 et
1095 3573 1369 3664 vulgata
1404 3628 1419 3654 ,
1471 3585 1547 3643 ut
1609 3573 1758 3663 ipse
1809 3595 2086 3661 quoque
2135 3577 2467 3662 Hervejus
2525 3572 2727 3643 nobis

162 3676 394 3751 postea
445 3663 799 3743 fateretur,
852 3662 1269 3732 adolescenti
1303 3663 1438 3732 sibi
1470 3662 1556 3731 ad
1592 3683 1838 3732 omnes
1869 3662 2225 3753 arguentis
2259 3661 2727 3731 conscientiae

168 3752 488 3823 stimulos
539 3772 812 3840 semper
859 3772 1242 3833 occurrere,
1296 3750 1729 3841 impossibile
1775 3772 1949 3833 esse,
2001 3762 2081 3820 ut
2129 3762 2281 3840 post
2327 3749 2456 3818 viri
2504 3748 2728 3819 sancti

171 3840 300 3908 tale
348 3841 775 3931 promissum
829 3840 896 3907 in
948 3840 1244 3909 seculari
1293 3841 1536 3910 habitu
1585 3853 1992 3910 moreretur.
2047 3844 2177 3909 Nec
2224 3838 2586 3908 fraudatus
2618 3850 2729 3908 est

174 3949 214 3995 a
260 3951 377 4018 spe
405 3953 560 4000 sua.
603 3927 956 4016 Siquidem
990 3928 1404 3998 venerabilis
1436 3928 1944 4010 Gualerannus,
1988 3928 2378 4017 Ursicampi
2407 3926 2727 3997 coenobii

174 4014 439 4103 primus
487 4019 737 4098 Abbas,
784 4017 1206 4087 monachum
1239 4017 1440 4087 illum
1478 4017 1659 4099 fecit,
1699 4028 1764 4086 et
1792 4016 2114 4110 Angelico
2150 4016 2433 4087 functus
2471 4014 2722 4098 officiO,

171 4124 431 4191 pacem,
484 4130 696 4196 quam
746 4129 826 4176 ex
873 4128 988 4176 ore
1035 4108 1251 4208 patris
1299 4108 1520 4177 sancti
1569 4108 1718 4197 ipse
1766 4118 2185 4196 susceperat,
2241 4105 2727 4175 communica-

173 4192 620 4283 vitJlerveJo.
676 4197 884 4286 Cujus
933 4195 1090 4266 talis
1140 4195 1582 4286 postmodum
1632 4194 1960 4286 apparuit
2006 4193 2456 4275 conversatio,
2491 4205 2570 4264 ut
2601 4194 2727 4264 tali

173 4281 431 4381 dignus
475 4285 759 4354 oraculo
807 4285 1175 4354 videretur.
1232 4291 1400 4357 Nam
1449 4296 1516 4354 et
1563 4284 1914 4374 praedicto
1964 4282 2400 4355 Gualeranno
2434 4283 2505 4352 in
2550 4283 2726 4376 regi-

179 4390 367 4440 mine
413 4374 807 4444 monasterii
859 4375 1246 4465 Ursicampi
1293 4373 1412 4444 ille
1460 4373 1838 4455 successit,
1901 4384 1969 4445 et
2024 4372 2400 4446 novissime
2458 4371 2726 4444 obitum

235 4499 261 4524 2
292 4494 512 4549 virgilius
531 4500 646 4542 Bne.
663 4502 760 4543 Bel.
780 4510 844 4544 xv.
