3308 5004
131 338 273 405 AUG.
320 339 355 403 2
779 355 858 402 nn
904 354 960 403 s,
1013 352 1337 402 Anononso
1385 353 1453 400 lt.
1506 354 1584 400 nn
1630 352 1883 401 ucomo
2419 340 2504 405 77

129 438 496 519 famulorum,
599 438 806 509 uibus
854 438 1246 529 stiparetur,
1298 442 1589 506 caterva.
1643 435 2056 525 Plerumque
2101 438 2444 511 conducto
2473 440 2589 511 ad·

127 528 426 597 vehebatur
460 460 693 607 asello,
744 549 949 614 quem
1002 549 1173 617 puer
1218 526 1453 595 fraeno
1501 524 1827 604 ducebat,
1891 525 2060 596 dum
2111 528 2370 599 interea
2419 530 2591 601 insi-

129 616 336 686 dentem
406 638 637 687 senem
702 616 805 685 vir
849 638 889 685 a
957 615 1163 685 latere
1211 615 1588 706 procedens
1654 615 2043 684 sustineret.
2114 617 2359 688 Mirum
2438 632 2589 701 est,
2644 689 2648 694 .

132 718 393 792 quantum
436 705 781 794 Alphonso
828 703 1270 775 humillimus
1302 704 1428 773 iste
1460 716 1836 794 apparatus
1877 703 2357 776 admirationis
2387 720 2593 794 atque

132 794 476 863 auctoritatis
522 793 704 881 apud
748 793 1037 884 populos
1083 792 1514 873 conciliaret;
1566 792 1825 882 quippe
1863 814 2067 879 quem
2122 794 2427 865 viderent
2462 797 2595 886 (ut

133 883 234 971 ipse
263 887 531 952 Sanctus
576 883 810 952 festive
855 881 1170 972 dicebat)
1218 903 1351 952 non
1422 883 1491 951 in
1541 882 1869 952 curribus
1922 895 1987 952 et
2047 884 2284 970 equiS,
2354 884 2468 954 sed
2523 885 2592 954 in

130 970 341 1040 nomine
373 972 639 1042 Domini
678 971 759 1040 ad
812 993 886 1041 se
920 972 1326 1041 venientem.

184 1061 325 1146 §a
374 1065 558 1143 Quae
605 1082 760 1130 vero
809 1072 1090 1131 sanctus
1140 1060 1540 1150 Episcopus,
1584 1058 1752 1128 dum
1799 1081 2064 1129 sacram
2116 1060 2590 1132 Visitationem

125 1162 428 1238 perageret,
465 1150 549 1218 ad
594 1148 821 1241 gregis
872 1148 1484 1220 sanctificationem
1538 1147 1922 1217 necessaria
1970 1148 2251 1218 utiliave
2315 1172 2596 1241 compe·

124 1236 287 1319 risset,
333 1260 407 1306 ea
451 1238 738 1308 domum
792 1237 1003 1308 redux
1052 1237 1394 1308 indefesso
1424 1236 1652 1306 studio
1694 1239 2258 1327 prosequebatur.
2299 1244 2376 1308 Et
2423 1262 2596 1327 quo·
2667 1246 2670 1249 ’

122 1324 256 1393 niam
299 1328 549 1416 optime
614 1339 936 1406 noverat,
1009 1326 1230 1416 plebis
1299 1326 1728 1396 sanctitatem
1795 1327 2230 1416 potissimum
2303 1349 2383 1398 ex
2430 1327 2596 1397 cleri

122 1414 353 1500 pendere
397 1416 796 1496 sanctitate,
849 1415 1011 1485 huic
1061 1416 1130 1483 in
1180 1416 1428 1573 primis
1494 1414 1882 1484 illaboravit
1927 1428 2003 1483 ut
2051 1414 2319 1505 plebem
2390 1416 2597 1488 bonis

119 1524 172 1570 ac
205 1502 397 1574 doctis
430 1504 813 1594 pro'videret
837 1504 1167 1574 sacerdoti
1228 1526 1332 1573 uS.
1368 1505 1832 1587 Quamobrem
1884 1504 2144 1593 primas
2191 1527 2356 1573 suas
2395 1527 2599 1577 curas

116 1589 173 1657 ad
208 1594 546 1662 Seminarii
577 1592 899 1662 alumnos
932 1606 1322 1663 convertere
1360 1591 1726 1662 festinavit.
1765 1615 1800 1659 «
1825 1592 2174 1679 Quidquid
2210 1594 2370 1663 boni
2407 1615 2600 1664 meae

120 1678 358 1751 Dioecesi
391 1682 847 1752 obventurum
891 1695 990 1752 est
1012 1681 1430 1771 (inquiebat)
1456 1681 1584 1752 hoc
1615 1681 1820 1751 unice
1863 1704 1904 1750 a
1934 1682 2315 1751 Seminario
2360 1704 2590 1772 spero.

117 1770 303 1839 Omnis
346 1772 529 1840 enim
602 1770 735 1839 alia
786 1770 1178 1840 sollicitudo
1228 1770 1495 1840 inutilis
1542 1783 1688 1850 est,
1747 1769 1883 1840 nisi
1947 1770 2080 1839 tale
2127 1770 2215 1840 sit
2293 1772 2601 1841 Semina-

114 1855 273 1938 rium,
312 1859 513 1945 quale
555 1859 725 1929 illud
778 1882 925 1930 esse
973 1860 1203 1949 cupio.
1243 1882 1280 1926 »
1330 1864 1512 1942 Quos
1560 1860 1810 1949 igitur,
1864 1857 2042 1928 inter
2091 1858 2436 1940 alumnOS,
2490 1883 2601 1931 sa-

111 1946 356 2016 cerdotio
403 1962 525 2019 aut
576 1948 932 2038 indignOS,
987 1962 1127 2030 aut,
1194 1961 1468 2039 propter
1514 1948 1778 2037 ingenii
1839 1947 2198 2018 facultates
2255 1948 2602 2020 inhabiles

112 2033 456 2117 offenderat,
499 2037 625 2107 hos
661 2037 973 2126 protinus
1010 2036 1295 2107 dimisit.
1344 2036 1610 2120 Quibus
1642 2035 1976 2115 dimissis,
2009 2058 2220 2106 novas
2262 2037 2603 2128 sapientia

108 2143 163 2188 ac
199 2123 597 2195 discretione
637 2147 789 2195 vere
838 2125 1189 2196 mirabiles
1236 2126 1512 2215 regulas
1559 2124 1892 2199 condidit,
1945 2125 2015 2194 in
2065 2126 2323 2212 quibus
2366 2128 2602 2196 omnia

111 2215 361 2299 exposita
409 2214 884 2294 inveniuntur,
920 2236 1098 2301 quae
1128 2228 1271 2283 tum
1313 2213 1396 2283 ad
1442 2214 2013 2304 praepositorum,
2051 2227 2194 2284 tum
2238 2214 2322 2283 ad
2374 2215 2603 2285 alum-

110 2320 306 2370 norum
357 2303 588 2385 officia
652 2317 998 2393 spectant,
1063 2318 1127 2372 et
1174 2325 1350 2390 quae
1397 2303 1482 2372 ad
1534 2302 2070 2393 promovendam
2141 2304 2457 2392 pietatem
2522 2327 2602 2374 ac

110 2389 413 2483 scientiam
451 2405 617 2462 sunt
664 2392 1048 2482 aptissima.
1092 2392 1363 2461 Abusus
1401 2393 1632 2470 etiam,
1669 2391 1791 2478 qui
1834 2391 1902 2459 in
1964 2390 2310 2479 ejusmodi
2358 2392 2602 2462 domos

107 2496 351 2569 irrepere
399 2480 648 2561 solent,
689 2481 1032 2571 indigitat,
1074 2492 1139 2550 et
1176 2480 1430 2568 quibus
1472 2479 1696 2550 modis
1734 2479 2006 2550 excludi
2050 2482 2338 2570 possint,
2374 2494 2604 2552 osten-³

109 2564 524 2666 dit-conditis
574 2570 869 2728 reguliS,
925 2569 1316 2660 Alphonsus
1385 2570 1452 2638 in
1525 2568 1914 2639 studiorum
1983 2570 2246 2639 ratione
2295 2570 2602 2659 plurima

107 2671 397 2744 sapienter
442 2681 647 2728 emen
701 2660 872 2739 avit;
924 2672 990 2728 et
1038 2670 1397 2748 postquam
1452 2658 1698 2747 pietate
1766 2658 2188 2745 scientiaque
2250 2672 2605 2747 praestan-

109 2742 355 2817 tissimos
406 2749 780 2838 magistros
827 2746 1305 2837 praefecisset,
1360 2747 1522 2817 huic
1570 2746 2087 2816 oculatissimus
2135 2746 2598 2837 advigilabat,

105 2845 155 2899 ut
190 2846 318 2905 tum
350 2837 854 2927 philosophiae,
890 2849 1035 2905 tum
1090 2836 1468 2925 theologiae
1501 2835 1951 2926 dogmaticae,
2000 2848 2143 2904 tum
2199 2837 2602 2926 praesertim

108 2919 430 3014 theologiae
514 2925 762 2995 morali
837 2924 1368 3014 diligentissime
1443 2925 1854 2996 studeretur.
1922 2947 1958 2991 <‹
2013 2928 2187 2993 Sane
2264 2925 2607 3014 theologia

107 3005 443 3100 dogmatica
475 3036 658 3104 opus
688 3026 789 3083 est
832 3012 1250 3103 (inquiebat)
1282 3013 1397 3084 sed
1453 3014 1673 3104 magis
1711 3035 1888 3104 opus
1919 3026 2022 3083 est
2069 3013 2413 3104 theologia
2459 3035 2605 3083 mo-

108 3098 219 3166 rali.
264 3105 556 3184 Etenim,
630 3104 690 3171 si
736 3103 902 3171 haec
952 3102 1238 3172 scientia
1288 3102 1722 3192 negligatur,
1777 3124 1902 3171 nec
1966 3101 2133 3171 boni
2182 3103 2354 3172 mihi
2402 3113 2608 3173 erunt

110 3187 475 3280 ⁸confessarii,
510 3213 635 3261 nec
676 3190 939 3260 habiles
969 3191 1324 3280 parochi.»
1345 3191 1814 3261 Seminaristis
1838 3203 2065 3261 autem
2087 3212 2247 3260 cum
2278 3191 2606 3262 omnibus

111 3278 478 3364 mvigilabat,
526 3292 672 3350 tum
724 3280 1092 3370 praecipue
1127 3279 1287 3359 illis,
1341 3281 1459 3367 qui
1512 3280 1819 3370 proxime
1868 3280 1948 3349 in-
1988 3301 2067 3349 eo
2106 3294 2323 3362 erant,
2369 3294 2447 3352 ut
2500 3303 2607 3351 sa-

113 3363 206 3432 cris
223 3368 592 3439 Ordinibus
619 3369 1078 3438 initiarentur.
1106 3368 1664 3438 ordinandorum
1692 3369 2132 3438 examinibus
2158 3369 2306 3459 ipse
2333 3390 2608 3458 semper

114 3469 376 3532 praesens
424 3459 586 3538 fuit;
643 3480 767 3526 nec
815 3457 1039 3527 ullum
1096 3480 1407 3544 unquam
1459 3480 1734 3527 sacrum
1789 3457 2112 3528 Ordinem
2176 3457 2601 3547 impertivit,

117 3542 232 3620 quin
276 3546 402 3615 sibi
449 3559 658 3616 antea
711 3546 794 3616 de
843 3546 1171 3616 Initiandi
1221 3561 1367 3617 tum
1418 3547 1706 3617 scientia
1756 3560 1901 3616 tum
1972 3547 2147 3616 vitae
2220 3548 2607 3638 integritate

119 3631 345 3710 perfecte
390 3648 767 3706 constaret.
2037 3701 2038 3704 ,

173 3718 376 3803 Mo.
430 3730 570 3794 Nec
622 3725 849 3794 minor
893 3724 1045 3806 fuit,
1091 3736 1167 3793 ut
1205 3723 1348 3810 jam
1400 3745 1613 3813 supra
1657 3724 2042 3803 innuimus,
2081 3725 2232 3815 ejus
2272 3725 2342 3794 in
2386 3747 2610 3796 sacer-

126 3799 256 3877 dotes
297 3811 681 3903 vigilantia.
719 3819 761 3882 Α
816 3814 1137 3884 ostolicae
1219 3811 1703 3883 raedicationis
1738 3813 2344 3894 retinentissimuS,
2386 3835 2612 3901 aequa

129 3900 404 3990 Seteritate
434 3914 502 3972 et
554 3902 714 3991 styli
754 3837 990 3973 fucum
1044 3902 1168 3971 dec
1200 3902 1705 3988 amationisque
1773 3902 2270 3972 affectationem
2301 3957 2316 3983 ,
2377 3914 2444 3971 et
2494 3924 2611 3971 ne-

132 3978 532 4072 gligentiorem
562 3991 1023 4061 concionandi
1076 3991 1356 4060 modum
1393 3990 1964 4080 reprehendebat.
2002 3990 2187 4062 Nulli
2217 3991 2612 4081 excipiendi

136 4073 522 4170 mnfessiones
571 4079 838 4169 copiam
891 4079 1204 4161 faciebat,
1238 4079 1375 4149 nisi
1420 4080 1571 4170 ejus
1619 4079 2073 4148 attentissime
2105 4078 2454 4168 explorata
2490 4080 2612 4151 do-

138 4169 285 4234 ctrina
313 4182 375 4237 et
422 4168 789 4259 probitate.
843 4174 919 4239 In
955 4167 1440 4239 ecclesiasticis
1479 4167 1916 4238 conferendis
1948 4167 2327 4250 beneficiiS,
2369 4168 2614 4240 nullus

142 4261 363 4335 unquam
398 4257 757 4327 Praelatus
805 4279 883 4327 eo
942 4257 1351 4348 religiosior.
1396 4262 1583 4358 Ipsa.
1620 4255 1940 4344 quamvis
1987 4278 2257 4326 annexa
2296 4280 2431 4327 non
2487 4258 2614 4329 ha-

145 4324 301 4412 bmnt
333 4369 579 4416 curam
626 4347 1046 4428 animarum,
1100 4345 1327 4416 solum
1376 4346 1445 4415 d1
1502 4346 1842 4425 nioribuS,
1882 4357 2035 4436 post
2084 4359 2429 4417 maturam
2463 4369 2614 4417 om-

150 4435 936 4519 ssmmconsiderationem,
974 4435 1283 4507 conferre
1312 4434 1453 4506 sole
1507 4449 1596 4505 at.
1638 4434 1714 4505 Id
1755 4435 1959 4505 etiam
1999 4435 2218 4527 rigide
2265 4437 2606 4528 exigebat,
