3308 5004
671 304 756 370 38
1246 321 1326 367 nr.
1372 315 1614 367 sar-rau
1661 316 2015 367 mramus
2062 316 2464 368 attenuans
2851 298 3038 368 AUG.
3091 300 3118 366 l

672 404 710 490 ξ
756 406 917 474 ίθ.
954 404 1322 491 Supererat
1343 399 1588 491 junior
1609 421 1691 470 ex
1724 398 2080 481 fratribuS,
2121 399 2347 489 etjam
2384 397 2687 491 pudebat
2723 399 3128 470 Antiochum

584 491 1003 561 immaturae
1063 488 1267 560 aetati
1314 511 1388 559 se
1435 488 1525 559 ita
1573 489 1793 561 fuisse
1852 486 2183 559 ludibrio.
2234 493 2474 576 Itaque
2518 487 2700 558 dolis
2741 509 2901 558 eum
2955 488 3135 559 desi-

583 580 838 651 derans
885 577 1482 660 circumscribere,
1536 577 1998 670 pollicebatur
2043 577 2362 659 bonores,
2420 576 2720 658 divitias,
2759 577 3133 648 amicitiam

585 690 815 750 suam,
867 667 1293 738 consortium
1345 680 1796 743 secretorum.
1845 670 1923 737 At
1951 688 2111 737 vero
2142 667 2257 757 pia
2301 679 2524 737 mater
2559 667 2880 737 monebat
2910 667 3133 737 filium

581 779 820 839 suum,
863 757 1104 827 dicens
1133 769 1200 828 et
1247 756 1412 827 huic
1459 757 1641 827 sicut
1684 756 2016 826 caeteris:
2070 778 2107 825 «
2134 755 2375 828 Nescio
2426 754 3019 845 quemadmodum
3062 756 3135 826 in

581 861 858 918 uterum
910 867 1143 916 meum
1192 845 1555 927 introistis,
1600 866 1824 934 neque
1856 867 1982 937 ego
2011 845 2333 936 spiritum
2369 844 2621 915 donavi
2660 844 2877 926 vobiS,
2907 865 3139 933 *neque

583 936 897 1007 membra
946 934 1263 1016 formavi,
1317 934 1433 1006 sed
1477 934 1647 1005 haec
1684 934 2181 1024 omnipotentis
2211 933 2327 1004 Dei
2379 955 2670 1004 munera
2719 946 2905 1006 sunt.
2933 956 2971 1002 »
3006 940 3139 1004 Pu·

585 1024 747 1095 tavit
784 1024 1157 1095 Antiochus
1191 1022 1430 1093 videns
1467 1036 1756 1093 matrem
1788 1022 2156 1105 solicitam,
2187 1022 2377 1111 quod
2408 1023 2616 1094 saluti
2646 1023 2802 1114 ejus
2839 1024 3134 1105 timeret,

583 1113 719 1203 ipsi
766 1135 1043 1202 quoque
1072 1113 1365 1183 suadere
1411 1113 1660 1202 coepit,
1696 1124 1775 1183 ut
1812 1112 2038 1183 filiurn
2069 1112 2158 1182 ab
2189 1112 2568 1183 intentione
2607 1134 2736 1183 sua
2765 1123 3134 1183 revocaret.

581 1207 660 1272 At
705 1202 823 1272 illa
873 1225 1037 1273 voce
1082 1203 1306 1293 patria
1338 1201 1609 1275 dicebat
1654 1201 1839 1272 filio:
1893 1225 1929 1269 α
1963 1206 2061 1270 Tu
2096 1201 2288 1272 solus
2335 1223 2622 1292 superes
2681 1201 2807 1285 fili,
2862 1223 3139 1272 summa

584 1304 897 1362 votorum
949 1312 1262 1361 meorum
1291 1343 1308 1370 ,
1382 1302 1456 1360 tu
1507 1303 1899 1379 postremus
1946 1289 2261 1362 clausisti
2313 1304 2549 1372 partus
2598 1311 2787 1361 meos
2819 1345 2838 1373 ,
2892 1302 2967 1362 tu
3016 1312 3141 1382 po—

584 1389 884 1450 stremus
913 1379 1253 1450 conclude
1301 1379 1559 1469 gaudia
1594 1400 1770 1449 mea.
1825 1379 2143 1449 Miserere
2190 1378 2351 1460 mei,
2387 1401 2567 1467 quae
2601 1392 2665 1449 te
2698 1380 2772 1449 in
2820 1392 3016 1451 utero
3048 1392 3145 1451 tot

585 1469 936 1538 mensium
987 1466 1340 1539 curriculo
1404 1468 1692 1558 portavi,
1748 1490 1832 1538 ne
1879 1489 2022 1538 uno
2071 1481 2420 1538 momento
2485 1467 2877 1540 confundas
2939 1489 3148 1545 sene-1

584 1569 843 1627 ctutem
895 1579 1146 1639 meam,
1221 1578 1308 1626 ne
1355 1555 1707 1628 decolores
1768 1570 1865 1628 tot
1919 1555 2208 1627 fratrum
2261 1569 2537 1627 tuorum
2607 1558 2956 1649 trophaea,
3015 1579 3144 1630 nec

583 1667 860 1716 sacrum
903 1668 1145 1716 eorum
1185 1646 1586 1716 comitatum
1639 1645 2019 1734 relinquas,
2075 1666 2201 1715 nec
2234 1647 2661 1716 consortium
2712 1647 3021 1718 deseras.
3050 1653 3144 1718 Te

584 1734 819 1805 adhuc
858 1735 969 1805 isti
1016 1747 1378 1825 expectant
1423 1735 1789 1826 triumphi.
1842 1733 2134 1826 Adspice
2172 1733 2243 1804 in
2285 1734 2581 1817 coelum,
2625 1736 2814 1805 unde
2845 1735 3146 1808 hausisti

585 1846 620 1892 s
677 1823 938 1902 iritum,
991 1824 1076 1894 ad
1129 1829 1395 1894 Patrem
1445 1825 1788 1894 omnium:
1822 1823 1948 1895 ads
2003 1825 2104 1894 ice
2144 1823 2216 1892 in
2266 1836 2543 1906 terram,
2647 1846 2775 1894 uae
2813 1824 2938 1896 tibi
2981 1837 3146 1896 ante

587 1845 990 1983 afimoniam
1036 1912 1492 1983 ministravit:
1565 1912 1848 2003 adspice
1897 1935 1941 1983 a
2035 1911 2303 1993 fratres,
2362 1912 2484 2001 qui
2523 1845 2860 2006 cofflegam
2912 1914 3147 2001 requi-

585 2013 783 2071 runt:
827 2002 1112 2092 adspice
1158 2002 1242 2072 ad
1297 2016 1610 2085 matrem,
1665 2023 1842 2090 quae
1893 2002 2012 2072 tibi
2065 2001 2169 2072 lac
2201 2000 2434 2072 dedit:
2489 2001 2698 2072 redde
2749 2003 3140 2073 mercedem

585 2090 680 2181 pii
719 2090 1109 2183 sanguinis,
1164 2090 1307 2161 noli
1355 2113 1394 2161 a
1432 2090 1789 2173 fratribuS,
1843 2091 1984 2162 noli
2032 2112 2075 2161 a
2126 2104 2340 2160 matre
2381 2089 2639 2161 divelli.
2695 2090 3143 2181 Temporales

584 2200 752 2271 opes
799 2192 983 2261 sunt,
1031 2202 1209 2268 quas
1266 2180 1601 2270 promittit
1646 2181 2054 2251 Antiochus:
2107 2180 2521 2270 temporales
2585 2179 2926 2261 honoreS‚
2987 2202 3144 2269 per-

582 2281 788 2358 petua
835 2290 1087 2340 corona
1134 2291 1314 2357 quae
1359 2290 1399 2337 a
1448 2273 1583 2338 Deo
1628 2270 2099 2361 omnipotente
2129 2267 2458 2339 defertur.
2503 2274 2627 2338 Vos
2660 2268 2833 2338 mihi
2873 2284 3140 2360 septem

583 2356 856 2427 dierum
904 2357 1175 2428 lumina
1214 2358 1404 2428 dedit
1444 2357 1798 2438 Dominus,
1851 2372 2122 2429 sextum
2164 2357 2314 2444 jam
2348 2357 2533 2427 diem
2584 2357 2831 2440 clausi,
2884 2371 2949 2427 et
2987 2380 3149 2427 om·-

581 2446 775 2516 nium
848 2468 1058 2539 opera
1127 2447 1309 2518 bona
1356 2445 1577 2517 valde.
1633 2447 1848 2519 Debes
1897 2447 2068 2517 mihi
2146 2446 2293 2529 fili,
2348 2461 2429 2516 ut
2482 2467 2663 2534 quae
2710 2447 2779 2516 in
2832 2445 2974 2518 illis
3022 2468 3147 2519 sex

582 2535 912 2618 laboravi,
965 2538 1035 2606 in
1089 2550 1152 2607 te
1198 2537 1625 2626 requiescam
1670 2538 2016 2628 septimo,
2067 2550 2419 2624 tamquam
2462 2558 2502 2606 a
2543 2536 2762 2607 seculi
2809 2536 3146 2627 operibus

572 2625 720 2716 jam
770 2626 1083 2697 feriata.»
1133 2631 1372 2715 Itaque
1431 2624 1825 2717 proripiens
1858 2647 1932 2696 se
1953 2625 2255 2715 juveniS,
2306 2625 2427 2696 ait.
2489 2624 2666 2708 Quid
2731 2626 3149 2696 sustinetis?

583 2719 661 2784 Et
712 2715 926 2785 multa
976 2714 1379 2797 vociferans,
1443 2714 1625 2803 quod
1680 2723 2116 2803 nequaquam
2189 2712 2424 2783 divelli
2476 2726 2704 2803 posset
2759 2736 2798 2783 a
2843 2713 3146 2804 fratrum

478 2887 485 2894 ⁴
579 2804 972 2884 consortiis,
1023 2826 1319 2892 quorum
1376 2803 1591 2873 multo
1639 2803 1946 2874 beatiora
1974 2814 2204 2874 essent
2250 2801 2493 2872 funera
2526 2823 2736 2891 quam
2792 2803 2975 2894 regis
3005 2802 3146 2873 im—

582 2891 799 2981 peria,
842 2914 1002 2962 cum
1053 2903 1331 2983 urgeret
1381 2891 1715 2963 conviciis
1776 2914 2034 2982 regem,
2078 2903 2148 2960 et
2193 2891 2341 2982 ipse
2387 2891 2657 2963 acerbis
2703 2892 3152 2963 excruciatus

584 2992 1080 3050 tormentorum
1114 2980 1510 3072 generibus,
1557 2981 1736 3052 vitae
1783 2980 1996 3068 hujus
2048 3002 2307 3051 munus
2354 2980 2671 3051 absolvit.
2830 3032 2832 3034 ·

671 3071 889 3156 911.
966 3070 1346 3140 Novissima
1407 3083 1629 3140 mater
1695 3069 1926 3140 oblata
1993 3082 2098 3140 est
2170 3068 2345 3139 neci.
2401 3070 2571 3153 Quis
2618 3069 2798 3139 hanc
2860 3068 3140 3140 beatam

583 3178 670 3227 ne
720 3172 808 3241 et,
842 3180 1019 3246 quae
1050 3157 1533 3259 quasi'septem
1566 3157 1816 3228 vallata
1852 3158 2285 3239 muneribuS,
2314 3158 2494 3228 inter
2518 3180 2638 3228 cor
2688 3180 2804 3228 ora
2834 3158 3147 3229 filiorum

581 3181 861 3317 nufflum
908 3249 1125 3317 sensit
1173 3260 1413 3318 mortis
1462 3247 1877 3317 incursum?
1923 3247 2115 3330 Quis,
2169 3247 2480 3335 inquam,
2534 3247 2632 3317 du
2688 3247 2807 3316 itet
2852 3245 2937 3316 de
2987 3247 3150 3338 ejus

580 3334 1034 3417 beatitudine,
1071 3358 1249 3424 quae
1280 3348 1541 3427 septem
1588 3336 1900 3408 turribus
1931 3336 2386 3418 circumdata,
2442 3336 2514 3405 in
2551 3335 2855 3427 paradisi
2905 3334 3152 3406 sedem

580 3437 795 3515 caput
838 3425 1120 3495 extulit:
1155 3447 1333 3514 quae
1380 3438 1638 3515 septem
1691 3424 1857 3495 filiis
1905 3426 2158 3507 cincta,
2203 3425 2751 3496 sacratissimum
2803 3429 2938 3494 Deo
2967 3423 3150 3495 cho-

581 3534 765 3596 rum,
824 3536 959 3585 non
1010 3514 1237 3584 solum
1284 3535 1616 3584 canorum
1671 3514 1955 3584 vocibus
1986 3569 2002 3596 ,
2056 3513 2176 3583 sed
2248 3513 2454 3584 etiam
2506 3513 2998 3604 passionibus,
3051 3512 3148 3583 ad

518 3669 521 3670 a
581 3602 1051 3675 concinendas
1100 3603 1369 3672 Domini
1420 3601 1665 3673 laudes
1718 3603 2134 3674 coelestibus
2199 3602 2451 3672 invexit
2495 3602 2882 3674 altaribus?
2919 3606 3145 3685 Quam

581 3692 811 3762 bonus
843 3691 1003 3761 fidei
1054 3704 1320 3783 partus,
1373 3714 1583 3779 quam
1624 3705 1813 3763 tutus
1847 3704 2086 3783 portus
2133 3692 2261 3761 iste
2311 3692 2608 3783 pietatis»,
2646 3713 2859 3780 quam
2904 3689 3147 3780 splen-

581 3778 746 3849 dida
796 3778 1077 3851 lucerna
1120 3780 1485 3861 Ecclesiae,
1540 3794 1821 3872 septeno
1870 3779 2147 3873 fulgens
2192 3779 2484 3863 lumine,
2554 3794 2624 3850 et
2667 3793 2906 3849 octavo
2944 3792 3149 3850 utero

579 3870 854 3940 cunctis
902 3869 1291 3940 luminibus
1338 3869 1566 3939 oleum
1617 3869 2185 3941 subministrans,
2241 3875 2333 3939 De
2386 3869 2647 3957 quibus
2707 3869 2999 3958 pulchre
3036 3867 3154 3937 di-

581 3957 767 4029 citur
808 3959 881 4028 in
925 3958 1448 4029 Ecclesiastico:
1503 3963 1667 4028 Date
1697 3970 1960 4050 partem
2012 3958 2152 4029 illis
2200 3972 2502 4049 septem,
2556 3971 2625 4028 et
2671 3958 2812 4028 illis
2858 3956 3149 4046 quidem

580 4061 756 4129 octo,
785 4070 864 4118 eo
892 4049 1077 4137 quod
1106 4049 1177 4117 in
1212 4061 1507 4135 utroque
1539 4069 1828 4118 numero
1854 4048 2278 4118 consortium
2309 4047 2574 4139 gratiae
2596 4058 3146 4135 consequantur,

580 4134 652 4205 in
706 4134 854 4227 lege
893 4136 1158 4219 nutriti,
1191 4158 1315 4239 per
1343 4137 1635 4228 gratiam
1672 4137 2002 4218 coronati,
2042 4149 2300 4228 septem
2339 4151 2689 4224 tamquam
2722 4137 2793 4206 in
2822 4135 3143 4216 sabbam,

582 4238 737 4294 octo
784 4237 1137 4314 tamquam
1195 4247 1265 4295 tn
1316 4225 1708 4316 Evangelia
1780 4226 1898 4296 Pia
1958 4237 2176 4296 mater
2250 4224 2735 4316 supplemento
2796 4224 3152 4316 passionis

580 4313 910 4415 adJuncta
955 4337 1148 4416 quae·
1180 4315 1255 4385 in
1295 4314 1552 4387 talibus
1599 4315 1766 4385 filiis
1814 4315 2155 4407 integram
2208 4313 2481 4404 pietatis
2529 4313 2821 4385 formam
2871 4327 2937 4383 et
2972 4334 3156 4383 con-

581 4415 766 4493 cepit
804 4414 870 4473 ct
917 4416 1204 4494 peperit.
