3308 5004
185 351 343 417 Ave.
396 351 421 416 -l
1084 372 1161 418 nr.
1196 354 1303 419 ss.
1355 370 1767 420 nacnsnxms
2520 357 2607 422 45

185 476 664 546 supergressam
697 456 1124 536 monstravit,
1157 468 1232 526 ut
1266 456 1805 526 immolationem
1843 454 2142 526 tiliorum
2178 478 2464 528 suorum
2503 481 2704 548 prae-

186 556 423 633 pararet
465 544 736 614 hortatu
763 566 913 625 suc,
943 557 1008 613 et
1033 546 1375 636 ingereret
1398 546 1846 647 persecutori.
1879 550 1954 614 Et
1983 568 2140 615 cum
2174 546 2406 616 adhuc
2445 549 2703 637 priores

187 633 590 733 punirentur,
631 633 944 703 residuos
974 632 1057 702 ad
1093 634 1622 705 aemulauonem
1661 656 1900 704 eorum
1929 635 2449 706 exhortantibus
2481 637 2704 708 verbis

186 743 242 789 in
286 720 612 811 palaestra
664 722 1007 812 passionis
1030 724 1396 814 jungebat.

254 812 417 897 §¹2
470 810 768 881 Audiant
817 811 985 880 haec
1041 813 1405 882 universae
1454 824 1741 890 matres,
1794 824 1860 881 et
1925 811 2362 882 aemulentur
2429 814 2697 884 virilem

184 898 463 969 mulieris
510 900 723 970 hu'us
768 899 1270 982 fortitudinem,
1312 915 1377 971 et
1411 922 1636 970 veram
1683 902 1868 970 circa
1908 900 2087 971 filios
2135 901 2600 984 dilectionem,
2638 913 2705 973 et

178 990 533 1058 secundum
589 923 778 1057 illam
826 1001 1083 1080 septem
1132 1003 1517 1080 martyrum
1576 1002 1863 1059 matrem
1917 990 2227 1059 nutriant
2281 990 2462 1061 filios
2511 1014 2700 1062 suos.

174 1080 296 1144 Non
329 1079 511 1147 enim
548 1078 866 1148 educatio
902 1078 1200 1148 filiorum
1241 1079 1409 1148 haec
1458 1091 1745 1148 naturae
1778 1091 1904 1161 est,
1939 1078 2056 1148 sed
2093 1079 2410 1150 educatio
2454 1093 2706 1152 matres

173 1162 349 1235 facit:
401 1167 570 1236 haec
602 1168 784 1237 enim
833 1168 1205 1238 voluntatis
1252 1180 1375 1237 est.
1420 1172 1498 1236 Et
1529 1181 1605 1235 ut
1660 1167 1912 1248 discas,
1975 1168 2139 1255 quia
2175 1189 2310 1237 non
2375 1169 2705 1258 pariendo

174 1266 442 1335 tantum,
498 1256 615 1326 sed
672 1257 892 1344 magis
926 1257 1099 1325 bene
1149 1255 1519 1326 nutriendo
1548 1255 1625 1325 fit
1661 1269 1877 1325 mater
1903 1255 1962 1337 ³⁵,
2009 1256 2175 1326 audi
2226 1257 2703 1328 beatissimum
2749 1308 2758 1317 .

171 1343 467 1425 Paulum,
544 1346 897 1432 quomodo
946 1345 1353 1415 honorificet
1398 1357 1463 1414 et
1510 1358 1790 1415 coronet
1849 1344 2176 1415 viduam:
2238 1367 2373 1416 non
2429 1360 2709 1438 propter

171 1445 451 1519 partum,
509 1434 625 1504 sed
682 1447 958 1524 propter
1003 1433 1479 1504 educationem
1524 1433 1776 1503 bonam
1829 1433 2161 1514 filiorum,
2202 1434 2441 1504 dicens
2487 1436 2700 1505 enim:

167 1520 361 1590 Vidua
397 1523 699 1614 eligatur
748 1545 883 1592 non
940 1524 1173 1593 minus
1220 1543 1562 1592 annorum
1628 1523 2019 1613 sexaginta,
2074 1525 2526 1594 testimonium
2582 1526 2707 1594 Ιια-

166 1610 301 1679 bens
334 1614 401 1681 in
439 1614 753 1703 operibus
800 1613 1014 1693 bom's;
1044 1625 1121 1681 ut
1152 1612 1400 1682 horum
1450 1610 1790 1680 bonorum
1831 1611 2104 1681 laudem
2156 1625 2700 1695 consummaret,

164 1697 434 1797 adjecit:
488 1704 572 1771 Si
650 1703 773 1771 lios
805 1703 1127 1771 enutrivit
1161 1727 1182 1770 .-
1222 1722 1355 1770 non
1407 1699 1600 1782 dixit,
1632 1701 1693 1770 si
1739 1700 2025 1802 peperit.
2067 1701 2241 1783 Quid
2292 1723 2455 1793 ergo
2503 1702 2710 1773 aesti-

166 1789 502 1860 mabimus
559 1789 749 1859 ilam
804 1790 1163 1859 mulierem
1233 1789 1644 1891 pertulisse,
1699 1811 1759 1858 si
1811 1803 2034 1859 tamen
2089 1790 2449 1861 mulierem
2502 1791 2706 1860 istam

164 1875 287 1946 dici
332 1890 669 1968 oporteat,
720 1901 879 1948 cum
934 1878 1191 1948 videret
1229 1901 1298 1947 in
1350 1878 1654 1949 filiorum
1701 1878 2034 1950 membris
2070 1878 2329 1949 viscera
2378 1902 2503 1949 sua
2553 1902 2710 1950 cru-

166 1965 344 2047 ciari,
380 1967 671 2038 alterius
705 1967 982 2038 avulsos
1012 1990 1051 2037 a
1079 1967 1227 2037 suis
1256 1968 1582 2037 manibus
1610 1967 1867 2058 digitos
1899 1989 2110 2059 super
2141 1990 2404 2059 prunas
2435 1968 2704 2060 ignium

167 2056 414 2147 spargi,
469 2068 538 2127 et
583 2057 798 2126 unius
844 2069 1053 2148 caput
1098 2056 1314 2126 clavis
1360 2056 1540 2126 confi
1597 2056 1660 2137 i,
1712 2056 1999 2126 alterius
2045 2057 2254 2148 capiti
2304 2071 2530 2128 cutem
2588 2056 2711 2127 de-

167 2144 355 2226 trahi,
409 2157 478 2215 et
527 2157 741 2215 totum
794 2167 1050 2236 corpus
1113 2157 1414 2215 extracta
1461 2168 1545 2236 pe
1601 2167 1639 2215 e
1704 2145 2004 2226 nudari,
2055 2157 2124 2216 et
2166 2168 2326 2216 eum
2375 2146 2499 2235 qui
2546 2145 2711 2215 talia

171 2233 552 2320 patiebatur
598 2247 888 2305 stantem
931 2233 1236 2317 fortiter,
1304 2236 1592 2326 insuper
1637 2246 1703 2303 et
1772 2234 1905 2324 ipsi
1955 2247 2249 2325 tyranno
2297 2256 2554 2326 poenas
2602 2255 2712 2304 ae-

171 2333 385 2392 ternas
425 2345 591 2393 voce
624 2322 840 2393 libera
867 2324 1465 2394 comminantem?
1495 2322 1854 2406 Quomodo
1886 2336 2104 2393 mater
2149 2324 2318 2394 haec
2342 2336 2713 2415 expectans

165 2409 435 2482 elevavit
483 2411 750 2495 vultum
805 2435 1040 2494 suum,
1084 2426 1150 2481 et
1191 2435 1267 2483 os
1314 2413 1609 2505 aperuit,
1649 2424 1716 2481 et
1764 2411 2074 2502 linguam
2106 2413 2317 2483 movit
2366 2412 2432 2482 in
2476 2413 2706 2492 verba,

168 2522 285 2569 non
338 2501 406 2571 in
451 2501 663 2572 verba
705 2502 1000 2572 materni
1049 2501 1308 2572 doloris
1341 2502 1591 2573 affectu
1639 2500 1902 2583 mollia,
1955 2500 2073 2571 sed
2128 2500 2335 2572 verba
2383 2500 2714 2571 virtutis?

168 2591 513 2671 Quomodo
556 2612 690 2661 non
730 2590 1009 2662 recessit
1042 2613 1080 2660 a
1101 2613 1309 2661 carne
1348 2592 1583 2662 anima
1612 2591 1812 2680 ejus?
1839 2595 1984 2673 Quo
2013 2589 2216 2661 modo
2232 2599 2259 2657 ⁶?
2290 2612 2416 2680 ego
2445 2589 2704 2660 dicam.

168 2682 292 2747 Non
344 2681 538 2750 enim
584 2679 654 2748 in
697 2692 963 2750 terrena
1015 2681 1403 2769 praesentia
1452 2678 1873 2760 intendebat,
1928 2678 2046 2748 sed
2096 2679 2166 2747 in
2217 2678 2453 2749 futura
2495 2677 2714 2748 coele-

169 2767 283 2836 stia
331 2768 907 2860 praeparabatur,
950 2768 1022 2838 in
1074 2768 1184 2839 his
1231 2769 1562 2840 omnibus
1621 2767 1928 2838 filiorum
1978 2789 2266 2838 suorum
2320 2767 2601 2858 praeliis
2647 2778 2714 2837 et

170 2858 517 2927 tormentis
564 2878 787 2926 unum
830 2857 1133 2937 timebat,
1189 2880 1275 2927 ne
1321 2860 1645 2946 cuiquam
1701 2869 2043 2948 tyrannus
2093 2868 2435 2948 parceret,
2487 2867 2554 2925 et
2604 2855 2715 2924 in-

166 2944 331 3015 vidia
360 2945 629 3017 diaboli
656 2945 881 3016 soluto
906 2946 1307 3029 certamine,
1349 2945 1935 3037 triumphantium
1975 2945 2410 3016 scinderetur
2456 2945 2717 3016 chorus

170 3030 457 3105 filiorum
510 3034 692 3123 ejus,
735 3058 822 3105 ne
855 3035 1016 3123 quis
1073 3057 1310 3106 eorum
1353 3037 1504 3106 sine
1559 3056 1811 3106 corona
1878 3045 2210 3105 maneret.
2255 3039 2335 3104 Et
2379 3034 2714 3122 quoniam

170 3120 280 3191 hoc
327 3124 643 3204 timebat,
694 3125 1065 3195 minimum
1122 3146 1390 3205 eorum,
1446 3123 1565 3212 qui
1620 3124 1769 3214 jam
1835 3123 2027 3194 solus
2072 3122 2283 3215 agoni
2328 3133 2711 3214 supererat,

170 3219 417 3283 tantum
490 3212 680 3300 quod
753 3236 891 3284 non
968 3215 1292 3284 manibus
1360 3212 1891 3304 apprehendens
1965 3212 2038 3281 in
2103 3213 2334 3304 ignem
2399 3212 2553 3302 ipsa
2610 3211 2717 3281 in-

172 3319 435 3371 censum
486 3302 814 3392 impulit:
867 3313 1341 3371 verumtamen
1386 3325 1510 3393 pro
1544 3301 1874 3371 manibus
1920 3323 2080 3371 eum
2117 3300 2344 3372 verbis
2399 3300 2717 3370 exhorta-

172 3387 359 3460 tionis
407 3390 719 3480 impulit,
773 3404 840 3461 et
885 3392 1180 3461 armavit
1206 3413 1367 3461 cum
1420 3412 1672 3483 magna
1707 3390 2163 3481 trepidatione
2212 3389 2507 3480 pietatis,
2552 3410 2717 3459 voce

173 3480 371 3564 patria
419 3480 803 3551 obsecrans
849 3489 1063 3563 eum2,
1117 3502 1203 3549 ne
1249 3478 1488 3549 callidi
1556 3479 2018 3571 persecutoris
2086 3477 2514 3548 saevioribus
2560 3499 2718 3547 cru-

174 3563 425 3639 delitate
476 3568 843 3640 blanditiis
888 3568 1265 3650 emollituS,
1317 3568 1724 3639 evelleretur
1771 3591 1811 3638 a
1858 3567 2188 3639 fratribus
2236 3566 2599 3657 gloriosis,
2652 3576 2719 3636 et

174 3658 703 3728 concertantium
784 3657 1433 3729 immarcescibilem
1492 3678 1819 3728 coronam
1881 3658 2105 3728 victus
2166 3656 2531 3727 amitteret.
2583 3660 2717 3725 Nos

174 3743 324 3815 citra
368 3746 682 3817 dolorem
725 3746 991 3816 alienas
1054 3769 1428 3817 aerumnas
1473 3746 1718 3816 audire
1767 3768 1903 3816 non
1954 3766 2372 3837 possumus,
2428 3743 2544 3814 sed
2596 3742 2719 3812 illa

176 3837 470 3924 proprias
519 3846 587 3906 et
619 3833 1036 3907 domesticas
1069 3835 1429 3926 passiones
1475 3836 1646 3905 citra
1700 3834 2005 3907 dolorem
2057 3835 2480 3905 intuebatur.
2525 3836 2718 3902 Haec

178 3938 294 3991 non
325 3924 784 4025 negligenter,
825 3946 1047 4012 neque
1080 3924 1148 3994 in
1184 3924 1624 3995 ambustione
1650 3924 2046 4005 audiamus,
2084 3923 2201 3994 sed
2232 3920 2718 4022 unusquisque

179 4027 389 4082 eorum
441 4036 569 4101 qui
616 4013 938 4096 audiunt,
978 4014 1047 4083 in
1100 4013 1268 4094 filiis
1306 4013 1455 4084 suis
1490 4026 1695 4084 totam
1747 4013 1929 4083 hanc
1976 4034 2119 4082 rem
2171 4012 2306 4082 sibi
2353 4011 2713 4102 depingat,

183 4093 239 4165 in
280 4101 485 4172 corde
524 4124 653 4173 suo
702 4123 1100 4205 proponens
1156 4102 1475 4173 virtutem
1524 4123 1764 4174 eorum
1814 4123 1993 4190 quae
2038 4101 2364 4201 dicimus,
2436 4099 2522 4169 de
2569 4099 2719 4169 suis

185 4186 642 4263 affectionibus
690 4205 1044 4262 metiatur:
1106 4191 1426 4279 quamvis
1491 4213 1615 4262 nec
1672 4191 1820 4261 ita«
1838 4191 2099 4281 possit,
2152 4211 2319 4279 qula
2366 4188 2717 4260 naturales

191 4279 521 4362 passiones
551 4301 778 4352 sermo
805 4303 942 4352 non
988 4292 1210 4372 potest
1239 4280 1605 4383 explicare,
1638 4280 2129 4371 experimentis
2169 4293 2401 4350 autem
2442 4289 2716 4349 tantum

193 4368 420 4460 percipi
473 4382 698 4461 potest
745 4371 1095 4441 humanae
1128 4370 1511 4441 affectionis
1554 4369 1928 4462 expressio,
2223 4401 2228 4414 ·

228 4489 249 4513 ‘
267 4492 364 4535 Bon
377 4497 544 4547 pertun
563 4497 651 4541 ned
669 4495 889 4542 educ-tio
906 4495 1115 4541 aliorum
1145 4506 1308 4540 verm
1336 4497 1481 4539 efficit
1508 4499 1723 4540 matrem.
