3308 5004
728 330 859 398 300
1463 345 1545 394 on
1590 344 1649 393 s.
1700 342 2077 393 mansuum
2122 342 2355 394 ascum
2868 327 3052 423 ΑΗΒ.
3106 328 3192 396 13

638 455 764 524 pro
801 431 1118 512 crimine,
1157 428 1471 502 succurri
1504 428 1637 500 sibi
1674 426 2222 510 succlamabant,
2269 427 2718 503 vociferantes
2764 429 2852 503 de
2878 451 3190 502 carcere.

638 527 803 614 Ipsa
850 519 1020 610 quid
1068 531 1249 590 esset
1307 518 1563 591 interro
1612 530 1731 588 at:
1786 517 2221 588 mentiuntur
2276 517 2620 602 ministri,
2678 519 2868 609 quod
2920 519 3195 592 mendi·-

637 632 877 683 corum
907 611 1109 681 turba
1140 620 1501 697 quaereret
1524 630 1561 678 e
1590 627 2061 697 eemosynam.
2101 605 2395 678 credens
2427 607 2558 679 hoc
2588 608 2736 691 illa,
2783 609 3194 680 transmittit

636 721 775 789 quo
806 697 1161 791 indigebat
1194 696 1450 788 inopia.
1488 701 1756 769 Interea
1801 718 1843 765 a
1886 694 2126 787 judice
2184 696 2703 787 compelluntur
2750 711 3019 779 tacere,
3063 698 3192 786 qui

640 789 1050 862 tenebantur
1082 786 1151 857 in
1185 785 1539 878 compede.
1573 789 1740 855 Cum
1776 806 1931 855 vero
1964 806 2095 855 nox
2126 786 2659 886 supervenisset,
2686 786 2860 859 dum
2901 785 3191 859 solitum

638 900 925 950 cursum
963 876 999 913 ¹*
1044 875 1324 957 diceret,
1381 873 1620 946 fractis
1677 873 1977 945 vinculis
2023 873 2273 955 solut1,
2320 890 2700 947 occurrunt
2759 880 3048 947 Sanctae
3102 876 3190 948 de

637 987 934 1037 carcere.
987 970 1136 1049 Quo
1183 964 1484 1056 cognito,
1525 984 1680 1034 reos
1717 985 1789 1032 se
1819 961 2166 1046 viderunt,
2207 963 2329 1051 qui
2363 969 2603 1036 Beatae
2653 965 2923 1035 mentiti
2970 976 3141 1036 sunt
3166 1020 3185 1048 ‚

639 1055 808 1126 dum
842 1054 963 1144 qui
1000 1055 1098 1124 rei
1130 1053 1430 1134 fuerant,
1457 1051 1544 1123 de
1572 1051 1834 1123 catenis
1861 1050 2070 1122 soluti
2102 1066 2286 1124 sunt.
2323 1058 2401 1123 Et
2431 1055 2761 1142 quoniam
2798 1051 3195 1141 frequenter

637 1142 874 1231 aliqua
912 1143 1297 1223 occasione,
1341 1140 1698 1211 divinitate
1800 1153 2220 1231 rosperante,
2264 1164 2470 1213 casus
2515 1143 2698 1214 cedit
2731 1142 2816 1213 ad
2859 1144 3183 1226 salutem,

636 1245 715 1303 ut
754 1233 924 1304 haec
965 1230 1360 1323 religiosius
1399 1231 1674 1312 viveret,
1725 1162 1930 1300 reate:-
1982 1229 2397 1301 interficitur
2453 1231 2878 1303 innocenter.
2923 1234 3193 1303 Directa

636 1321 852 1414 igitur
883 1342 924 1390 a
969 1325 1174 1411 Rege,
1221 1319 1501 1391 veniens
1548 1318 1633 1388 ad
1669 1318 1946 1389 beatum
1983 1318 2383 1390 Medardum
2428 1321 2833 1392 Noviomum
2866 1320 3185 1414 (Noyon),

639 1410 989 1501 supplicat
1036 1410 1411 1491 instanter,
1454 1421 1532 1479 ut
1570 1409 1791 1499 ipsam
1846 1419 2107 1478 mutata
2157 1421 2337 1479 veste
2380 1412 2675 1498 'Domino
2728 1424 3185 1482 consecraret.

640 1498 769 1570 Sed
807 1520 1070 1569 memor
1101 1498 1395 1568 dicentis
1432 1496 1759 1587 Apostoli,
1798 1495 1861 1567 si
1892 1518 2029 1584 qua
2071 1497 2281 1586 ligata
2313 1497 2401 1568 sit
2430 1499 2738 1590 conjugi,
2777 1521 2863 1568 ne
2898 1510 3187 1588 quaerat

638 1584 961 1658 dissolvi:
1014 1586 1371 1658 differebat
1417 1587 1781 1677 Reginam.
1837 1607 1924 1655 ne
1954 1598 2136 1657 veste
2170 1598 2422 1677 tegeret
2471 1588 2911 1659 monacham.
2950 1588 3190 1660 Adhuc

637 1677 916 1748 beatum
965 1676 1188 1746 virum
1233 1675 1636 1764 perturbant
1677 1696 2018 1764 proceres,
2069 1687 2135 1745 et
2174 1698 2296 1766 per
2343 1676 2703 1748 basilicam
2746 1677 3051 1768 graviter
3098 1677 3183 1748 ab

638 1765 883 1837 altario
950 1764 1435 1845 retrahebant,
1501 1785 1587 1833 ne
1638 1762 1891 1834 velaret
1936 1763 2105 1855 Regi
2153 1764 2599 1853 conjunctam
2632 1818 2654 1847 ,
2710 1788 2797 1836 ne
2845 1765 3191 1837 videretur

640 1853 963 1925 sacerdos
996 1909 1012 1935 ,
1064 1853 1246 1942 quod
1300 1864 1769 1945 praesumeret
1814 1852 2116 1945 principi
2165 1852 2551 1925 subducere
2606 1854 2938 1946 Reginam
2975 1909 2995 1936 ,
3054 1877 3188 1926 non

640 1943 1115 2044 publicanam,
1170 1941 1287 2013 sed
1341 1941 1693 2033 publicam
1724 1939 1819 2011 *⁴2
1871 1945 2021 2025 Quo
2066 1943 2512 2013 sanctissima
2566 1944 2865 2035 cognito,
2920 1943 3190 2015 intrans

641 2053 714 2101 m
761 2031 1231 2112 secretarium,
1288 2031 1668 2102 monachae
1702 2041 1881 2100 veste
1914 2030 2281 2103 induitur:
2338 2032 2646 2132 procedit
2691 2032 2777 2102 ad
2811 2032 3186 2115 altarium,

639 2134 706 2191 et
737 2120 1214 2192 beatissimum
1249 2119 1653 2191 Medardum
1686 2118 1799 2189 his
1833 2119 2057 2190 verbis
2094 2119 2509 2208 alloquitur:
2550 2122 2619 2191 Si
2648 2143 2758 2191 me
2786 2143 3190 2193 consecrare

641 2209 1020 2290 distuleriS,
1076 2221 1141 2279 et
1176 2207 1333 2299 plus
1363 2207 1718 2278 hominem
1766 2229 1979 2295 quam
2037 2213 2246 2279 Deum
2299 2209 2638 2292 timueriS,
2676 2210 2762 2280 de
2809 2233 3032 2281 manu
3082 2224 3190 2282 tua

641 2309 877 2389 pastor
922 2299 1153 2368 ovium
1196 2296 1502 2367 animam
1537 2296 1868 2384 requirat.
1904 2301 2053 2380 Quo
2102 2296 2218 2368 ille
2248 2299 2768 2370 contestationis
2804 2321 3189 2374 concussus

640 2387 965 2468 tonitruo,
1003 2409 1218 2458 manu
1258 2386 1716 2477 superposita,
1760 2388 2188 2458 consecravit
2218 2387 2583 2457 diaconam
2624 2387 2753 2458 Μ.

726 2479 764 2566 ξ
810 2482 904 2551 Β.
958 2480 1105 2547 Mox
1166 2475 1656 2554 indumentum
1707 2474 1939 2546 nobile
1969 2531 1986 2557 ,
2041 2497 2181 2564 quo
2232 2475 2681 2547 celeberrima
2727 2476 2840 2547 die
2878 2476 3184 2561 solebat,

639 2568 897 2656 pompa
943 2565 1316 2637 comitante
1348 2620 1364 2647 ,
1417 2564 1680 2657 Regina
1733 2563 2144 2656 procedere,
2203 2577 2407 2637 exuta
2454 2566 2648 2657 ponit
2699 2566 2770 2635 in
2833 2564 3078 2650 altare,
3128 2579 3188 2637 et

638 2654 888 2726 oblatis
936 2654 1273 2746 gemmis,
1318 2653 1743 2725 ornamentis
1774 2708 1790 2735 ,
1844 2676 2157 2726 mensam
2218 2654 2493 2725 divinae
2532 2654 2792 2746 gloriae
2846 2667 2940 2725 tot
2989 2654 3189 2726 donis

637 2756 875 2814 onerat
923 2766 1045 2834 per
1091 2743 1447 2813 honorem.
1501 2742 1849 2812 Circulurn
1902 2743 2056 2812 auri
2106 2743 2589 2833 ponderatum,
2628 2743 2926 2814 fractum
2965 2744 3090 2815 dat
3122 2745 3187 2813 in

638 2854 813 2923 opus
865 2853 1278 2922 pauperum.
1351 2830 1681 2902 Similiter
1741 2830 2076 2902 accedens
2134 2832 2224 2901 ad
2283 2832 2536 2903 Cellam
2606 2837 2672 2903 S.
2733 2832 3032 2903 Nimeris
3079 2833 3191 2904 die

638 2941 803 3002 uno,
836 2941 972 3008 quo
999 2942 1069 2992 se
1108 2920 1399 2991 ornabat
1427 2918 1585 2990 felix
1613 2919 1876 3010 Regina
1903 2921 2305 3010 composite,
2334 2934 2584 2992 cuncta
2613 2944 2809 3003 aum,
2846 2921 3189 3009 quaedam

638 3009 842 3078 etiam
939 3009 1191 3079 emmis
1221 3020 1546 3079 exornata
1641 3031 1718 3077 er
1747 3008 2118 3090 circulum,
2170 3009 2305 3079 sibi
2357 3009 2717 3099 profutura
2764 3024 3004 3081 sancto
3056 3023 3195 3081 tra-

635 3096 815 3166 didit
846 3120 887 3167 a
921 3097 1115 3168 tario.
1166 3097 1336 3168 Inde
1378 3119 1579 3188 proce
1632 3118 1757 3167 ens
1793 3096 1881 3167 ad
1922 3096 2175 3167 Cellam
2213 3099 2623 3170 venerabilis
2665 3098 3018 3170 Daddonis
3049 3099 3189 3181 die,

638 3208 776 3274 quo
804 3185 1044 3257 debuit
1074 3187 1305 3256 ornari
1341 3197 1765 3287 praestanter
1795 3187 1864 3256 in
1901 3186 2160 3268 seculo,
2198 3186 2530 3276 quicquid
2567 3188 2857 3258 induere
2894 3201 3184 3280 poterat,

642 3295 856 3346 censu
903 3275 1112 3345 divite
1159 3273 1481 3355 foemina,
1535 3274 1790 3345 Abbate
1840 3288 2297 3356 remunerato,
2353 3289 2570 3347 totum
2604 3276 2793 3347 dedit
2824 3277 3189 3348 coenobio.

640 3362 896 3433 Dehinc
944 3363 1030 3433 ad
1082 3364 1302 3434 sancti
1348 3362 1778 3453 Gundulphi,
1816 3375 1973 3522 post
2010 3362 2169 3434 facti
2207 3367 2397 3435 Metis
2434 3366 2780 3457 Episcopi,
2818 3388 3190 3467 progressa

643 3451 1196 3543 receptaculum,
1248 3473 1381 3522 non
1446 3452 1698 3521 minori
1745 3451 1809 3523 la
1862 3466 2060 3523 oratu
2108 3453 2493 3525 nobilitavit
2545 3460 2762 3545 Syner
2816 3477 2959 3524 tum
3018 3455 3187 3524 ⁴⁴⁹²&

640 3540 816 3610 Hinc
863 3540 1044 3611 felici
1087 3539 1360 3632 navigio
1407 3545 1712 3614 Turones
1766 3542 2062 3633 appulsa
2091 3595 2106 3622 ,
2149 3565 2328 3630 quae
2375 3543 2696 3634 suppleat
2741 3567 2777 3614 e
2808 3545 3141 3631 oquentia
3171 3599 3188 3625 ,

640 3642 978 3717 quantum
1007 3628 1411 3710 officiosam,
1440 3651 1649 3716 quam
1687 3651 1758 3700 se
1796 3633 2276 3702 monstraverit
2308 3632 2743 3715 munificam,
2773 3632 2943 3721 quid
2969 3633 3194 3724 egerit

638 3718 822 3788 circa
864 3724 929 3789 S.
970 3719 1243 3789 Martini
1281 3717 1548 3799 altaria,
1615 3718 1851 3809 templi
1905 3718 2291 3802 basilicam,
2338 3722 2512 3790 flens
2548 3773 2563 3800 ,
2619 3721 2945 3812 lacrymis
2992 3723 3186 3792 insa·-

641 3807 828 3889 tiata,
866 3806 1146 3898 singula
1168 3808 1412 3899 jacens
1453 3830 1572 3899 per
1601 3807 1901 3878 limina?
1935 3808 2063 3878 Ubi
2143 3821 2250 3879 ost
2296 3810 2573 3880 Missam
2626 3810 2931 3881 vestibus
2977 3822 3047 3881 et
3080 3833 3193 3881 or-

640 3910 1010 3976 namento,
1064 3919 1201 3984 quo
1250 3919 1323 3967 se
1366 3896 1644 3966 clariori
1705 3896 1899 3966 cultu
1955 3896 2096 3967 sole
2146 3911 2216 3968 at
2271 3897 2448 3968 ferre
2508 3900 2579 3969 in
2634 3899 2885 3990 palatio
2919 3953 2936 3979 ,
2991 3922 3190 3970 sacra

640 3985 1033 4076 composuit
1078 3986 1345 4056 altaria.
1398 3986 1574 4056 Hinc
1620 4007 1782 4054 cum
1832 3985 1902 4054 in
1963 3986 2196 4056 vicum
2253 3987 2747 4058 condatensem
2781 4043 2797 4068 ,
2849 4009 2991 4075 quo
3040 3987 3191 4080 glo-

639 4075 868 4146 riosus
892 4076 994 4145 vir
1017 4074 1375 4157 MartinuS,
1416 4073 1737 4166 migravit
1765 4095 1804 4142 a
1846 4074 2101 4158 seculo,
2133 4075 2386 4146 ancilla
2429 4076 2699 4147 Domini
2735 4077 3186 4169 pervenisset,

694 4256 720 4282 ‘
740 4256 929 4297 Scilicet
945 4253 1094 4298 divini
1116 4257 1266 4298 Officii
1284 4256 1556 4299 recitationi
1585 4254 1899 4298 incumberet.

695 4310 749 4336 ⁸⁸
778 4310 908 4350 Ideat
936 4311 1210 4359 legitimam.

694 4362 777 4389 ⁸⁴⁸
807 4360 950 4411 Quasi
978 4373 1120 4404 unam
1148 4375 1205 4403 ex
1233 4362 1442 4414 antiqua
1470 4361 1630 4405 viduis
1649 4364 1746 4403 Deo
1771 4363 1934 4404 turis.
1956 4364 2070 4405 Vide
2096 4365 2149 4405 in
2169 4365 2273 4405 Sur.
2293 4365 2395 4406 Vol.
2427 4374 2477 4413 ιι,
2501 4376 2548 4415 p.
2579 4366 2673 4407 412.

695 4416 804 4442 ”⁶¹¹
831 4417 1084 4466 Syneryium
1112 4427 1169 4456 ex
1199 4417 1376 4458 Graeco
1405 4418 1636 4467 significat
1658 4415 1894 4458 ommam
1914 4414 1965 4458 in
1984 4427 2077 4468 qua.
2103 4419 2264 4470 plures
2295 4420 2444 4460 simul
2474 4423 2744 4470 operantur.
2774 4415 2986 4470 xntenigt
3014 4421 3096 4461 hic
3122 4429 3202 4470 po·

644 4467 742 4509 tout
759 4470 1102 4519 quodammodo
1122 4469 1479 4511 nonasterium.
