3308 5004
132 338 319 407 AUG.
373 340 459 406 29
746 357 817 406 11(
860 357 1054 406 usto
1100 357 1437 408 nsscouu.
1490 361 1548 408 s.
1597 360 1825 409 somn.
1880 362 2063 410 narr.
2465 346 2580 411 72⁴

133 437 342 508 simul
395 441 562 529 ipse,
598 449 664 508 et
688 438 809 526 qui
840 461 1000 509 cum
1032 461 1110 508 eo
1141 431 1357 522 erant',
1402 453 1873 511 convenerunt
1911 442 1981 510 in
2023 442 2154 512 hoc
2186 453 2501 514 nostrum
2538 464 2683 512 mo-

133 526 538 598 nasterium.
584 533 633 596 A
668 549 776 597 me
808 541 1063 609 autem,
1117 551 1276 598 cum
1311 529 1782 612 attendissem,
1821 542 1979 600 ante
2031 531 2266 622 ipsum
2314 543 2686 622 conspecta

131 617 261 686 fuit
298 617 626 686 columna
675 616 906 707 ignis:
946 628 1010 686 et
1058 640 1218 688 cum
1282 618 1606 689 vidissem
1639 674 1656 699 ,
1714 641 1847 688 non
1903 642 2158 711 parvus
2223 620 2394 690 mihi
2459 634 2685 694 metus

134 706 474 776 incubuit.
514 710 592 774 Et
623 705 852 774 statim
887 728 925 775 e
973 728 1216 775 somno
1265 728 1419 778 sum
1468 707 1822 778 excitatus

221 798 255 882 ξ
301 800 378 865 ⁸2.
432 799 573 863 Non
627 794 924 863 multum
978 806 1253 886 tempus
1299 795 1708 878 intercessit,
1762 797 1945 884 quod
1997 819 2155 867 mox
2196 796 2295 866 sui
2346 819 2387 867 a
2438 820 2684 870 somno

138 884 381 954 iterum
434 895 703 973 captuS,
740 896 805 951 et
842 905 1029 975 ,quae
1063 884 1206 953 visa
1254 883 1547 963 fuerant,
1601 886 1687 954 ad
1738 885 1946 955 finem
1982 898 2461 975 pervenerunt.
2513 892 2680 957 Nam

133 986 274 1043 erat
311 971 591 1060 quidem
642 992 928 1061 vespera
974 972 1112 1042 diei
1160 973 1374 1043 unius
1405 995 1486 1042 ex
1511 973 1828 1065 jejuniis.
1874 978 1922 1043 E
1974 997 2013 1044 o
2061 987 2290 1044 autem
2345 974 2488 1045 dixi
2538 997 2687 1046 mo-

139 1062 412 1131 nachis:
456 1059 945 1148 Unusquisque
979 1073 1280 1131 vestrum
1324 1083 1529 1131 suum
1564 1063 1913 1154 psalmum
2001 1062 2059 1132 is
2098 1062 2307 1133 dicat.
2362 1064 2683 1147 Quicum

136 1151 234 1221 sic
281 1150 604 1231 facerent,
634 1150 761 1218 uni
791 1170 872 1219 ex
906 1149 1234 1220 fratribus
1260 1150 1436 1240 (erat
1469 1165 1695 1221 autem
1731 1151 1794 1221 ei
1843 1173 2093 1221 nomen
2143 1151 2486 1242 Isaacius)
2522 1174 2683 1223 cum

133 1239 528 1309 sustulisset
573 1237 836 1321 oculoS,
889 1239 1072 1330 ignis
1110 1251 1343 1330 aperte
1372 1239 1623 1312 ardens
1673 1240 1863 1311 visus
1893 1240 2085 1309 estin
2127 1240 2481 1330 spelunca.
2512 1245 2680 1311 Cum

108 1352 211 1397 -ex
252 1346 355 1397 eo‘
379 1340 607 1398 autem
658 1340 837 1398 esset
870 1329 1112 1397 timore
1146 1328 1456 1409 affectus,
1488 1351 1609 1399 vox
1649 1351 1809 1399 eum
1846 1329 2196 1410 recreavit,
2236 1329 2497 1399 dicens:
2533 1329 2683 1400 Noli

134 1415 399 1486 timere.
456 1421 626 1485 Ecce
675 1417 861 1485 enim
912 1417 1114 1487 datus
1163 1439 1320 1487 sum
1364 1417 1595 1488 vobis:
1642 1423 1742 1487 Tu
1791 1440 1947 1487 vero
1996 1440 2226 1508 surge,
2279 1430 2346 1488 et
2399 1440 2685 1510 progre-

132 1507 317 1587 dere,
372 1505 635 1574 habens
678 1504 971 1584 stellam,
1018 1520 1173 1574 tuae
1221 1506 1370 1576 viae
1416 1505 1668 1576 bonam
1720 1505 1965 1576 ducem
2009 1506 2342 1576 futuram.
2390 1507 2517 1576 Ubi
2557 1529 2684 1577 au-

137 1609 271 1664 tem
321 1593 440 1663 illa
489 1594 810 1683 absorpta
852 1594 1077 1675 fuerit,
1116 1594 1170 1664 si
1206 1594 1545 1674 effoderis,
1585 1617 2020 1682 nequaquam
2074 1596 2346 1674 carebis
2388 1618 2468 1665 eo
2496 1595 2680 1683 quod

131 1697 234 1753 est
304 1684 766 1773 promissum:
836 1682 953 1752 sed
1005 1704 1112 1752 me
1159 1684 1446 1752 omnino
1511 1684 1820 1753 invenies
1887 1684 1957 1752 in
2010 1683 2310 1773 regione.
2377 1688 2454 1753 Et
2514 1684 2682 1754 haec

132 1772 412 1860 quidem
467 1793 591 1839 vox
639 1771 895 1840 extitit:
949 1793 1076 1861 ego
1124 1784 1353 1841 autem
1420 1786 1676 1842 terrore
1745 1773 2031 1842 affectus
2088 1785 2153 1842 et
2202 1784 2676 1864 experrectus,

134 1864 361 1931 statim
399 1860 688 1941 surrexi,
734 1873 800 1929 et
834 1859 972 1929 vidi
1024 1860 1330 1950 proxime
1365 1860 1635 1931 stellam
1686 1873 1844 1930 ante
1875 1861 2138 1942 ocu105,
2186 1884 2365 1949 quae
2397 1863 2523 1931 iter
2569 1861 2683 1929 in·

131 1960 409 2019 euntem
454 1970 561 2017 me
611 1948 1080 2040 praecedebat.
1127 1954 1264 2039 Ego
1313 1971 1470 2019 vero
1520 1950 1705 2018 ibam
1755 1972 1906 2020 eam
1942 1972 2260 2037 sequenS,
2305 1950 2527 2020 denec
2560 1949 2684 2019 illa

135 2039 317 2108 stetit
366 2055 574 2138 super
604 2037 940 2108 concham
983 2036 1379 2129 speluncae,
1423 2039 1544 2109 ubi
1590 2039 1799 2109 etiam
1830 2038 2181 2110 defossum
2215 2039 2437 2110 fuerat
2475 2051 2684 2130 caput

133 2133 629 2197 Praecursoris.
1117 2181 1124 2188 .

224 2221 259 2304 ξ
307 2220 387 2288 S.
455 2221 621 2285 Cum
671 2236 797 2305 ego
844 2214 1012 2285 haec
1059 2215 1297 2285 omnia
1343 2229 1759 2307 spectassem
1793 2270 1808 2296 ,
1862 2227 1927 2285 et
1989 2215 2136 2303 jam
2189 2215 2394 2285 fidem
2446 2215 2682 2285 animo

134 2305 595 2394 conciperem,
713 2304 1125 2374 rocumbens
1161 2304 1226 2372 in
1280 2326 1542 2396 genua,
1595 2305 1877 2374 adoravi
1931 2304 2341 2383 Dominum,
2412 2316 2478 2374 et
2539 2302 2682 2374 sus-

134 2393 513 2484 sumiganS,
577 2326 1012 2462 veliementer
1057 2394 1267 2463 oravi.
1323 2393 1578 2462 Deinde
1640 2393 1708 2461 in
1764 2415 2015 2462 manus
2068 2404 2349 2481 accepto
2400 2392 2627 2483 ligone
2659 2446 2674 2473 ,

132 2484 329 2573 coepi
392 2482 823 2552 vehementer
879 2480 1131 2552 fodere.
1188 2487 1367 2553 Haec
1417 2496 1643 2552 autem
1700 2480 1870 2551 mihi
1949 2479 2267 2561 facienti,
2325 2480 2512 2551 visus
2582 2494 2684 2552 est

131 2572 418 2658 quidam
457 2572 650 2641 locus
696 2570 883 2641 calce
915 2571 1138 2641 valide
1185 2571 1589 2642 aedificatus
1638 2592 1856 2657 usque
1902 2569 1984 2638 ad
2029 2570 2337 2658 quinque
2383 2570 2676 2639 cubitos,

132 2666 298 2731 Cum
350 2683 704 2752 pergerem
757 2659 1009 2741 fodere,
1062 2684 1096 2729 a
1151 2683 1259 2730 me
1307 2659 1722 2730 audiebatur
1767 2658 2050 2747 quidam
2102 2679 2319 2728 sonus
2364 2658 2564 2745 quasi
2601 2658 2682 2727 fi-

132 2750 430 2819 ctilium.
469 2754 651 2819 'Cum
702 2762 929 2819 autem
958 2749 1103 2840 jam
1156 2748 1380 2819 solum
1435 2762 1813 2839 tangerem,
1866 2748 2061 2817 video
2110 2748 2289 2817 aeris
2339 2755 2672 2827 ramenta,

134 2837 322 2907 velut
369 2859 688 2907 arenam:
733 2849 798 2907 et
845 2838 1053 2909 simul
1088 2838 1290 2907 etiam
1342 2860 1482 2907 una
1516 2836 1870 2927 egreditur
1902 2835 2154 2927 tegula,
2208 2836 2340 2905 sub
2396 2858 2533 2923 qua
2584 2848 2682 2905 ta-

133 2925 373 2996 bulam
416 2927 541 2996 ads
593 2926 699 2994 exi
735 2948 1050 2997 nuceam.
1090 2931 1307 3009 Quam
1346 2949 1503 2996 cum
1558 2925 2019 3005 sustulissem,
2074 2923 2204 2996 sub
2255 2925 2407 3016 ipsa
2454 2922 2683 2994 inveni

139 3014 513 3105 pretiosam
612 3015 912 3105 ydriam.
950 3021 1027 3085 Et
1057 3015 1385 3105 deinceps
1432 3013 1869 3084 distrahebar
1918 3024 2103 3083 metu
2144 3012 2354 3082 simul
2404 3027 2470 3083 et
2516 3037 2712 3104 gau-,

137 3104 279 3172 dio.
316 3103 561 3173 Animo
607 3118 832 3174 tamen
873 3104 1335 3199 confirmatus⁹
1375 3117 1440 3173 et
1481 3101 2002 3181 tremebundus,
2049 3102 2367 3192 hydriam
2420 3103 2679 3192 aperio,

137 3206 204 3261 et
244 3205 560 3261 sanctum
602 3204 811 3283 caput
846 3204 1215 3263 contrecto.
1271 3191 1526 3261 Deinde
1574 3214 1731 3261 cum
1786 3190 1854 3260 id
1909 3192 2140 3271 etiam,
2189 3191 2367 3261 sicut
2418 3203 2683 3282 oporte·

136 3282 280 3362 bat,
320 3280 740 3363 adorassem,
774 3302 1016 3352 rursus
1045 3281 1287 3371 operui
1334 3280 1678 3371 hydriam.
1711 3279 2026 3351 Nondum
2079 3278 2287 3349 finem
2329 3292 2685 3370 acceperat

135 3369 321 3458 quod
387 3369 616 3449 fiebat,
669 3381 735 3439 et
784 3368 870 3439 ad
907 3390 1032 3440 nos
1080 3369 1343 3440 accedit
1403 3368 1957 3439 Archimandrita
1994 3381 2060 3438 et
2099 3368 2459 3448 diaconuS,
2507 3372 2684 3439 Gen-

136 3459 415 3538 nadiuS,
452 3458 780 3545 inquam:
825 3458 947 3545 qui
993 3480 1151 3528 cum
1208 3457 1407 3529 nobis
1465 3457 1880 3528 occurrisset
1927 3457 1996 3526 in
2048 3456 2222 3527 ostio
2270 3456 2678 3548 speluncae,

130 3561 199 3617 et
230 3570 308 3616 ca
343 3546 626 3617 dixisset
672 3569 849 3633 quae
897 3546 1037 3617 dici
1070 3559 1599 3627 consueverunt,
1662 3557 1897 3616 narrat
1934 3545 2266 3615 visionem
2325 3568 2534 3633 quam
2584 3547 2685 3614 vi-

136 3638 334 3706 derat
381 3637 450 3705 in
494 3637 780 3705 somnis.
821 3641 911 3705 Ea
958 3648 1187 3706 autem
1232 3637 1323 3706 ita
1363 3660 1433 3707 se
1474 3636 1803 3706 habebat:
1858 3634 2217 3717 Putabam,
2261 3634 2510 3721 inquit,
2556 3655 2683 3703 nos

132 3726 378 3795 ambos
410 3737 589 3794 stare
635 3725 706 3794 in
757 3725 886 3795 hac
933 3720 1302 3817 spelu'nca:
1355 3726 1425 3795 in
1476 3725 1496 3794 i
1554 3747 1629 3794 sa
1676 3746 1833 3794 vero
1883 3724 2186 3813 positum
2233 3745 2383 3793 esse
2419 3731 2677 3814 panum

130 3813 526 3884 cumulum.
601 3817 812 3901 Atque
857 3828 1054 3885 erant
1116 3813 1397 3901 quidem
1456 3748 1556 3884 itl'i
1629 3812 2037 3895 hordeacei,
2091 3811 2208 3882 sed
2260 3833 2475 3898 aeque
2525 3810 2685 3901 puri

133 3917 340 3989 atque
386 3902 513 3972 sol.
558 3908 714 3973 Erat
771 3915 1002 3974 autem
1049 3905 1149 3974 eis
1211 3903 1535 3994 imposita
1582 3902 1924 3990 quaedam
1981 3922 2119 3988 quo
2168 3922 2256 3971 ue
2312 3899 2677 3991 particula.

138 3997 269 4061 Eos
297 4010 581 4062 examen
629 3992 1017 4073 hominum,
1056 3994 1336 4062 veniens
1382 3993 1454 4060 in
1506 3991 1935 4081 speluncam,
1971 4013 2009 4059 a
2047 4012 2133 4061 no
2187 3991 2245 4058 is
2277 3989 2679 4079 accipiebat.

142 4086 371 4167 Neque
417 4102 573 4151 vero
602 4081 703 4151 eis
749 4080 1161 4152 deficiebant
1197 4080 1483 4151 omnino
1534 4102 1745 4171 panes
1777 4080 1896 4167 qui
1945 4079 2314 4160 dabantur,
2355 4099 2578 4167 neque
2635 4078 2684 4146 ii

137 4168 500 4239 cessabant
531 4169 784 4239 venire.
831 4174 1195 4260 Postquam
1239 4182 1465 4239 autem
1557 4190 1721 4238 anes
1748 4167 1896 4257 jam
1928 4167 2013 4237 ad
2066 4167 2272 4237 finem
2307 4167 2681 4247 venissent,

136 4257 187 4358 ii
232 4256 358 4339 visi
404 4270 567 4360 sunt
605 4257 842 4361 ‘volare
888 4259 960 4328 in
1012 4258 1265 4329 nostris
1320 4190 1669 4339 maniRuS,
1721 4270 1788 4328 et
1836 4256 1936 4327 sic
1981 4256 2031 4325 ii
2079 4256 2200 4345 qui
2241 4254 2681 4337 accedebant,

139 4366 333 4437 ipsos
380 4362 852 4439 participasse.
1887 4421 1901 4434 ,

229 4436 266 4523 ξ
313 4437 407 4505 9.
444 4440 624 4507 Haec
658 4459 819 4507 cum
860 4436 1262 4519 audiissem,
1297 4437 1526 4507 statim
1562 4434 1749 4526 apud
1788 4456 1896 4505 me
1929 4434 2308 4519 versabam,
2345 4453 2687 4523 quaerens

301 4557 543 4615 surius
574 4586 595 4600 -
634 4554 797 4616 Vitae
837 4553 945 4617 SS.
978 4588 1002 4601 -
1023 4556 1152 4617 Vol.
1176 4554 1333 4618 vm.
2449 4552 2526 4609 46
