3308 5004
76 340 269 408 ΔΗΕ.
318 341 423 409 29-
697 354 765 408 ut
810 357 1007 407 πετο
1053 357 1386 407 naccam.
1443 358 1499 406 s.
1550 355 1778 406 romu.
1831 357 2011 408 nrt.
2420 341 2552 408 709

73 444 213 516 fuit
259 442 731 514 cohabitatio?
775 448 871 512 An
920 443 1233 523 omnino,
1271 442 1457 531 quod
1499 453 1665 513 tunc
1695 455 1875 514 esset
1911 440 2219 530 paritura
2254 441 2639 518 Elisabeth?

76 534 144 604 Si
197 533 386 604 enim
433 532 621 602 circa
667 544 936 602 sextum
988 553 1296 604 mensem
1324 584 1346 613 ,
1399 553 1481 601 ex
1525 553 1669 618 quo
1713 553 1794 602 ea
1852 543 2307 619 conceperat,
2383 532 2641 608 missus

73 621 213 694 fuit
250 620 552 712 angelus
596 620 685 690 ad
734 620 1086 711 Virginem
1115 675 1134 704 ‚
1185 621 1342 711 ipsa
1386 633 1618 692 autem
1667 641 1831 691 cum
1879 619 2070 710 apud
2119 619 2470 692 Elisabeth
2531 644 2639 692 ve·

73 711 317 792 nisset,
373 731 647 780 menses
696 722 835 780 tres
878 710 1066 799 apud
1116 731 1269 780 eam
1320 720 1713 800 permanet:
1764 709 2032 782 clarum
2081 718 2212 789 est,
2245 709 2428 795 quod
2474 732 2638 784 cum

75 800 354 871 finitum
404 811 584 869 esset
630 811 904 890 tempus
953 799 1470 889 conceptioniS‚
1522 797 1710 886 quod
1760 818 1989 870 nonus
2035 797 2297 872 mensis
2343 798 2408 867 ci
2489 821 2641 870 um·

83 889 350 970 scribit,
382 887 451 957 in
483 887 769 958 domum
805 910 1004 958 suam
1046 888 1251 979 Virgo
1292 887 1691 958 revertitur:
1728 899 1794 957 et
1823 886 2110 958 sortasse
2144 886 2274 958 hac
2305 885 2392 956 de
2508 909 2637 960 usa

80 977 265 1066 quod
316 976 640 1048 universa
688 976 1067 1047 multitudo
1111 989 1260 1047 erat
1306 989 1591 1047 ventura
1637 977 1713 1048 in
1760 975 1968 1047 aedes
2013 974 2405 1056 Zachariae,
2469 997 2629 1048 eum

77 1068 365 1169 instaret
414 1077 689 1167 tempus
740 1065 1054 1156 pariendi
1104 1065 1475 1147 Elisabeth,
1531 1064 1760 1156 pudor
1797 1075 2027 1135 autem
2069 1064 2434 1156 virginalis
2467 1064 2638 1137 haec

76 1176 370 1225 minime
419 1166 811 1225 sustineret.

163 1246 206 1333 ξ
253 1248 336 1316 S.
393 1242 751 1314 Undenam
796 1264 956 1313 vero
1007 1241 1191 1313 venit
1237 1242 1309 1312 in
1360 1254 1662 1313 mentem
1719 1240 2198 1323 Elisabethae‚
2260 1253 2340 1313 ut
2395 1240 2643 1314 infanti

79 1333 471 1424 imponeret
519 1353 770 1403 nomen
809 1331 1135 1413 Joannis,
1176 1331 1365 1419 quod
1399 1352 1632 1402 revera
1671 1343 1818 1402 erat
1858 1352 2139 1412 novum,
2179 1342 2247 1400 et
2274 1329 2364 1400 ab
2395 1352 2637 1404 eorum

79 1443 334 1513 genere
380 1420 735 1491 alienum?
784 1420 1143 1491 undenam
1193 1434 1450 1500 autem,
1508 1420 1643 1490 nisi
1696 1442 1926 1492 revera
1955 1443 2035 1490 ex
2070 1422 2113 1490 S
2166 1419 2330 1514 iritn
2366 1423 2638 1501 Sancto,

77 1524 145 1581 et
192 1532 277 1581 ex
327 1510 574 1580 virtute
619 1510 796 1599 eJuS,
851 1510 972 1597 qui
1025 1508 1487 1581 nascebatur?
1532 1514 1764 1597 Neque
1807 1509 1996 1580 enim
2028 1508 2090 1579 ei
2174 1531 2255 1580 oc
2289 1508 2644 1599 significa-

84 1600 180 1670 vit
234 1599 552 1670 maritus,
596 1598 954 1681 Quomodo
1000 1599 1215 1684 enim,
1267 1619 1427 1669 cum
1477 1597 1542 1669 ei
1588 1609 1769 1670 esset
1800 1598 2032 1670 adhuc
2073 1597 2317 1688 lingua
2355 1618 2644 1687 praepe-

84 1687 284 1758 dita?
331 1692 519 1759 Certe
564 1687 772 1758 etiam
840 1700 1204 1777 postquam
1275 1685 1407 1757 hoc
1472 1685 1732 1776 scripto
1798 1684 2217 1776 significavit
2276 1684 2641 1758 Zacharias

86 1778 301 1866 (nutu
347 1776 535 1845 enim
585 1798 721 1847 non
774 1777 1090 1866 poterat),
1142 1774 1469 1847 admirati
1518 1788 1705 1857 sunt,
1758 1775 2009 1863 inquit,
2059 1796 2327 1845 omneS.
2364 1779 2645 1863 Propter

84 1885 466 1952 quamnam
517 1864 723 1935 aliam
774 1886 1087 1946 causam,
1132 1885 1341 1951 quam
1380 1877 1653 1954 propter
1696 1876 2056 1954 parentum
2091 1862 2642 1936 convenientiam

83 1954 274 2024 circa
323 1973 572 2024 nomen
622 1952 958 2024 infantis?
1005 1952 1437 2040 Simulatque
1482 1973 1648 2045 ergo
1695 1953 2010 2024 scribens
2059 1951 2463 2032 nominavit,
2507 1951 2644 2022 lin-

85 2063 266 2131 guae
312 2063 589 2130 quoque
635 2042 976 2114 dissoluta
1022 2054 1188 2114 sunt
1234 2040 1538 2122 vincula,
1593 2054 1660 2112 et
1688 2042 1913 2132 coepit
1950 2042 2165 2129 loqui.
2203 2039 2332 2113 Sed
2363 2060 2495 2112 cur
2537 2041 2644 2109 in-

88 2129 279 2201 vadit
329 2131 532 2204 timor
576 2152 842 2212 omnes,
879 2131 1000 2219 qui
1035 2131 1303 2202 circum
1336 2130 1788 2201 habitabant?
1826 2131 2021 2214 Quod
2052 2129 2410 2220 oportebat
2449 2130 2640 2200 clara

86 2240 536 2307 praecurrere
582 2219 920 2290 miracula
950 2274 967 2301 ‚
1019 2233 1087 2290 et
1133 2231 1414 2320 propter
1462 2220 1996 2309 promissionem
2041 2220 2241 2309 eJus,
2358 2219 2429 2288 ui
2492 2229 2640 2319 erat

79 2309 510 2390 nascituruS‚
561 2321 628 2380 et
675 2322 951 2398 propter
999 2321 1136 2379 tam
1186 2307 1517 2378 eximium
1569 2307 1764 2378 illius
1814 2320 2111 2398 partum,
2167 2318 2248 2378 ut
2293 2328 2334 2377 a
2433 2307 2635 2378 initio

76 2394 218 2467 fide
270 2397 531 2488 dignus
580 2396 928 2488 praeclare
975 2419 1013 2465 a
1071 2399 1361 2486 pareret.
1408 2396 1766 2486 Significat
1794 2409 2021 2466 autem
2067 2395 2194 2466 hoc
2226 2416 2503 2482 quoque
2537 2393 2637 2477 id,

72 2485 268 2573 quod
316 2485 796 2577 subjungitur,
848 2508 988 2575 quo
1083 2485 1452 2561 admiratio
1485 2499 1552 2556 et
1585 2497 1812 2557 metus
1844 2484 2169 2555 invaserit
2198 2506 2466 2567 omnes,
2503 2483 2633 2556 sci-

76 2574 244 2646 licet
275 2597 393 2648 eos
446 2577 568 2665 qui
599 2576 1008 2647 audiebant:
1045 2576 1381 2659 Quisnam
1410 2575 1562 2654 erit,
1607 2573 1940 2655 dicentes,
1980 2573 2091 2645 hic
2130 2576 2346 2663 puer?

170 2666 212 2751 ἓ
258 2670 354 2735 θ.
408 2665 1012 2737 Verumenimvero
1062 2686 1149 2734 ne
1192 2664 1362 2734 haec
1409 2663 1692 2749 quidem
1744 2684 1869 2733 nos
1918 2673 2370 2753 praetereant,
2417 2683 2643 2749 neque

86 2753 443 2824 socordiae
489 2775 900 2826 accusemur
948 2754 1016 2823 in
1066 2752 1155 2823 iis
1201 2752 1273 2820 in
1320 2752 1580 2838 quibus
1627 2751 1964 2824 debemus
2033 2751 2262 2841 potius
2326 2749 2642 2823 conferre

86 2840 400 2911 studium
449 2854 515 2912 et
562 2841 1021 2932 diligentiam.
1073 2840 1238 2911 Vide
1266 2840 1464 2909 enim·
1486 2839 2081 2927 quemadmodum
2118 2839 2356 2929 lingua
2388 2839 2641 2911 Zacha-

82 2927 254 3007 riae,
311 2929 644 3019 depositis
689 2931 950 3018 quibus
996 2927 1417 3019 alligabatur
1463 2927 1763 3001 vinculis
1796 2984 1814 3012 ,
1869 2950 2004 2999 non
2054 2927 2493 3001 solummodo
2541 2927 2643 3000 lov

78 3016 349 3104 quitur,
403 3018 521 3088 sed
571 3019 803 3099 etiam,
857 3033 934 3090 ut
973 3019 1329 3119 propbeta,
1366 3019 1592 3108 coepit
1623 3016 2178 3108 sutura.pulchre
2215 3015 2640 3107 praedicere.

82 3117 293 3194 atque
339 3105 511 3177 adeo
557 3107 643 3178 de
688 3108 841 3199 ipso
889 3107 1034 3178 filio
1082 3105 1500 3196 praedicere,
1536 3107 1660 3196 qui
1690 3107 1843 3196 ejus
1879 3106 1976 3177 lin
2028 3127 2159 3180 uae
2193 3105 2473 3177 vincula
2510 3105 2644 3179 itu-.-

86 3196 395 3275 miserat,
448 3208 514 3265 et
558 3218 639 3266 ea
687 3196 1126 3269 relaxaverat.
1181 3194 1522 3267 Praedicit
1566 3195 1752 3266 enim
1789 3218 1951 3268 eum
2018 3207 2304 3267 uturum
2344 3194 2640 3284 prophe*

89 3293 226 3352 tarn
279 3284 635 3364 Altissimi,
687 3299 753 3357 et
802 3284 1229 3376 praeiturum
1278 3305 1430 3355 esse
1475 3296 1635 3356 ante
1680 3285 1835 3373 ejus
1881 3282 2129 3355 faciem
2161 3337 2177 3362 ‚
2232 3296 2644 3373 paraturum

92 3386 322 3443 autem
374 3395 525 3443 esse
555 3374 700 3443 vias
728 3375 904 3465 ejus.
941 3373 1068 3443 Sed
1104 3372 1274 3443 haec
1306 3373 1585 3461 quidem
1620 3374 1747 3443 sic.
1786 3371 2345 3459 consequebatur
2380 3385 2641 3453 autem,

87 3459 338 3548 inquit,
395 3462 641 3533 loanni
691 3484 814 3552 pro
864 3462 1126 3533 ratione
1172 3462 1455 3544 aetatis,
1507 3461 1843 3553 spiritalis
1887 3481 2162 3549 quoqne
2209 3461 2470 3551 gratiae
2520 3481 2633 3535 ac·

88 3551 332 3621 cessio.
385 3555 527 3622 Hoc
574 3550 759 3621 enim
808 3550 951 3622 sibi
1000 3550 1144 3622 vult
1189 3550 1643 3641 Evangelista,
1690 3551 1967 3621 dicens:
2008 3555 2184 3621 Puer
2221 3563 2454 3620 autem
2488 3572 2640 3619 cre·

93 3640 346 3722 scebat,
398 3653 466 3712 et
511 3638 1061 3711 confirmabatur
1106 3639 1405 3730 spiritu:
1456 3651 1521 3712 et
1566 3661 1748 3728 quae
1785 3651 2195 3727 sequamur.
2244 3638 2641 3721 Quinetiam

91 3744 247 3799 eum
294 3729 467 3801 dicit
514 3728 730 3799 fuisse
765 3741 1111 3800 versatum
1153 3728 1225 3797 in
1260 3727 1760 3799 solitudinibus
1789 3750 2012 3815 usque
2051 3727 2133 3797 ad
2174 3738 2471 3817 tempuS,
2510 3748 2649 3814 quo

96 3833 165 3882 se
207 3816 707 3890 demonstravit
753 3817 1016 3888 Israeli.
1069 3816 1199 3889 Sed
1248 3838 1553 3904 quanam
1599 3817 1688 3888 de
1733 3839 1946 3897 eausa
1997 3816 2218 3887 noluit
2250 3815 2650 3886 conversari

96 3920 248 3973 cum
299 3907 584 3999 populo,
636 3918 702 3976 et
751 3906 1323 3997 peregrinationis
1375 3906 1645 3977 amicus
1693 3906 1865 3988 fuit,
1934 3918 2000 3975 et
2054 3904 2507 3978 solitudinis?
2556 3909 2648 3977 Ne

98 4006 523 4067 evanesceret
572 3994 816 4087 populi
864 3996 934 4064 in
982 4016 1141 4067 eum
1196 3996 1595 4076 reverentia,
1649 4007 1725 4064 ut
1769 4017 1949 4083 quae
1986 3993 2365 4065 offuscetur
2394 4007 2460 4064 et
2489 3994 2652 4065 ssac-

99 4095 316 4181 noscat
362 4083 905 4156 conversationis
952 4082 1485 4157 assuefactione:
1539 4084 1923 4172 quinetiam
1972 4094 2052 4155 ut
2087 4082 2258 4153 dum
2293 4094 2638 4170 argueret.

98 4160 366 4246 facilius
412 4173 937 4245 admitteretur:
988 4185 1054 4243 et
1100 4171 1269 4242 dum
1323 4173 1800 4246 testimonium
1862 4172 2090 4253 ferret,
2151 4184 2332 4245 esset
2371 4170 2509 4241 flde
2537 4171 2647 4240 di-

99 4271 297 4343 gnus,
350 4283 536 4333 nunc
584 4261 864 4350 quidem
913 4260 1337 4332 ludaeorum
1390 4284 1696 4353 arguens
1755 4261 2270 4353 improbitatem
2303 4314 2321 4341 ‚
2393 4260 2643 4350 partim

100 4355 321 4420 autem
352 4352 622 4435 Christo
662 4351 891 4422 serens
932 4350 1436 4439 testimonium.

188 4433 223 4519 ἓ
265 4444 423 4513 10.
477 4441 1082 4531 Verumenimvero
1128 4438 1495 4513 Zacharias
1538 4437 1826 4527 quidem
1857 4460 2062 4510 senex
2087 4450 2157 4511 et
2189 4435 2536 4529 sacerdos,
2574 4448 2652 4507 ut
