3308 5004
688 321 817 388 302
1419 337 1514 386 nn.
1546 337 1602 385 s.
1653 336 2031 386 mactum:
2077 336 2312 385 anema
2817 317 3003 385 ΑΗΕ.
3030 330 3035 339 ·
3058 319 3091 384 ⁴
3114 318 3168 384 3

599 435 675 495 ut
731 422 1058 494 omnibus
1114 420 1234 491 illa
1294 421 1735 512 propinaret:
1791 422 1957 509 quia
2018 421 2173 513 ipsa
2216 420 2582 491 festinabat
2629 419 2714 490 ad
2764 420 3168 492 orationem

599 533 973 591 recurrere,
998 532 1138 597 quo
1161 524 1227 579 et
1246 532 1526 581 cursum
1556 522 2095 591 consummaret,
2123 522 2190 581 et
2209 509 2684 580 sacerdotibus
2708 509 2797 579 ad
2830 531 3167 581 mensam

600 600 904 671 invitatis
936 611 1367 671 occurreret:
1421 621 1596 686 quos
1642 599 1873 669 adhuc
1912 599 2127 689 regali
2161 620 2347 670 more
2376 598 2462 669 ad
2514 599 2795 689 propria
2840 620 2999 668 cum
3037 622 3170 670 re-
3282 572 3283 647 l

597 690 847 770 dirent,
875 690 1025 759 sine
1047 709 1333 758 munere
1354 710 1490 757 non
1520 688 1801 758 laxaret.
1827 692 2021 758 Hanc
2045 709 2319 776 quoque
2352 709 2495 758 rem
2530 687 3165 759 intremiscendam

597 802 737 868 qua
787 777 1155 870 peragebat
1206 776 1626 847 dulcedine?
1676 781 1843 847 Cum
1902 776 2158 868 leprosi
2210 777 2557 847 venientes
2595 776 2797 867 signo
2843 775 3020 847 sacto
3074 800 3167 849 se

599 868 985 959 proderent,
1021 866 1314 957 jubebat
1360 865 1827 936 adminiculae
1858 919 1873 945 ,
1928 878 2004 936 ut
2041 865 2229 937 unde
2269 865 2370 935 vel
2418 866 2662 953 quanti
2699 878 2975 943 essent,
3029 867 3165 956 pia

595 979 763 1028 cura
820 956 1216 1043 requireret.
1271 959 1419 1036 Qua
1464 954 1599 1024 sibi
1646 954 2143 1035 renunciante,
2217 976 2528 1025 mensam
2590 955 2821 1045 parari
2878 955 3101 1045 jussit
3136 1011 3158 1038 ,

598 1047 900 1133 itemque
948 1044 1384 1124 cochlearia,
1457 1042 1773 1113 cultellos
1807 1098 1823 1124 ,
1876 1066 2182 1123 cannas,
2240 1055 2478 1133 potum
2525 1055 2590 1113 et
2643 1043 2918 1114 calices,
2989 1044 3166 1115 Sola

596 1134 1085 1222 subsequente,
1137 1131 1773 1203 intromittebantur
1816 1130 2082 1214 furtim,
2144 1155 2283 1220 quo
2320 1153 2437 1203 eos
2486 1152 2688 1203 nemo
2737 1133 3156 1223 perciperet.

596 1229 756 1315 Ipsa
797 1235 941 1294 tum
978 1222 1328 1301 mulieres,
1366 1220 1575 1289 variis
1614 1220 1845 1311 leprae
1876 1220 2189 1312 perfusas
2224 1220 2520 1291 maculis
2548 1221 3162 1311 comprehendens

596 1314 669 1383 in
706 1311 1170 1402 amplexibus,
1223 1308 1668 1380 osculabatur
1717 1309 1948 1380 vultus
1977 1364 1993 1390 ,
2061 1322 2193 1379 toto
2241 1310 2312 1379 in
2362 1314 2496 1380 Deo
2533 1309 2834 1400 diligens
2880 1311 3153 1383 animo.

599 1400 852 1471 Deinde
879 1404 1120 1470 mensa
1147 1398 1390 1489 posita,
1426 1397 1648 1468 serens
1682 1419 1935 1485 aquam
1967 1398 2291 1479 calidam,
2327 1397 2534 1469 facies
2565 1399 2855 1479 lavabat,
2894 1422 3160 1471 manus

597 1513 691 1560 un
746 1512 869 1558 ens
899 1501 965 1559 et
1010 1488 1269 1569 ulcera,
1307 1500 1371 1557 et
1421 1510 1664 1557 rursus
1696 1487 2228 1557 administrabat
2274 1488 2448 1588 ipsa,
2499 1510 2789 1578 pascens
2838 1510 2959 1577 per
3007 1490 3164 1559 sin-

597 1513 820 1669 guffis.
876 1577 1376 1647 Recedentibus
1413 1576 1780 1666 praebebat
1818 1576 1972 1645 auri
2007 1576 2110 1645 vel
2151 1578 2561 1659 vestimenti,
2615 1578 2726 1646 vix
2772 1599 2917 1646 una
2952 1590 3151 1660 teste,

598 1666 1045 1737 munuscula.
1101 1665 1411 1735 Ministra
1456 1678 1680 1735 tamen
1736 1665 2242 1765 praesumebat,
2303 1666 2432 1735 etsi
2488 1687 2622 1735 non
2680 1666 2829 1735 sine
2875 1666 3159 1737 blandi-

601 1756 872 1833 mentis,
913 1756 1011 1825 sic
1050 1753 1403 1846 appellare
1434 1755 1946 1823 sanctissimam
1983 1777 1997 1822 :
2052 1754 2365 1833 Domina,
2401 1755 2558 1840 quis
2599 1767 2661 1823 te
2691 1755 3152 1838 osculabitur,

598 1866 777 1932 quae
817 1845 915 1914 sic
966 1845 1273 1935 leprosos
1333 1842 1816 1944 amplecteris?
1863 1842 1991 1912 Illa
2051 1842 2506 1932 respondebat
2560 1842 2931 1914 benevole:
2985 1851 3159 1915 Vere

600 1935 657 2005 si
693 1956 800 2003 me
843 1955 977 2003 non
1012 1931 1370 2011 osculeris,
1410 1933 1571 2001 hinc
1603 1931 1776 2001 mihi
1808 1953 1978 2000 cura
2012 1952 2136 2000 nec
2178 1930 2321 2001 ulla
2354 1944 2474 2001 est.

688 2025 724 2109 ξ
772 2026 867 2092 θ.
921 2028 1108 2105 Quae
1147 2033 1403 2101 tamen,
1461 2032 1847 2111 praestante
1886 2025 2039 2100 De0,
2083 2020 2354 2090 diverso
2393 2020 2586 2091 fulsit
2621 2020 2982 2091 miraculo.
3025 2027 3159 2093 De-

600 2112 812 2199 nique
845 2111 901 2181 si
950 2112 1108 2198 quis
1157 2109 1476 2202 pustulae
1523 2109 1918 2200 desperaret
1964 2108 2049 2178 de
2095 2109 2402 2190 vulnere,
2456 2110 2782 2180 offerebat
2831 2111 3157 2183 ministra

600 2214 875 2271 sanctae
908 2200 1148 2271 folium
1241 2199 1534 2289 ampini,
1595 2198 1933 2267 mentiens
1982 2197 2116 2267 sibi
2155 2221 2332 2288 opus
2374 2199 2503 2268 hoc
2534 2221 2705 2268 esse.
2761 2200 3014 2287 Sicque
3045 2204 3158 2272 vix

599 2291 876 2360 obtento
909 2290 1197 2380 signacu
1229 2311 1292 2370 0,
1340 2287 1654 2378 portabat
1685 2286 1773 2356 ad
1799 2286 2275 2377 desperatum:
2323 2287 2590 2357 vulneri
2633 2291 3155 2379 superpositum

599 2400 756 2450 mox
803 2379 1206 2449 occurrebat
1255 2376 1666 2448 remedium.
1720 2375 1963 2445 Itidem
2015 2374 2448 2466 frigoreticus
2494 2377 2618 2465 qui
2668 2377 2986 2457 venisset,
3029 2393 3152 2450 aut

600 2466 966 2560 languenS,
1004 2468 1241 2539 dicens
1291 2469 1358 2536 in
1398 2465 1665 2538 somnis
1705 2486 1777 2536 se
1811 2464 2090 2546 vidisse,
2130 2477 2205 2536 ut
2288 2487 2361 2536 ro
2395 2486 2522 2536 sua
2554 2465 2777 2537 salute
2809 2465 3159 2538 foeminae

599 2573 874 2628 sanctae
913 2568 1342 2637 occurreret,
1398 2555 1726 2626 offerebat
1787 2553 2145 2625 candelam
2195 2578 2234 2625 a
2267 2555 2404 2624 icui
2450 2577 2530 2624 ex
2579 2555 2940 2625 ministris.
3004 2561 3161 2640 Qua

597 2670 883 2718 accensa
923 2669 1042 2736 per
1090 2657 1385 2726 noctem,
1445 2644 1730 2714 morbus
1777 2643 2160 2732 accipiebat
2197 2655 2505 2724 mortem,
2562 2644 2924 2715 morbidus
2960 2647 3156 2715 sani-

598 2747 829 2807 tatem.
885 2735 1161 2818 Quoties
1214 2747 1442 2803 autem
1487 2733 1806 2823 cognovit
1854 2731 2309 2803 decubantem
2374 2733 2441 2801 in
2506 2732 2757 2804 lectulo
2791 2788 2806 2812 ‚
2872 2749 3158 2824 portans

597 2847 806 2914 poma
842 2824 1225 2914 peregrina,
1282 2821 1488 2893 dulce
1521 2820 1730 2890 simul
1773 2833 1838 2889 et
1869 2819 2202 2902 calidum,
2256 2821 2606 2891 reficiebat
2635 2838 2991 2913 aegrotum
3026 2847 3041 2891 ε
3089 2836 3158 2895 et

596 2914 717 3001 qui
753 2935 879 2982 nec
910 2912 1180 2981 decimo
1205 2911 1351 3000 jam
1381 2910 1494 2979 die
1526 2909 1790 2996 aliquid
1832 2910 2246 2999 percepisset
2275 2910 2437 2991 cibi,
2475 2911 2627 3002 ipsa
2662 2934 2816 2982 mox
2847 2911 3159 2982 admini-

599 3015 902 3081 strante,
957 2998 1338 3090 languidus
1398 2998 1780 3088 accipiebat
1838 2997 2071 3067 cibum
2136 2999 2392 3088 pariter
2449 3012 2515 3069 et
2577 3000 2896 3070 salutem.
2949 3001 3155 3084 Quod

598 3102 827 3159 tamen
871 3090 1023 3178 ipsa
1061 3088 1472 3178 imperabat,
1514 3104 1599 3156 ne
1630 3087 1789 3174 quis
1823 3085 2152 3177 proferret
2182 3087 2249 3155 in
2290 3086 2548 3158 sabula.

685 3180 911 3264 §111
943 3184 1157 3247 Tanta
1182 3199 1340 3247 vero
1367 3175 1765 3265 congressio
1801 3174 2158 3266 popularis
2187 3177 2407 3246 extitit
2438 3177 2572 3258 die,
2616 3199 2755 3265 qua
2803 3201 2876 3249 se
2914 3192 3163 3251 sancta

596 3266 1002 3337 deliberavit
1034 3265 1412 3346 recludere,
1459 3278 1536 3335 ut
1572 3286 1749 3352 quos
1784 3263 2045 3354 plateae
2098 3286 2230 3334 non
2280 3275 2648 3370 caperent,
2703 3268 3163 3340 ascendentes

597 3367 773 3425 tecta
822 3355 1273 3447 complerent.
1316 3353 1491 3437 Quid
1528 3367 1759 3423 autem
1801 3353 2241 3423 sanctissima
2282 3355 2563 3444 jejunii,
2592 3357 2961 3444 obsequii,
3018 3359 3154 3430 hu-

598 3444 938 3525 militatis,
976 3443 1358 3525 charitatiS,
1400 3443 1657 3513 laboris
1701 3453 1767 3512 et
1799 3442 2151 3513 cruciatus
2197 3443 2588 3532 frequenter
2620 3445 2901 3536 indepta
2940 3448 3055 3529 sit,
3096 3449 3158 3520 si

595 3534 753 3621 quis
785 3546 1042 3604 cuncta
1095 3544 1542 3624 percurreret,
1587 3532 1814 3622 ipsam
1852 3531 2274 3622 praedicaret
2310 3556 2445 3604 non
2485 3545 2621 3604 tam
2660 3535 3154 3619 confessorem,

593 3645 805 3710 quam
843 3634 1243 3713 martyrem.
1288 3627 1464 3712 Ergo
1500 3621 1963 3692 venerabilem
1996 3636 2264 3711 praeter
2301 3623 2484 3692 diem
2521 3625 2984 3705 Dominicum,
3022 3625 3162 3698 fuit

595 3712 1112 3784 sacratissimae
1176 3712 1507 3781 omnibus
1574 3710 1823 3781 diebus
1887 3710 2287 3801 jejunium,
2367 3711 2732 3782 lenticulae
2792 3713 2893 3783 vel
2943 3715 3159 3795 oleris

592 3823 809 3960 ἔτορε
837 3801 1090 3889 jejuna
1127 3800 1447 3871 refectio:
1503 3821 1643 3869 non
1691 3813 1921 3869 autem
1973 3799 2231 3901 piscem
2275 3800 2376 3870 vel
2429 3824 2739 3891 pomum,
2780 3824 2904 3872 nec
2945 3825 3160 3874 ovum

645 3891 863 3961 abens
899 3892 966 3960 in
999 3889 1340 3959 edulium.
1370 3888 1573 3959 Panis
1599 3909 1757 3958 vero
1788 3888 2222 3971 deliciarum,
2254 3889 2553 3981 siliginis
2584 3889 2712 3961 fuit
2735 3905 2855 3962 aut
2876 3891 3149 3974 hordei,

593 4003 802 4068 quem
859 3981 1278 4051 absconsum
1328 3979 1462 4048 sub
1511 3978 1785 4048 fladone
1825 3978 2165 4059 sumebat,
2215 4001 2299 4048 ne
2345 3980 2504 4066 quis
2598 3981 2953 4071 erciperet.
2998 3983 3155 4052 Fuit

593 4070 803 4139 etiam
844 4070 1051 4160 potio,
1088 4090 1294 4155 aqua,
1331 4066 1639 4136 mulsum
1674 4067 2077 4157 piracium*,
2109 4067 2227 4137 sed
2254 4068 2521 4138 modice
2576 4068 2760 4139 ibata
2793 4070 3155 4141 sitibunda

592 4159 875 4314 potatio.
935 4158 1161 4227 Prima
1212 4157 1780 4247 Quadragesima,
1836 4178 1973 4244 qua
2026 4177 2097 4225 se
2146 4155 2427 4228 reclusit
2485 4157 2554 4227 in
2602 4159 2881 4240 cellula,
2936 4159 3161 4230 donec

626 4246 842 4317 uisset
891 4258 1260 4328 transacta,
1313 4246 1512 4337 panis
1562 4267 1700 4314 non
1749 4245 2049 4336 sumpsit
2096 4245 2394 4327 cibaria,
2446 4246 2584 4324 nisi
2638 4247 2750 4317 die
2797 4248 3156 4319 Dominico

596 4346 896 4405 tantum.
933 4336 1222 4408 Radices
1265 4336 1636 4406 herbarum
1666 4346 1785 4404 aut
1816 4334 2002 4406 olera
2037 4333 2122 4405 de
2150 4335 2398 4417 malva,
2426 4336 2576 4406 sine
2601 4336 2733 4407 olei
2761 4348 2978 4429 gutta,
3013 4339 3161 4410 sine

643 4462 669 4488 ²·
699 4463 779 4502 1²51·
799 4466 924 4504 actua
952 4465 1054 4505 erat
1074 4472 1246 4506 succus
1267 4463 1385 4514 piris
1408 4471 1675 4513 expressus.
