3308 5004
220 284 449 352 AUGA
746 303 827 350 nr.
872 303 930 350 S.
980 303 1408 352 :rnnnwomo
1456 302 1884 351 wnvromsnm
1930 299 2135 352 Ense.
2543 290 2630 354 55

216 387 497 458 Abbatem
526 386 626 458 eis
646 386 991 476 praefecit,
1013 386 1463 475 aedificiaque
1505 386 1931 457 instauravit.
1958 388 2136 457 Emit
2166 410 2436 477 quoque
2461 412 2501 460 a
2526 396 2711 482 Rege

217 475 409 545 locum
456 474 1036 557 Modeshanstede,
1088 476 1210 565 qui
1244 498 1432 547 nunc
1480 481 1666 567 Burg
1710 475 1988 558 dicitur,
2021 476 2520 566 basilicamque
2550 500 2711 549 con-

218 564 378 653 gruis
422 565 785 635 structuris
842 577 1192 646 ornatam,
1248 565 1316 633 in
1367 564 1699 635 honorem
1763 564 1941 635 beati
2014 565 2192 635 Petri
2239 568 2718 639 consecravit:

216 652 546 724 monachos
582 654 1060 743 congregavit,
1129 653 1566 744 Eadulphum
1617 651 1719 722 eis
1766 652 2087 722 Abbatem
2141 656 2496 727 constituit
2526 712 2541 739 ,
2601 656 2726 814 gui

217 755 339 831 post
377 756 688 812 sanctum
732 742 1125 813 Oswaldum
1159 797 1175 824 ,
1230 742 1678 813 Eboracensis
1724 741 2051 812 ecclesiae
2110 744 2505 814 cathedram
2556 767 2597 814 a
2658 768 2727 815 e-

215 841 340 919 ptus
381 843 499 900 est.
537 831 834 901 Tertium
881 853 1158 919 quoque
1197 831 1422 900 locum
1484 830 1701 922 pretio
1747 832 2208 932 comparavit,
2270 833 2393 920 qui
2443 847 2723 924 propter

208 940 236 986 s
276 918 439 988 ineta
508 919 1051 1007 circumquaque
1127 920 1622 1003 increscentia,
1677 924 1961 1009 TorneJa
2010 919 2417 991 dicebatur:
2478 943 2720 991 mona-

204 940 474 1095 cgosque
520 1007 664 1077 illic
709 1007 1067 1100 colligens,
1120 1008 1600 1079 Godmannum
1666 1008 1990 1077 Abbatem
2040 1009 2140 1079 eis
2206 1009 2416 1079 dedit.
2473 1011 2720 1099 Sicque

204 1093 426 1165 factum
496 1109 624 1179 est,
690 1098 1157 1168 consentiente
1203 1104 1426 1189 Rege,
1481 1110 1562 1166 ut
1629 1097 1877 1186 partim
1933 1099 2271 1169 Dunstani
2320 1099 2617 1169 consilio
2662 1110 2729 1169 et

200 1185 456 1265 actione,
543 1185 744 1256 artim
788 1185 1188 1255 Ethelwoldi
1238 1186 1478 1257 sedula
1517 1186 2019 1275 cooperatione,
2076 1188 2489 1257 monasteria
2543 1188 2724 1258 viro·

200 1292 329 1340 rum
375 1286 433 1342 et
508 1274 939 1344 oeminarum
993 1274 1249 1362 ubique
1281 1274 1464 1366 apud
1516 1279 1608 1343 An
1665 1273 1768 1345 los
1814 1287 2400 1345 construerentur.

270 1364 302 1447 ξ
343 1365 419 1433 8.
472 1363 796 1433 Circuivit
841 1376 1068 1433 autem
1118 1365 1223 1433 vir
1273 1364 1386 1433 Dei
1435 1362 1642 1453 singu
1678 1384 1716 1432 a
1768 1363 2224 1443 monasteria,
2278 1385 2504 1434 mores
2551 1386 2715 1434 con-

198 1447 476 1523 formans
523 1464 588 1521 et
636 1452 1025 1533 instituenS,
1060 1452 1458 1522 obedientes
1509 1452 1814 1532 hortans,
1868 1464 1945 1521 ut
1994 1452 2059 1520 in
2099 1451 2279 1522 bono
2323 1475 2430 1522 ma
2487 1452 2546 1521 is
2577 1475 2720 1523 ma-

195 1539 410 1627 gisque
443 1540 894 1629 proficerent:
949 1541 1194 1611 stultos
1241 1554 1305 1610 et
1355 1541 1771 1623 obstinatos,
1825 1553 1901 1609 ut
1938 1563 1976 1609 a
2027 1541 2209 1611 malo
2272 1562 2422 1611 rece
2476 1553 2666 1611 erent
2698 1596 2715 1624 ,

189 1626 371 1696 etiam
420 1629 821 1699 verberibus
869 1628 1179 1719 adigens.
1234 1635 1390 1699 Erat
1444 1651 1630 1719 xsane
1684 1628 2019 1719 improbis
2075 1641 2141 1698 et
2199 1629 2539 1720 perversis
2587 1643 2716 1699 ter-

197 1714 393 1785 ribilis
425 1717 645 1787 instar
676 1716 923 1809 leonis,
974 1717 1364 1803 humilibus
1395 1731 1459 1787 et
1496 1717 1860 1807 morigeris
1893 1739 2021 1787 ceu
2068 1740 2326 1809 agnum
2391 1741 2718 1789 mansue-

196 1803 521 1875 tissimum
588 1828 658 1877 se
705 1806 1104 1876 exhibebat:
1184 1807 1277 1876 ita
1343 1827 1454 1875 ser
1504 1806 1780 1876 entinae
1855 1807 2258 1896 prudentiae
2331 1821 2722 1898 temperans

186 1894 618 1975 severitatem,
670 1908 747 1965 ut
780 1895 1222 1966 columbinae
1272 1895 1452 1985 simp
1489 1895 1747 1964 icitatis.
1777 1916 1908 1964 non
1942 1895 2280 1966 amitteret
2331 1895 2707 1966 lenitatem.

191 1980 357 2061 Quod
392 1983 447 2052 si
503 2004 1029 2071 nonnumquam
1080 1983 1271 2054 zelus
1326 1982 1759 2054 rectitudinis
1806 2005 1967 2053 eum
2017 1983 2461 2074 compelleret
2507 1984 2720 2056 disci-

190 2066 397 2156 plinae
462 2071 627 2161 jura
674 2073 973 2143 subditis
1041 2072 1413 2153 adhibere,
1466 2071 1661 2141 furor
1715 2072 1862 2161 ipse
1926 2093 2058 2140 non
2121 2071 2204 2142 de
2251 2072 2708 2155 crudelitate,

189 2157 288 2226 sed
334 2159 420 2229 de
448 2183 684 2230 amore
735 2161 1332 2251 proficiscebatur:
1386 2172 1589 2248 atque
1639 2161 1828 2231 intus
1894 2174 2174 2250 paterna
2237 2160 2716 2232 benevolentia

183 2248 773 2338 complectebatur,
824 2271 1001 2337 quos
1025 2249 1191 2320 foris
1234 2263 1581 2337 tamquam
1624 2271 2040 2340 persequens
2073 2250 2477 2341 castigabat.
2514 2255 2715 2322 Pater

185 2351 312 2405 erat
343 2349 410 2406 et
451 2350 684 2425 pastor
743 2338 1236 2409 monachorum
1275 2393 1290 2420 ,
1345 2338 1977 2409 sanctimonialium
2029 2353 2093 2409 et
2160 2340 2506 2430 virginum
2560 2361 2717 2430 pro·

186 2435 374 2495 tector
414 2426 726 2517 pervigil,
774 2427 1137 2497 viduarum
1179 2427 1589 2509 consolator,
1621 2428 2135 2529 peregrinorum
2190 2439 2569 2518 susceptor,
2608 2450 2718 2498 ec-

184 2512 533 2586 clesiarum
588 2529 942 2608 patronus,
995 2530 1337 2587 corrector
1389 2530 1811 2598 errantium,
1873 2530 2213 2587 recreator
2263 2539 2654 2608 pauperum
2691 2571 2711 2598 ,

190 2603 597 2693 pupillorum
649 2618 715 2674 et
741 2606 1211 2695 orphanorum
1258 2605 1558 2694 adjutor.

257 2694 290 2779 §
334 2697 426 2763 9.
483 2693 744 2764 Accidit
786 2694 1243 2782 quandoque,
1295 2708 1374 2765 ut
1420 2694 1664 2764 acerba
1716 2691 1932 2763 fames
2005 2692 2397 2762 universam
2446 2692 2718 2763 Britan-

188 2777 349 2850 niam
385 2782 822 2853 vehementer
867 2784 1320 2873 opprimeret,
1365 2795 1429 2852 et
1481 2781 1703 2859 multi.
1762 2804 1924 2871 prae
1966 2781 2182 2851 nimia
2231 2781 2506 2872 inopia,
2560 2781 2716 2852 dira

185 2866 354 2938 clade
397 2872 987 2962 extinguerentur.
1040 2878 1208 2941 Tum
1275 2872 1390 2941 ille
1452 2871 1814 2961 pecuniam
1850 2892 2046 2940 suam
2098 2891 2372 2941 omnem
2423 2870 2493 2940 in
2544 2892 2717 2962 pau-

190 2975 360 3043 peres
430 2959 766 3050 elargitus
824 2971 949 3030 est.
1005 2959 1368 3034 Deficiente
1428 2960 1772 3049 pecunia,
1837 2959 1980 3029 tolli
2021 2958 2232 3046 jussit
2301 2971 2713 3029 ornamenta

187 3063 494 3197 quaeque,
553 3062 621 3118 et
671 3049 1007 3138 permulta
1066 3071 1225 3118 vasa
1272 3062 1596 3139 argentea
1648 3070 1729 3116 ex
1785 3048 2112 3118 ecclesiae
2162 3047 2505 3117 thesauris
2552 3069 2715 3117 con-

214 3132 391 3224 ringi.
444 3138 545 3207 Iis
594 3138 663 3206 in
718 3138 1044 3227 pecunias
1093 3137 1409 3219 redactiS‚
1448 3160 1608 3207 cum
1665 3135 1881 3206 multo
1915 3136 2145 3207 cordis
2192 3135 2458 3228 gemitu
2506 3147 2714 3206 testa-

190 3218 384 3319 batur,
435 3247 514 3296 se
575 3247 793 3313 aequo
839 3227 1073 3296 animo
1121 3226 1294 3296 ferre
1342 3249 1474 3296 non
1526 3246 1727 3316 posse
1758 3279 1774 3306 ,
1839 3237 2028 3295 muta
2107 3224 2382 3294 metalla
2454 3224 2707 3294 durare

191 3323 448 3402 integra,
504 3315 858 3384 hominem
911 3337 1065 3385 vero
1098 3315 1183 3384 ad
1222 3316 1596 3404 imaginem
1648 3313 1763 3383 Dei
1811 3312 2092 3395 sactum,
2129 3313 2426 3403 pretioso
2462 3313 2709 3383 Christi

192 3403 498 3495 sanguine
550 3402 1008 3493 redemptum,
1064 3403 1501 3474 mendicitate
1549 3414 1615 3472 et
1679 3402 1905 3471 inedia
1960 3401 2236 3472 confici.
2294 3402 2715 3472 sustentavit

192 3497 387 3575 itaque
416 3492 860 3563 innumeram
899 3514 1277 3583 pauperum
1319 3490 1881 3561 multitudinem:
1927 3491 2047 3578 qui
2086 3490 2473 3580 periculum
2503 3489 2714 3560 famis

190 3577 438 3650 evadere
483 3580 883 3670 cupientes,
936 3580 1023 3650 ad
1085 3604 1241 3651 eum
1294 3580 1604 3667 undique
1658 3579 2171 3669 confugiebant.
2225 3579 2391 3650 Illos
2441 3579 2589 3668 ipse
2636 3579 2708 3647 in

196 3663 427 3751 plateis,
482 3669 681 3739 omni
739 3669 984 3740 solatio
1032 3669 1416 3750 destitutoS,
1473 3667 1918 3750 refocillabat,
1965 3667 2265 3758 singulis
2328 3668 2714 3738 necessaria

194 3755 543 3840 praebens:
597 3757 816 3828 donec
869 3758 1339 3829 misericordia
1372 3758 1484 3827 Dei
1516 3757 1603 3826 de
1630 3756 1820 3827 coelo
1838 3757 1923 3827 jn
1958 3768 2209 3827 terram
2257 3756 2710 3846 prospicienS,

196 3852 246 3908 et
282 3843 585 3916 humano
631 3846 865 3937 generi
915 3846 1118 3917 solita
1164 3847 1587 3938 benignitate
1636 3845 2081 3927 subveniens,
2124 3844 2386 3915 malum
2441 3844 2721 3935 inopiae

200 3938 602 4022 temperaret.
2504 4020 2517 4033 ⁸
2560 4020 2573 4033 ·
2637 4019 2652 4034 Ο

261 4020 483 4104 δίθ.
541 4027 791 4093 Verum
833 4023 1113 4112 quando
1162 4024 1305 4094 Scri
1362 4025 1516 4093 tura
1566 4034 1755 4104 teste,
1794 4022 2152 4103 DominuS,
2191 4042 2397 4110 quem
2449 4020 2574 4090 dili
2663 4031 2710 4104 t,

203 4108 465 4200 corripit,
500 4122 573 4181 et
603 4110 904 4201 flagellat
942 4133 1220 4182 omnem
1262 4112 1306 4182 fl
1342 4113 1487 4183 ium
1533 4133 1738 4199 quem
1791 4111 2035 4200 recipit
2065 4110 2135 4178 *ε
2176 4110 2278 4178 vir
2328 4110 2440 4180 Dei
2472 4130 2589 4179 cre
2643 4131 2719 4180 ro

204 4188 514 4269 laborabat
550 4200 887 4270 viscerum
918 4200 1297 4277 doloribus,
1335 4200 1645 4271 crurium
1693 4211 1999 4269 tumores
2030 4199 2443 4290 patiebatur,
2481 4213 2716 4269 noctes

210 4279 577 4375 plerumque
632 4288 986 4373 insomnes
1047 4289 1314 4360 ducens
1372 4312 1535 4382 prae
1600 4288 2007 4369 doloribus,
2076 4299 2145 4357 at
2209 4287 2428 4360 nihilo
2480 4289 2713 4358 minus

247 4406 269 4432 ’
291 4407 392 4453 Vide
419 4414 551 4456 Proo.
570 4424 639 4464 ut.
667 4415 733 4457 12.
