3308 5004
152 346 343 413 AUG‘.
393 346 480 412 28
714 364 795 411 nn
840 364 899 412 s.
950 362 1312 414 aueusnuo
1357 362 1559 412 episc.-
1608 329 1688 410 ‘rr
1733 360 1907 411 acca.
1961 361 2142 411 noer.
2494 344 2622 410 693

152 448 569 539 indigenteS,
624 447 851 539 frangi
922 462 988 520 et
1054 450 1343 520 conflari
1401 448 1716 538 jubebat,
1771 460 1837 518 et
1902 445 2380 538 indigentibus
2429 446 2715 537 dispen-

152 538 318 608 sari.
396 537 589 620 Quod
658 559 795 607 non
861 559 1562 619 commemorassem,
1637 537 1772 607 nisi
1838 550 2077 606 contra
2122 534 2500 606 =carnalem
2554 558 2712 605 sen—

153 648 311 700 sum
361 625 802 714 quorundam
856 627 1004 696 fleri
1074 627 1524 717 perviderem.
1579 630 1658 695 Et
1729 625 1860 695 hoc
1929 624 2162 714 ipsum
2235 625 2442 693 etiam
2512 646 2715 694 vene—

153 715 398 786 rabilis
429 716 798 785 memoriae
830 717 1233 788 Ambrosius
1265 716 1335 785 in
1376 714 1635 785 talibus
1674 713 2202 784 necessitatibus
2237 712 2715 783 indubitanter

150 799 303 875 esse
347 802 743 874 faciendum
793 817 860 874 et
905 805 1078 875 dixit
1120 818 1187 876 et
1233 791 1552 895 scripsit;
1596 802 1716 874 sed
1766 816 1831 873 et
1878 802 2041 872 inde
2086 802 2173 871 de
2222 801 2596 892 neglectoa
2633 802 2715 871 fi-

155 893 429 963 delibus
468 893 986 983 gazophylacio,
1041 907 1107 964 et
1154 894 1544 974 secretario,
1598 891 1786 961 unde
1828 891 2033 961 altari
2084 891 2476 961 necessaria
2541 890 2715 960 inse-

157 997 451 1062 runtur,
508 981 885 1069 aliquando
934 984 1006 1052 in
1054 983 1350 1053 ecclesia
1398 982 1688 1068 loquens
1736 981 2204 1050 admonebat:
2257 979 2442 1066 quod
2501 979 2708 1048 etiam

158 1071 634 1141 beatissimum
687 1073 1123 1141 Ambrosium
1159 1127 1174 1152 ‚
1229 1093 1303 1141 se
1353 1082 1708 1162 praesente
1772 1071 1842 1138 in
1910 1069 2224 1139 ecclesia·
2265 1068 2662 1139 tractavisse
2693 1124 2709 1149 ‚

157 1161 360 1229 nobis
405 1159 787 1247 aliquando
838 1161 1189 1232 retulerat.
2626 1195 2632 1204 ·

244 1251 290 1337 ξ’
325 1252 494 1320 82.
550 1253 718 1318 Cum
768 1247 920 1338 ipso
969 1271 1245 1339 semper
1289 1248 1547 1328 clerici,
1602 1248 1746 1317 una
1793 1246 1998 1316 etiam
2050 1245 2256 1315 domo
2302 1267 2384 1314 ac
2448 1248 2708 1326 mensa,

153 1337 692 1426 sumptibusque
739 1339 1233 1408 communibus
1271 1337 1640 1407 alebantur
1669 1349 1737 1404 et
1770 1335 2257 1419 vestiebantur.
2295 1339 2372 1403 Et
2409 1356 2492 1403 ne
2521 1335 2714 1421 quis-

150 1448 363 1514 quam
412 1424 598 1495 facili
652 1426 986 1512 iuratione
1034 1428 1238 1497 etiam
1289 1426 1377 1502 ad
1432 1424 1815 1515 perjurium
1863 1423 2255 1503 decidisset,
2294 1437 2360 1493 et
2394 1424 2462 1491 in
2499 1424 2716 1493 eccle-

152 1516 257 1585 sia
311 1514 567 1605 populo
619 1516 1084 1605 praedicabat,
1138 1529 1204 1585 et
1251 1536 1416 1585 suos
1462 1515 1877 1593 instituerat,
1936 1535 2020 1582 ne
2065 1513 2226 1599 quis
2248 1513 2541 1603 juraret,
2589 1534 2714 1582 nec

152 1604 243 1675 ad
296 1603 646 1673 modicum
697 1605 1006 1691 quidem.
1044 1604 1238 1689 Quod
1272 1605 1332 1674 si
1371 1604 1739 1694 prolapsus
1771 1602 2031 1682 fuisset,
2073 1623 2287 1671 unam
2324 1601 2410 1670 de
2441 1602 2716 1670 statutis

159 1692 490 1784 perdebat
538 1692 910 1781 potionem.
963 1694 1535 1764 Numerus·enim
1589 1704 1734 1761 erat
1781 1689 1929 1760 suis
1976 1711 2211 1760 secum
2271 1712 2712 1759 commoran-

161 1783 352 1852 tibus
397 1795 465 1850 et
509 1782 1037 1851 convivantibus
1105 1781 1510 1873 poculorum
1581 1779 1951 1871 praefixus.
2029 1779 2717 1869 Indisciplinationes

155 1892 436 1959 quoque
482 1881 548 1939 et
596 1873 1175 1961 transgressiones
1223 1892 1508 1941 suorum
1562 1892 1601 1940 a
1650 1868 1893 1960 regula
1947 1880 2131 1938 recta
2178 1880 2251 1937 *et
2315 1869 2708 1947 honestate,

158 1974 225 2029 et
271 1959 627 2048 arguebat,
678 1972 745 2028 et
792 1959 1146 2041 tolerabat,
1202 1973 1540 2048 quantum
1593 1958 1876 2028 decebat
1924 1972 1990 2027 et
2035 1958 2432 2046 oportebat:
2490 1956 2556 2024 in
2613 1969 2715 2026 ta-

164 2048 349 2118 libus
400 2049 765 2138 praecipue
813 2048 1091 2131 docens,
1152 2072 1234 2118 ne
1280 2051 1705 2137 cujusquam
1744 2069 1864 2117 cor
1901 2045 2370 2116 declinaretur
2404 2045 2470 2113 in
2511 2047 2715 2114 verba

162 2136 467 2227 maligna
514 2136 600 2206 ad
640 2138 1072 2208 excusandas
1102 2139 1576 2208 excusationes
1616 2138 1684 2206 in
1727 2136 2048 2226 peccatis.
2098 2134 2708 2215 Docebat-ibidem,

161 2225 331 2296 dum
379 2225 676 2313 quisque
722 2226 993 2310 offerret
1043 2249 1303 2297 munus
1350 2248 1559 2296 suum
1609 2224 1693 2294 ad
1746 2224 1982 2304 altare,
2021 2238 2086 2292 et
2133 2223 2274 2292 illic
2319 2222 2718 2292 recordatus

163 2314 425 2393 fuisset,
480 2313 665 2401 quod
716 2314 924 2385 frater
971 2338 1142 2386 suus
1192 2315 1471 2385 baberet
1516 2313 1782 2401 aliquid
1831 2312 2165 2382 adversus
2218 2309 2441 2390 illum,
2500 2310 2709 2380 relin-

162 2403 718 2491 quendum'esse
768 2425 1028 2474 munus
1072 2417 1232 2473 ante
1279 2404 1539 2483 altare,
1593 2416 1797 2489 atque
1843 2400 2166 2471 eumdem
2217 2399 2496 2468 fratrem
2562 2421 2712 2469 esse

160 2492 801 2564 reconciliandum:
854 2507 920 2563 et
969 2506 1131 2563 tunc
1184 2492 1622 2572 veniendum,
1677 2502 1741 2560 et
1778 2512 2034 2560 munus
2067 2488 2152 2559 ad
2185 2489 2399 2558 altare
2429 2488 2714 2558 offeren-

156 2582 353 2652 dum.
413 2583 480 2652 Si
533 2604 688 2651 vero
737 2583 885 2671 ipse
933 2582 1265 2652 adversus
1314 2582 1588 2651 fratrem
1642 2600 1849 2650 suum
1900 2578 2165 2665 aliquid
2218 2578 2523 2659 haberet,
2568 2599 2717 2647 cor-

156 2671 383 2762 ripere
430 2692 590 2738 eum
639 2671 890 2742 debere
938 2672 1007 2740 in
1052 2685 1289 2761 parte:
1343 2682 1407 2739 et
1456 2670 1514 2739 si
1562 2691 1721 2738 eum
1773 2667 2122 2748 audisset,
2182 2666 2493 2736 lucratus
2541 2679 2717 2736 esset

157 2783 368 2831 suum
418 2758 694 2828 fratrem
716 2783 736 2827 ·:
790 2760 849 2831 si
884 2761 1142 2840 minuS,
1186 2758 1659 2828 adhibendum
1694 2778 1844 2827 esse
1879 2778 2096 2825 unum
2129 2769 2250 2825 aut
2281 2755 2482 2825 duos.
2519 2755 2709 2838 Quod

157 2849 218 2919 si
268 2861 334 2917 et
380 2847 569 2937 ipsos
615 2861 1103 2929 contemneret,
1158 2847 1532 2918 Ecclesiam
1581 2844 2077 2931 adhibendam.
2134 2844 2203 2914 Si
2254 2867 2411 2914 vero
2449 2858 2514 2912 et
2547 2844 2714 2913 huic

156 2957 297 3006 non
347 2935 676 3016 obediret,
712 2950 891 3007 esset
922 2937 1020 3007 illi
1053 2950 1128 3007 ut
1156 2937 1479 3006 ethnicus
1506 2946 1572 3004 et
1604 2934 2045 3024 publicanus.
2087 2938 2164 3003 Et
2195 2932 2368 3002 illud
2420 2931 2709 3013 addenS‚

155 3037 239 3096 ut
285 3024 480 3094 fratri
529 3028 839 3114 peccanti
887 3041 954 3096 et
1001 3027 1268 3096 veniam
1325 3024 1601 3115 petenti,
1657 3046 1794 3093 non
1828 3035 2094 3093 tantum
2133 3022 2408 3113 septies,
2451 3021 2570 3091 sed
2614 3044 2716 3092 se-

154 3115 477 3206 ptuagies
522 3115 775 3203 septies
823 3115 1148 3185 delictum
1194 3114 1555 3193 relaxetur,
1597 3113 1777 3182 sicut
1811 3112 2109 3200 quisque
2143 3133 2182 3179 a
2218 3112 2508 3180 Domino
2541 3132 2716 3198 quo-

155 3203 324 3273 tidie
364 3202 497 3271 sibi
532 3204 832 3292 postulat
869 3203 1153 3273 relaxari
1194 3203 1394 3292 (Vide
1426 3202 1665 3272 Mami.
1702 3200 1793 3291 v).

245 3295 282 3379 ἓ
329 3296 492 3363 88.
549 3293 1030 3361 Foeminarum
1081 3305 1309 3362 autem
1364 3292 1540 3361 intra
1587 3290 1874 3360 domum
1925 3288 2081 3375 ejus
2146 3288 2337 3357 nulla
2396 3308 2712 3374 unquam

150 3394 556 3450 conversata
602 3394 726 3460 est,
782 3381 976 3450 nulla
1027 3383 1302 3462 mansit,
1360 3402 1483 3450 nec
1529 3378 1813 3467 quidem
1864 3400 2196 3470 germana
2248 3399 2483 3449 soror:
2538 3397 2716 3464 quae

154 3469 369 3539 vidua
417 3474 549 3538 Deo
596 3468 945 3549 serviens,
1006 3469 1221 3539 multo
1272 3483 1576 3559 tempore
1631 3489 1853 3554 usque
1919 3468 1987 3536 in
2055 3467 2239 3536 diem
2304 3466 2538 3535 obitus
2606 3465 2717 3534 sui

156 3558 551 3647 praeposita
600 3557 1013 3627 ancillarum
1070 3560 1180 3628 Dei
1232 3559 1418 3628 vixit.
1474 3557 1600 3627 Sed
1658 3576 1878 3644 neque
1933 3557 2156 3647 patrui
2211 3555 2317 3624 sui
2375 3554 2602 3634 filiae,
2657 3569 2721 3624 et

155 3647 392 3717 fratris
440 3648 549 3716 sui
582 3646 790 3727 filiae,
827 3669 1005 3734 quae
1047 3649 1301 3736 pariter
1335 3645 1928 3721 Deoserviebant:
1973 3649 2159 3727 Quas
2194 3665 2524 3733 personas
2560 3664 2720 3711 san·

156 3750 423 3807 ctorum
464 3736 959 3825 Episcoporum
997 3736 1294 3806 concilia
1326 3737 1394 3805 in
1431 3735 1733 3824 exceptis
1768 3748 2173 3824 posuerunt.
2218 3732 2492 3801 Dicebat
2527 3752 2710 3811 vern,

157 3827 324 3910 quia
370 3825 493 3893 etsi
544 3824 629 3893 de
677 3846 908 3894 sorore
954 3838 1019 3894 et
1056 3827 1379 3916 neptibus
1413 3845 1647 3893 secum
1690 3821 2311 3901 commorantibus,
2356 3818 2551 3889 nulla
2589 3842 2713 3887 na-

162 3915 253 3981 sci
310 3915 524 4003 possit
572 3912 751 3982 mala
798 3913 1130 4003 suspicio,
1186 3929 1411 3983 tamen
1450 3912 1779 4000 quoniam
1817 3911 1978 3981 illae
2015 3931 2346 4001 personae
2379 3909 2530 3978 sine
2559 3907 2720 3978 aliis

164 4002 566 4072 necessariis
612 4024 988 4089 secumque
1039 4002 1480 4073 manentibus
1531 4000 1852 4071 foeminis
1899 4022 2050 4069 esse
2100 4020 2238 4067 nou
2294 4010 2598 4084 possent,
2652 4010 2718 4067 et

166 4090 339 4174 quod
374 4090 458 4160 ad
492 4112 609 4161 eas
636 4092 841 4160 etiam
869 4091 1044 4161 aliae
1072 4113 1112 4159 a
1137 4091 1307 4160 foris
1339 4092 1698 4170 intrarent,
1737 4089 1822 4158 de
1855 4089 1939 4159 iis
1982 4108 2181 4179 posse
2212 4085 2715 4157 offendiculum

166 4192 279 4247 aut
325 4179 732 4249 scandalum
784 4181 1293 4250 infirmioribus
1341 4181 1581 4260 nasci,
1636 4192 1706 4247 et
1763 4178 1919 4249 illos
1980 4177 2099 4265 qui
2159 4197 2317 4245 cum
2379 4175 2717 4276 Episcopo

166 4266 264 4334 vel
313 4269 617 4355 quolibet
662 4269 913 4340 clerico
962 4269 1133 4339 forte
1184 4282 1561 4349 manerent,
1600 4289 1680 4336 ex
1710 4266 1853 4336 illis
1884 4266 2214 4336 omnibus
2252 4264 2714 4333 foeminarum

168 4358 475 4443 personis
523 4380 661 4427 una
691 4358 1289 4429 commorantibus
1320 4372 1442 4426 aut
1481 4355 2014 4426 adventantibus
2058 4353 2552 4425 tentationibus
2589 4354 2719 4423 hu-

169 4445 390 4516 manis
458 4466 664 4538 posse,
727 4448 989 4537 perire,
1059 4462 1179 4517 aut
1237 4460 1418 4516 certe
1487 4444 1690 4514 malis
1748 4445 2112 4514 hominum
2189 4442 2719 4534 suspicionibus
