3308 5004
168 351 348 416 AUG.
395 349 473 414 ⁴2
1049 367 1128 414 mr.
1176 366 1233 414 S.
1286 364 1486 435 cLAnA
1536 367 1794 415 vincum
2485 352 2615 417 283

213 450 733 523 ratulationibus
758 448 1148 519 oblectaret.
1186 455 1277 519 Ex
1309 449 1512 536 cujus
1542 450 2001 541 apparitionis
2037 452 2315 532 intuitu,
2340 452 2488 534 illa,
2519 475 2696 541 quae

162 477 246 612 ge
291 555 502 611 matre
552 539 779 608 videre
827 538 990 609 talia
1039 539 1452 620 merebatur,
1507 541 1912 610 suavitatem
1949 540 2505 630 inexplicabilem
2543 564 2701 612 sen-

164 631 386 700 tiebat.
428 630 606 699 Licet
634 640 861 698 autem
899 628 1165 697 literata
1204 650 1336 698 non
1372 641 1572 707 esset,
1623 628 2045 699 literatorum
2080 643 2306 700 tamen
2350 631 2699 721 gaudebat

165 718 394 789 audire
444 738 856 789 sermonem.
910 717 1102 787 Novit
1148 717 1233 786 de
1280 716 1659 806 cujuslibet
1698 738 2014 787 sermone
2051 717 2389 805 loquentis
2422 719 2693 800 elicere,

168 807 333 895 quod
386 808 660 876 animae
708 806 963 907 prosit:
1018 807 1244 886 sciens
1278 827 1409 875 non
1450 806 1740 875 minoris
1769 827 1917 876 esse
1953 805 2384 895 prudentiae,
2420 808 2505 877 de
2539 808 2698 879 rudi

175 896 569 983 quandoque
618 917 818 986 spina
869 896 1068 965 flores
1116 895 1317 964 decer
1368 917 1501 974 ere,
1555 916 1766 981 quam
1827 893 2126 964 fructum
2169 917 2251 964 ex
2300 897 2543 966 arbore
2586 920 2702 966 no·

176 985 284 1055 bili
332 985 776 1055 manducare.
831 988 996 1053 Cum
1049 983 1256 1053 semel
1355 984 1635 1053 ominus
1684 989 1866 1084 Papa
1901 984 2270 1072 Gregorius
2307 985 2701 1075 prohibuis-

175 1087 284 1153 set,
336 1096 421 1143 ne
470 1073 723 1160 aliquis
758 1078 986 1142 Frater
1032 1072 1117 1141 ad
1155 1073 1566 1142 monasteria
1604 1072 2047 1142 dominarum
2086 1073 2236 1143 sine
2266 1096 2388 1143 sua
2428 1073 2704 1143 licentia

174 1175 496 1253 pergeret,
549 1161 791 1232 dolens
840 1163 950 1252 pia
1004 1173 1219 1230 mater
1264 1162 1496 1231 cibum
1550 1183 1786 1230 sacrae
1833 1160 2183 1231 doctrinae
2224 1162 2451 1232 rarius
2502 1161 2700 1231 babi-

177 1264 350 1320 turas
380 1272 673 1328 sorores,
727 1272 881 1319 cum
934 1252 1194 1342 gemitu
1244 1249 1458 1319 dixit:
1513 1253 1766 1321 Omnes
1804 1251 2001 1320 nobis
2041 1250 2304 1321 auferat
2352 1250 2703 1321 decaetero

171 1338 450 1419 fratres,
520 1350 877 1430 postquam
932 1338 1155 1409 vitalis
1206 1339 1606 1408 nutrimenti
1663 1339 1859 1409 nobis
1910 1339 2195 1410 abstulit
2259 1340 2695 1429 praebitores

171 1433 240 1497 Et
285 1430 514 1498 statim
584 1450 822 1498 omnes
888 1427 1130 1498 fratres
1177 1427 1263 1495 ad
1315 1427 1704 1497 Ministrum
1775 1428 2082 1510 remisit,
2140 1429 2381 1498 nolens
2450 1428 2700 1497 babere

168 1516 783 1606 eleemosynarios,
838 1517 958 1601 qui
1023 1537 1268 1606 panem
1320 1515 1748 1606 corporalem
1800 1517 2283 1604 acquirerent,
2338 1530 2699 1608 postquam

166 1608 359 1694 panis
418 1605 750 1688 spiritalis
799 1603 1376 1694 eleemosynarios
1426 1627 1559 1674 non
1612 1605 1916 1674 haberet.
1970 1605 2158 1688 Quod
2211 1627 2367 1674 cum
2434 1606 2705 1675 audiret

166 1699 338 1784 Papa
386 1695 802 1784 Gregorius,
854 1695 1081 1763 statim
1153 1693 1574 1783 prohibitum
1632 1693 1817 1763 illud
1882 1695 1952 1762 in
2021 1694 2362 1784 generalis
2410 1694 2698 1765 Ministri

169 1784 486 1853 manibus
522 1782 867 1852 relaxavit.

246 1874 281 1960 ἓ
330 1878 497 1943 86.
550 1877 691 1941 Non
743 1885 968 1940 autem
1004 1869 1415 1940 venerabilis
1444 1869 1799 1941 Abbatissa
1851 1871 2152 1941 filiarum
2196 1893 2479 1941 suarum
2517 1871 2696 1942 solas

169 1962 432 2032 animas
484 1959 753 2049 diligit:
809 1959 1021 2029 immo
1068 1973 1133 2029 et
1183 1960 1488 2049 ipsarum
1533 1959 1969 2049 corpusculis
2003 1961 2179 2029 miro
2213 1960 2438 2029 studio
2474 1961 2701 2030 chari-

171 2050 316 2118 tatis
364 2049 672 2120 inservit.
727 2053 891 2118 Nam
945 2048 1220 2138 saepius
1270 2047 1337 2115 in
1389 2047 1640 2138 frigore
1691 2049 1906 2119 noctis
1955 2049 2231 2138 propria
2282 2071 2495 2119 manu
2544 2072 2701 2118 coo-

169 2138 332 2226 perit
380 2138 846 2219 dormienteS,
899 2150 964 2206 et
1009 2159 1183 2223 quas
1244 2136 1326 2204 ad
1407 2138 1698 2226 rigorem
1773 2159 2212 2206 communem
2283 2138 2694 2207 servandum
2785 2217 2791 2223 ,

165 2227 371 2296 ceruit
417 2226 796 2305 invalidas,
852 2225 1229 2296 remissiori
1281 2225 1750 2294 moderamine
1809 2225 1955 2295 vult
2001 2249 2149 2296 esse
2196 2240 2575 2296 contentas.
2632 2227 2698 2295 Si

165 2335 358 2400 quam
414 2316 724 2385 turbaret
771 2315 1049 2384 tentatio
1082 2369 1096 2394 ,
1151 2314 1206 2385 si
1258 2336 1493 2400 quam,
1550 2327 1624 2383 ut
1671 2313 1966 2394 assolet,
2021 2315 2371 2384 invaderet
2421 2316 2697 2384 moesti-

166 2402 342 2482 tud0,
402 2417 660 2476 secreto
708 2416 1012 2474 vocatam
1064 2425 1225 2472 cum
1269 2401 1593 2492 lacrymis
1632 2402 2046 2473 consolatur.
2086 2404 2471 2491 Aliquando
2505 2426 2577 2473 se
2611 2403 2695 2472 ad

166 2492 362 2581 pedes
413 2493 784 2584 prosternit
832 2493 1309 2572 moerentium,
1367 2505 1444 2562 ut
1491 2492 1818 2561 maternis
1870 2491 2224 2563 blanditiis
2258 2492 2525 2562 alleviet
2559 2494 2693 2562 vim

163 2580 430 2651 doloris.
497 2582 710 2669 Cujus
765 2581 1120 2665 beneficiis
1168 2580 1352 2649 filiae
1401 2602 1534 2649 non
1589 2581 1942 2670 ingratae,
2000 2582 2261 2671 seipsas
2312 2593 2448 2651 tota
2497 2581 2698 2650 devo-

167 2669 333 2740 tione
367 2672 781 2761 rependunt.
837 2670 1400 2760 complectuntur
1449 2669 1790 2755 siquidem
1842 2670 2160 2740 affectum
2205 2670 2594 2739 dilectionis
2627 2670 2696 2738 in

167 2772 389 2841 matre,
419 2774 816 2830 reverentur
841 2759 908 2828 in
937 2760 1260 2849 magistra
1290 2758 1732 2859 praelationis
1752 2758 2081 2841 officium,
2105 2771 2170 2828 et
2201 2761 2267 2828 in
2300 2759 2409 2828 Dei
2443 2779 2699 2849 sponsa

167 2849 697 2937 praerogativam
743 2848 1084 2919 mirantur
1117 2847 1555 2918 omnimodae
1596 2847 2000 2917 sanctitatis

240 2938 274 3022 ξ
323 2942 469 3009 22.
526 2936 994 3027 Quadraginta
1024 2937 1228 3005 annis
1276 2937 1344 3004 in
1399 2935 1619 3005 stadio
1669 2950 2070 3006 cucurrerat
2100 2936 2477 3006 altissimae
2528 2957 2699 3025 pau-

166 3028 451 3110 pertatis
500 3048 658 3095 cum
712 3047 867 3095 ecce
891 3026 1034 3114 jam
1088 3025 1173 3095 ad
1224 3024 1536 3093 bravium
1590 3046 1933 3115 supernae
1981 3025 2378 3105 vocationiS,
2422 3046 2698 3117 praece-

167 3109 348 3210 dente
370 3114 705 3204 languore
740 3113 1794 3204 multiplicis(appropinquabat.
1826 3115 2068 3204 Vigore
2099 3114 2439 3201 siquidem
2469 3114 2699 3183 carnis

171 3220 232 3267 in
276 3204 478 3272 annis
545 3203 895 3292 prioribus
941 3199 1323 3290 auj‘eritati
1375 3203 1830 3291 poenitentiae
1883 3206 2423 3283 succumbente,
2481 3215 2701 3290 poste-

169 3288 326 3359 riora
385 3306 695 3381 tempora
745 3293 1010 3381 occupa
1059 3292 1114 3359 Γ·
1158 3291 1524 3360 infirmitas
1556 3345 1570 3371 ,
1636 3305 1712 3361 ut
1764 3312 1939 3378 quae
1989 3314 2155 3361 sana
2219 3291 2427 3361 ditata
2479 3290 2701 3360 fuerat

174 3381 392 3449 merito
419 3402 736 3471 operum,
762 3380 1042 3449 infirma
1068 3379 1403 3449 ditaretur
1433 3379 1692 3448 meritis
1730 3382 2155 3468 passionum.
2189 3381 2448 3450 Etenim
2485 3382 2702 3449 virtus

174 3465 235 3562 ²⁶32
268 3470 656 3558 infirmitate
681 3471 1035 3570 perficitur
1060 3470 1156 3557 (2.
1200 3473 1345 3540 Cor.
1386 3491 1500 3548 xn,
1537 3468 1630 3555 9).
1668 3471 1879 3560 Cujus
1920 3468 2236 3537 miranda
2270 3469 2483 3537 virtus
2531 3491 2702 3555 qua-

178 3549 306 3652 liter
338 3558 647 3627 fueritin
687 3558 1088 3626 infirmitate
1140 3558 1456 3648 perfecta,
1515 3557 1678 3627 binc
1729 3558 2024 3627 maxime
2077 3558 2334 3645 liquet,
2388 3557 2570 3643 quod
2624 3558 2696 3625 in

174 3644 541 3730 vigintiocto
590 3668 931 3716 annorum
985 3644 1317 3736 languore
1358 3645 1630 3715 diutino
1682 3667 1816 3715 non
1856 3668 2176 3716 murmur
2219 3660 2513 3725 resonat,
2557 3667 2693 3714 non

173 3734 617 3812 querimonia:
654 3736 773 3805 sed
809 3756 1083 3823 semper
1113 3736 1202 3803 ab
1235 3735 1386 3823 ejus
1416 3755 1533 3804 ore
1573 3748 1891 3805 sanctum
1928 3735 2382 3822 colloquium,
2421 3754 2698 3821 semper

181 3825 452 3902 procedit
482 3824 662 3894 actio
695 3824 1101 3913 gratiarum.
1142 3824 1322 3893 Licet
1355 3836 1579 3892 autem
1616 3823 2135 3914 aegritudinum
2171 3822 2471 3913 pondere
2508 3843 2702 3910 prae-

177 3926 469 3993 gravata,
548 3912 869 3982 festinare
920 3912 1262 3981 videretur
1326 3911 1411 3981 ad
1464 3911 1718 3981 finem:
1777 3912 2037 4002 placuit
2088 3924 2312 3980 tamen
2384 3916 2553 3985 Deo,
2609 3908 2696 3979 ad

180 4004 417 4092 tempus
469 4000 643 4071 illud
687 4002 908 4089 ipsius
955 4001 1220 4070 obitum
1274 4021 1641 4081 reservare,
1696 4022 1832 4086 quo
1882 4000 1969 4070 ab
2010 4000 2307 4069 Ecclesia
2360 4004 2692 4078 Romana,

173 4080 379 4171 dignis
427 4090 681 4160 valeret
730 4090 1108 4160 bonoribus
1142 4089 1447 4158 exaltari.
1486 4093 1773 4166 Summo
1825 4110 2123 4175 namque
2171 4087 2497 4157 Pontifice
2531 4109 2692 4156 cum

176 4173 632 4248 cardinalibus
681 4201 940 4249 moram
977 4178 1284 4248 trahente
1319 4177 1663 4268 Lugduni,
1703 4199 1861 4246 cum
1916 4177 2108 4246 Clara
2144 4198 2305 4264 prae
2353 4176 2551 4245 solito
2585 4197 2699 4243 ur-

173 4263 303 4346 geri
353 4268 587 4337 morbo
635 4269 992 4358 coepisset,
1046 4266 1349 4336 filiarum
1405 4278 1667 4335 mentes
1715 4265 2022 4354 ingentis
2070 4264 2266 4334 dolor
2312 4264 2692 4334 cruciabat.

177 4350 310 4419 Mox
355 4356 629 4427 cuidam
682 4357 929 4426 Christi
975 4355 1293 4435 ancillae,
1336 4354 1441 4422 vir
1494 4354 1589 4422 ini
1640 4359 1771 4423 Deo
1820 4354 2102 4423 devotae
2149 4354 2233 4423 de
2285 4354 2698 4425 monasterio

177 4438 239 4503 S.
285 4443 493 4526 Pauli,
540 4444 827 4525 ,Ordinis
876 4449 941 4515 S.
1004 4443 1401 4524 Benedicti,
1443 4482 1454 4494 ·
1513 4442 1866 4531 ujusmodi
1949 4444 2119 4513 visio
2167 4443 2698 4514 demonstratur.
