3308 5004
184 351 334 418 Aua.
377 352 416 417 2
833 368 914 416 nr.
959 368 1016 415 s.
1068 366 1395 415 Atrnonso
1440 368 1509 415 n.
1561 368 1641 415 nx
1689 366 1946 416 ucomo
2491 350 2570 415 60
2609 302 2622 311 ο

179 453 526 527 sodalibus,
579 453 796 523 animi
846 451 1197 522 relaxandi
1252 452 1496 541 gratia,
1551 452 1621 521 in
1676 451 1909 521 villam
1960 450 2264 537 aliquam
2325 451 2668 522 deductus

181 541 415 623 fuisset,
468 541 707 612 ludere
764 541 1009 611 caeteri
1071 553 1501 610 statuerunt:
1555 541 1741 628 quod
1791 541 1916 609 etsi
1966 539 2187 610 facere
2244 540 2513 609 nolebat
2559 540 2668 610 Al·-

184 631 488 719 phonsuS‚
559 631 1075 721 importunitate
1140 644 1367 700 tamen
1435 631 1826 720 rogantium
1879 629 2145 709 victus,
2196 629 2281 697 ad
2357 628 2670 699 indentes

182 720 441 789 accessit.
496 725 782 788 Favente
834 720 931 788 illi
982 719 1254 788 fortuna
1290 771 1305 797 ,
1360 741 1545 788 unus
1591 741 1672 787 ex
1720 718 1950 799 sociis,
2005 718 2109 786 ira
2155 736 2360 804 atque
2410 718 2672 788 invidia

177 829 461 877 accensus
493 864 509 890 ‚
562 808 1040 898 blasphemam
1093 808 1160 876 in
1217 812 1424 876 Deum
1477 829 1710 877 vocem
1766 806 2071 895 protulit.
2139 811 2328 875 Hanc
2373 820 2452 875 ut
2511 806 2671 876 reli·

176 898 369 983 giosus
402 918 575 987 puer
620 896 906 976 audivit,
948 909 1134 965 tanto
1165 910 1523 985 correptus
1569 909 1671 966 est
1717 895 1973 975 dolore,
2015 909 2091 965 ut
2138 895 2367 965 statim
2406 896 2473 963 in
2514 916 2672 986 pro—

174 985 387 1055 ximam
436 985 758 1056 silvulam
803 999 1127 1054 oraturus
1177 1007 1248 1053 se
1296 986 1678 1075 reciperem
1731 984 1851 1054 ubi
1903 1001 2178 1073 vespere
2237 983 2510 1053 tandem
2564 986 2672 1053 in·

172 1086 374 1144 ventus
419 1087 545 1154 est,
601 1074 900 1164 genibus
950 1071 1373 1161 provolutus,
1430 1088 1635 1161 atque
1684 1073 1753 1141 in
1803 1073 2086 1144 extasim
2138 1093 2368 1142 coram
2412 1078 2480 1140 B.
2527 1073 2672 1141 Vir-

165 1163 317 1253 ginis
359 1164 673 1254 Imagine
706 1162 1123 1232 suavissime
1172 1176 1435 1262 raptus.

233 1254 264 1338 §
305 1257 385 1324 4.
436 1257 568 1322 Nec
600 1274 756 1321 vero
789 1252 1042 1321 interea
1079 1249 1386 1320 studium
1440 1251 1824 1320 litterarum
1875 1249 1963 1319 ab
1995 1271 2076 1318 eo
2118 1249 2502 1339 neglectum
2544 1261 2666 1319 est.

167 1343 304 1408 Cum
353 1341 596 1410 miram
666 1340 913 1409 mentis
967 1339 1388 1408 alacritatem
1453 1350 1695 1408 nactus
1743 1353 1922 1408 esset
1967 1337 2399 1438 Alphonsus,
2456 1350 2666 1428 pater,

165 1429 361 1497 statim
402 1452 485 1499 ac
521 1451 643 1518 per
673 1442 959 1499 aetatem
1005 1428 1224 1507 licuit,
1272 1428 1731 1517 magistrosei
1776 1426 2097 1512 praefecit
2130 1426 2438 1495 doctriua
2483 1447 2675 1516 prae·

160 1529 408 1588 stantes.
464 1523 727 1587 Horum
776 1518 1017 1597 ductu,
1077 1538 1249 1605 puer
1290 1517 1589 1605 primum
1642 1516 1727 1585 ad
1781 1515 2236 1585 humanitatis
2274 1514 2502 1585 studia
2549 1537 2673 1606 ap·

200 1602 699 1686 ulit'animum,
755 1605 1042 1675 multam
1080 1626 1356 1692 operam
1400 1626 1479 1674 eo
1512 1604 1895 1683 conferens,
1935 1618 2010 1673 ut
2060 1603 2368 1695 linguam
2408 1603 2668 1685 italam,

160 1627 412 1765 hunam
447 1748 469 1776 ,
541 1716 857 1785 graecam
908 1707 973 1763 et
1028 1694 1349 1784 gallicam
1415 1695 1537 1763 rite
1594 1694 1975 1774 edisceret;
2040 1693 2264 1763 cultor
2330 1706 2674 1782 praeterea

160 1785 468 1881 poetices:
523 1805 661 1869 qua
711 1785 781 1851 in
829 1796 973 1851 arte
1021 1795 1356 1869 quantum
1413 1782 1811 1872 profecerit,
1866 1795 2068 1852 testes
2117 1795 2318 1862 sunt,
2370 1803 2444 1850 ea
2497 1802 2676 1868 quae

157 1891 213 1937 tn
258 1872 581 1941 honorem
637 1872 1035 1962 praesertim
1085 1878 1253 1941 Jesu
1292 1893 1370 1940 ac
1406 1873 1656 1941 Mariae
1695 1871 2110 1961 composuit,
2158 1871 2495 1939 carmina.
2535 1875 2677 1939 Mu·

152 1960 314 2030 sicae
343 1961 551 2030 etiam
594 1983 675 2029 ac
715 1961 1045 2051 picturae.
1104 1982 1367 2029 necnon
1416 1973 1483 2030 et
1528 1961 2029 2030 architecturae
2079 1960 2295 2028 multo
2320 1980 2478 2028 cum
2517 1981 2674 2028 suc-

155 2069 331 2118 cessu
363 2050 649 2119 vacavit.
707 2048 1054 2127 Posthaec,
1109 2049 1479 2119 severiores
1526 2049 1937 2138 disciplinas
1985 2069 2073 2138 ag
2126 2069 2378 2128 ressu3‚
2417 2045 2503 2115 ad
2541 2060 2680 2117 stu·

152 2135 321 2206 dium
361 2138 841 2227 philosophiae
867 2151 931 2206 et
964 2138 1508 2216 mathematicae,
1545 2150 1610 2207 et
1694 2151 1992 2207 ostremo
2024 2159 2064 2206 a
2152 2136 2463 2206 studium
2490 2137 2676 2226 juris

120 2236 211 2293 'se
241 2240 447 2296 totum
486 2227 841 2296 convertit.
897 2248 933 2292 (ι
968 2232 1177 2295 Tanta
1227 2248 1428 2315 porro
1456 2228 1588 2328 <sic
1665 2228 1891 2327 egitur
1936 2226 2000 2294 in
2036 2224 2234 2294 Bulla
2263 2226 2416 2314 ejus
2456 2229 2675 2294 Cano-

153 2313 548 2404 nizationis)
607 2317 671 2383 in
714 2315 1047 2384 discendo
1096 2314 1416 2384 felicitate
1471 2316 1732 2407 ingenit
1781 2336 1952 2385 usus
1997 2326 2144 2387 est.
2198 2325 2276 2383 ut
2322 2312 2673 2383 decimum

154 2417 390 2473 sextum
447 2406 692 2474 aetatis
740 2426 1002 2473 annum
1061 2404 1167 2473 vix
1215 2404 1597 2493 ingressuS,
1641 2403 2022 2506 periclitata
2072 2401 2429 2482 doctrina,
2487 2402 2677 2471 Juris

154 2492 498 2581 utriusque
534 2492 837 2563 lauream
871 2494 1144 2584 egregia
1171 2515 1329 2562 cum
1366 2492 1569 2563 laude
1599 2506 1688 2563 stt
1714 2493 2029 2583 adeptus.
2078 2517 2101 2552 n
2140 2496 2356 2574 Quam
2395 2490 2672 2578 quidem

156 2582 459 2651 scientiae
500 2584 799 2672 copiam,
855 2595 991 2651 tam
1039 2596 1303 2651 mature
1342 2583 1780 2670 acquisitam,
1820 2602 2019 2649 nemo
2077 2579 2177 2649 fui
2231 2580 2508 2670 Neapoli
2557 2578 2676 2666 qui
2733 2631 2736 2634 -

153 2689 265 2738 non
298 2671 840 2760 adstupesceret.
885 2675 977 2738 Ex
1012 2670 1130 2739 illo
1171 2684 1498 2761 tempore,
1542 2671 1759 2760 patris
1793 2669 2121 2740 voluntati
2157 2670 2555 2747 obsecutuS,
2590 2666 2676 2736 ad

149 2779 371 2830 causas
405 2761 479 2828 in
526 2759 671 2829 foro
699 2759 1030 2828 dicendas
1074 2760 1388 2829 animum
1432 2781 1637 2831 suum
1688 2757 2043 2828 convertit.
2082 2761 2231 2840 Quo
2272 2758 2342 2825 in
2397 2778 2678 2826 munere

153 2865 254 2932 per
306 2848 547 2918 decem
615 2871 832 2918 annos
892 2847 1389 2938 gloriosissime
1450 2860 1762 2918 versatus
1829 2860 1976 2926 est;
2028 2860 2094 2914 et
2139 2847 2326 2914 omni
2395 2845 2674 2932 quidem

151 2946 431 3026 tempore
482 2951 623 3007 tarn
675 2937 1005 3016 feliciter,
1060 2949 1135 3006 ut
1181 2936 1447 3006 nullam
1514 2957 1828 3024 unquam
1893 2936 2079 3005 litem
2145 2935 2566 3023 perdiderit,
2620 2934 2679 3003 si

153 3022 445 3095 ultimam
491 3025 843 3115 exceperis
889 3026 973 3094 de
1028 3047 1162 3112 qua
1228 3047 1380 3096 mox
1433 3025 1800 3113 loquemur
1830 3079 1845 3102 ,
1899 3036 1963 3093 et
2015 3045 2191 3110 quae
2241 3024 2372 3113 ipsi
2422 3025 2680 3093 exitum

153 3109 370 3184 habuit
407 3114 1067 3184 fortunatissimum.
1106 3119 1334 3201 Neque
1366 3114 1626 3184 interea
1675 3126 1900 3182 tamen
1936 3113 2285 3183 commisit
2374 3124 2682 3182 raes-tan-

156 3200 439 3273 tissimus
474 3202 901 3281 adolescens,
944 3203 1183 3272 arduis
1226 3203 1382 3273 licet
1420 3201 1585 3272 foris
1622 3203 1813 3272 curis
1848 3200 2277 3293 negotiisque
2355 3202 2676 3283 istentuS,

155 3301 221 3355 ut
258 3312 294 3358 a
337 3290 635 3361 fervoris
682 3291 921 3360 semita
972 3291 1072 3359 vel
1124 3291 1337 3360 latum
1380 3313 1686 3381 unguem
1730 3291 2094 3361 recederet.
2153 3291 2399 3360 Nullus
2431 3312 2552 3370 e0,
2609 3290 2677 3358 in

153 3377 463 3450 evitandis
524 3380 783 3469 peccati
839 3380 1344 3461 occasionibus
1402 3379 1844 3470 vigilantior3
1898 3380 1957 3448 si
2007 3401 2165 3448 vero
2213 3379 2377 3466 quid
2430 3379 2683 3469 culpae

155 3465 207 3533 ei
244 3469 631 3550 excidisset,
672 3471 778 3537 vix
816 3467 954 3536 dici
1005 3481 1224 3557 potest
1268 3491 1477 3555 quam
1529 3489 1764 3537 amare
1804 3490 2029 3549 suam,
2068 3466 2227 3538 licet
2260 3469 2681 3538 levissimam

157 3572 399 3639 noxam,
439 3558 747 3626 defleret.
787 3557 943 3626 Piae
970 3558 1332 3647 juniorum
1370 3562 1732 3626 Doctorum
1778 3558 2297 3647 congregationi
2341 3557 2676 3634 adlectus,

156 3646 439 3715 omnium
484 3659 636 3715 erat
682 3645 1021 3715 sodalium
1056 3645 1430 3735 exemplar.
1469 3646 1789 3728 Quotidie
1822 3646 2164 3716 sacrificio
2204 3647 2446 3716 Missae
2476 3645 2683 3714 inter-

155 3748 321 3814 esse,
373 3739 823 3804 Sacramenta
877 3735 1339 3805 Poenitentiae
1386 3746 1451 3803 et
1499 3734 1974 3804 Eucharistiae
2019 3734 2410 3822 frequenter
2462 3732 2683 3804 susci-

159 3838 313 3904 pere,
364 3823 670 3892 multum
722 3823 1011 3892 orationi
1062 3845 1342 3903 vacare,
1399 3823 1801 3912 praesertim
1862 3823 1984 3893 ubi
2032 3824 2500 3914 Quadraginta
2547 3827 2683 3891 Ho-

161 3925 361 4004 rarum
440 3911 846 3982 solemnitas
919 3911 1255 4011 agebatur
1286 3967 1301 3992 ‚
1380 3912 1448 3980 in
1524 3911 1830 4001 publicis
1901 3914 2319 3984 nosocomiis
2388 3910 2682 4001 aegrotis

163 3999 510 4070 mservire:
575 4000 743 4069 haec
798 4021 1032 4069 omnia
1091 4015 1320 4070 noster
1365 4000 1749 4071 Advocatus
1799 4002 1866 4070 in
1920 4001 2189 4071 deliciis
2238 4000 2554 4070 habehat.
2607 4005 2684 4069 Et

169 4103 279 4186 quo
307 4089 537 4190 magis
569 4111 775 4158 suum
813 4089 1085 4178 pietatis
1118 4089 1447 4159 fervorem
1483 4091 1830 4172 excitaret,
1872 4090 2144 4160 nullum
2172 4110 2436 4168 annum
2471 4101 2684 4159 trans·

165 4189 292 4271 egit.
319 4199 493 4335 qbum
531 4177 918 4268 spiritualia
938 4178 1258 4248 exercitia
1284 4200 1441 4248 cum
1474 4191 1693 4269 patre,
1734 4179 1802 4248 in
1829 4178 2064 4265 aliqua
2099 4178 2423 4269 religiosa
2446 4177 2677 4260 domn,

174 4274 269 4331 nte
300 4286 338 4333 o
389 4266 550 4335 iret.

196 4353 267 4446 ⁹§
304 4360 390 4426 5.
446 4354 595 4425 Sub
641 4354 710 4424 id
759 4368 985 4426 tamen
1038 4368 1311 4446 tempus
1356 4355 1639 4437 accidit,
1693 4369 1771 4427 ut
1817 4354 2309 4426 defervesceret
2360 4355 2683 4444 aliquan-

176 4445 348 4529 usper
408 4443 485 4513 in
549 4443 898 4536 Alphonso
961 4455 1226 4516 tantum
1286 4446 1669 4517 sanctitatis
1730 4445 2066 4516 studium.
2133 4445 2358 4528 Ludi,
2411 4443 2683 4516 tametsi
