3308 5004
183 316 333 385 ΔΗΕ.
380 317 408 381 Ι
1059 333 1141 380 m:
1185 332 1279 381 ss.
1332 330 1735 381 nemesius
2504 316 2592 383 43

182 432 385 489 natura
448 417 802 489 infirmum
830 472 846 499 ,
925 431 1047 488 aut
1090 416 1274 505 quod
1333 416 1420 487 de
1465 428 1683 487 aetate
1729 416 1974 488 habuit
2012 416 2295 508 praeliis
2340 417 2586 489 inutile
2615 430 2685 490 et

185 508 610 587 immaturum,
654 520 777 576 aut
824 506 1253 577 necessariae
1282 505 1792 596 compassionis
1828 507 2199 577 affectum?
2246 512 2457 578 Mater
2494 509 2683 578 enim

184 607 310 678 erat,
354 596 535 667 unde
578 595 783 666 facile
829 618 981 666 eam
1034 595 1371 687 potuisset
1432 595 1501 664 in
1556 596 1914 668 tormentis
1977 596 2319 667 viscerum
2389 618 2683 668 suorum

186 687 405 755 vincere
450 698 758 756 materna
807 685 1052 776 pietas,
1088 684 1224 755 nisi
1256 684 1494 754 divina
1542 683 1817 775 pietatis
1842 684 2046 757 altior
2082 685 2302 755 virtus
2334 685 2516 756 virili
2549 684 2687 756 fide

183 774 325 845 anile
359 788 593 865 pectus
636 785 959 846 armaret.
1014 779 1260 865 Magna
1307 773 1561 843 etenim
1614 773 1784 843 haec
1835 773 2334 867 impedimenta
2380 787 2546 845 sunt
2594 773 2683 845 ad

180 885 301 933 eum
343 885 648 945 cursum,
704 863 908 953 cujus
955 863 1245 933 intentio
1293 884 1570 932 summa
1619 861 1885 954 indiget
1965 864 2271 934 atientiA.
2324 868 2464 955 Ego
2496 885 2679 947 vero,

173 964 229 1023 et
258 951 433 1024 aliud
486 952 594 1022 his
640 952 867 1054 majus
907 952 1125 1023 habeo
1172 952 1423 1033 dicere,
1487 973 1626 1039 quo
1666 964 1741 1021 ct
1790 951 1918 1021 viri
1945 974 2054 1022 em
2108 952 2423 1023 mulieris
2488 952 2687 1024 forti-

175 1040 472 1124 tudinem,
499 1055 565 1111 et
610 1041 935 1112 callidam
985 1040 1245 1112 diaboli
1280 1040 1656 1111 versutiam
1693 1040 2170 1113 consideretis.
2222 1041 2399 1125 Quid
2449 1054 2682 1113 autem

171 1129 277 1201 boc
317 1142 436 1212 est,
484 1130 856 1221 diligenter
901 1131 1243 1222 inspicere
1272 1129 1561 1200 debetis.

239 1222 271 1307 ὃ
309 1225 397 1291 0.
449 1219 807 1289 Immundi
853 1219 1215 1291 daemonis
1248 1218 1554 1309 maligna
1584 1216 1953 1299 calliditas,
2002 1240 2140 1290 non
2192 1218 2491 1311 primam
2523 1240 2677 1289 eam

171 1308 343 1378 traxit
383 1309 453 1377 in
503 1330 837 1400 agonem,
884 1308 1002 1379 sed
1056 1321 1210 1400 post
1279 1306 1461 1377 filios
1506 1329 1659 1377 eam
1734 1307 1931 1378 duxit
1978 1307 2047 1377 in
2118 1308 2480 1399 praelium.
2535 1313 2686 1391 Qua

167 1401 347 1467 causa
373 1397 502 1469 hoc
526 1412 555 1464 ‘c
604 1398 706 1469 Ob
755 1398 884 1467 hoc
916 1399 1175 1486 utique,
1227 1410 1306 1468 ut
1354 1396 1957 1488 praevenientibus
2004 1396 2077 1467 in
2116 1410 2492 1488 conspectu
2530 1397 2685 1487 ejus

166 1497 392 1577 septem
427 1486 737 1558 filiorum
779 1487 1167 1578 suppliciis,
1224 1485 1547 1577 dejiceret
1593 1507 1880 1556 sensum
1927 1485 2104 1575 eius,
2144 1507 2305 1556 cum
2359 1485 2681 1556 virtutem

165 1575 386 1645 mentis
421 1576 494 1645 in
545 1587 766 1646 matre
798 1574 1144 1667 fregisset,
1211 1576 1397 1645 varia
1446 1574 1856 1645 crudelitate
1894 1574 2264 1666 propositis
2302 1574 2363 1644 ei
2413 1587 2687 1665 specta-

164 1663 316 1734 culis
357 1664 675 1734 orbitatis
722 1687 911 1747 suae,
941 1687 1101 1735 cum
1118 1664 1265 1755 jam
1299 1677 1693 1735 enervatam
1727 1675 1795 1733 et
1830 1685 2121 1734 consum
2135 1677 2317 1752 ptam
2355 1662 2687 1735 maternis

161 1751 493 1825 doloribus
539 1752 744 1823 facile
776 1753 1096 1834 vinceret,
1127 1766 1193 1823 et
1224 1753 1292 1822 in
1345 1752 1619 1823 ruinam
1661 1751 1910 1823 mentis
1953 1752 2046 1821 im
2102 1752 2361 1823 clleret.
2400 1756 2498 1823 Ne
2520 1772 2686 1844 ergo

160 1840 269 1910 hoc
308 1842 729 1923 consideres,
780 1842 961 1931 quod
1016 1842 1204 1912 illata
1253 1840 1388 1913 sibi
1451 1853 1790 1911 tormenta
1841 1773 2264 1912 tolet-agant:
2338 1841 2458 1911 sed
2508 1840 2683 1911 illud

161 1930 354 2021 magis
392 1931 886 2023 contemplare,
930 1931 1116 2019 quod
1171 1945 1387 2000 mater
1418 1952 1539 2021 per
1575 1929 1894 2021 singulos
1934 1950 2178 2001 eorum
2223 1930 2540 2001 durioroe
2572 1951 2689 2001 su·

160 2019 431 2090 stinebat
473 2019 773 2092 dolores.
826 2026 903 2090 Et
939 2020 1070 2091 hoc
1108 2020 1296 2108 quod
1344 2019 1625 2099 dicitur,
1681 2019 1854 2088 bene
1896 2031 2152 2091 norunt
2256 2039 2687 2106 uaecumque

160 2108 448 2196 pariendi
484 2108 759 2180 dolores
805 2124 1116 2200 expertae
1165 2120 1330 2179 sunt
1378 2108 1751 2189 mulieres,
1805 2121 1871 2177 et
1922 2121 2174 2178 matres
2248 2121 2440 2178 actae
2487 2121 2678 2178 sunt.

157 2199 297 2267 llam
339 2220 551 2291 saepe
592 2211 659 2268 et
705 2212 966 2279 mater,
1023 2199 1082 2268 si
1130 2198 1354 2267 videat
1404 2196 1626 2267 filium
1696 2217 1908 2267 suum
1955 2196 2266 2267 febribus
2311 2209 2629 2268 aestuare
2664 2249 2681 2277 ,

159 2283 234 2355 ita
270 2288 714 2389 perturbatur
742 2286 802 2370 ⁴,
856 2299 932 2356 ut
977 2286 1259 2358 ardores
1304 2285 1497 2358 illius
1544 2286 1613 2354 in
1669 2307 1794 2356 sua
1825 2285 2065 2388 cupiat
2097 2287 2406 2357 membra
2457 2299 2686 2355 trans-

158 2371 319 2456 ferri,
369 2389 436 2447 et
486 2387 749 2446 mutata
800 2377 867 2446 in
905 2397 978 2446 se
1028 2376 1085 2447 si
1125 2375 1338 2467 possit
1369 2374 1829 2466 aegritudinis
1876 2397 2046 2456 vice,
2087 2373 2572 2445 transfundere
2614 2374 2683 2442 in

158 2460 349 2535 filium
385 2465 755 2537 sanitatem
795 2486 1022 2536 suam.
1077 2470 1177 2536 Ita
1214 2465 1544 2537 omnibus
1589 2463 1991 2535 domesticis
2026 2463 2253 2546 malis,
2303 2485 2444 2546 eas,
2509 2483 2690 2552 quae

156 2551 223 2622 de
262 2554 421 2624 filiis
471 2555 681 2625 malis
712 2554 1117 2636 acciderint,
1155 2576 1532 2625 aerumnas
1577 2553 1931 2644 graviores
1974 2552 2412 2635 existimant,
2465 2567 2531 2623 et
2579 2554 2688 2620 in-

158 2640 526 2715 tolerabiles
571 2644 784 2720 fiunt,
835 2664 1016 2731 quae
1076 2643 1317 2714 matris
1381 2654 1577 2713 sunt.-
1624 2642 1814 2713 Sicut
1867 2663 2032 2732 ergo
2081 2663 2235 2712 vera
2296 2642 2366 2711 in
2417 2640 2689 2712 cunctis

157 2732 469 2804 matribus
520 2732 680 2803 talis
728 2732 1033 2813 affectio,
1086 2733 1177 2802 ita
1278 2731 1530 2802 rofecto
1581 2729 2023 2800 manifestum
2066 2742 2206 2812 est,
2257 2730 2425 2818 quia
2473 2742 2717 2799 mater·

156 2815 250 2889 illa
294 2823 583 2912 gravius
629 2822 705 2892 in
750 2821 1120 2913 suppliciis
1173 2820 1217 2890 fi
1252 2821 1476 2891 iorum
1517 2820 1962 2910 puniebatur,
2013 2840 2226 2907 quam
2275 2820 2334 2889 si
2369 2821 2521 2910 ipsa
2571 2840 2691 2909 pa·

157 2916 415 2981 teretur:
455 2924 532 2982 et
579 2911 802 3002 major
832 2925 979 2981 erat
1021 2910 1249 3001 passio
1290 2909 1358 2979 in
1411 2908 1794 2980 visceribus
1844 2910 2108 2989 matris,
2156 2929 2368 2996 quam
2416 2908 2486 2978 in
2538 2929 2690 2978 cor-

158 2998 411 3097 poribus
457 2999 801 3071 filiorum.
840 3001 908 3071 Si
948 3022 1024 3069 er
1159 3000 1374 3069 unius
1420 2997 1549 3067 filii
1592 2998 1921 3068 nunciata
1968 3011 2072 3068 est
2117 2997 2504 3087 aegritudO,
2563 3017 2690 3067 au·

157 3083 282 3156 dnn
308 3089 453 3159 solo
487 3088 759 3159 viscera
794 3103 972 3159 mate
1062 3110 1102 3158 a
1150 3088 1545 3159 turbantur.

225 3177 257 3264 5
295 3180 368 3248 2.
421 3179 560 3248 Hic
589 3189 819 3247 autem
871 3199 1007 3248 non
1058 3198 1278 3247 unum
1315 3189 1584 3246 tantum
1620 3173 1927 3245 filiorum
1976 3175 2268 3246 chorum
2320 3197 2466 3244 uno
2512 3186 2687 3244 tem·-

161 3281 294 3350 pore
339 3268 605 3358 pariter
637 3266 931 3336 interfici
978 3266 1221 3336 videns
1270 3278 1512 3344 mater,
1571 3286 1696 3334 nec
1743 3265 1997 3335 absens
2047 3285 2169 3354 per
2198 3263 2520 3334 auditum
2572 3285 2692 3332 su-

158 3352 420 3442 scipiens
453 3354 823 3447 passiones
868 3377 1134 3426 eorum:
1188 3354 1305 3425 sed
1360 3374 1690 3446 praesens
1748 3352 1974 3423 oculis
2020 3352 2354 3424 hauriens
2400 3353 2692 3422 vulnera

160 3443 437 3514 omnium
468 3500 486 3528 ,
547 3466 725 3533 quos
773 3446 1173 3536 pepererat,
1225 3443 1391 3531 quid
1456 3464 1590 3513 non
1645 3441 2082 3533 patiebatur?
2127 3441 2485 3525 Quomodo
2550 3461 2688 3511 non

160 3529 375 3603 excidit
421 3546 658 3604 mente
692 3588 708 3615 ,
777 3554 1351 3621 unumquemque
1409 3531 1658 3602 horum
1726 3543 2071 3622 spectans,
2129 3529 2558 3611 horribilius,
2621 3541 2692 3600 et

160 3613 409 3692 dirersis
443 3643 835 3713 poenarum
870 3622 937 3692 in
1036 3622 1172 3692 niis
1199 3620 1523 3700 cruciari,
1558 3634 1624 3689 et
1653 3642 1776 3710 per
1804 3618 2181 3691 incisiones
2213 3620 2689 3689 membrorum

164 3715 275 3777 tam
334 3711 650 3792 crudeli,
694 3732 905 3799 quam
983 3724 1139 3781 enta
1191 3723 1406 3780 morte
1453 3709 1833 3780 consumi?
1890 3708 2250 3793 Quomodo
2306 3720 2441 3777 tam
2495 3706 2692 3778 ferali

162 3801 527 3883 spectaculo
579 3821 713 3869 non
781 3798 1213 3870 dissilierunt
1274 3799 1537 3869 viscera
1605 3797 1800 3888 ejus,
1852 3812 1918 3868 et
1970 3797 2342 3888 desumpto
2407 3816 2694 3886 corpore

164 3884 360 3979 anima
390 3910 688 3960 excussa
723 3891 877 3958 est?
921 3887 1280 3972 Quomodo
1332 3909 1468 3956 non
1499 3900 1566 3957 et
1599 3887 1829 3987 prima
1877 3885 2008 3956 filii
2043 3886 2363 3978 passione
2398 3886 2467 3954 in
2495 3886 2692 3975 ipsos

257 3995 345 4056 cs,
406 3977 678 4067 quibus
726 3977 917 4049 filius
963 3979 1428 4059 cremabatur,
1479 3975 1796 4056 insiluit,
1832 3990 1911 4045 ut
1956 3974 2186 4046 simile
2233 3974 2334 4044 vel
2385 3973 2690 4046 deterius

204 4061 424 4160 ‘iorum
480 4066 969 4156 spectaculum
1030 4065 1449 4156 compendio
1491 4064 1734 4134 mortis
1766 4063 2128 4135 evaderet?
2166 4068 2331 4134 Nam
2384 4063 2511 4134 etsi
2583 4085 2696 4132 sa-

169 4164 323 4233 piens
350 4169 559 4236 esset,
608 4156 726 4226 sed
779 4167 997 4226 mater
1036 4168 1220 4226 erat:
1272 4155 1400 4225 etsi
1448 4175 1695 4223 amans
1744 4157 1981 4234 Deum,
2036 4151 2152 4224 sed
2201 4173 2484 4222 carnem
2538 4173 2696 4243 por-

172 4238 346 4311 tubat:
379 4246 511 4316 etsi
564 4257 885 4336 prompta
931 4258 1111 4315 esset
1170 4242 1329 4326 fide,
1381 4255 1682 4313 attamen
1732 4240 2147 4312 foemineum
2211 4262 2449 4312 sexum
2505 4262 2697 4334 gere-

176 4320 291 4398 bat:
333 4334 461 4404 etsi
506 4333 658 4405 zelo
696 4332 974 4404 divinae
1017 4333 1289 4424 pietatis
1342 4344 1659 4423 prompta
1708 4329 2015 4413 ferveret,
2073 4329 2191 4401 sed
2235 4343 2303 4400 et
2344 4343 2696 4401 maternae

214 4449 233 4477 ‘
250 4454 423 4501 Immo
441 4459 529 4502 mit
551 4471 766 4512 corpore,
787 4464 969 4512 quanto
986 4459 1256 4501 infirmetur
1271 4456 1438 4500 matris
1457 4456 1660 4500 animus.
