3308 5004
214 321 409 391 Avo.
460 323 549 389 20
874 341 955 390 nn
996 341 1057 390 s.
1108 340 1440 391 manno
1484 342 1630 390 ΑΒ.
1682 338 2073 391 munna.
2543 325 2679 394 489

212 447 496 498 omnem
547 426 939 508 hominem,
991 426 1109 513 qui
1157 447 1639 528 quaecumque
1684 427 1867 498 dona
1910 427 2033 497 Dei
2079 438 2428 499 recusaret
2489 440 2776 517 propter·

212 516 509 607 gratiam
560 515 699 597 Dei,
752 515 1118 585 inimicum
1165 537 1315 586 esse
1361 528 1625 606 gratiae
1671 516 1812 598 Dei,
1863 530 1929 585 et
1977 515 2262 606 Spiritui
2311 521 2560 587 Sancto
2601 517 2775 587 resi·-

212 620 395 676 stere
428 605 940 693 pronunciaret.
973 603 1278 674 Adducta
1311 604 1657 692 siquidem
1694 604 1984 676 historia
2022 604 2109 675 de
2140 605 2362 675 Eliseo
2404 605 2761 708 propheta,

210 708 281 764 et
320 694 496 763 filiis
543 693 1063 784 prophetarum,
1114 715 1273 764 cum
1320 716 1403 763 eo
1451 693 1521 762 in
1562 693 1863 765 desertis·
1892 692 2061 765 loeis
2095 693 2301 763 vitam
2336 695 2766 770 eremuicam

212 783 660 864 ducentibus,
711 781 1062 870 quomodo
1107 781 1511 870 aliquando,
1565 804 1737 852 oum·
1782 782 1868 852 ad
1920 782 2159 852 horam
2195 782 2584 852 refectionis
2616 804 2772 853 ven·

222 885 364 941 tum
415 884 626 952 esset,
664 869 1060 941 amaritudo
1105 870 1444 959 quaedam
1498 871 1740 941 mortis
1788 871 1858 940 in
1906 870 2041 940 olla
2076 871 2493 941 decoctionis
2522 893 2763 942 eorum

218 962 517 1042 inventa,
557 982 678 1050 per
701 960 1022 1030 virtutem
1056 960 1170 1030 Dei
1202 951 1270 1029 el
1305 959 1769 1030 ministerium
1856 960 2177 1050 rophetae
2202 981 2320 1049 per
2345 960 2767 1032 infusionem

213 1048 563 1120 farinulae
607 1047 966 1119 dulcorata
1012 1061 1156 1120 est:
1208 1048 1381 1128 oua,
1435 1049 1705 1135 inquit,
1754 1048 1892 1118 ola
1944 1047 2066 1118 illa
2122 1048 2518 1139 prophetica
2549 1103 2565 1128 ‚
2627 1047 2768 1119 olla

213 1151 439 1208 vestra
485 1151 612 1218 est,
668 1136 765 1207 nil
816 1137 884 1206 in
936 1159 1046 1217 se,
1102 1139 1237 1206 nisi
1283 1136 1822 1210 amaritudinem
1874 1137 2176 1207 habens:
2227 1137 2532 1207 farinula
2579 1158 2763 1219 vero,

204 1226 749 1296 amaritudinem
804 1227 873 1296 in
924 1226 1366 1296 dulcedinem
1415 1239 1844 1307 convertens,
1896 1226 2115 1316 gratia
2166 1225 2280 1296 Dei
2328 1247 2626 1316 operans
2665 1238 2772 1296 est

206 1317 285 1383 in
339 1315 555 1385 vobis.
610 1315 872 1386 Sumite
916 1336 1083 1407 ergo
1128 1315 1353 1385 securi
1399 1330 1466 1384 et
1509 1337 1670 1384 cum
1722 1314 2102 1405 gratiarum
2144 1314 2413 1385 actione
2451 1314 2547 1394 id,
2581 1313 2767 1401 quod

201 1424 377 1474 eum
431 1404 840 1474 naturaliter
887 1405 1123 1475 minus
1166 1418 1402 1494 aptum
1445 1403 1651 1473 fuerit
1685 1402 1931 1475 usibus
1962 1402 2313 1484 humanis,
2348 1402 2432 1473 ad
2477 1403 2774 1493 hocoper

200 1494 509 1582 gratiam
563 1494 678 1562 Dei
727 1494 970 1563 vestris
1016 1505 1120 1563 est
1166 1493 1414 1563 usibus
1442 1504 1780 1582 aptatum,
1820 1504 1899 1561 ut
1925 1492 2220 1561 utamini
2252 1507 2320 1570 et
2351 1490 2759 1562 comedatis.

196 1586 290 1652 In
341 1603 482 1669 quo
529 1581 590 1650 si
638 1581 1112 1653 inobedientes
1148 1594 1215 1652 et
1249 1580 1594 1651 increduli
1635 1581 2078 1672 permanetiS,
2119 1581 2439 1653 resistitis
2476 1580 2768 1673 Spiritui

199 1676 493 1751 Sancto,
538 1684 602 1740 et
634 1670 895 1761 gratiae
926 1672 1079 1762 eJus
1117 1669 1373 1762 ingrati
1403 1671 1591 1741 estis.

298 1762 340 1847 §
385 1764 555 1831 8⁰.
608 1765 790 1830 Haec
837 1782 1001 1852 ergo
1049 1759 1180 1830 fuit
1226 1761 1296 1829 in
1351 1774 1652 1849 tempore
1701 1756 1822 1827 illo
1859 1757 1992 1828 sub
2031 1757 2286 1828 Abbate
2316 1758 2667 1832 Bernardo
2701 1769 2772 1829 et

194 1848 627 1938 magisterio*
665 1849 816 1939 ejus
849 1850 920 1919 in
952 1847 1342 1919 clarissima
1373 1861 1441 1918 et
1477 1847 1892 1918 charissima
1932 1846 2108 1916 valle
2141 1847 2261 1916 illa
2290 1847 2766 1937 spiritualium

195 1936 457 2008 schola
504 1938 932 2008 studiorum:
988 1938 1103 2008 bic
1149 1936 1373 2008 fervor
1419 1936 1761 2028 regularis
1806 1936 2244 2026 disciplinae,
2279 1937 2517 2006 omnia
2553 1957 2634 2006 eo
2667 1935 2768 2006 fa-

193 2027 439 2096 ciente
481 2040 549 2096 et
594 2026 1003 2109 ordinante,
1055 2039 1123 2096 et
1189 2024 1730 2097 tabernaculum·
1771 2029 1902 2095 Deo
1959 2026 2031 2094 in
2088 2039 2304 2095 terrae
2357 2025 2766 2096 aedificante

193 2115 601 2185 secundum
650 2115 1024 2206 exemplar,
1076 2115 1261 2203 quod
1301 2114 1365 2184 ei
1404 2114 1474 2183 in
1520 2127 1751 2184 monte
1785 2126 2142 2185 ostensum
2183 2126 2310 2194 est,
2354 2136 2514 2183 oum
2552 2115 2621 2182 in
2658 2135 2767 2184 so-

199 2203 517 2274 litudine
564 2205 993 2275 Cisterciensi
1040 2226 1203 2274 oum
1253 2208 1387 2274 Deo
1434 2204 1506 2273 in
1556 2202 1742 2273 nube
1788 2202 2149 2272 babitaret.
2194 2208 2273 2272 Et
2311 2203 2573 2273 utinam
2613 2215 2766 2292 post

193 2292 611 2362 rudimenta
661 2294 925 2384 primae
968 2293 1122 2383 eju‘s
1147 2292 1691 2363 conversationis
1721 2303 1884 2362 oum
1921 2291 2350 2371 hominibus,
2394 2304 2756 2380 postquam

191 2380 454 2450 didicit
499 2381 938 2469 aliquatenus
983 2396 1050 2452 et
1095 2382 1453 2452 consuevit
1500 2381 1708 2451 homo
1762 2401 1922 2450 cum
1982 2379 2389 2450 hominibus
2440 2401 2593 2450 esse
2626 2433 2642 2457 ,
2700 2392 2768 2449 et

190 2469 595 2562 intelligere
625 2493 836 2562 super
864 2491 1159 2562 egenum
1190 2481 1257 2541 et
1288 2491 1689 2562 pauperem,
1725 2468 2209 2559 compatiendo
2237 2467 2772 2539 infirmitatibus

188 2560 617 2631 hominum:
671 2561 938 2631 utinam
987 2582 1060 2630 se
1103 2561 1290 2630 circa
1336 2559 1785 2650 semetipsum
1839 2557 2042 2627 talem
2090 2557 2541 2638 exhibuisset,
2593 2579 2764 2644 qua-

190 2649 345 2718 lem
394 2648 581 2718 circa
613 2661 939 2730 caeter03‚
978 2663 1115 2720 tam
1146 2648 1554 2739 benignum,
1596 2662 1735 2718 tam
1768 2646 2171 2729 discretum,
2208 2659 2347 2717 tam
2380 2645 2759 2717 solicitum.

190 2738 329 2807 Sed
388 2737 745 2819 continuo,
797 2758 956 2807 cum
1007 2738 1096 2807 ab
1135 2758 1413 2807 annuae
1450 2736 1643 2807 illius
1677 2735 2110 2806 obedientiae
2143 2734 2428 2805 vinculo
2462 2734 2760 2815 solutus,

191 2838 262 2895 et
312 2826 437 2894 sui
476 2826 660 2915 juris
705 2827 987 2896 effectus
1033 2838 1158 2908 est,
1210 2825 1395 2897 velut
1440 2848 1649 2896 arcus
1695 2824 2059 2909 distentus,
2112 2824 2197 2894 ad
2253 2823 2623 2914 pristinum
2668 2823 2763 2893 ri·

192 2934 477 3005 gorem‚
529 2927 597 2984 et
642 2916 824 2985 sicut
870 2928 1136 2984 torrens
1182 2914 1500 2985 detentus
1545 2928 1615 2985 et
1651 2913 2013 2993 dimissus,
2066 2912 2154 2983 ad
2201 2912 2457 3004 prioris
2509 2934 2769 2983 cursus

194 3002 787 3073 consuetudinem
839 3025 1154 3076 reversus
1200 3016 1339 3074 est:
1392 3004 1595 3092 quasi
1643 3016 1960 3093 repetens
2005 3023 2047 3071 a
2094 3003 2465 3091 semetipso
2507 3022 2766 3092 poenas

192 3091 525 3162 diutinae
568 3091 760 3162 illius
805 3093 1081 3178 quietis,
1132 3104 1199 3162 et
1244 3092 1502 3162 damna
1551 3091 1810 3163 laboris
1857 3091 2261 3162 intermissi.
2317 3090 2592 3160 Videres
2640 3090 2763 3160 bo-

190 3182 467 3249 minem
522 3180 934 3251 imbecillem
984 3193 1054 3251 et
1097 3180 1326 3251 adhuc
1376 3181 1816 3272 languidum,
1858 3181 2096 3251 conari
2134 3194 2200 3249 et
2228 3202 2317 3271 ag
2368 3179 2764 3267 rediquae-

191 3289 511 3355 cumque
557 3269 777 3347 vellet,
834 3271 1070 3341 minus
1115 3270 1554 3340 considerare
1599 3267 1769 3358 quid
1824 3282 2073 3359 posset,
2124 3282 2191 3338 et
2237 3291 2314 3339 so
2347 3268 2583 3338 initum
2691 3289 2764 3338 ro

190 3358 536 3427 omnibus
566 3412 581 3437 ,
632 3359 820 3427 circa
867 3380 940 3428 se
990 3359 1505 3459 negligentemz
1554 3358 1842 3428 omnino
1890 3358 1963 3427 in
2009 3358 2343 3446 omnibus
2388 3356 2550 3427 aliis
2592 3378 2637 3425 o
2688 3378 2761 3426 e·

198 3445 757 3528 dientissimum,
810 3446 927 3517 sed
977 3446 1064 3516 de
1110 3468 1338 3538 seipso
1385 3448 1494 3516 vix
1532 3446 1910 3534 aliquando
1941 3468 2066 3518 seu
2093 3446 2440 3526 charitati,
2484 3466 2609 3514 seu
2645 3467 2765 3535 po·-

196 3535 432 3604 testati
491 3534 951 3604 obedientem.
1020 3536 1555 3626 Semper-enim
1624 3536 1858 3626 priora
1922 3557 2052 3607 sua
2113 3534 2310 3604 nulla
2373 3547 2760 3625 reputans,

201 3624 472 3711 maJora
522 3623 980 3705 moliebatur,
1032 3636 1099 3693 et
1143 3624 1415 3695 ad·non
1473 3624 1903 3714 parcendum
1968 3623 2291 3713 corpori,
2355 3623 2443 3692 ad
2503 3622 2764 3693 studiis

201 3711 642 3799 spiritalibus
691 3713 904 3781 robur
948 3711 1389 3783 addendum:
1433 3734 1694 3803 corpus
1721 3734 1955 3790 suum,
1990 3713 2202 3782 variis
2231 3710 2764 3781 infirmitatibus

206 3817 329 3885 per
378 3821 450 3871 se
496 3813 952 3880 attenuatum,
995 3801 1284 3891 jeiuniis
1331 3804 1620 3891 insuper
1664 3812 1734 3871 et
1766 3800 2025 3891 vigiliis
2065 3800 2216 3871 sine
2245 3799 2764 3870 intermissione

206 3888 579 3959 atterendo.
632 3890 886 3960 Orabat
930 3904 1122 3960 stans
1168 3890 1282 3960 die
1329 3904 1537 3961 noctu
1584 3911 1697 3971 ue,
1751 3888 1972 3959 donec
2010 3888 2356 3969 deficeret,
2394 3886 2614 3958 donec
2644 3908 2760 3976 ge·

210 3992 347 4044 nua
393 3979 544 4067 ejus
576 3978 927 4048 infirmata
957 4000 999 4049 a
1025 3978 1319 4068 jejunio,
1354 3992 1421 4049 et
1456 4000 1537 4067 pe
1629 4001 1664 4049 s
1693 3979 1848 4068 eJus
1875 3999 1916 4045 a
1947 3976 2180 4047 labore
2209 3976 2458 4056 inflati,
2500 3996 2760 4065 corpus

208 4065 547 4136 sustinere
598 4089 731 4136 non
784 4081 1086 4158 possent.
1140 4067 1351 4137 Multo
1388 4082 1696 4156 tempore
1720 4079 1790 4137 et
1816 4087 2024 4153 quam
2059 4063 2192 4136 diu
2221 4064 2572 4164 oecultum
2606 4083 2758 4136 esse

209 4155 452 4237 potuit,
508 4155 736 4225 cilicio
781 4156 865 4225 a'd
916 4177 1195 4226 carnem
1246 4177 1420 4226 usus
1464 4168 1611 4224 est:
1659 4156 1783 4226 ubi
1832 4175 1992 4223 vero
2027 4154 2196 4223 sciri
2236 4152 2554 4235 advertit,
2586 4173 2758 4223 con·

206 4237 408 4309 tinuo
450 4243 624 4313 illud
675 4244 1035 4335 abjiciens,
1082 4244 1169 4314 ad
1208 4244 1613 4315 eommunia
1643 4241 2103 4314 seconvertit.
2139 4242 2348 4312 Cibus
2377 4243 2555 4332 ejus,
2590 4262 2754 4312 cun

206 4342 393 4411 pane
435 4329 574 4413 lac,
644 4333 747 4403 vel
805 4354 983 4422 aqua
1032 4332 1454 4404 decoctionis
1514 4331 1997 4421 leguminum,
2065 4330 2168 4400 vel
2222 4330 2450 4432 pultes
2513 4342 2754 4413 erant,

210 4415 457 4498 quales
510 4420 894 4494 infantibus
953 4422 1110 4495 fieri
1176 4421 1421 4495 solent.
1474 4424 1750 4491 Caetera
1787 4417 1918 4490 -vel
1976 4419 2348 4493 infirmitas
2403 4419 2559 4513 ejus
2613 4439 2760 4495 uon
