3308 5004
598 323 727 388 238
993 340 1073 388 nn
1121 339 1212 387 SS.
1267 340 1377 388 mi.
1434 339 1612 389 sino
1661 341 1757 387 rr.
1809 342 1886 388 nr
1933 338 2289 390 munenrio
2339 341 2561 388 mm
2740 323 2926 389 AUG.
2963 323 3046 388 lo

498 420 712 494 dixit:
767 419 1033 490 Elevate
1063 441 1223 490 eum
1278 442 1317 488 a
1363 433 1564 500 terra,
1623 432 1689 489 et
1717 420 2061 578 ,subf'icite
2109 420 2330 491 oculis
2388 422 2541 510 ejus
2588 442 2794 491 omne
2828 442 3051 511 genus

508 521 1028 580 tormentorum.
1079 508 1335 578 Allatae
1404 509 1617 600 igitur
1662 522 1828 579 sunt
1901 510 2174 579 aminae
2242 509 2540 588 ferreae,
2621 521 2686 578 et
2737 509 2928 590 lecti,
2984 522 3053 580 et

508 599 927 689 plumbatae,
962 611 1029 668 et
1071 596 1339 679 cardui,
1399 598 1692 669 et.·dixit
1743 598 1805 668 ei
1863 599 2108 670 Decius
2156 603 2444 668 Caesar:
2513 597 2837 668 Sacrifica
2883 598 3047 679 diis,

504 687 761 774 alioqui
818 686 1007 756 omni
1055 686 1183 757 hoc
1230 708 1485 777 genere·
1533 699 2030 757 tormentorum
2090 709 2346 777 corpus
2411 700 2611 756 tuum
2664 687 3046 756 vexabitur.

503 781 749 846 Beatus
778 775 1184 846 Laurentius
1237 775 1431 845 dixit:
1480 775 1803 857 «Infelix,
1863 776 1985 845 has
2016 797 2142 866 ego
2182 776 2425 866 epulas
2469 797 2741 864 semper
2787 776 3048 865 optavi.

504 869 683 936 Haec
706 865 895 935 enim
949 864 1074 935 tibi
1110 863 1388 950 quidem
1442 876 1780 934 tormenta
1819 878 2002 945 sunt,
2059 865 2259 936 nobis
2292 886 2446 933 vero
2472 864 2757 955 gloria.»
2806 864 3052 935 Decius

506 958 749 1024 Caesar
777 953 916 1023 ait:
962 953 1030 1024 Si
1070 975 1233 1043 ergo
1272 953 1442 1022 haec
1490 953 1683 1023 vobis
1730 952 1951 1044 gloria
1999 967 2201 1034 sunt,
2253 953 2366 1023 dic
2420 952 2653 1032 nobis,
2708 953 2828 1022 ubi
2878 951 3051 1022 deli·

504 1053 764 1113 tescant
810 1042 1075 1113 similes
1142 1042 1240 1112 tui
1289 1041 1555 1131 profani
1586 1097 1602 1120 ‚
1667 1055 1744 1112 ut
1788 1042 1995 1116 simul
2052 1041 2457 1132 epulemini.
2513 1046 2583 1110 B.
2635 1042 3047 1112 Laurentius

504 1131 882 1222 respondit:
918 1130 1066 1200 cllli
1102 1130 1249 1220 jam
1301 1130 1510 1200 semel
1544 1129 1791 1200 dedere
1839 1130 2121 1200 nomina
2160 1152 2290 1200 sua
2334 1130 2546 1211 coelo,
2581 1144 2647 1201 et
2683 1152 2922 1201 eorum
2976 1142 3051 1202 tu

503 1242 575 1292 es
609 1220 943 1311 indignus
975 1230 1418 1309 conspectu.»
1448 1225 1618 1288 Tum
1660 1219 1905 1288 Decius
1938 1223 2181 1289 Caesar
2199 1219 2412 1309 jussit
2444 1220 2717 1290 beatum
2749 1225 3051 1289 Lauren-

505 1310 674 1380 tium
712 1309 1017 1378 vinctum
1050 1307 1309 1378 catenis
1356 1307 1425 1376 in
1456 1308 1793 1408 palatium
1829 1307 2080 1377 Tiberii
2123 1308 2311 1388 duci,
2353 1322 2419 1379 et
2467 1308 2609 1378 illic
2657 1309 2811 1396 ejus
2856 1320 3051 1398 gesta

503 1397 768 1468 audiri:
813 1396 947 1466 sibi
997 1418 1154 1466 vero
1202 1397 1271 1465 in
1325 1396 1610 1467 basilica
1639 1396 1829 1466 Jovis
1878 1396 2181 1468 tribunal
2228 1398 2481 1488 parari,
2519 1411 2723 1484 atque
2771 1399 3049 1467 beatum

504 1485 948 1558 Laurentium
1026 1486 1488 1575 praesentari,
1560 1486 1676 1555 cui
1732 1498 1797 1555 et
1855 1486 2071 1555 dixit:
2152 1487 2394 1555 Indica
2458 1487 2659 1555 nobis
2730 1485 3050 1574 profanos

504 1596 768 1645 omnes,
816 1586 892 1666 ut
937 1574 1176 1644 civitas
1221 1596 1431 1663 repur
1479 1586 1667 1643 etur:
1712 1585 1776 1644 et
1827 1589 1898 1644 tu
1930 1574 2243 1645 sacrifica
2291 1575 2449 1656 diis,
2506 1597 2628 1644 nec
2676 1574 2847 1643 velis
2890 1596 3051 1643 con-

504 1664 716 1734 fidere
754 1664 826 1732 in
862 1663 1206 1733 thesauris
1236 1684 1409 1750 quos
1491 1665 1656 1734 abes
1687 1663 2152 1734 absconditos.
2193 1668 2436 1735 Beatus
2477 1663 2886 1735 Laurentius
2915 1662 3046 1732 ait:

501 1758 682 1842 «Ego
733 1774 888 1822 vero
933 1751 1232 1832 confid0,
1285 1764 1351 1821 et
1397 1774 1689 1822 securus
1730 1775 1884 1823 sum
1943 1752 2028 1821 de
2076 1753 2492 1822 thesauris.»
2533 1753 2774 1822 Decius
2807 1757 3052 1826 Caesar

502 1841 714 1912 dixit:
768 1846 972 1910 Putas
1016 1861 1100 1910 ne
1147 1840 1490 1930 thesauris
1545 1853 1610 1910 et
1660 1841 1954 1931 pecunia
2003 1854 2066 1911 te
2111 1865 2148 1910 a
2200 1841 2557 1912 tormentis
2613 1840 3049 1931 redemptum

503 1931 635 2000 iri?
680 1935 751 1998 Β.
784 1929 1193 1999 Laurentius
1223 1930 1611 2019 respondit:
1658 1936 1840 2020 «Ego
1878 1931 2126 2000 Christi
2163 1930 2505 2011 famulus,
2555 1951 2841 2001 securus
2889 1949 3048 2000 sum

502 2019 606 2088 de‘
637 2018 979 2089 thesauris
1028 2017 1511 2098 coelestibus.»
1546 2020 1789 2089 Decius
1839 2023 2081 2089 Caesar
2139 2019 2241 2089 ira
2275 2020 2748 2089 inflammatus
2779 2072 2795 2097 ,
2838 2017 3053 2107 jussit

503 2129 659 2178 eum
698 2106 962 2177 nudum
996 2106 1298 2177 fustibus
1326 2107 1544 2176 caedi.
1589 2113 1662 2177 Β.
1717 2108 2123 2178 Laurentius
2154 2129 2313 2177 cum
2365 2108 2785 2186 caederetur,
2822 2106 3051 2176 excla-

504 2218 704 2268 mans
767 2195 863 2266 ait
916 2195 1001 2265 ad
1054 2195 1376 2266 Decium:
1445 2219 1482 2262 «
1514 2201 1684 2266 Ecce
1735 2197 1944 2266 miser
1978 2252 1992 2277 ,
2047 2195 2150 2266 vel
2201 2197 2405 2266 modo
2450 2217 2832 2286 cognosce,
2885 2195 3050 2282 quia

505 2285 859 2375 triumpho
892 2306 970 2354 ex
1019 2284 1364 2358 thesauris
1403 2285 1676 2367 Christi,
1731 2307 1856 2354 nec
1903 2285 2122 2355 sentio
2172 2298 2507 2355 tormenta
2558 2299 2755 2354 tua.»
2809 2284 3051 2353 Decius

505 2379 750 2445 Caesar
783 2373 998 2443 dixit:
1051 2379 1303 2464 Augete
1341 2372 1578 2454 fustes,
1633 2386 1701 2444 et
1746 2374 1833 2444 ad
1884 2374 2095 2445 latera
2158 2375 2309 2462 eJus
2365 2374 2707 2464 applicate
2755 2372 3051 2442 laminas

503 2464 756 2534 ferreas
804 2461 1199 2534 candentes.

590 2555 626 2640 ξ
677 2557 846 2625 21).
899 2558 1070 2622 Tum
1105 2574 1260 2622 vero
1289 2552 1385 2622 ait
1418 2554 1661 2623 beatus
1697 2554 2139 2622 Laurentius:
2186 2576 2220 2619 «
2246 2553 2530 2622 Domine
2560 2558 2726 2621 Jesu
2760 2550 3041 2629 Christe,

505 2647 680 2712 Deus
740 2641 825 2711 de
866 2646 1022 2722 Deo,
1083 2642 1406 2711 miserere
1462 2642 1636 2710 mihi
1686 2663 1878 2711 servo
1932 2654 2085 2711 tuo:
2139 2642 2304 2728 quia
2351 2653 2739 2719 accusatuS,
2787 2659 2919 2707 non
2986 2650 3050 2707 te

503 2731 789 2821 negavi:
860 2730 1369 2820 interrogatus,
1443 2742 1503 2800 te
1553 2729 1921 2800 Dominum
1989 2735 2225 2799 Jesum
2286 2729 2628 2799 Christum
2689 2726 3044 2798 confessus

502 2842 733 2889 sum.»
787 2819 1306 2889 DeciusCaesar
1345 2819 1713 2910 praecepit.
1767 2830 1844 2887 ut
1876 2840 1917 2887 a
1964 2830 2142 2888 terra
2192 2817 2552 2899 levaretur,
2606 2816 2914 2902 dixitque
2944 2815 3042 2884 ei:

503 2908 710 2983 Video
759 2908 929 2976 inte
968 2919 1183 2977 artem
1238 2907 1617 2996 magicam:
1664 2905 1780 2975 sed
1833 2906 2110 2975 tandem
2164 2907 2502 2976 sacrifica.
2559 2906 2709 2976 Scio
2761 2905 3052 2975 illudere

504 3009 567 3066 te
606 3007 943 3065 tormenta
981 3008 1123 3065 arte
1156 2996 1447 3085 magica,
1491 2995 1610 3066 sed
1659 2994 1830 3063 mihi
1867 3017 2001 3064 non
2063 2994 2338 3065 illudes.
2378 3002 2608 3065 Testor
2659 2995 2825 3064 deos
2856 2994 3051 3063 deas-

502 3106 660 3171 que,
705 3097 823 3153 aut
861 3083 1310 3165 sacrificabiS,
1368 3097 1488 3154 aut
1532 3084 1825 3154 diversis
1885 3083 2124 3173 poenis
2193 3096 2255 3153 te
2310 3084 2748 3153 interficiam.
2803 3088 3050 3152 Beatus

503 3172 911 3244 Laurentius
947 3172 1088 3241 ait:
1128 3196 1164 3238 «
1193 3178 1330 3263 Ego
1379 3174 1448 3241 in
1502 3173 1784 3242 nomine
1831 3172 2101 3242 Domini
2149 3174 2366 3243 nostri
2395 3180 2563 3242 Jesu
2612 3172 2859 3243 Christi
2909 3192 3049 3240 non

504 3260 873 3331 reformido
923 3273 1260 3331 tormenta
1290 3274 1429 3342 tua,
1481 3283 1660 3348 quae
1706 3259 1792 3329 ad
1843 3273 2115 3351 tempus
2168 3273 2351 3332 sunt.
2397 3267 2550 3342 Fac,
2601 3260 2782 3349 quod
2840 3259 3044 3329 facis:

503 3349 645 3419 noli
694 3370 1034 3419 cessare.»
1069 3350 1313 3420 Decius
1345 3349 1635 3419 immani
1675 3349 1935 3420 fervore
1984 3350 2308 3439 percitus,
2352 3349 2561 3437 jussit
2610 3371 2765 3419 eum
2820 3348 3051 3439 plum-

502 3438 681 3509 batis
711 3438 1104 3510 diutissime
1127 3437 1345 3508 caedi.
1385 3444 1456 3508 B.
1496 3438 1905 3509 Laurentius
1945 3438 2150 3509 dixit:
2199 3462 2233 3505 «
2265 3439 2549 3508 Domine
2576 3439 2740 3510 Jesu
2760 3436 3043 3517 Christe,

500 3527 624 3616 qui
676 3549 799 3618 pro
858 3540 1091 3598 nostra
1137 3527 1359 3597 salute
1428 3526 1756 3618 dignatus
1802 3549 1876 3597 es
1924 3526 2218 3597 formam
2277 3528 2454 3598 servi
2517 3526 2895 3617 suscipere,
2957 3537 3040 3594 ut

504 3639 629 3686 nos
667 3638 707 3685 a
763 3617 1086 3687 servitute
1132 3615 1550 3687 daemonum
1604 3616 1974 3698 liberares,
2028 3617 2265 3707 accipe
2326 3615 2648 3707 spiritum
2709 3636 2968 3686 meum.
3008 3636 3044 3679 »

502 3711 582 3775 Et
625 3727 781 3775 ecce
828 3704 1060 3775 audita
1091 3718 1193 3775 est
1226 3727 1373 3787 vox,
1427 3705 1578 3796 ipso
1616 3705 1824 3774 etiam
1863 3706 2060 3775 Decio
2106 3705 2476 3775 audiente:
2531 3705 2769 3775 Adhuc
2829 3703 3049 3773 multa

500 3794 880 3865 certamina
919 3794 1045 3864 tibi
1074 3793 1433 3865 debentur.
1489 3795 1735 3865 Decius
1764 3793 1994 3865 furore
2024 3807 2403 3885 correptus,
2440 3794 2613 3863 dixit
2642 3793 2830 3864 clara
2860 3813 3046 3861 voce:

393 3914 401 3921 ·
502 3884 641 3954 Viri
689 3883 983 3954 Romani
1011 3895 1077 3953 et
1109 3895 1342 3953 coetus
1390 3883 1856 3974 reipublicae,
1907 3883 2200 3953 audistis
2247 3895 2326 3953 ut
2386 3884 2756 3953 daemones
2803 3901 3051 3952 conso-

502 3972 731 4042 lentur
777 3971 1220 4062 sacrilegum,
1273 3972 1394 4059 qui
1436 3994 1561 4042 nec
1609 3972 1773 4042 deos
1822 3994 1948 4042 nec
1974 3972 2323 4063 principes
2371 3983 2629 4041 vestros
2662 3972 2875 4051 timet,
2922 3990 3049 4039 nec

501 4061 836 4148 exquisita
869 4073 1205 4132 tormenta
1245 4060 1618 4131 formidat?
1657 4061 2008 4131 Extendite
2050 4082 2234 4143 eum,
2285 4071 2351 4130 et
2404 4059 2887 4150 scorpionibus
2927 4058 3050 4126 fla-

503 4148 770 4239 gellate.
817 4155 889 4219 B.
928 4149 1337 4221 Laurentius
1372 4150 1442 4219 in
1477 4161 1733 4220 catasta
1784 4161 2189 4240 prostratuS,
2244 4148 2637 4230 subridens,
2678 4161 2744 4218 et
2790 4147 3047 4239 gratias

504 4259 716 4327 agens
764 4243 937 4321 Deo,
1003 4239 1224 4309 dixit:
1295 4264 1323 4303 ιι
1354 4239 1767 4309 Benedictus
1819 4260 1893 4311 es
1942 4239 2227 4309 Domine
2275 4243 2475 4320 Deus,
2528 4249 2720 4328 pater
2776 4235 3047 4306 Domini

502 4327 720 4397 nostri
741 4332 907 4399 Jesu
939 4327 1211 4411 Christi,
1255 4329 1375 4415 qui
1416 4328 1615 4399 nobis
1657 4327 2186 4398 immerentibus
2220 4326 2624 4416 impendisti
2657 4325 3048 4396 misericor-

504 4413 691 4486 diam
726 4426 943 4486 tuam.
979 4422 1056 4486 Et
1115 4428 1189 4487 tu
1236 4416 1544 4500 Domine,
1597 4430 1878 4508 propter
1927 4416 2249 4507 pietatem
2298 4426 2488 4486 tuam
2552 4415 2805 4507 largire
2844 4412 3044 4484 nobis
