3308 5004
195 353 375 418 ΑΗΕ.
432 353 457 416 l
897 371 977 417 nn
1023 369 1286 419 carmus
1334 368 1413 417 Er
1459 370 1687 419 emmo
1736 372 1792 419 s.
1847 371 2028 419 parm
2567 357 2638 421 24

190 469 283 525 est
342 454 441 535 id,
500 476 620 545 per
666 455 846 543 quod
898 455 1162 542 aliquid
1235 455 1353 537 fit,
1427 477 1639 543 quam
1692 458 1762 525 in
1833 478 1969 544 quo
2016 454 2348 527 efficitur:
2403 470 2482 527 ut
2528 481 2742 529 causa

190 545 396 635 major
434 557 537 615 est
584 566 686 626 eo,
738 546 944 636 cujus
972 557 1076 615 est
1107 567 1342 625 causa,
1377 566 1540 615 cum
1584 546 2013 635 superiorem
2041 559 2106 616 et
2152 546 2543 637 digniorem
2576 570 2739 639 gra-

186 632 353 703 dum
405 635 832 704 contineant.
2167 654 2174 659 ·

266 726 302 810 ξ
356 727 507 794 ²8.
563 723 813 810 Siquis
840 734 1069 792 autem
1100 722 1273 792 mihi
1305 722 1520 804 daret,
1552 737 1630 793 ut
1666 735 1733 792 et
1764 723 2078 793 sandalia
2105 735 2172 793 et
2196 736 2439 806 vesteS,
2477 725 2738 812 quibus

182 812 265 881 ab
310 812 569 901 Angelo
614 835 688 882 se
737 812 1026 881 induere
1064 812 1310 903 jussus
1337 826 1476 893 est,
1533 811 1681 900 ipse
1730 812 1957 881 videre
2009 835 2278 903 possem
2309 868 2326 895 ,
2359 814 2505 883 .illa
2557 828 2739 885 certe

180 902 438 990 apertis
476 902 665 971 ulnis
696 902 1080 991 exciperem
1133 914 1337 988 atque
1384 901 1857 990 amplecterer,
1912 913 1977 970 et
2025 914 2102 971 ut
2134 902 2422 973 coeleste
2474 903 2736 974 donum

179 990 253 1058 in
296 990 530 1061 cordis
581 991 715 1060 mei
758 990 1230 1080 penetralibus
1269 990 1665 1059 conderem.
1719 995 1920 1059 Hunc
1958 990 2172 1080 igitur
2221 1006 2566 1061 sacratum
2592 994 2739 1083 gla-

180 1079 374 1148 dium
424 1101 584 1149 cum
657 1080 873 1150 sacris
936 1091 1001 1148 et
1048 1079 1453 1169 Apostolicis
1528 1080 1791 1148 catenis
1851 1092 2380 1161 connectentes,
2457 1087 2735 1151 Petrum

179 1168 413 1257 ipsum
498 1183 721 1239 mente
795 1169 1138 1258 inspicere
1197 1168 1396 1237 nobis
1442 1167 1805 1237 videmur:
1860 1182 1926 1238 et
1964 1172 2257 1255 utraque
2321 1182 2680 1259 tangentes
2715 1225 2731 1251 ,

180 1256 579 1357 Apostolum
629 1280 666 1326 a
708 1257 907 1326 nobis
959 1270 1069 1327 tan
1128 1258 1145 1324 i
1196 1258 1712 1335 existimamus,
1768 1280 1989 1344 neque
2054 1258 2200 1327 ullo
2261 1258 2463 1327 modo
2513 1259 2737 1328 ambi-

183 1368 441 1435 gimuS,
493 1368 573 1416 eo
618 1347 803 1433 quod
855 1347 1024 1416 haec
1113 1369 1235 1415 oco
1282 1348 1369 1414 ab
1411 1346 1728 1435 Apostolo
1787 1347 1937 1436 ipso
1985 1345 2330 1436 disjuncta
2386 1348 2561 1417 sint:
2617 1348 2733 1416 sed

180 1448 243 1505 et
278 1436 471 1515 haec,
523 1448 589 1505 et
621 1436 821 1505 illum
878 1447 1100 1505 mente
1139 1434 1538 1515 formantes,
1574 1448 1640 1504 et
1690 1457 1809 1525 per
1860 1435 2066 1504 fidem
2111 1437 2334 1525 ipsam
2385 1437 2453 1505 in
2507 1458 2732 1506 unum

181 1525 608 1614 copulantes,
664 1525 748 1594 ad
789 1546 948 1594 eum
984 1525 1242 1615 ipsum,
1287 1525 1407 1611 qui
1444 1547 1565 1615 per
1613 1525 1782 1593 haec
1817 1546 2067 1614 passus
2113 1537 2238 1605 est,
2296 1538 2511 1595 totum
2565 1525 2738 1593 refe-

183 1615 425 1682 rimus.
465 1618 647 1683 Haec
683 1613 1197 1703 amplectenteS,
1234 1613 1431 1682 illum
1469 1613 1697 1682 videre
1734 1635 1857 1682 nos
1883 1613 2257 1683 credimus:
2297 1628 2501 1701 atque
2537 1614 2735 1683 illum

181 1703 587 1792 cogitantes,
615 1703 807 1783 haec,
840 1725 1017 1789 quae
1049 1701 1239 1772 illius
1270 1702 1573 1782 fuerunt,
1611 1702 1837 1772 videre
1867 1725 1990 1772 nos
2020 1703 2463 1772 arbitramur.
2501 1708 2529 1772 Ι
2540 1718 2739 1789 taque

184 1812 317 1860 non
392 1791 680 1861 omnino
732 1792 953 1882 ipsius
1019 1792 1398 1881 gratiarum
1456 1805 1768 1882 expertes
1839 1791 2191 1861 constituti
2243 1812 2513 1862 sumus.
2569 1798 2736 1862 Nam

178 1880 302 1951 etsi
353 1881 426 1949 in
480 1893 699 1949 vetere
764 1881 934 1950 urbe
984 1885 1200 1950 Roma
1247 1881 1636 1951 diversatur
1701 1904 1821 1972 per
1882 1882 2191 1969 corporis
2252 1881 2680 1970 sepulturam
2717 1935 2733 1963 ,

176 1991 388 2056 quam
440 1969 613 2039 urbs
648 1969 766 2039 illa
800 1970 1037 2039 sortita
1070 1982 1208 2039 est:
1256 1991 1390 2039 non
1441 1981 1669 2040 tamen
1720 1994 1760 2039 a
1809 1970 2185 2059 nobisipsis
2246 1972 2488 2038 abesse
2536 1970 2731 2049 vult,

179 2057 365 2144 quod
419 2059 716 2148 pertinet
753 2058 836 2127 ad
879 2058 1067 2128 illius
1115 2058 1425 2149 gladium
1478 2070 1543 2127 et
1597 2072 1899 2128 catenas.
1955 2058 2154 2127 Adest
2200 2058 2383 2126 enim
2436 2071 2500 2128 et
2550 2058 2735 2149 apud

178 2169 327 2225 nos,
373 2148 495 2233 qui
547 2161 804 2237 partem
848 2148 1027 2217 hanc
1066 2163 1144 2217 ut
1195 2146 1405 2217 totum
1449 2170 1705 2238 corpus
1753 2148 2204 2227 continentes,
2244 2148 2329 2216 ab
2372 2148 2523 2236 ejus
2572 2169 2739 2216 con-

173 2236 539 2325 junctione
606 2259 740 2305 non
795 2259 1234 2326 separamur:
1291 2235 1407 2307 sed
1466 2259 1623 2305 cum
1690 2258 1831 2307 una
1900 2237 2280 2323 eademque
2329 2237 2417 2305 sit
2515 2236 2732 2317 tatia,

180 2346 364 2411 quae
406 2346 527 2415 per
558 2326 710 2416 ejus
750 2348 1027 2414 corpuS,
1081 2340 1381 2405 catenas,
1449 2338 1665 2396 vestes
1714 2338 1779 2395 et
1826 2324 2134 2415 gladium
2191 2324 2458 2394 miracu
2489 2348 2526 2394 a
2575 2347 2738 2414 ope-

180 2426 418 2483 ratur:
476 2435 675 2484 nemo
714 2414 1153 2497 dubitaverit,
1206 2416 1374 2502 quin
1431 2436 1755 2506 praesens
1789 2416 1879 2483 sit
1926 2416 1994 2483 in
2027 2414 2349 2506 singulis,
2394 2413 2738 2504 perfectus

179 2517 387 2591 atque
418 2504 707 2595 integer,
737 2518 803 2573 et
839 2506 926 2574 iis
968 2505 1087 2591 qui
1123 2527 1282 2573 cum
1319 2504 1457 2574 fide
1490 2504 1851 2587 accedunt,
1896 2517 1961 2573 et
2001 2504 2169 2572 haec
2189 2502 2732 2593 amplectuntur,

178 2613 301 2681 pro
351 2592 591 2663 divino
641 2615 878 2663 eorum
929 2593 1273 2664 desiderio
1323 2607 1528 2681 atque
1576 2593 1820 2662 ardore
1873 2593 2256 2662 mercedem
2311 2592 2731 2661 remetiatur.

176 2682 303 2750 Hic
353 2695 420 2751 et
468 2704 657 2751 unus
712 2695 853 2757 est.
904 2694 971 2752 et
1028 2682 1267 2752 multis
1315 2682 1753 2773 impertituS,
1811 2704 1944 2751 non
2000 2681 2478 2751 imminuitur:
2533 2681 2737 2767 quin-

176 2770 388 2839 etiam
439 2782 624 2841 totus
673 2771 742 2839 in
796 2792 865 2842 se
915 2793 1235 2850 manens,
1279 2793 1553 2841 omnem
1617 2784 1682 2841 et
1728 2769 2039 2840 eamdem
2096 2770 2230 2839 vim
2280 2769 2619 2840 ostendit:
2674 2782 2740 2839 et

175 2860 499 2945 quamvis
547 2881 814 2940 eorum,
862 2882 1039 2947 quae
1083 2882 1328 2951 passus
1377 2873 1502 2941 est,
1547 2859 1909 2949 symbolis,
1966 2881 2101 2928 non
2155 2859 2224 2927 in
2276 2882 2442 2940 uno,
2498 2858 2613 2929 sed
2666 2859 2737 2927 in

175 2948 422 3017 multis
472 2948 641 3019 locis
674 2948 940 3019 divisus
989 2949 1109 3018 sit:
1169 2949 1348 3018 idem
1405 2963 1627 3017 tamen
1672 2962 1814 3029 est,
1867 2949 1989 3035 qui
2049 2949 2118 3017 in
2162 2953 2210 3018 Α
2264 2948 2547 3018 ostolica
2613 2953 2738 3017 Ec-

175 3036 389 3106 clesia
427 3038 622 3126 prodi
680 3038 743 3107 ia
781 3050 845 3107 et
881 3038 1218 3107 miracula
1260 3039 1565 3128 ingentia
1598 3037 1885 3126 perficit.
1925 3043 2024 3107 Ita
2058 3038 2204 3106 nihi
2242 3093 2256 3118 ,
2311 3060 2391 3107 ex
2442 3037 2528 3105 iis
2558 3057 2738 3122 quae

180 3125 267 3193 in<
299 3148 584 3198 summo
616 3127 635 3194 i
672 3127 741 3214 lo¹
768 3128 1083 3217 Apostolo
1117 3127 1377 3207 insunt,
1434 3127 1637 3196 inane
1685 3139 1884 3197 estet
1932 3127 2222 3196 actionis
2252 3148 2520 3217 expers,
2563 3124 2737 3195 nihil

180 3213 403 3304 gloria
449 3228 519 3283 et
566 3214 821 3284 divinis
851 3216 1207 3286 miraculis
1257 3238 1576 3285 vacuum.

264 3306 303 3391 ξ
355 3308 521 3374 ²9.
562 3309 663 3373 Tu
694 3326 852 3374 vero
891 3326 930 3373 o
958 3310 1169 3385 Petre,
1210 3305 1456 3374 Christi
1492 3303 1831 3374 Ecclesiae
1864 3317 2053 3394 petra
2083 3315 2148 3373 et
2187 3303 2733 3383 firmamentum,

178 3413 453 3461 summe
513 3393 989 3483 Apostolorum
1044 3408 1289 3474 vertex,
1341 3394 1460 3481 qui
1529 3416 1732 3465 verus
1794 3406 1860 3463 et
1920 3393 2172 3462 ardens
2242 3391 2436 3462 fuisti
2485 3391 2740 3461 Christi

177 3480 618 3569 discipulus:
672 3482 794 3570 qui
865 3497 1135 3572 praeter
1187 3495 1492 3552 caeteros
1556 3482 1888 3552 orationis
1955 3482 2264 3551 libertate
2329 3503 2368 3549 a
2423 3480 2515 3548 ud
2575 3503 2736 3549 eum

176 3592 355 3640 usus
401 3592 500 3651 eS,
548 3570 681 3638 vivi
735 3571 844 3640 Dei
892 3572 1141 3641 Filium
1176 3571 1377 3640 illum
1413 3570 1901 3661 praedicand0‚
1939 3571 2144 3662 cujus
2182 3571 2367 3638 mani
2425 3592 2507 3638 us
2539 3567 2737 3658 regni

174 3658 532 3729 coelorum
580 3660 806 3729 claves
858 3659 982 3729 tibi
1032 3660 1320 3730 traditae
1373 3672 1572 3742 sunt,
1624 3674 1703 3730 ut
1740 3682 1919 3747 quae
1960 3682 1999 3729 a
2048 3673 2109 3728 te
2179 3659 2249 3727 in
2295 3671 2473 3727 terra
2525 3657 2738 3747 ligata

173 3761 292 3817 aut
333 3747 563 3818 soluta
609 3761 862 3829 essent,
914 3748 1156 3819 eadem
1194 3749 1576 3840 ligarentur
1612 3762 1679 3818 et
1726 3749 2155 3819 solverentur
2203 3748 2270 3817 in
2321 3747 2568 3817 coelis:
2613 3746 2738 3833 qui

173 3837 551 3917 Christum,
595 3841 810 3907 Deum
858 3848 924 3907 et
971 3838 1322 3907 hominem
1358 3836 1598 3920 fuisse,
1636 3837 2026 3907 clarissima
2058 3859 2219 3907 voce
2269 3835 2730 3927 praedicasti:

171 3927 290 4011 qui
324 3948 409 3996 ex
474 3926 1005 3996 circumcisione
1052 3948 1229 4013 quae
1277 3928 1348 3995 in
1422 3927 1569 4017 lege
1621 3927 2085 4018 praecipitur,
2137 3925 2223 3994 ad
2293 3923 2730 4015 praeputium

173 4012 453 4083 divinae
485 4013 650 4084 fidei
675 4016 1141 4105 cognitionem
1174 4015 1629 4086 transtulisti:
1665 4016 1785 4104 qui
1817 4028 2094 4107 propter
2124 4013 2470 4083 Christum
2499 4013 2739 4081 omnia

174 4102 631 4192 dereliquisti,
686 4098 907 4174 unum
957 4104 1160 4174 illum
1251 4126 1324 4174 ro
1372 4105 1700 4175 omnibus
1734 4105 1995 4174 divitiis
2029 4102 2381 4202 possidere
2412 4102 2731 4203 cupiens,

177 4213 213 4259 a
246 4214 387 4279 quo
436 4205 505 4261 et
553 4193 797 4263 mortis
826 4206 892 4263 et
938 4194 1112 4263 vitae
1138 4217 1173 4263 a
1233 4193 1525 4276 erendae
1562 4206 1963 4284 potestatem
1999 4191 2363 4280 acceplsti:
2408 4212 2523 4261 cm
2555 4195 2736 4262 Deus

182 4281 471 4352 coeleste
521 4282 925 4371 mysterium
977 4283 1332 4356 revelavit:
1384 4282 1507 4369 qui
1566 4283 1893 4352 columna
1950 4279 2290 4368 quaedam
2352 4303 2425 4350 es
2471 4301 2507 4349 e
2557 4292 2736 4348 terra

185 4389 396 4458 usque
445 4370 535 4440 ad
583 4371 813 4441 coelos
848 4384 1150 4453 extensa,
1203 4393 1321 4441 eos
1355 4371 1644 4453 ducenS,
1688 4371 1809 4459 qui
1849 4370 1935 4440 ad
1988 4369 2384 4440 mansiones
2431 4368 2588 4438 illas
2637 4367 2736 4436 fe-

195 4461 483 4530 stlnant:
538 4460 664 4549 qui
712 4460 909 4531 rudis
953 4473 1018 4531 et
1081 4460 1351 4531 inscius
1396 4460 1840 4531 artificiosam
1894 4464 2307 4530 Graecorum
2357 4458 2733 4528 orationem
