3308 5004
696 310 821 374 614
1500 324 1580 371 nt.
1626 323 1688 370 n.
1741 319 1973 369 Ammo
2021 319 2261 367 annau:
2821 299 3023 367 AUG.
3074 300 3166 365 25

606 413 678 481 in
729 409 1134 481 Christianis
1179 409 1619 480 abominatus
1667 405 1825 477 sim.
1878 410 2005 475 Pro
2036 425 2177 492 quo
2224 402 2480 474 scelere
2524 401 2869 494 supplicia
2915 403 3174 473 omnia

607 522 719 570 me
756 499 1250 571 commeruisse
1298 497 1578 590 putabo.
1634 495 1809 566 Satis
1854 494 2041 564 enim
2091 513 2242 563 sero
2289 491 2375 562 ad
2425 513 2658 563 verum
2713 489 3171 562 adorandum
3227 541 3234 548 -

609 593 863 680 Regem
910 587 1194 657 accessi.
1242 609 1278 654 >›
1343 585 1518 656 Dicit
1564 584 1628 654 ei
1690 582 2102 653 Plutianusz
2161 581 2329 665 Quis
2376 593 2477 651 est
2524 580 2651 651 iste
2697 585 2835 650 Rex
2884 593 3176 671 praeter

607 689 921 747 nostrum
953 680 1203 766 Regem
1230 679 1262 744 ⁴?
1309 674 1641 747 Genesius
1674 670 2030 763 respondit
2060 694 2074 738 :
2129 693 2167 737 «
2203 676 2340 741 Iste
2379 675 2540 752 Rex,
2592 691 2797 758 quem
2828 681 2908 740 tu
2939 668 3170 746 dicis.

605 766 814 837 homo
863 765 1170 835 mortalis
1215 777 1365 835 est:
1430 767 1508 834 At
1572 761 1734 844 ille,
1787 782 1992 849 quem
2053 782 2179 851 ego
2226 758 2480 839 adoro,
2538 764 2716 828 Deus
2773 772 2898 830 est.
2971 763 3178 830 Tuus

607 859 747 926 Rex
794 852 882 923 ad
927 867 1192 924 certum
1227 866 1502 943 tempus
1536 850 1736 921 terris
1765 849 2106 940 imperat:
2160 848 2470 919 Christus
2504 840 2771 917 vero'et
2804 848 2876 915 in
2909 847 3171 926 coelis,

603 956 669 1014 et
706 944 778 1012 in
829 942 1052 1024 terris,
1096 955 1161 1012 et
1205 942 1279 1012 in
1323 940 1497 1011 mari
1547 940 1861 1030 imperat.
1903 944 2040 1009 Rex
2089 951 2250 1009 tuus
2300 937 2503 1007 habet
2531 936 2664 1006 sibi
2707 935 3176 1027 praefinitum

605 1045 882 1122 tempus
916 1086 933 1114 ,
984 1044 1387 1119 certumque
1436 1030 1613 1099 vitae
1674 1029 1932 1098 finem:
1983 1032 2061 1098 At
2108 1026 2419 1097 Christus
2464 1047 2737 1116 semper
2797 1024 3172 1116 gloriosus

603 1120 768 1191 vivit
799 1134 865 1189 et
904 1134 1143 1211 regnat
1175 1120 1245 1188 in
1285 1119 1518 1189 coelis.
1556 1144 1581 1182 »

691 1212 728 1297 ξ
779 1213 856 1280 ¹2.
913 1213 1077 1279 Cum
1129 1209 1229 1277 sic
1275 1230 1350 1277 er
1399 1230 1439 1276 o
1488 1207 1557 1276 in
1606 1206 1844 1276 eculeo
1892 1225 2277 1295 suspensus
2325 1204 2448 1273 diu
2495 1202 2784 1293 ungulis
2813 1201 3177 1272 lacerare·

606 1310 743 1378 tur,
799 1295 1239 1386 lampadibus
1286 1296 1356 1366 in
1413 1307 1861 1376 ammaretur‚
1914 1317 1995 1364 ac
2044 1292 2263 1363 nihilo
2314 1293 2549 1362 minus
2595 1292 2668 1360 in
2715 1289 3177 1361 confessione

602 1386 860 1456 invicto
899 1386 1134 1456 animo
1185 1395 1691 1477 perseveraret,
1735 1383 2129 1470 diceretque
2150 1381 2419 1473 judici:
2479 1407 2503 1442 α
2556 1381 2840 1450 Etiamsi
2898 1401 3177 1470 poenas

602 1475 733 1552 has
783 1473 884 1543 vel
933 1475 1190 1545 centies
1236 1474 1644 1554 admoveaS‚
1698 1472 1970 1558 etiamsi
2022 1470 2124 1540 vel
2177 1470 2428 1541 millies
2476 1492 2587 1539 me
2632 1470 3054 1550 comburas,
3110 1484 3176 1539 at

605 1563 951 1633 Christum
1001 1576 1247 1646 tamen,
1281 1562 1454 1632 mihi
1484 1585 1524 1632 a
1555 1560 1760 1632 corde
1793 1560 2062 1630 auferre
2113 1581 2248 1629 non
2294 1559 2567 1649 poteris.
2608 1581 2644 1624 »
2686 1561 2890 1628 Gesta
2921 1559 3172 1628 omnia

605 1651 969 1722 Plutianus
1017 1650 1432 1721 Diocletiano
1466 1651 1538 1720 in
1576 1649 1826 1741 palatio
1856 1647 2147 1750 legenda
2184 1646 2455 1719 obtulit.
2495 1646 2761 1731 Quibus
2804 1646 3173 1737 perlectis,

601 1741 815 1830 jussit
844 1762 1002 1810 eum
1046 1739 1507 1810 Diocletianus
1541 1739 1763 1830 capite
1799 1738 2056 1830 puniri.
2090 1743 2252 1806 Eam
2283 1758 2440 1818 vero
2464 1736 2876 1806 sententiam
2909 1736 3169 1806 beatus

608 1843 872 1920 martyr
905 1829 1236 1899 Genesius
1276 1826 1586 1897 hilariter
1609 1827 1981 1917 excipiens,
2024 1841 2267 1897 caesus
2296 1837 2398 1895 est
2426 1846 2548 1915 pro
2603 1840 2702 1895 ter
2736 1845 3007 1894 nomen
3054 1830 3175 1896 Do·

612 1918 786 2010 mini
820 1918 1031 1987 nostri
1064 1922 1230 1987 Jesu
1269 1917 1556 1987 Christi:
1609 1917 1733 2007 Cui
1778 1930 1879 1987 est
1925 1937 2084 1986 cum
2142 1920 2271 1984 Deo
2319 1919 2513 1984 Patre
2602 1935 2771 1983 onor
2815 1925 2889 1982 et
2938 1914 3173 1985 virtus

606 2019 673 2077 et
704 2017 1002 2096 potestas
1051 2005 1120 2075 in
1157 2005 1391 2076 secula
1425 2005 1843 2085 seculorum,
1880 2009 2116 2075 Amen.
2547 2051 2560 2064 .

792 2310 928 2389 DE
985 2307 1758 2402 coNVERsmNE,
1818 2307 2389 2389 MmAcUms
2442 2305 2577 2386 Ac
2631 2304 2960 2386 OBITU

1174 2537 1264 2637 B.
1382 2535 1866 2637 AREDlt
1983 2532 2581 2635 ABBATIS

884 2781 957 2827 εκ
1005 2759 1179 2826 Hisc.
1224 2762 1545 2827 Francor.
1586 2777 1642 2825 S.
1682 2776 1979 2825 cuncoml
2012 2776 2244 2825 maon.
2284 2757 2397 2824 Lib
2434 2767 2537 2839 10,
2575 2777 2726 2845 cap.
2769 2763 2878 2824 28.

1263 2957 1448 3016 Elor.
1483 2969 1657 3012 saec.
1687 2957 1788 3011 VI
1829 2987 1906 2996 —
1947 2957 2105 3015 Nat.
2141 2955 2469 3013 Francus.

697 3159 734 3243 ἓ
779 3160 854 3227 1.
909 3160 1174 3225 Interea
1222 3154 1352 3224 suit
1396 3154 1726 3242 qnidam,
1785 3155 2062 3224 nomine
2109 3155 2395 3225 Aredius
2450 3156 2529 3235 ⁴¹,
2586 3154 2709 3242 qui
2769 3154 2905 3225 hoc
2965 3174 3150 3223 anno

610 3257 823 3314 terras
872 3244 1291 3331 relinquens,
1350 3257 1630 3313 vocante
1680 3244 1989 3324 Domino,
2048 3244 2370 3334 migravit
2416 3243 2501 3312 ad
2552 3243 2852 3313 coelum.
2916 3249 3155 3313 Lemo·

605 3333 872 3401 vicinae
919 3332 1114 3401 urbis
1153 3332 1221 3366 *³*
1269 3332 1487 3401 incola
1541 3332 1693 3412 fuit,
1753 3353 1888 3400 non
1941 3332 2407 3403 mediocribus
2459 3332 2726 3422 regioni
2759 3355 2936 3402 suae
2966 3346 3162 3403 ortus

608 3420 1033 3510 parentibuS‚
1089 3420 1208 3491 sed
1268 3420 1461 3490 valde
1507 3421 1858 3511 ingenuis.
1911 3420 2037 3490 Hic
2070 3421 2539 3492 Theodoberto
2586 3422 2754 3511 Regi
2806 3422 3161 3495 traditus,

605 3510 855 3580 aulicis
902 3522 967 3578 et
1014 3508 1339 3600 palatinis
1389 3510 1825 3600 adjungitur.
1880 3513 2036 3579 Erat
2082 3523 2307 3595 autem
2363 3523 2526 3579 tunc
2576 3510 2917 3599 temporis
2966 3510 3167 3599 apud

604 3599 847 3668 urbem
899 3599 1321 3669 'trevericam
1363 3599 1465 3669 vir
1502 3598 1792 3668 eximiae
1840 3599 2220 3668 sanctitatis
2269 3598 2570 3668 Nicetius
2599 3603 2647 3666 E
2704 3599 2991 3689 iscopus
3027 3600 3162 3679 Ψ,

602 3688 725 3775 qui
776 3710 907 3756 non
960 3687 1184 3757 solum
1236 3688 1306 3756 in
1360 3687 1867 3777 praedicatione
1913 3686 2351 3757 admirabilis
2417 3686 2622 3757 facun
2681 3687 2827 3767 iae,
2883 3710 3172 3759 verum-

601 3778 807 3847 etiam
852 3776 920 3845 in
960 3778 1287 3867 operibus
1334 3776 1537 3846 bonis
1584 3799 1664 3845 ac
1715 3775 2176 3856 mirabilibuS,
2222 3775 2718 3846 celeberrimus
2771 3777 3170 3850 habebatur

602 3866 671 3934 in
728 3865 945 3956 plebe.
1007 3865 1136 3949 Qui
1186 3866 1464 3935 intuens
1514 3887 1806 3955 puerum
1860 3865 1927 3932 in
1981 3865 2185 3954 Regis
2237 3863 2514 3954 palatio,
2572 3865 2806 3935 nescio
2854 3866 3040 3953 quid
3097 3867 3168 3936 in

604 3954 798 4024 vultu
830 3956 980 4044 ejus
1027 3977 1317 4024 cernens
1352 3953 1694 4034 divinum,
1743 3955 2089 4043 praecepit
2117 3953 2178 4021 ei
2219 3976 2291 4023 se
2332 3954 2549 4041 sequi.
2605 3958 2681 4023 At
2724 3952 2869 4034 ille,
2921 3955 3175 4027 relicto

600 4044 807 4133 Regis
857 4043 1132 4134 palatio,
1187 4056 1466 4114 secutus
1514 4055 1618 4113 est
1663 4063 1846 4111 eum.
1896 4047 2201 4128 Cumque
2235 4042 2530 4133 ingressi
2571 4041 2641 4110 in
2680 4042 3053 4125 cellulam,
3087 4044 3176 4115 de

602 4131 687 4200 iis
736 4154 911 4219 quae
958 4132 1042 4201 ad
1088 4138 1298 4203 Deum
1342 4132 1703 4221 pertinent,
1745 4130 2377 4208 confabularentur,
2424 4131 2703 4220 expetiit
2751 4131 3176 4205 adolescens

652 4329 674 4353 ³²·
706 4330 840 4377 vulg.
862 4329 982 4368 (3⁸11.
1005 4330 1144 4367 Ανὲᾰε
1162 4332 1210 4368 et
1238 4330 1379 4368 Yricz.

656 4382 705 4402 '⁸’
740 4383 947 4429 Limnqaes.

652 4434 731 4459 Μ’*
762 4436 813 4473 Iu
834 4433 1072 4481 Max-tyrol.
1097 4443 1123 4471 v
1144 4435 1249 4473 Dec.
1270 4435 1324 4473 ad
1347 4444 1487 4483 quem
1507 4435 1631 4474 diem
1653 4436 1894 4475 amandub.
1917 4436 1962 4474 ln
1986 4436 2122 4475 Surio
2145 4445 2198 4474 ex
2224 4445 2234 4473 ι
2257 4435 2356 4475 Oct.
