3308 5004
170 322 361 390 AUG.
417 324 504 388 28
1040 341 1120 389 ns
1167 342 1225 390 s.
1273 338 1545 390 summo
1594 342 1885 391 narrar
2509 327 2638 417 70ss

169 424 470 506 veniam,
527 436 801 495 nostrae
837 426 1270 516 contagionis
1321 425 1685 508 medelam,
1722 427 2046 497 cellulam
2088 428 2367 519 expetiit
2401 430 2726 520 martyris

170 513 481 604 gloriosi.
535 517 725 583 Tunc
783 513 922 595 ille,
968 514 1088 600 qui
1147 516 1610 603 sequebatur,
1659 536 1819 585 cum
1864 516 1933 584 in
1988 517 2261 588 assultu
2298 518 2512 608 gladii
2561 541 2720 589 eum

170 623 310 672 non
374 603 708 694 potuisset
776 602 1222 693 contingere,
1294 617 1359 674 et
1421 604 1534 675 hic
1597 626 1809 694 super
1853 626 1928 675 se
1983 606 2238 676 ostium
2303 622 2721 691 reserasset,

167 704 375 779 atque
422 691 540 761 ille
578 705 852 781 arrepto
882 704 1176 779 utroque
1211 706 1399 782 poste
1439 693 1693 763 ostium
1731 707 2096 764 conaretur
2127 694 2528 787 infringere,
2565 697 2725 767 ilico

171 781 609 852 inhaerentes
662 803 910 852 manus
960 781 1239 863 tabulis,
1275 782 1510 852 dolore
1547 783 1763 852 nimio
1800 783 2231 869 quatiuntur,
2285 798 2351 854 et
2391 797 2574 854 tanta
2623 785 2725 855 af·-

172 870 475 940 flictione
516 869 729 939 miser
760 882 1136 956 torquetur,
1182 882 1260 941 ut
1300 871 1594 942 ubertim
1647 872 2018 962 lacrymae,
2057 873 2286 960 qualis
2318 887 2493 944 esset
2525 873 2724 952 dolor

174 959 613 1039 intrinsecus,
658 960 1091 1029 nunciarent.
1136 964 1403 1030 Interea
1433 973 1751 1049 stupente
1800 962 2031 1053 vulg0,
2074 962 2388 1033 inclusus
2420 962 2539 1050 qui
2582 963 2727 1033 fue-

173 1061 300 1126 rat,
348 1046 786 1137 progreditur
835 1045 1055 1117 liber:
1112 1061 1427 1139 parentes
1459 1072 1735 1137 quoque
1772 1049 1987 1132 illius,
2040 1052 2158 1138 qui
2211 1051 2456 1122 virtute
2504 1052 2724 1122 sancti

172 1136 618 1215 retinebatur,
650 1149 1143 1236 cognoscentes
1170 1139 1494 1228 martyris
1523 1138 1978 1229 sepulturam,
2010 1139 2270 1210 devotis
2302 1139 2538 1210 multis
2573 1164 2727 1212 mu·-

171 1225 459 1295 neribus
493 1247 616 1315 pro
657 1225 801 1294 filio
838 1226 1232 1296 exorabant.
1800 1295 1808 1302 ,
2692 1290 2703 1302 ,

261 1317 298 1414 ς
351 1319 502 1385 ss).
558 1318 836 1383 Factum
890 1327 991 1385 est
1047 1328 1277 1385 autern
1329 1314 1496 1384 dum
1560 1315 1728 1385 baec
1778 1329 2144 1419 agerentur
2176 1371 2192 1398 ,
2247 1328 2323 1386 ut
2375 1316 2726 1406 presbyter

168 1403 454 1490 quidam
490 1403 597 1472 via
631 1400 750 1471 illa
785 1401 1252 1473 descenderet.
1285 1405 1415 1487 Qui
1450 1425 1608 1474 cum
1642 1405 2001 1476 didicisset
2029 1427 2208 1492 quae
2240 1419 2389 1474 acta
2419 1404 2714 1487 fuerant,
2785 1453 2802 1474 .

168 1492 535 1582 pollicetur
568 1491 998 1581 parentibus,
1044 1492 1103 1561 si
1141 1514 1181 1561 a
1222 1492 1605 1581 gentilitate
1650 1494 2084 1564 discederent
2113 1549 2129 1575 ,
2183 1494 2405 1563 filium
2461 1495 2725 1586 recipe-

167 1595 322 1651 rent
352 1602 627 1652 sanum.
675 1585 830 1670 Ipse
876 1603 1153 1668 quoque
1185 1581 1507 1651 sacerdos
1556 1582 1868 1670 sequenti
1919 1597 2115 1652 nocte
2166 1582 2351 1652 videt
2386 1605 2507 1672 per
2537 1606 2725 1653 som-

165 1670 363 1739 nium
398 1669 776 1741 simulacra
812 1669 954 1750 illa,
986 1692 1166 1757 quae
1197 1692 1237 1739 a
1272 1671 1648 1761 gentilibus
1681 1671 2112 1752 colebantur,
2160 1671 2448 1741 numine
2488 1672 2723 1742 divino

166 1758 608 1840 comminui,
662 1770 869 1846 atque
917 1759 984 1828 in
1087 1759 1387 1829 ulverem
1441 1760 1716 1831 redacta
1750 1815 1767 1841 ,
1834 1759 1981 1831 solo
2100 1760 2414 1831 rosterni.
2468 1765 2725 1844 Quarta

166 1860 396 1918 autem
458 1846 570 1916 die
616 1869 776 1942 cum
839 1848 1023 1936 genti
1063 1849 1189 1918 itas
1238 1847 1437 1917 vellet
1487 1849 1731 1919 iterum
1785 1849 1922 1919 diis
1967 1783 2094 1918 exli

167 1948 480 2007 moestus
530 1936 886 2026 presbyter
933 1936 1017 2006 ad
1056 1937 1453 2027 sepulcrum
1510 1938 1731 2008 sancti
1772 1938 2253 2026 prosternitur,
2300 1951 2367 2007 et
2411 1961 2571 2008 cum
2628 1938 2724 2008 la-

166 2024 433 2113 crymis
464 2039 717 2104 exorat,
772 2038 848 2094 ut
883 2026 1153 2095 tandem
1216 2026 1665 2117 gentilitatem
1713 2029 1915 2108 lianc,
1951 2049 2155 2115 ,quae
2205 2027 2582 2118 jacebatin
2629 2042 2724 2098 te-

176 2113 464 2195 nebris,
518 2113 846 2204 splendor
906 2114 1180 2184 divinae
1247 2117 1587 2205 potentiae
1652 2116 2003 2196 visitaret,
2060 2138 2185 2185 nec
2244 2117 2494 2186 sineret
2541 2117 2722 2186 ultra

172 2214 439 2292 martyr
484 2200 727 2273 beatus
775 2201 1099 2274 alumnos
1151 2205 1464 2295 proprios
1512 2205 1642 2274 ista
1691 2205 1990 2295 caligine
2036 2204 2352 2284 detineri,
2396 2227 2553 2273 cum
2607 2205 2724 2275 ille

174 2304 547 2382 perpetuae
594 2291 926 2361 claritatis
975 2292 1230 2382 gaudia
1283 2293 1682 2383 possideret.
1737 2293 2101 2363 Confestim
2154 2293 2433 2382 adejus
2471 2295 2722 2364 oratio-

171 2402 328 2449 nem
381 2393 904 2449 commoventur
952 2381 1254 2450 tonitrua
1280 2424 1309 2459 ,⁴
1351 2382 1668 2451 renident
1714 2382 1993 2472 fulgura
2025 2435 2041 2461 ,
2093 2381 2453 2451 descendit
2502 2382 2724 2452 imber

164 2469 327 2561 igne
359 2469 639 2552 mixtus,
693 2482 760 2540 et
806 2469 1146 2561 grandine
1196 2471 1566 2542 turbantur
1611 2471 1868 2541 omnia.
1924 2470 2283 2541 Concurrit
2333 2469 2585 2560 vulgus
2632 2472 2716 2542 ad

161 2558 515 2642 cellulam,
571 2559 1032 2650 prosternitur
1078 2582 1308 2630 coram
1361 2561 1714 2631 sacerdote
1762 2561 1991 2630 omnis
2019 2573 2283 2629 caterva
2320 2561 2713 2649 gentilium,

159 2662 227 2719 et
277 2650 488 2719 mixto
548 2671 708 2719 cum
764 2648 1091 2738 lacrymis
1140 2648 1461 2729 ululatu,
1528 2649 1761 2718 cuncti
1830 2648 2099 2718 Domini
2166 2649 2715 2719 misericordiam

159 2737 674 2826 deprecantur,
742 2736 1293 2827 pollicenturque
1341 2737 1731 2818 sacerdoti,
1806 2738 1864 2808 si
1919 2736 2186 2829 grando
2235 2736 2600 2818 recederet,
2653 2752 2720 2808 et

161 2838 532 2913 martyrem
579 2839 944 2914 patronum
978 2839 1393 2916 expeterent,
1452 2839 1516 2895 et
1563 2825 1647 2895 ad
1707 2830 1917 2896 Deum
1950 2826 2147 2913 ·ejuS,
2195 2825 2450 2896 relictis
2499 2827 2718 2897 simu-

160 2911 508 2983 lacrorum
550 2913 880 2995 cultibus,
934 2915 1197 3006 integro
1245 2914 1452 2985 corde
1501 2914 1896 2984 transirent.
1949 2921 2156 2984 Porro
2206 2913 2320 2984 ille
2371 2914 2523 2985 fusa
2565 2937 2718 2985 ora-

161 3002 371 3083 tione,
407 3017 657 3072 cuncta
688 3025 867 3091 quae
900 3004 1117 3094 petiit,
1147 3004 1397 3073 meruit
1428 3004 1761 3074 obtinere.
1794 3003 2172 3073 Recedente
2198 3017 2423 3073 autem
2460 3017 2588 3072 tem
2602 3026 2715 3095 pe-

158 3103 355 3167 state.
394 3112 566 3180 puer
596 3114 756 3164 curn
795 3091 1199 3182 parentibus
1222 3092 1535 3173 credens,
1576 3093 1724 3181 ipsa
1752 3092 1865 3161 die
1891 3115 1931 3161 a
1960 3092 2320 3163 doloribus
2351 3092 2709 3163 liberatur:

158 3177 454 3269 gentiles
490 3181 558 3249 in
599 3180 951 3253 Trinitatis
1001 3182 1279 3251 nomine
1335 3181 1705 3271 baptizati,
1768 3193 2030 3252 statuas
2089 3203 2264 3268 quas
2310 3181 2711 3263 coluerant,

155 3267 694 3359 confringentes„
731 3270 799 3338 in
844 3269 1072 3340 lacum
1112 3270 1259 3340 vico
1289 3271 1619 3358 amnique
1659 3271 2048 3362 proximum
2104 3270 2566 3361 projecerunt.
2615 3273 2711 3341 Ab

156 3378 240 3426 eo
285 3356 470 3426 enim
523 3369 829 3447 tempore
868 3359 938 3427 in
975 3358 1123 3429 loco
1157 3358 1297 3442 illo,
1336 3372 1402 3430 et
1430 3359 1604 3431 fides
1652 3357 2001 3430 catholica
2031 3374 2099 3429 et
2128 3359 2454 3449 martyris
2490 3359 2707 3431 virtus

156 3457 263 3518 est
292 3445 599 3534 amplius
632 3447 1000 3517 declarata.

246 3536 284 3622 ξ
330 3541 465 3609 u.
519 3534 742 3621 Hujus
789 3534 1174 3607 festivitatis
1222 3548 1497 3626 tempus
1547 3537 1877 3628 ignorans
1925 3536 2121 3628 plebs
2155 3591 2174 3618 ,
2228 3550 2485 3609 moesta
2540 3560 2706 3627 pen-

153 3622 387 3706 debat,
443 3624 758 3694 nesciens
796 3624 1005 3706 diem,
1061 3625 1130 3695 in
1163 3646 1303 3712 quo
1351 3638 1614 3716 martyr
1654 3627 1897 3697 beatus
1944 3625 2222 3696 deberet
2262 3649 2388 3717 pro
2429 3627 2710 3698 virtutis

151 3733 238 3782 ac
270 3712 614 3803 passionis
659 3712 881 3803 gloria
928 3713 1277 3784 honorari.
1316 3720 1395 3784 Et
1424 3714 1593 3786 haec
1622 3715 2011 3806 ignorantia
2050 3736 2275 3804 usque
2308 3715 2392 3784 ad
2428 3716 2705 3787 beatum

153 3801 1244 3875 Germanum-Antisiodorensem
1296 3803 1668 3875 antistitem
1719 3816 1822 3875 est
1873 3817 2234 3895 protracta.
2290 3808 2568 3873 Factum
2605 3816 2710 3874 est

153 3903 387 3960 autem
420 3945 436 3971 ,
490 3903 566 3962 ut
611 3890 1001 3961 antedictus
1048 3891 1351 3963 Pontifex
1396 3893 1663 3962 Brivate
1710 3892 2110 3963 adveniret:
2176 3892 2709 3979 sciscitatusque

153 3978 248 4048 ab
296 3977 539 4051 incolis
568 4035 585 4063 ,
636 4000 776 4066 quo
836 3992 1142 4072 ternpore
1197 3980 1412 4073 hujus
1459 4004 1654 4053 sacra
1705 3982 2265 4062 celebrarentur,
2318 4004 2392 4052 se
2440 3982 2707 4052 nescire

156 4068 598 4156 respondent.
652 4073 844 4140 Tunc
876 4068 1043 4139 ille:
1094 4074 1432 4152 Oremus,
1487 4070 1715 4159 inquit
1746 4126 1763 4153 ,
1815 4083 1882 4141 et
1927 4070 2238 4142 fortassis
2284 4070 2486 4143 nobis
2534 4073 2705 4141 baec

157 4155 432 4227 Domini
480 4158 784 4248 potentia
830 4158 1182 4229 revelabit.
1233 4159 1427 4243 Quod
1474 4182 1634 4231 cum
1687 4159 2032 4242 fecissent,
2085 4182 2290 4230 mane
2333 4173 2507 4241 orto,
2541 4182 2707 4230 con-

153 4245 412 4317 vocatis
460 4247 852 4319 senioribus
902 4246 1058 4330 loci,
1111 4248 1229 4330 ait,
1273 4249 1516 4336 quinto
1563 4249 1906 4321 Kalendas
1959 4250 2219 4320 mensis
2267 4270 2338 4320 se
2393 4248 2542 4318 timi
2589 4269 2706 4318 ce-

151 4331 559 4407 lebrandam
625 4357 777 4410 esse
828 4337 1358 4409 solemnitatem.
1408 4342 1505 4408 Ex
1550 4338 1683 4408 hoc
1730 4360 1918 4409 nunc
1948 4337 2235 4409 devotus
2280 4361 2318 4408 a
2376 4337 2697 4419 veniens,

2106 1850 2290 1919 ibere
2337 1848 2672 1919 libamina
2701 1904 2717 1931 ,
2809 1895 2814 1898 -
