3308 5004
627 341 708 407 tt
1244 357 1324 403 nr.
1369 355 1632 405 ennius
1679 357 1757 403 m·
1802 356 2032 405 emmo
2079 357 2137 404 s.
2189 355 2372 403 rin-iu
2810 338 2994 405 AUG.
3051 339 3077 403 l

537 437 706 507 haec
765 437 1043 506 duobus
1090 436 1315 506 modis
1364 437 1532 507 solvi
1584 450 1849 528 potest:
1904 437 2258 518 Primum,
2321 435 2505 523 quod
2579 434 2964 506 inhumane
3010 459 3092 506 ac

535 526 854 597 ferociter
895 525 1221 596 custodes
1269 525 1373 595 illi
1436 525 1771 596 adversus
1819 527 2216 617 Apostolum
2269 547 2339 594 se
2385 538 2778 616 gesserant:
2831 527 3093 628 quippe

535 617 658 704 qui
695 638 839 685 una
885 616 1241 695 cubantes,
1297 616 1662 685 verborum
1729 616 1968 707 plagas
2017 614 2319 686 vinculis
2380 614 2769 685 acerbiores
2816 615 3091 706 inflige-

535 706 727 786 bant,
782 726 864 774 ac
900 703 1120 774 nihilo
1179 703 1454 785 minus,
1509 727 1721 791 quam
1771 705 2100 786 Herodes,
2157 703 2418 774 rabiem
2479 725 2672 775 suam
2725 715 2791 774 et
2843 725 3093 794 pravos

425 813 433 823 ·
535 794 823 864 affectus
882 795 952 862 in
1001 793 1280 862 beatum
1332 798 1605 863 Petrum
1656 794 2141 863 effundebant:
2194 791 2447 862 deinde
2495 814 2652 861 vero
2716 792 2902 879 quod
2954 814 3090 862 non

537 883 761 954 solum
831 882 1164 952 adversus
1228 882 1708 973 Apostolorum
1786 884 2173 973 Principem
2245 880 2841 952 tanta‘ferocitate
2887 881 3093 951 abusi

536 971 810 1042 fuerant
844 971 1374 1062 (benignitatem
1402 972 1587 1041 enim
1623 972 1996 1061 impetrare
2033 971 2435 1062 potuissent,
2475 971 2536 1040 si
2565 970 2632 1039 in
2665 992 2827 1040 eum
2861 969 3092 1041 solum

536 1059 989 1151 peccassent),
1045 1059 1163 1129 sed
1211 1060 1417 1129 etiam
1453 1072 1690 1130 contra
1744 1061 2046 1147 reliquos
2071 1060 2426 1151 Apostolos
2462 1059 2780 1129 eamdem
2829 1060 3091 1129 rabiem

536 1163 1005 1229 exercuerant,
1040 1163 1107 1219 et
1140 1148 1397 1218 multos
1427 1149 1600 1219 alios
1633 1149 1871 1220 fideles
1906 1150 2223 1219 homines
2253 1149 2814 1239 persecutionum
2852 1149 3094 1238 poenis

537 1253 605 1309 et
647 1239 1042 1329 omnigenis
1080 1238 1508 1308 cruciatibus
1549 1239 2010 1327 subjecerant,
2045 1261 2126 1308 ac
2162 1238 2405 1310 mortis
2443 1239 2615 1307 retia
2647 1237 2960 1326 undique
2991 1238 3095 1307 eis

538 1340 968 1419 paraverant.
1013 1331 1156 1396 Hac
1203 1326 1289 1395 de
1334 1347 1544 1398 causa
1598 1329 1795 1398 morti
1839 1327 2096 1397 addicti
2147 1340 2335 1408 sunt,
2384 1340 2462 1396 ut
2507 1326 2754 1396 veteris
2791 1342 2858 1397 et
2905 1327 3096 1396 insa-

540 1418 794 1487 nabilis
844 1416 1170 1496 malitiae,
1209 1415 1281 1485 in
1329 1437 1469 1502 qua
1500 1414 1775 1486 educati
1822 1414 2118 1497 fuerant,
2221 1439 2435 1487 oenas
2492 1415 2906 1485 exolverent.
2951 1419 3095 1486 Hoc

536 1505 668 1577 fuit
692 1506 869 1576 Petri
894 1505 1371 1594 Apostolorum
1406 1507 1670 1575 summi
1694 1519 1935 1576 contra
1961 1440 2319 1575 diabofum
2349 1504 2620 1575 illustre
2654 1505 3088 1595 trophaeum,

537 1596 667 1666 hoc
720 1594 1215 1665 miraculorum
1296 1595 1652 1675 omnium,
1706 1616 1885 1681 quae
1932 1596 2003 1664 in
2069 1594 2371 1665 eundem
2420 1593 2822 1683 Apostolum
2871 1616 2913 1663 a
2963 1599 3094 1663 Deo

537 1683 787 1754 collata
833 1695 1042 1765 sunt,
1099 1683 1395 1751 maxime
1458 1682 1894 1754 admirabile.
1967 1684 2146 1767 Quid
2216 1683 2404 1752 enim
2457 1684 2762 1773 primum
2826 1682 2897 1751 in
2964 1682 3096 1752 boc

533 1772 854 1863 Apostolo
892 1771 1455 1842 admirabimur?
1502 1773 1667 1862 Ejus
1720 1795 1803 1841 ne
1864 1773 1934 1841 in
1995 1772 2341 1843 Christum
2392 1772 2749 1841 ardentem
2799 1771 3097 1841 benevo-

539 1862 871 1932 lentiam?
914 1867 1012 1931 An
1063 1861 1545 1931 revelationem
1603 1883 1640 1931 e
1687 1861 1878 1932 coelo
1942 1884 1984 1931 a
2031 1868 2226 1932 Patre
2291 1862 2445 1951 ipso
2492 1864 2949 1931 concessam?
2994 1865 3090 1929 An

536 1950 719 2039 quod
768 1971 932 2020 cum
981 1950 1303 2039 Magistro
1328 1973 1457 2020 suo
1486 1951 1661 2020 mori
1703 1963 1988 2043 paratus
2012 1964 2182 2032 erat,
2239 1972 2461 2039 neque
2493 1973 2534 2019 a
2584 1962 2858 2020 mortuo
2888 1948 3095 2019 avelli

541 2042 848 2130 poterat?
879 2040 1083 2123 Quid,
1108 2038 1289 2127 quod
1372 2052 1480 2109 ost
1508 2039 1760 2111 Christi
1791 2041 2364 2110 resurrectionem
2403 2039 2599 2109 tertio
2628 2040 3096 2128 interrogatus

537 2129 716 2199 fuit?
759 2132 908 2211 Qua
955 2149 1027 2197 re
1074 2150 1209 2198 non
1245 2149 1321 2198 so
1351 2151 1472 2198 um
1521 2135 1728 2200 Jesus
1774 2129 2086 2199 Christus
2139 2129 2567 2230 singularem
2617 2140 2684 2198 et
2731 2149 3091 2197 summum

538 2218 609 2287 in
660 2239 734 2288 se
756 2216 931 2287 Petri
967 2238 1273 2287 amorem
1303 2217 1700 2301 declaravit,
1754 2218 1874 2289 sed
1914 2219 2152 2288 mortis
2198 2232 2403 2288 ettam
2442 2238 2666 2307 genus
2702 2216 3093 2306 juventutis

540 2307 1048 2395 senectutisque
1096 2306 1378 2376 nomine
1451 2308 2064 2397 praemonstravit,
2131 2321 2196 2377 et
2242 2306 2503 2397 eoipso‚
2558 2305 2746 2393 quod
2817 2305 2907 2375 ab
2952 2304 3093 2374 alio

538 2397 648 2465 cin
703 2395 928 2465 endus
958 2407 1158 2477 esset,
1212 2395 1412 2465 illum
1462 2397 1688 2486 capite
1748 2397 1835 2467 ad
1885 2409 2137 2466 terram
2189 2417 2427 2473 verso,
2494 2394 2564 2463 in
2636 2416 2917 2464 erucem
2969 2393 3098 2464 tol-

538 2419 825 2556 lengum
875 2507 1024 2555 esse
1073 2483 1425 2555 indicavit.
2889 2520 2896 2526 ·

626 2578 665 2663 ξ
709 2578 848 2647 18.
900 2575 1027 2645 Hic
1078 2586 1356 2665 propter
1393 2573 1555 2644 fidei
1603 2574 2108 2645 abundantiam
2142 2595 2303 2643 cum
2352 2571 2836 2642 revelationem
2887 2592 2926 2639 a
2961 2575 3094 2640 Deo

538 2675 603 2733 et
641 2669 835 2733 Patre
880 2665 1278 2754 accepisset,
1337 2663 1586 2733 Filium
1635 2664 1749 2733 Dei
1797 2664 1932 2733 vivi
1972 2664 2320 2733 Christum
2363 2676 2597 2752 aperte
2647 2659 3090 2751 praedicavit,

537 2765 604 2822 et
633 2753 932 2822 duarum
969 2766 1374 2823 naturarum
1427 2752 1779 2822 veritatem
1829 2766 2016 2824 certa
2071 2752 2207 2822 fide
2255 2763 2545 2822 testatus
2601 2763 2727 2821 est.
2780 2749 2908 2819 Hic
2959 2753 3098 2819 Ma-

590 2842 738 2910 istri
803 2841 1146 2911 desiderio
1193 2863 1273 2911 ac
1335 2841 1810 2911 benevolentia
1870 2843 2383 2922 inflammatus»,
2449 2861 2612 2911 cum
2680 2845 2889 2909 Jesus
2947 2838 3101 2928 ipse

540 2864 746 3021 fonge
791 2943 995 3000 antea
1041 2952 1115 3000 se
1162 2930 1512 3002 cruciatus
1553 2952 1926 3020 passurum
1964 2931 2386 3000 indicasset:
2428 2936 2555 3000 Pro
2612 2929 2801 3009 iiius,
2841 2926 3091 3015 inquit,

541 3019 665 3090 tibi
715 3018 836 3098 sis,
896 3020 1226 3088 Domine:
1279 3041 1415 3089 non
1466 3020 1595 3089 erit
1662 3019 1793 3090 hoc
1843 3021 1991 3090 tibi.
2065 3019 2257 3102 Quod
2320 3040 2482 3088 cum
2583 3018 2794 3087 iceret
2825 3071 2840 3099 ‚
2894 3015 3102 3103 quasi

540 3109 930 3178 humanum
965 3109 1354 3199 quippiam,
1397 3130 1529 3178 non
1566 3108 1912 3192 divinum,
1951 3109 2280 3188 sentiens,
2346 3107 2833 3197 reprehensuS‚
2895 3104 3100 3174 silere

540 3197 944 3267 docebatur.
997 3198 1124 3266 Hic
1156 3218 1194 3267 e
1241 3197 1517 3286 navigio
1565 3198 1970 3288 Magistrum
2023 3197 2404 3285 aliquando
2463 3195 2868 3285 repellebat,
2930 3215 3096 3263 cum

541 3286 865 3355 miraculi
928 3286 1481 3377 magnitudinem
1529 3287 2080 3378 obstupesceret:
2150 3285 2478 3374 quodque
2529 3284 2733 3354 illum
2780 3305 2821 3352 a
2868 3302 2943 3352 se
2988 3303 3100 3351 re-

543 3373 848 3466 pelleret,
903 3375 1055 3464 ejus
1105 3375 1202 3444 rei
1239 3396 1524 3446 causam
1575 3397 1726 3446 esse
1774 3376 1994 3457 dixit,
2044 3375 2225 3462 quod
2278 3396 2353 3444 se
2404 3386 2828 3464 peccatorem
2878 3392 3100 3461 agno-

541 3476 782 3533 sceret.
834 3464 961 3534 Hic
997 3485 1322 3554 praesens
1369 3463 1522 3544 fuit,
1574 3486 1736 3535 cum
1775 3465 2088 3535 Christus
2130 3463 2268 3533 alia
2315 3462 2536 3532 forma
2584 3463 2652 3530 in
2707 3471 2939 3530 monte
2976 3481 3101 3549 ap-

587 3553 796 3634 aruit,
851 3565 916 3623 et
955 3554 1084 3623 tria
1124 3553 1573 3624 tabernacula
1619 3566 2021 3624 construere
2070 3566 2498 3643 separatum
2532 3571 2684 3621 esse
2727 3548 2982 3649 ajebat,
3019 3558 3100 3618 ut

577 3642 958 3712 udaeorum
1007 3643 1096 3712 ad
1162 3642 1593 3712 inferendam
1643 3642 1923 3713 caedem
2000 3655 2276 3733 paratos
2324 3662 2404 3711 ac
2451 3639 2775 3710 scelestos
2822 3658 3100 3708 ammos

540 3731 805 3802 vitaret.
856 3737 954 3801 An
1006 3753 1141 3801 non
1194 3732 1306 3801 bic
1352 3753 1515 3802 cum
1567 3732 1835 3803 Christo
1883 3754 1958 3802 se
2005 3732 2421 3802 moriturum
2474 3728 2817 3819 promisit,
2869 3740 2939 3796 et
2976 3727 3100 3797 ho-

541 3820 837 3891 micidae
885 3820 1077 3891 illius
1124 3821 1514 3891 auriculam
1564 3820 1800 3913 gladio
1824 3821 2235 3911 amputavit,
2270 3820 2341 3890 in
2375 3818 2571 3888 omni
2618 3839 2711 3919 re·
2731 3817 2893 3887 fidei
2930 3837 3102 3886 suae

539 3909 760 3979 zelum
813 3922 1019 3998 atque
1079 3910 1398 3980 ardorem
1444 3911 1869 3982 ostendens?
1914 3915 2009 3979 An
2060 3932 2198 3980 non
2248 3909 2361 3979 hic
2414 3920 2541 3989 est,
2593 3928 2716 3995 qui
2766 3928 2852 3975 ne
2903 3904 3103 3974 valde

538 3999 1036 4070 immisericors
1081 4012 1149 4069 et
1194 3999 1418 4071 durus
1462 4011 1663 4080 esset,
1704 3999 1776 4068 in
1812 3999 2119 4090 Magistri
2168 3999 2281 4069 sui
2316 3997 2748 4087 negationem
2787 3995 3101 4064 incidere

541 4088 925 4175 permissus
972 4088 1139 4169 fuit,
1192 4099 1258 4158 et
1304 4090 1470 4159 fletu
1532 4089 1752 4159 multo
1819 4099 2180 4176 peccatum
2230 4090 2573 4178 purgare?
2619 4084 2806 4167 Quid
2863 4083 3100 4184 dicam

538 4176 725 4245 alia?
756 4179 1032 4250 Missam
1081 4177 1259 4248 facio
1298 4177 1764 4257 timiditatem,
1819 4176 2083 4268 fugam,
2137 4176 2492 4256 duritiem,
2550 4187 2617 4244 et
2661 4173 2817 4332 ef‘us
2863 4193 2935 4241 in
2983 4190 3098 4239 se-

541 4265 863 4356 pulcrum
906 4267 975 4336 in
1032 4268 1433 4349 ressionem‚
1500 4266 1875 4336 mulierum
1912 4279 2270 4356 unguenta
2294 4263 2663 4334 ferentium
2727 4272 2873 4331 aeta
2917 4280 3103 4360 pun-

539 4354 672 4425 cia:
723 4289 1313 4443 quemadmodum
1348 4356 1555 4426 etiam
1610 4354 1923 4427 Christus
1959 4356 2112 4446 ipse
2157 4354 2260 4424 illi
2299 4354 2591 4425 seorsim
2639 4362 2986 4442 apparuit,
3032 4358 3103 4418 et

539 4444 613 4514 in
677 4464 867 4516 mare
913 4445 1316 4537 Tyberiadis
1363 4444 1789 4516 miraculum
1843 4444 2107 4516 effecit:
2165 4444 2334 4515 item
2401 4442 2545 4515 alia
2613 4457 3102 4531 quaecumque
