3308 5004
475 3691 476 3694 Ἴ
581 3636 736 3684 vero
783 3637 939 3684 cum
995 3616 1388 3706 postpositis
1435 3618 1761 3688 omnibus

700 326 829 392 318
1411 343 1491 389 nn
1538 342 1594 389 s,
1647 341 2068 390 walumramo
2118 341 2334 390 Passa.
2820 324 3005 391 AUG.
3060 325 3143 392 u

608 428 877 499 liberati
926 441 1088 498 sunt
1135 428 1203 496 in
1247 426 1533 497 basilica
1578 427 1799 496 sancti
1849 426 2001 506 viri,
2046 425 2166 496 alii
2214 427 2284 496 in
2332 426 2620 497 basilica
2659 426 2979 497 dominae
3010 433 3147 498 Ra-

607 517 990 607 degundis:
1036 529 1112 587 ut
1156 536 1451 603 quorum
1500 528 1646 585 erat
1678 538 1803 606 par
1849 515 2093 607 gratia,
2133 516 2353 585 virtus
2437 537 2666 603 uoque
2703 516 3147 587 indissimilis

607 605 1099 675 ostenderetur.
1152 604 1479 691 Quisquis
1525 606 1730 674 etiam
1778 626 2002 691 usque
2048 604 2132 674 ad
2167 605 2342 675 vitae
2436 606 2931 695 esperationem
2966 604 3149 674 male

607 694 832 776 habet,
877 695 936 764 si
986 693 1209 784 palam
1265 693 1654 763 inferiorem
1713 692 1952 764 altaris
1996 692 2033 729 ²*
2069 694 2141 762 in
2203 715 2423 780 aquae
2486 694 2772 764 calicem
2820 695 3142 785 intingat,

606 796 981 873 potumque
1029 782 1225 852 illum
1264 782 1562 861 hauriat,
1611 802 1765 851 mox
1799 803 2087 852 somnus
2133 782 2193 851 ei
2243 782 2528 862 accedit,
2577 783 2859 852 morbus
2904 785 3150 853 absce-

606 871 728 953 dit,
766 872 1029 942 Christo
1079 871 1432 962 largiente.
1487 869 1738 940 Multae
1771 870 1913 940 illic
1945 871 2250 957 quotidie
2298 871 2477 941 fiunt
2506 872 2786 942 virtutes
2824 884 2889 942 et
2938 873 3151 941 mira·

601 960 759 1030 cula
800 962 867 1029 in
905 961 1152 1030 Christi
1201 960 1503 1029 nomine.
1558 964 1689 1030 Nos
1737 980 1903 1029 sane
1940 959 2127 1029 fideli
2161 959 2518 1030 devotione
2555 974 2621 1030 et
2659 960 2889 1030 debita
2937 960 3147 1031 sedu-

603 1048 790 1119 litate
822 1070 1230 1118 veneramur
1275 1069 1425 1117 eam
1461 1048 1530 1116 in
1584 1047 1806 1128 terriS,
1861 1049 2065 1138 cujus
2112 1050 2418 1120 animam
2475 1049 2918 1131 confidimuS,
2973 1072 3148 1140 gau-

600 1137 844 1209 demus
868 1149 932 1207 et
961 1137 1340 1227 gloriamur
1379 1135 1809 1227 praefulgere
1847 1137 1916 1206 in
1951 1137 2191 1209 coelis:
2225 1138 2343 1207 illo
2385 1151 2792 1228 praestante,
2827 1139 3143 1226 quicum

601 1232 792 1297 Patre
831 1240 897 1296 et
930 1226 1189 1317 Spiritu
1224 1229 1470 1296 Sancto
1518 1225 1680 1296 vivit
1711 1238 1775 1296 et
1807 1240 2045 1318 regnat
2084 1227 2153 1296 in
2185 1226 2420 1297 secula
2454 1228 2870 1309 seculorum,
2901 1233 3139 1297 Amen.

1130 1541 1355 1641 VlTA
1439 1542 1520 1641 S.
1594 1540 1875 1642 CONF.
1945 1540 2609 1644 WERENFRlDl

599 1781 706 1839 QUI
754 1782 901 1829 FUIT
955 1783 1034 1829 Ex
1081 1782 1481 1830 APOSTOLICIS
1529 1783 1699 1830 VIRIS
1723 1815 1741 1841 ,
1796 1782 2003 1830 mssts
2049 1784 2128 1831 Ex
2175 1783 2447 1841 ANGLIA,
2523 1784 2604 1830 Au
2651 1783 3136 1832 convssarntmos

690 1888 1076 1947 HOLLANDOS,
1131 1887 1458 1947 FRISONES,
1512 1888 1964 1949 GELDRIENSES,
2021 1886 2321 1950 sAxONES,
2373 1888 2509 1938 mc.
2563 1891 2644 1937 ΕΣ
2692 1889 3141 1948 ANTlQmssmo

690 1996 792 2043 MS.
845 1994 1065 2043 comen
1112 1994 1446 2044 ECCLESIAR
1494 1994 1970 2045 TRAJECTENSts.

1111 2174 1233 2230 Ob.
1277 2188 1457 2231 anno
1496 2175 1785 2244 probab.
1832 2176 1960 2231 '760
2006 2207 2081 2217 —
2122 2176 2281 2233 Nat..
2326 2178 2618 2244 Anglus.

681 2377 717 2462 ἓ
764 2378 838 2447 1.
893 2379 1059 2443 Cum
1110 2375 1443 2445 Dominus
1491 2389 1555 2446 et
1604 2375 1910 2447 Salvator
1962 2390 2189 2447 noster
2240 2376 2340 2446 sol
2381 2377 2731 2465 justitiae,
2786 2397 2950 2445 suae
2995 2374 3144 2445 cla-

592 2463 813 2535 ritatis
849 2463 1077 2535 radios
1125 2464 1382 2553 ubique
1407 2486 1524 2556 per
1556 2464 1898 2536 mundum
1938 2465 2135 2536 vellet
2166 2464 2571 2546 clarificare,
2631 2466 2831 2555 longe
2864 2464 3141 2552 lateque

590 2552 820 2623 stellas
870 2575 991 2643 per
1035 2555 1271 2624 orbem
1318 2554 1632 2642 ejusdem
1687 2554 2018 2626 claritatis
2050 2556 2216 2625 oriri
2266 2555 2423 2626 fecit
2473 2557 2901 2635 innumeraS,
2954 2575 3141 2641 quae

590 2641 744 2713 luce
780 2641 1110 2714 virtutum
1146 2657 1459 2714 aeternae
1493 2643 1713 2715 noctis
1744 2644 1880 2713 effu
1932 2658 2125 2714 arent
2161 2646 2498 2715 tenebras.
2539 2644 2690 2714 Sole
2721 2644 2974 2713 etenim
3012 2644 3143 2713 ab·

587 2744 798 2811 sente,
855 2731 1075 2800 solent
1137 2732 1370 2802 stellae
1420 2745 1667 2802 terram
1747 2733 1885 2802 irra
1942 2732 2120 2802 iare:
2177 2734 2269 2802 ita
2337 2733 2652 2803 doctores
2699 2732 2955 2810 sancti,
3007 2732 3141 2817 qui

588 2832 749 2891 sunt
784 2819 1018 2890 stellae
1066 2818 1508 2902 firmamenti,
1539 2821 1740 2909 quasi
1778 2821 1920 2892 sole
1966 2823 2254 2911 perenni
2288 2844 2424 2890 non
2453 2822 2711 2908 ubique
2746 2834 3131 2910 praesente,

586 2929 807 2998 genus
855 2907 1238 2978 humanum
1291 2922 1565 2980 sanctae
1600 2909 2132 3000 praedicationis
2164 2909 2587 2999 perlustrant
2619 2910 2908 2979 lumine.
2950 2913 3137 2992 Quo-

586 3019 742 3066 rum
797 2996 1257 3087 perplurimos
1287 2999 1635 3086 Hybernia
1677 2999 1818 3069 sive
1844 2999 2067 3067 Scotia
2103 2998 2365 3068 mundo
2401 2998 2709 3088 protulit,
2758 2997 3135 3068 nonnullos

584 3084 936 3154 Britannia
983 3086 1183 3172 eique
1255 3085 1579 3176 adjacens
1628 3086 2120 3156 Northumbria
2184 3109 2546 3187 procreare
2614 3087 2891 3157 meruit.
2943 3091 3135 3156 Inter

585 3193 758 3258 quos
797 3194 1114 3244 summus
1150 3187 1340 3264 pater
1379 3175 1837 3245 Wilibrordus
1861 3174 1931 3210 ⁴*
1962 3189 2027 3246 et
2059 3175 2304 3246 lucifer
2345 3177 2522 3246 inter
2555 3175 2789 3246 stellas
2826 3175 3133 3246 exoritur

583 3260 1035 3343 clarissimus,
1087 3275 1152 3333 et
1185 3263 1583 3333 meritorum
1617 3263 1769 3333 luce
1797 3263 2048 3334 clarior
2075 3266 2361 3335 caeteris
2399 3266 2468 3334 in
2502 3264 2668 3334 orbe
2699 3277 3124 3354 procreatur,

583 3349 790 3436 cujus
840 3349 1051 3420 radiis
1100 3371 1234 3419 non
1288 3351 1559 3421 modica
1591 3374 1751 3442 pars
1800 3353 2045 3423 mundi
2082 3353 2568 3443 perlustratam
2610 3375 2683 3422 se
2714 3375 2866 3422 esse
2916 3352 3129 3422 laeta-

586 3450 718 3517 tur,
765 3439 927 3524 quia
953 3451 1221 3529 gentem
1252 3444 1671 3509 Francorum
1713 3455 1989 3513 sanctae
2019 3442 2430 3514 eruditionis
2468 3441 2650 3511 dono
2696 3441 3123 3511 sublimavit:

583 3526 1084 3614 Frisonumque
1131 3526 1463 3599 feritatem
1496 3528 1731 3599 divino
1760 3529 1954 3600 cultu
2004 3531 2466 3620 praedicando
2517 3530 2957 3621 mancipavit.
2999 3528 3131 3600 Ille

1856 3633 2090 3711 eregre
2140 3621 2481 3721 proficisci
2527 3619 2659 3689 sibi
2711 3620 3123 3709 proposuit:

579 3703 817 3773 beatus
868 3703 1353 3788 werenfriduS,
1404 3708 1635 3794 quiin
1677 3642 1938 3778 eisdem
1989 3710 2304 3799 partibus
2348 3708 2724 3798 Anglorum
2774 3706 3123 3777 oriundus

577 3793 816 3874 extitit,
870 3814 1008 3863 non
1048 3793 1272 3865 solum
1321 3810 1639 3865 sanctum
1690 3797 2179 3868 wilibrordum
2236 3819 2399 3868 cum
2460 3796 2795 3886 exemplis
2845 3817 3124 3865 verum-

577 3881 784 3951 etiam
814 3882 1079 3952 studuit
1118 3883 1312 3970 sequi
1340 3884 1664 3986 vestigiis.
1712 3890 2056 3986 Spernens
2087 3898 2316 3956 autem
2347 3886 2636 3976 patriam
2668 3895 3126 3976 parentesque

573 3993 805 4041 amore
863 3971 1114 4053 divino,
1172 3986 1406 4063 utpote
1456 3974 1550 4062 pii
1602 3986 1816 4063 patrls
1861 3974 2176 4045 eruditus
2227 3974 2564 4076 exemplo,
2619 3997 2692 4044 se
2739 3972 3116 4064 praedesti-

577 4061 760 4130 navit
809 4060 876 4129 in
929 4060 1055 4130 hac
1093 4063 1639 4153 peregrinatione
1688 4064 2145 4154 peregrinari,
2198 4085 2339 4151 qua
2390 4063 2596 4133 citius
2636 4076 2949 4133 aeternae
3000 4083 3123 4151 pa-

578 4149 744 4218 triae
777 4151 1118 4241 particeps
1160 4151 1599 4241 postmodum
1638 4165 2013 4222 mereretur
2048 4152 2222 4222 fieri.

661 4239 698 4323 ξ
750 4242 836 4308 2.
906 4243 1193 4310 Sanctus
1254 4254 1484 4311 autem
1551 4239 2042 4322 wilibrordus,
2116 4248 2249 4311 Deo
2313 4241 2862 4333 praedestinante
2928 4238 3114 4308 sedis

630 4400 652 4420 ⁹
683 4399 902 4450 Inteluge
930 4412 1137 4452 pannum
1166 4405 1511 4453 cooperientem
1530 4404 1728 4446 Sanctae
1747 4405 1971 4446 tumbam.

631 4452 683 4479 *⁹
712 4454 915 4495 Consule
949 4456 1089 4497 Vitam
1107 4457 1151 4499 Β.
1176 4458 1378 4499 Lebulni
1405 4456 1455 4500 in
1484 4459 1610 4501 surii
1641 4460 1808 4507 nostri,
1828 4460 1927 4500 Vol.
1950 4468 2016 4506 111,
2035 4467 2079 4509 p.
2101 4459 2193 4500 699.
