3308 5004
43 337 237 406 AUG.
289 340 377 405 29
909 358 990 405 nt
1037 358 1092 405 s.
1146 356 1458 406 namuco
1504 358 1748 407 murt
2384 340 2513 406 739

43 442 328 513 cultura
355 441 692 512 deorum:
733 441 934 513 beata
960 442 1215 513 Sabina
1253 442 1646 535 respondit:
1689 466 1726 511 «
1756 443 1954 515 Illius
1982 457 2260 514 sanctae
2299 445 2594 535 puellae,

44 532 133 602 de
158 554 293 620 qua
330 531 530 613 dicis,
568 529 928 602 maleficiis
959 531 1225 602 utinam
1256 544 1322 602 et
1346 546 1418 602 tu
1447 532 1863 615 suadereris,
1904 533 2105 603 sicuti
2139 546 2204 603 et
2236 555 2363 635 ego
2395 556 2603 605 suasa

44 643 234 702 sum,
287 629 354 690 et
384 620 472 690 ab
513 620 902 690 immundis
937 620 1291 691 recederes
1342 620 1572 703 idolis,
1625 633 1692 691 et
1739 644 1972 691 verum
2015 634 2080 692 et
2127 622 2598 693 certissimum

41 731 457 803 agnosceres
499 713 735 791 Deum,
789 709 911 799 qui
960 710 1179 781 bonos
1226 709 1314 781 ad
1362 723 1710 780 aeternam
1763 723 1956 781 vocat
2007 711 2240 793 vitam,
2282 724 2345 780 et
2382 710 2601 781 malos

39 801 120 958 ipl
154 820 444 956 poegam
483 796 811 886 relinquit
841 812 1321 890 perpetuam.»
1355 799 1548 883 Quod
1583 803 1864 870 Praeses
1904 800 2222 882 audiam,
2270 800 2603 869 reveritus

41 890 67 959 i
128 911 237 957 am
324 887 564 957 imisit.

135 979 173 1066 ς
218 980 311 1048 8.
368 980 448 1045 Ut
497 996 653 1053 vero
701 975 902 1046 beata
949 976 1230 1066 Serapia
1275 975 1311 1012 '⁶
1358 975 1862 1067 gloriosissimo
1912 977 2244 1067 martyrio
2278 990 2603 1047 coronata

46 1079 171 1147 est,
227 1064 702 1135 illustrissima
752 1065 1006 1136 Sabina
1059 1064 1396 1157 colligens
1446 1065 1776 1153 reliquias
1824 1066 1978 1153 ejus
2015 1120 2031 1148 ,
2085 1065 2448 1136 celebratis
2488 1088 2602 1135 ve-

45 1153 479 1225 nerabilibus
527 1154 859 1241 exequiis,
914 1166 991 1224 ut
1030 1155 1434 1225 thesaurum
1490 1155 2018 1244 sempiternum,
2073 1155 2175 1224 vel
2230 1156 2600 1247 pretiosam

40 1244 491 1334 margaritam
552 1243 859 1333 reposuit
899 1242 969 1311 in
1033 1256 1485 1313 monumento
1545 1265 1673 1313 suo
1711 1298 1726 1324 ‚
1779 1242 1963 1330 quod
2033 1244 2185 1334 ipsa
2251 1244 2383 1313 sibi
2438 1266 2600 1313 cum

39 1354 321 1403 summo
358 1330 589 1401 studio
636 1344 702 1401 et
746 1343 997 1402 ornatu
1043 1330 1315 1402 fecerat.
1367 1331 1626 1401 Deinde
1669 1332 2093 1423 interpositis
2143 1332 2407 1420 aliquot
2453 1333 2602 1402 die-

38 1423 202 1503 bus,
241 1421 765 1521 comprehensa,
796 1420 1025 1511 judici
1059 1420 1864 1579 Elpidioffiraesentatur.
1905 1429 2120 1505 Quam
2161 1422 2276 1491 ille
2311 1422 2596 1491 videns:

39 1516 142 1579 Tu
190 1532 286 1591 eS,
326 1510 577 1597 inquit,
619 1509 897 1591 Sabina,
932 1531 1105 1581 uxor
1136 1531 1319 1598 quon
1378 1532 1486 1579 am
1531 1509 1875 1580 Valentini
1916 1510 2431 1580 illustrissimae
2464 1532 2604 1580 me-

41 1599 306 1669 moriae
336 1654 353 1681 ,
410 1611 476 1669 et
523 1597 668 1668 filia
716 1598 1053 1669 Herodis?
1099 1600 1221 1669 Cui
1278 1610 1514 1670 sancta
1563 1612 1879 1669 matrona
1929 1599 2324 1690 respondit:
2394 1623 2429 1666 «
2464 1605 2603 1690 Ego

39 1710 231 1770 sum,
269 1701 335 1758 et
362 1688 619 1777 gratias
652 1709 782 1778 ago
814 1687 1105 1758 Domino
1140 1709 1292 1757 meo
1313 1688 1487 1757 Jesu
1521 1688 1813 1769 Christo,
1844 1688 1964 1777 qui
2000 1711 2109 1758 me
2152 1690 2598 1776 peccatricem

40 1798 172 1866 per
203 1790 511 1846 sanctam
547 1776 879 1845 famulam
918 1798 1112 1846 suam
1157 1777 1537 1867 serapiam,
1591 1776 1679 1847 de
1712 1776 1953 1848 multis
2002 1777 2327 1849 sordibus
2364 1790 2429 1846 et
2479 1798 2600 1868 po-

37 1877 284 1936 testate
316 1864 737 1934 daemonum
773 1864 1065 1935 liberare
1098 1864 1427 1955 dignatus
1465 1876 1590 1935 est.
1624 1888 1661 1933 »

135 1956 174 2041 §
223 1958 309 2027 4.-
362 1957 756 2024 Commotus
820 1954 1259 2043 postmodum
1303 1953 1693 2025 Praefectus
1723 2010 1738 2036 ,
1793 1975 1953 2025 cum
2004 1953 2264 2025 videret
2312 1953 2384 2023 in
2432 1976 2597 2024 con-

37 2042 344 2113 fessione
393 2041 639 2112 Christi
696 2042 1153 2113 constantiam
1206 2043 1355 2133 ejus
1390 2098 1405 2125 ,
1449 2043 1733 2113 dictavit
1780 2043 2190 2114 sententiam
2222 2098 2243 2125 ,
2301 2043 2593 2113 dicens:

40 2130 373 2201 Sabinam
427 2130 562 2200 diis
610 2131 1141 2213 inobedientem,
1179 2130 1498 2203 dominos
1531 2154 1807 2219 quoque
1838 2145 1902 2202 et
1936 2136 2281 2224 Augustos
2324 2146 2594 2203 nostros

36 2219 672 2309 blasphemantem,
725 2219 957 2310 gladio
1006 2221 1272 2312 percuti
1321 2220 1780 2300 decrevimus,
1837 2233 2041 2306 atque
2080 2243 2324 2290 omnes
2374 2220 2597 2290 facul-

37 2321 217 2377 tates
255 2309 410 2395 eJus
440 2307 740 2398 publicis
774 2309 992 2379 titulis
1021 2308 1398 2400 designari.
1437 2314 1643 2378 Passa
1679 2321 1781 2378 est
1826 2322 2052 2377 autem
2097 2310 2299 2378 beata
2331 2308 2597 2378 famula

36 2396 295 2468 Christi
331 2397 581 2468 Sabina
627 2403 666 2468 4
717 2396 1057 2468 Kalendas
1092 2398 1511 2489 Septembris
1546 2420 1562 2461 ε
1615 2409 1681 2466 et
1714 2419 1753 2465 a
1786 2395 2192 2466 Christianis
2235 2396 2590 2466 sublatum

34 2508 300 2576 corpus
338 2486 512 2577 ejuS,
552 2485 901 2579 sepultum
954 2498 1057 2557 est
1105 2487 1174 2556 in
1229 2494 1700 2566 monumento,
1745 2484 1867 2555 ubi
1917 2485 2071 2575 ipsa
2111 2485 2597 2555 venerabiliter

32 2588 441 2666 reposuerat
491 2577 891 2668 magistram
942 2576 1107 2646 fidei
1161 2598 1327 2646 suae
1377 2575 1714 2665 virginem
1773 2576 2152 2664 Serapiam,
2210 2575 2298 2645 ad
2352 2596 2589 2645 areum

33 2665 374 2747 Faustini,
421 2665 619 2755 juxta
653 2687 882 2736 aream
917 2664 1308 2735 vindiciani
1347 2665 1419 2734 in
1450 2662 1707 2755 oppido
1748 2663 2176 2734 Vindinensi.

582 2945 816 3046 vtTA
884 2946 966 3049 S.
1034 2944 1525 3047 MEDERICI
1610 2944 2050 3046 ABBATlS

378 3182 636 3235 sraenu
674 3185 992 3236 vinetum
1037 3184 1531 3234 amovicznsls
1563 3165 1703 3234 Lib.
1740 3185 1911 3247 nir,
1951 3168 2112 3255 Cap.
2152 3169 2261 3233 92.

718 3365 906 3422 Flor.
952 3378 1126 3424 eaeo.
1172 3364 1273 3420 VI
1313 3393 1391 3404 -
1431 3365 1591 3423 Nat.
1638 3364 1910 3424 Gallus.

126 3547 163 3633 ἓ
210 3550 286 3640 ‚¹-
341 3549 532 3617 Anno
605 3546 877 3616 Domini
946 3547 1467 3638 nongentesimo
1515 3547 2209 3639 octogesimoquarto‚
2265 3546 2386 3634 qui
2458 3544 2588 3616 fuit

30 3634 309 3728 primus
375 3656 603 3704 annus
668 3635 931 3705 Ottonis
995 3636 1171 3705 tertii
1236 3635 1620 3707 secundum
1681 3637 2062 3717 chronica,
2131 3635 2432 3705 levatum
2484 3648 2586 3705 est

29 3723 335 3794 Parisios
373 3745 627 3814 corpus
676 3728 741 3794 S.
796 3723 1114 3795 Mederici
1145 3725 1422 3796 Abbatis
1453 3780 1468 3807 ,
1534 3724 1686 3815 ipso
1734 3725 1844 3796 die
1892 3724 2348 3815 depositionis
2397 3724 2578 3813 ejuS,

30 3812 295 3883 scilicet
351 3826 595 3901 quarto
653 3812 992 3883 Kalendas
1044 3813 1486 3903 Septembris.
1563 3813 1689 3884 Hic
1754 3814 1986 3883 Eduae
2056 3814 2352 3884 civitatis
2405 3835 2584 3904 pago

31 3914 254 3982 ortus,
309 3900 563 3972 nobilis
612 3924 883 3993 genere,
935 3925 1096 3973 cum
1134 3901 1457 3973 tredecim
1493 3921 1712 3973 annos
1752 3901 2130 3992 implesset,
2186 3901 2420 3972 invitis
2463 3923 2584 3991 pa-

31 3989 349 4060 rentibus
401 3990 485 4060 ad
538 3991 1035 4061 monasterium
1091 3991 1401 4083 ejusdem
1459 3991 1752 4062 civitatis
1800 3991 2015 4062 abiit:
2069 4004 2134 4061 et
2194 3992 2578 4081 ingressus,

0 4089 268 4150 'tantae
313 4079 769 4150 abstinentiae
828 4080 980 4162 fuit,
1045 4093 1124 4151 ut
1174 4081 1245 4150 in
1297 4078 1730 4150 hebdomada
1792 4102 1928 4150 non
2000 4080 2135 4149 nisi
2200 4081 2307 4151 bis
2373 4077 2590 4148 edulii

33 4166 412 4256 quicquam
445 4183 741 4260 caperet,
778 4168 966 4258 quod
999 4191 1134 4240 non
1187 4169 1321 4238 nisi
1358 4191 1533 4259 pane
1568 4168 1970 4253 hordeaceo,
2013 4168 2112 4238 vel
2164 4167 2349 4256 quod
2386 4166 2593 4237 vilius

36 4256 345 4346 reperire
376 4270 662 4349 poterat,
706 4271 771 4330 et
804 4280 1024 4347 aquae
1059 4258 1329 4328 modico
1364 4257 1591 4328 fiebat.
1647 4262 1773 4328 Cor
1825 4280 1908 4328 us
1951 4256 2179 4329 cilicio
2208 4256 2594 4345 asperrimo

35 4344 309 4419 occulte
341 4349 630 4440 tegebat,
670 4362 736 4421 et
768 4348 1070 4441 desuper
1100 4347 1173 4418 in
1207 4346 1539 4430 vestibus,
1579 4345 1737 4419 aliis
1802 4347 2105 4419 ratribus
2139 4346 2390 4417 similis
2420 4357 2588 4416 erat.

99 4474 128 4501 2
155 4473 216 4516 In
230 4474 474 4524 Kartum-ol.
492 4484 545 4516 tu
565 4475 691 4526 sept.
