3308 5004
718 337 868 402 426
1636 355 1730 402 pn
1777 355 1834 402 s.
1886 353 2190 404 nummo
2879 333 3060 402 «Anu.
3100 334 3132 402 l

638 435 790 526 ipse
816 439 1103 504 Romam
1157 433 1499 523 profectus
1526 446 1651 515 est,
1683 434 1807 504 ubi
1839 456 1960 525 per
1990 457 2151 505 eum
2187 442 2361 507 Deus
2389 435 2476 505 ad
2519 436 2842 506 honorem
2873 432 3136 504 nominis

642 523 778 605 sui,
827 535 894 593 et
942 523 1564 594 corroborationem
1608 545 1705 593 nu
1755 545 1832 593 er
1880 523 2177 594 inchoati
2230 524 2530 606 Ordinis,
2585 525 2758 594 mira
2818 525 2973 594 sane
3004 542 3139 613 ope-

639 626 836 683 ratus
880 624 1005 692 est,
1050 612 1231 683 sicut
1277 613 1629 700 sequentia
1728 612 2157 683 eclarabunt.

729 704 766 789 ξ
811 707 899 774 5.
956 701 1081 771 Ubi
1131 706 1416 772 Romam
1465 702 1649 770 venit
1697 702 1800 769 vir
1845 713 2150 781 sanctus,
2202 700 2663 772 concionandi
2720 721 3003 779 munus,
3066 696 3139 768 ad

639 790 825 878 quod
874 788 1208 860 divinitus
1254 792 1550 870 accltuS,
1603 801 1669 858 et
1716 790 1802 860 ab
1861 791 2248 879 Apostolica
2313 790 2484 861 Sede
2530 789 2885 860 institutus
2925 787 3140 868 fuerat,

641 880 712 948 in
801 879 1120 969 raecipuo
1167 878 1590 969 Apostolicae
1637 879 2065 949 auctoritatis
2123 879 2269 951 loco
2314 880 2540 970 coepit
2577 878 2978 967 frequenter,
3035 876 3141 945 hu·

640 968 736 1036 mi
773 969 899 1038 iter
924 981 991 1038 et
1040 968 1150 1058 pie
1194 989 1530 1038 exercere.
1563 967 2089 1039 Diffundebatur
2168 969 2337 1038 ratia
2371 970 2441 1038 in
2475 969 2680 1038 labiis
2697 967 2871 1059 ejus,
2900 975 3147 1051 eratque

643 1061 819 1129 Deus
864 1058 935 1126 in
985 1077 1102 1126 ore
1150 1056 1363 1131 illius,
1417 1068 1482 1125 et
1514 1057 1978 1127 audiebantur
2001 992 2207 1128 verssa
2238 1059 2389 1148 ejus
2436 1057 2910 1148 cupidissime.
2944 1060 3149 1124 Sermo

637 1146 821 1215 enim
873 1146 1025 1237 ejus
1070 1158 1136 1215 et
1198 1144 1616 1236 praedicatio
1689 1167 1823 1214 non
1875 1147 1943 1215 in
2019 1146 2599 1237 persuasibilibus
2669 1147 3009 1216 humanae
3055 1162 3149 1242 aa·

641 1234 962 1326 pientiae,
1016 1234 1116 1304 vel
1170 1234 1401 1303 inanis
1449 1233 1932 1325 Philosophiae
1981 1235 2204 1306 verbis
2242 1248 2424 1315 erat,
2480 1235 2599 1304 sed
2651 1235 2723 1303 in
2774 1232 2981 1303 animi
3027 1250 3149 1329 ple-

641 1336 796 1406 tate,
833 1338 898 1394 et
936 1323 1324 1393 ostensione
1358 1323 1645 1413 spiritus
1689 1335 1754 1393 et
1803 1323 2112 1394 virtutis:
2167 1324 2804 1415 cooperabatur-que
2842 1321 2907 1391 ei
2953 1325 3152 1389 Domi-

639 1436 819 1493 nus,
886 1425 952 1481 et
999 1432 1383 1483 sermonem
1448 1412 1599 1501 ejus
1661 1413 2111 1499 sequentibus
2183 1414 2404 1504 signis
2467 1411 2945 1482 confirmabat.
3019 1412 3155 1477 Erat

640 1507 897 1571 Romae
946 1513 1258 1569 matrona
1322 1500 1663 1587 quaedam
1697 1556 1712 1581 ‚
1765 1501 1938 1570 civis
1984 1507 2293 1572 Romana
2351 1515 2417 1571 et
2465 1502 2673 1571 vidua
2704 1555 2719 1582 ,
2784 1497 3040 1571 Gutado
3089 1515 3159 1564 ea

637 1589 1018 1671 dicebatur,
1066 1590 1379 1675 miraque
1423 1610 1586 1679 erga
1636 1590 1913 1660 beatum
1949 1591 2381 1661 Dominicum
2421 1590 2782 1660 devotione
2816 1589 3155 1658 ferebatur.

637 1679 945 1749 Habebat
991 1691 1218 1748 autem
1256 1677 1480 1748 filium
1505 1700 1726 1748 unum
1768 1679 2161 1768 parvulum,
2202 1679 2386 1748 mala
2415 1680 2741 1750 affectum
2771 1674 3156 1748 valetudine.

638 1772 945 1854 Cumque
992 1767 1094 1836 vir
1140 1767 1256 1836 Dei
1291 1768 1359 1835 in
1412 1767 1713 1839 Ecclesia
1749 1773 1814 1837 S.
1870 1769 2077 1837 Marci
2124 1769 2528 1839 concionem
2577 1768 2951 1838 habiturus
2980 1772 3156 1841 esset,

637 1868 951 1926 matrona
999 1855 1167 1925 haec
1215 1855 1559 1926 desiderio
1607 1856 1939 1926 audiendi
1990 1857 2273 1928 verbum
2308 1857 2421 1927 Dei
2462 1878 2543 1926 ex
2588 1879 2708 1927 ore
2738 1857 2914 1946 ejus,
2955 1851 3161 1953 rel-icto

635 1945 826 2027 filio,
880 1945 1063 2014 venit
1124 1944 1207 2013 ad
1272 1945 1702 2014 concionem.
1758 1951 1849 2014 Ea
1916 1946 2136 2028 finita,
2190 1946 2475 2016 domum
2535 1959 2911 2024 revertens,
2963 1941 3161 2012 filium

633 2034 1020 2104 exanimem
1074 2033 1368 2102 invenit:
1424 2033 1542 2103 sed
1596 2034 2047 2105 immodicum
2085 2035 2388 2105 dolorem
2439 2057 2520 2105 ex
2575 2035 2733 2125 ejus
2769 2045 2984 2103 morte
3025 2049 3165 2126 conf

634 2136 911 2213 ceptum
977 2121 1250 2192 silentio
1299 2143 1643 2213 premens,
1696 2136 1763 2193 et
1810 2136 1953 2193 tum
2007 2124 2091 2193 de
2140 2124 2253 2193 Dei
2311 2124 2599 2205 virtute,
2660 2137 2816 2193 tum
2866 2122 2952 2190 de
3009 2119 3167 2218 beatl

635 2211 976 2283 Dominici
1025 2211 1285 2281 meritis
1332 2211 1659 2281 fiduciam
1710 2213 2112 2303 concipiens
2142 2266 2163 2294 ,
2235 2213 2614 2304 assumptis
2680 2211 2962 2282 ancillis
3005 2227 3164 2285 suis,

636 2301 792 2371 tulit
839 2300 1061 2371 filium
1112 2322 1314 2370 suum
1352 2300 1433 2369 ad
1476 2300 1838 2370 ecclesiam
1876 2306 1941 2370 S.
1979 2302 2171 2384 Sixti,
2202 2302 2325 2372 ubi
2374 2313 2519 2371 tum
2558 2302 2662 2371 vir
2697 2313 2987 2372 sanctus
3028 2314 3172 2367 cum

633 2388 967 2461 fratribus
1001 2389 1420 2460 morabatur.
1450 2395 1528 2461 Et
1557 2390 1721 2476 quia
1754 2389 2003 2460 domus
2029 2390 2150 2460 illa
2198 2403 2362 2460 tunc
2394 2390 2819 2481 recipiendis
2846 2385 3176 2484 sororibus

635 2479 1124 2571 apparabatur,
1180 2478 1298 2548 alii
1345 2478 1692 2549 artificum
1723 2480 2083 2551 occasione
2129 2479 2481 2549 intrabant
2518 2501 2681 2549 cum
2733 2479 2882 2550 illa.
2927 2482 3174 2548 Invenit

634 2582 863 2640 autem
913 2569 1139 2639 virum
1192 2568 1307 2638 Dei
1364 2581 1656 2638 stantem
1708 2568 1793 2637 ad
1859 2568 2039 2639 fores
2086 2569 2338 2639 domus
2371 2623 2386 2649 ‚
2440 2589 2653 2656 quam
2724 2567 3173 2664 capitularem

632 2670 920 2738 vocant,
991 2669 1343 2814 tamaeguam
1396 2658 1493 2727 ibi
1551 2656 1854 2743 aliquem
1904 2671 2313 2747 expectaret.
2371 2663 2452 2727 Ut
2501 2678 2660 2726 vero
2712 2658 2923 2728 illum
2974 2652 3170 2730 vidit,

634 2748 824 2817 misit
878 2747 1100 2816 filium
1190 2744 1546 2815 efunctum
1596 2745 1685 2814 ad
1736 2744 1943 2835 pedes
1990 2747 2164 2836 ejus,
2229 2759 2293 2816 et
2352 2758 2695 2837 prostrata
2747 2768 2985 2817 coram
3036 2741 3176 2819 illo,

634 2857 793 2906 cum
846 2833 1173 2923 lacrymis
1218 2834 1477 2914 orabat,
1533 2846 1606 2903 ut
1657 2834 1788 2922 ipsi
1854 2834 2078 2904 filium
2133 2836 2539 2905 restitueret.
2599 2836 2864 2907 Dolens
2910 2853 3072 2925 ergo
3114 2850 3186 2900 ex

634 2924 869 2993 animo
909 2924 1123 2992 vicem
1172 2922 1324 3011 ejus
1371 2921 1473 2991 vir
1520 2922 1914 2992 misericors
1943 2977 1959 3004 ,
2013 2923 2294 2995 secessit
2346 2923 2724 3013 paululum
2787 2926 2879 2995 ab
2918 2946 3021 3005 ea,
3072 2921 3188 2990 hu-

635 3013 870 3099 mique
915 3032 987 3080 se
1032 3009 1391 3097 abjiciens,
1451 3011 1688 3082 breves
1738 3016 1871 3080 Deo
1921 3033 2155 3102 preces
2201 3012 2472 3084 obtulit.
2522 3018 2676 3083 Mox
2727 3034 3056 3106 surgens,
3088 3029 3189 3079 ac-

631 3101 836 3170 cessit
865 3097 952 3169 ad
1005 3110 1381 3168 mortuum.
1426 3100 1661 3170 Crucis
1725 3099 1796 3168 in
1859 3122 2019 3170 eum
2054 3100 2331 3191 signum
2382 3103 2771 3191 expressit,
2849 3117 3189 3196 manuque

629 3190 779 3279 ejus
827 3188 1279 3278 apprehensa,
1334 3208 1583 3256 sanum
1622 3200 1689 3257 et
1728 3188 2124 3259 incolumen
2173 3189 2424 3272 erexit,
2491 3189 2952 3281 reddiditque
3000 3198 3191 3261 matri

632 3276 804 3366 ejus,
865 3275 1297 3367 praecipiens
1345 3297 1430 3345 ne
1478 3276 1606 3347 hoc
1654 3276 1741 3346 ad
1802 3277 2016 3349 ullius
2070 3280 2383 3349 notitiam
2442 3278 2809 3367 perferret.
2865 3280 2998 3351 Illa
3044 3296 3191 3348 vero

631 3388 794 3435 cum
844 3364 1105 3455 ingenti
1145 3363 1401 3455 gaudio
1448 3363 1837 3447 discedenS‚
1872 3366 2285 3438 beneficium
2337 3366 2475 3443 Dei,
2509 3369 2699 3456 quod
2741 3371 2816 3439 in
2871 3368 3192 3440 suscitato

632 3453 777 3524 filio
824 3466 1200 3544 acceperat,
1254 3453 1571 3541 jucunda
1607 3466 1674 3524 et
1721 3454 2029 3545 glorians
2077 3457 2146 3525 in
2211 3456 2538 3537 Domino,
2593 3455 2767 3531 aliis
2817 3456 3189 3533 indicavit,

630 3543 730 3614 sic
759 3555 839 3614 ut
880 3542 1085 3612 etiam
1120 3542 1206 3611 ad
1254 3542 1599 3615 Pontificis
1627 3566 1832 3614 aures
1867 3546 2272 3634 perveniret.
2324 3546 2454 3628 Qui
2505 3567 2675 3617 sane
2717 3548 3085 3625 exultanS,
3133 3551 3197 3612 et

629 3631 832 3703 donis
866 3631 983 3701 Dei
1112 3630 1410 3713 atulanS,
1462 3653 1641 3718 quae
1678 3633 1903 3723 ipsius
1943 3646 2248 3723 tempore
2294 3634 2708 3716 extitissent,
2766 3636 3080 3708 decrevit
3127 3642 3199 3701 ut

628 3720 822 3792 omni
854 3742 1041 3812 popu
1073 3742 1112 3789 ο
1164 3720 1228 3789 id
1266 3742 1390 3811 pro
1422 3721 1752 3792 concione
1802 3735 2276 3812 exponeretur.
2337 3722 2466 3792 Sed
2517 3745 2728 3794 verus
2783 3720 3202 3795 humilitatis

624 3811 851 3883 cultor
898 3809 1298 3879 Dominicus
1336 3810 1620 3893 obstitit,
1686 3824 2092 3900 protestanS,
2133 3812 2193 3881 si
2234 3811 2303 3880 id
2361 3811 2577 3892 fieret,
2616 3835 2694 3883 se
2724 3836 2934 3885 mare
2982 3825 3207 3884 trans-

626 3902 1034 3977 missurum,
1093 3919 1217 3968 nec
1244 3920 1556 3987 unquam
1582 3900 1913 3990 deinceps
1946 3901 2015 3969 in
2045 3901 2234 3971 hisce
2282 3900 2687 3990 regionibus
2722 3916 3199 3975 moraturum.

628 3988 915 4059 Remisit
947 3985 1161 4078 igitur
1192 4009 1514 4057 summus
1546 3988 1854 4059 Pontifex
1900 3989 2251 4060 decretum
2286 4011 2520 4059 suum.
2793 4046 2800 4053 .
2929 4010 2934 4015 ·

628 4110 631 4115 ·
713 4080 892 4165 96.
965 4081 1043 4145 At
1089 4089 1346 4164 quanto
1393 4077 1497 4146 vir
1570 4078 1687 4147 Dei
1757 4077 2171 4167 profundius
2235 4099 2384 4148 sese
2432 4077 2742 4166 abjicere
2799 4082 3202 4158 nitebatur,

629 4175 814 4234 tanto
862 4177 1270 4256 praepotens
1300 4170 1481 4236 Deus
1509 4188 1669 4237 eum
1706 4167 2080 4237 sublimius
2135 4168 2397 4258 erigere
2448 4167 2810 4258 pergebat.
2855 4173 3082 4260 Atque
3127 4167 3213 4239 ab

623 4274 704 4322 eo
753 4265 1079 4344 tempore,
1132 4254 1317 4341 quod
1367 4276 1566 4325 suam
1597 4254 1893 4346 gloriam
1945 4278 2080 4326 non
2114 4268 2500 4339 venaretur,
2543 4258 2917 4330 Pontificis
2950 4272 3020 4331 et
3050 4264 3211 4328 Car-

624 4341 991 4424 dinanum,
1039 4344 1162 4430 qui
1208 4365 1371 4413 eum
1416 4344 1623 4414 etiam
1673 4357 1875 4416 antea
1920 4345 2214 4416 charum
2264 4345 2670 4425 habuerant,
2750 4349 3104 4422 affectum
3151 4356 3217 4417 et

623 4431 1168 4503 benevolentiam
1217 4454 1384 4523 erga
1430 4433 1632 4504 illum
1705 4434 1908 4526 longe
1981 4435 2499 4527 propensiorem
2560 4436 2948 4523 excitavit,
3021 4442 3217 4509 utet
