3308 5004
735 367 861 433 taz
1636 381 1717 428 pt
1764 380 1821 429 S.
1875 378 2177 429 noumico
2892 363 3060 429 AUG.
3106 363 3139 430 l

640 464 1043 555 cupiditatis
1071 462 1172 532 'vel
1213 461 1585 551 jactantiae
1628 475 1863 532 notam
1914 461 2368 542 incurrerent,
2421 460 2481 531 si
2524 474 2646 532 aut
2700 460 2983 533 facet-ent
3031 461 3141 540 sic,

640 568 763 625 aut
806 553 958 624 fieri
1000 553 1489 643 permitterent.

728 646 766 731 ξ
815 646 962 717 18.
1016 646 1183 712 Cum
1237 642 1477 711 beatus
1541 646 1739 711 Pater
1780 638 2138 709 Jordanus
2190 639 2445 727 aliique
2509 638 2810 730 religiosi
2858 643 3140 718 Fratres,

642 742 994 820 tamquam
1028 730 1263 801 stellae
1289 729 1661 811 radiantes,
1689 742 1768 816 ut
1806 728 2071 798 dictum
2102 741 2228 807 est,
2267 727 2418 798 luce
2443 730 2854 799 concionum
2885 748 3146 796 suarum

592 845 593 856 ¹
640 833 705 891 et
744 832 1020 890 sanctae
1047 819 1587 890 conversationis
1618 817 1955 908 exemplis
1989 817 2542 908 peregrinantem
2580 816 2646 887 in
2686 816 2892 907 hujus
2935 814 3166 885 mundi⁴

641 909 942 980 tenebris
988 908 1361 979 Ecclesiam
1420 907 1894 990 illustrarent,
1963 906 2408 976 beatissimus
2474 907 2873 976 Dominicus
2909 906 3043 995 jam
3089 903 3149 972 in

640 1021 854 1090 regno
901 997 1233 1068 claritatis
1280 1008 1596 1067 aeternae
1643 995 1919 1097 fulgens
1979 995 2202 1064 instar
2258 994 2473 1074 Solis,
2535 994 2891 1066 charitatis
2944 994 3159 1083 igneos

641 1087 725 1158 de
758 1109 831 1159 se
861 1086 1093 1156 radios
1132 1086 1436 1165 vibranS,
1493 1085 1983 1155 beneficiorum
2015 1084 2383 1175 spargebat
2417 1082 2744 1174 fulgoreS,
2781 1095 2847 1152 et
2884 1082 3158 1150 miracu-

640 1175 865 1246 lorum
902 1175 1000 1245 ful
1109 1197 1182 1244 ra
1211 1173 1447 1243 divina
1495 1175 1744 1244 virtute
1780 1173 2211 1243 continenter
2249 1171 2711 1255 diffundebat,
2768 1172 2856 1241 ita
2907 1186 2981 1241 ut
3021 1190 3158 1239 cor-

641 1265 851 1336 dibus
881 1264 1017 1334 fide
1052 1264 1192 1333 ium
1227 1276 1293 1332 et
1330 1262 1856 1333 admirationem
1901 1274 1972 1333 et
2009 1283 2313 1331 amorem
2348 1260 2735 1332 adveheret.
2775 1261 2963 1331 Sicut
2990 1258 3154 1327 enim

641 1354 714 1424 in
768 1354 894 1423 bac
943 1351 1216 1422 mortali
1253 1351 1387 1421 vita
1427 1353 1718 1441 positus,
1782 1350 1957 1421 nulli
2009 1372 2320 1438 unquam
2378 1350 2735 1422 charitatis
2781 1363 2849 1419 et
2895 1349 3163 1418 benevo-

642 1442 893 1514 lentiae
934 1439 1307 1532 praeclusit
1352 1440 1633 1510 sinum:
1688 1443 1783 1519 ita
1832 1461 2018 1509 nunc
2066 1440 2153 1509 de
2199 1438 2382 1509 fonte
2431 1440 2704 1530 pietatis
2734 1438 2994 1517 ebrius,
3031 1455 3165 1504 om-

643 1532 854 1603 nibus
901 1531 1131 1621 ipsum
1185 1529 1664 1600 invocantibus
1697 1541 1997 1620 praestat
2028 1528 2211 1617 quod
2259 1528 2573 1618 cupiunt,
2610 1548 2930 1599 summae
2975 1525 3166 1612 maje-

645 1622 841 1690 statis
890 1619 1191 1711 potentia
1252 1616 1487 1688 fretus.
1549 1619 1765 1708 Cujus
1832 1618 2078 1688 virtute
2133 1631 2198 1687 et
2245 1617 2421 1686 beati
2493 1617 2615 1686 viri
2680 1617 2947 1687 meritis
2999 1614 3171 1683 salus

642 1710 891 1800 aegris,
946 1708 1178 1778 lumen
1227 1708 1484 1787 caecis,
1538 1708 1774 1777 surdis
1819 1706 2143 1786 auditu3‚
2196 1707 2537 1776 sermonis
2599 1705 2899 1776 facultas
2948 1701 3162 1782 mutis,

643 1820 924 1890 gressus
987 1796 1257 1867 claudis
1327 1797 1735 1867 restituitur.
1810 1800 1980 1865 Item
2049 1817 2340 1885 corpora
2413 1795 2718 1886 paralysi
2789 1792 3157 1868 dissoluta,

566 1972 571 1979 ι
641 1886 957 1957 ariditate
1003 1886 1462 1966 tabescentia,
1518 1884 1889 1955 contractis
1941 1885 2269 1954 membris
2329 1897 2768 1965 monstrosa,
2826 1879 3169 1974 putredine

644 1976 997 2046 diffluente
1028 1974 1330 2054 sordida,
1370 1974 1679 2044 febribus
1722 1973 2076 2064 languida,
2114 1973 2324 2043 variis
2357 1973 2605 2043 afflicta
2648 1973 2918 2043 morbis
2943 1989 3174 2040 sanan-

643 2077 778 2136 tur.
834 2069 881 2133 E
927 2065 1185 2151 quibus
1250 2064 1576 2153 pleraque
1634 2076 1960 2132 accurata
2016 2062 2463 2150 inquisitione
2523 2062 2899 2145 discussa,
2954 2076 3166 2129 coram

641 2153 968 2224 Pontifice
999 2153 1322 2244 Gregorio
1360 2157 1446 2221 lx
1481 2152 1759 2222 recitata
1807 2164 1872 2221 et
1902 2151 1989 2220 ab
2023 2151 2142 2221 illo
2181 2150 2559 2240 approbata
2592 2164 2788 2221 sunt.

730 2246 766 2330 ἓ
814 2247 955 2315 u.
1009 2247 1315 2330 Cumque
1363 2254 1498 2311 tota
1546 2241 1744 2311 Italia
1793 2263 1914 2331 per
1952 2241 2130 2310 beati
2161 2240 2285 2309 viri
2324 2240 2565 2309 merita
2596 2240 3176 2309 increbrescerent

642 2344 780 2401 tam
817 2330 1111 2400 illustria
1135 2331 1492 2412 miracula,
1528 2351 1827 2417 aequum
1853 2330 2056 2420 plane
2083 2329 2304 2400 visum
2332 2342 2432 2398 est
2459 2328 2819 2411 fidelibus,
2845 2341 3180 2415 utcorpus

643 2421 817 2512 ejus,
872 2420 1203 2488 hactenus
1238 2419 1484 2489 humili
1536 2419 1685 2489 loco
1723 2418 2120 2500 conditum,
2173 2418 2254 2487 ad
2308 2417 2619 2487 altiorem
2676 2416 3061 2488 honorifice
3103 2432 3173 2480 ac

640 2523 1023 2582 reverenter
1058 2508 1556 2579 transferretur.
1598 2508 1971 2598 Indignum
2023 2508 2206 2577 enim
2241 2520 2408 2588 erat,
2448 2520 2522 2576 ut
2549 2509 2710 2596 ejus
2746 2530 2907 2580 ossa
2940 2508 3185 2576 humus

643 2614 935 2692 tegeret,
983 2598 1374 2668 mortalium
1429 2598 1724 2688 pedibus
1772 2597 2153 2677 substrata,
2206 2597 2411 2684 cujus
2460 2599 2917 2668 sanctissima
2963 2594 3183 2664 anima

643 2690 713 2760 in
761 2688 971 2759 coelis
1020 2688 1408 2759 sublimiter
1455 2697 1780 2756 coronata
1830 2687 2180 2776 regnabat.
2247 2692 2611 2773 Postquam
2675 2687 2895 2779 igitur
2942 2696 3007 2754 et
3052 2681 3188 2750 dies

641 2791 707 2849 et
753 2778 919 2847 hora
967 2789 1034 2848 et
1080 2776 1328 2845 modus
1374 2776 1778 2866 praestituta
1825 2774 2059 2855 fuere,
2129 2776 2253 2863 qui
2315 2775 2478 2845 huic
2540 2775 2643 2844 rei
2716 2773 3190 2847 sanctissimae

642 2866 1080 2953 exequendae
1125 2878 1191 2933 et
1240 2864 1711 2955 inspiciendae
1775 2877 1939 2933 sunt
2002 2862 2228 2933 idonei
2286 2863 2608 2953 judicati,
2680 2872 3190 2935 convenerunt:

644 2976 895 3044 nempe
954 2953 1524 3053 Archiepiscopus
1588 2958 1995 3035 Ravennas,
2055 2964 2122 3022 et
2181 2952 2302 3021 alii
2361 2952 2772 3041 complures
2835 2949 3190 3043 Episcopi,

644 3045 948 3129 itemque
985 3041 1262 3112 Ordinis
1298 3042 1616 3131 Magister
1664 3041 2218 3110 humanissimus
2247 3045 2442 3110 Pater
2475 3040 2844 3113 Jordanus
2892 3064 3052 3112 cum
3086 3043 3197 3108 Ca-

644 3131 849 3224 pituli
893 3129 1408 3199 diffinitoribus.
1461 3129 1692 3198 Adfuit
1736 3128 1942 3197 etiam
1995 3129 2431 3219 Magistratus
2478 3131 2992 3212 BononiensiS,
3042 3148 3192 3197 cum

645 3218 886 3290 multis
944 3220 1097 3308 ejus
1163 3219 1359 3289 urbis
1417 3218 1854 3304 aliarumque
1920 3218 2276 3287 civitatum
2346 3218 2705 3291 honoratis
2764 3220 2991 3301 viris,
3043 3224 3195 3288 cum

646 3308 998 3378 Fratribus
1044 3306 1342 3393 denique
1382 3320 1523 3377 tum
1559 3306 1853 3387 clericis,
1894 3318 2037 3377 tum
2075 3306 2293 3376 laicis.
2330 3307 2457 3389 Qui
2497 3329 2752 3378 omnes
2793 3309 3193 3400 sepulcrum

645 3397 825 3467 beati
854 3396 993 3466 veri
1020 3395 1417 3476 ambientes,
1443 3396 1701 3486 pariter
1728 3396 2127 3467 constitere:
2159 3410 2362 3483 atque
2384 3418 2619 3467 coram
2655 3398 2810 3468 illis
2843 3397 3198 3470 sublatum

644 3498 749 3556 est
792 3506 1033 3555 saxum
1087 3497 1531 3554 monumento
1589 3484 1990 3574 impositum
2027 3540 2042 3567 ,
2115 3484 2463 3572 simulque
2529 3486 2800 3573 prodiit
2859 3511 2901 3557 e
2959 3507 3200 3556 monu-

644 3586 874 3644 mento
921 3572 1091 3643 odor
1136 3574 1366 3644 suavis
1411 3586 1475 3643 et
1522 3573 1947 3645 delectabilis
1975 3629 1990 3654 ‚
2031 3586 2106 3643 ut
2137 3596 2273 3644 non
2325 3588 2463 3644 tam
2499 3576 2956 3665 sepulcrum,
2995 3594 3200 3664 quam

644 3664 818 3734 cella
860 3662 1246 3733 ‘aromatica
1306 3676 1533 3753 patere
1598 3661 1961 3732 videretur.
2017 3666 2175 3733 Erat
2238 3676 2464 3733 autem
2528 3662 2589 3734 is
2648 3664 2838 3736 odor
2910 3668 3202 3756 ingens,

643 3753 973 3840 omnium
1006 3772 1207 3821 nares
1255 3762 1600 3840 totamque
1628 3751 1989 3822 ecclesiam
2023 3752 2403 3842 complens,
2451 3750 2660 3842 plane
2697 3754 3119 3858 incognitus
3145 3761 3212 3821 et

641 3854 952 3913 aromata
983 3840 1216 3910 omnia
1256 3862 1615 3931 superans,
1660 3841 1975 3931 diversus
2004 3842 2091 3911 ab
2124 3842 2314 3910 omni
2346 3839 2555 3911 odore
2593 3846 2949 3916 naturali.

727 3934 764 4020 ξ
813 3936 953 4002 15.
1007 3935 1178 3999 Tum
1228 3952 1383 3999 vero
1433 3930 1761 4021 magister
1807 3929 2084 4001 Ordinis
2130 3929 2389 4017 aliique
2428 3933 2701 4002 Fratres
2762 3955 2939 4003 cum
2992 3929 3211 4001 multa

582 4030 587 4035 ⁴
639 4021 997 4091 devotione
1043 4031 1108 4089 et
1156 4020 1531 4088 reverentia
1575 4039 1612 4087 e
1663 4019 1866 4088 veteri
1916 4040 2125 4108 capsa
2160 4019 2472 4088 tollentes
2520 4040 2767 4090 sacras
2819 4023 3207 4110 reliquias,

639 4110 710 4179 in
752 4131 923 4179 nova
960 4121 1437 4200 reposuerunt,
1474 4129 1767 4195 eamque
1793 4107 2102 4177 clausam
2130 4121 2194 4178 et
2215 4108 2682 4190 obfirmatam,
2721 4109 2932 4182 illius
2956 4109 3211 4183 clavim

640 4199 1040 4287 Magistratu
1087 4198 1501 4267 Bononiensi
1552 4198 1884 4266 retinente
1916 4252 1932 4277 ‚
1998 4197 2180 4267 idem
2241 4196 2559 4288 Magister
2604 4209 2677 4267 et
2745 4199 3222 4273 Provincialis

643 4285 1029 4375 Stephanus
1076 4309 1307 4356 coram
1355 4285 1682 4357 omnibus
1727 4286 1798 4354 in
1842 4285 2239 4377 sepulcrum
2293 4305 2778 4358 marmoreum
2832 4289 3216 4364 transtule-

639 4388 826 4444 runt.
856 4375 1220 4475 ‘Remansit
1259 4388 1486 4444 autem
1537 4376 1706 4444 odor
1739 4374 1856 4444 ille
1903 4376 2341 4466 gratissimus
2373 4374 2590 4444 multo
2629 4374 2994 4471 deinceps
3045 4395 3220 4449 tem-

638 4485 803 4554 pore
852 4486 920 4531 ιη
972 4464 1182 4553 priori
1219 4477 1689 4547 monumento,
1728 4477 1794 4536 et
1825 4465 1893 4534 in
1929 4465 2157 4545 rebuS,
2197 4485 2371 4552 quae
2403 4464 2472 4533 in
2510 4463 2630 4533 illo
2669 4469 2962 4555 positae
2990 4480 3216 4540 erant.
