3308 5004
134 309 324 408 AUG.
378 341 463 406 29
754 359 820 407 ur
867 359 1062 407 ras‘ro
1102 359 1439 409 naconur.
1492 361 1550 408 s.
1600 360 1829 409 som«.
1881 363 2064 411 aur.
2475 349 2603 416 707

132 457 212 514 ut
245 444 569 531 utrinque
601 457 781 514 esset
807 444 1171 515 Zacharias
1219 445 1539 516 sacerdos
1589 444 1986 535 legitimus:
2039 447 2425 519 Vocabatur
2456 466 2686 530 autern

136 533 517 622 Elisabeth.
563 534 675 602 Eis
736 555 893 603 vero
942 555 1070 604 suo
1118 534 1511 605 testimonio
1567 535 1812 605 tribuit
1849 535 2193 638 justitiam
2244 551 2404 609 ante
2449 541 2692 611 oculos

132 622 274 692 Dei.
329 628 490 713 Ipsa
534 623 719 692 enim
770 637 872 692 est
916 644 1021 703 ea,
1074 644 1253 710 quae
1296 636 1399 695 est
1448 645 1603 693 vera
1639 624 1961 713 justitia:
2017 625 2580 714 quandoquidem
2622 629 2689 702 ei

132 711 257 783 soli
310 724 544 801 aperta
593 724 757 781 sunt
804 710 1011 781 corda
1060 711 1453 782 hominum.
1498 718 1576 781 Et
1608 713 1791 799 quod
1831 715 1897 782 in
1934 714 2262 785 omnibus
2299 717 2456 803 ejus
2490 739 2690 788 man-

130 800 310 870 datis
334 813 399 870 et
422 801 1043 890 justificationibus
1075 801 1516 892 ambularent
1552 802 1723 871 citra
1761 803 2394 894 reprehensionem.
2427 810 2688 888 Quam-

132 910 337 976 quam
389 903 617 959 autern
686 901 914 960 essent
964 902 1151 959 tanta
1199 891 1447 961 virtute
1496 891 1789 980 praediti
1820 946 1835 973 ,
1887 914 2004 962 eos
2053 905 2282 964 tamen
2344 893 2515 964 dicit
2572 918 2691 964 ca·
2764 892 2770 899 ’

131 979 352 1048 ruisse
403 978 682 1049 liberis:
737 978 920 1080 quod
968 993 1114 1049 erat
1164 981 1415 1069 probro
1466 980 1831 1062 veteribus,
1888 1003 2023 1051 non
2078 980 2221 1051 leve
2265 996 2332 1052 et
2379 996 2691 1052 contem-

126 1067 462 1148 nendum,
516 1067 634 1136 sed
685 1067 978 1137 altorum
1014 1068 1329 1138 omnium
1375 1069 1890 1159 gravissimum.
1937 1070 2127 1153 Quod
2163 1072 2444 1159 quidem
2491 1073 2686 1142 vobis

128 1178 385 1246 magno
429 1156 629 1225 debet
675 1178 826 1226 esse
872 1157 1140 1238 solatio,
1188 1158 1621 1245 quicumque
1669 1159 1891 1229 bonae
1937 1159 2217 1246 quidem
2273 1161 2448 1230 vitae
2496 1161 2689 1231 vobis

123 1247 292 1316 estis
328 1246 631 1315 conscii:
686 1266 891 1335 saepe
939 1267 1096 1316 vero
1143 1247 1336 1318 vobis
1387 1247 1622 1319 minus
1678 1269 1940 1335 aequae
1984 1262 2050 1318 ct
2109 1271 2477 1340 prosperae
2525 1272 2688 1321 suc-

123 1334 385 1406 cedunt
426 1356 533 1404 res
565 1334 935 1404 humanae.
1116 1361 1121 1366 ²

215 1427 254 1512 ἓ
300 1429 392 1495 8.
447 1425 623 1494 Huic
672 1436 897 1494 autem
949 1424 1356 1501 Zachariae.
1412 1424 1580 1494 dum
1632 1425 2044 1495 sacerdotali
2105 1448 2396 1497 munere
2443 1425 2689 1517 funge-

123 1529 340 1593 retur,
376 1513 602 1582 visum
640 1534 789 1583 esse
823 1512 990 1582 dicit
1018 1513 1351 1604 Angelum
1405 1513 1675 1583 Domini
1711 1528 2002 1585 stantem
2039 1537 2077 1583 a
2118 1516 2377 1586 dextris
2416 1516 2680 1586 altaris.

124 1602 504 1693 Cujusnam
541 1614 768 1671 autem
806 1601 1096 1672 altaris?
1143 1603 1439 1672 Incensi.
1479 1608 1636 1672 Erat
1670 1604 1854 1673 enim
1893 1603 2185 1673 alterum
2218 1604 2678 1676 oblationum.

123 1697 201 1762 Et
249 1690 644 1761 Zachariam
686 1692 969 1778 quidem
1025 1691 1194 1762 illuc
1243 1691 1465 1761 solum
1519 1692 1820 1762 subiisse
1869 1693 1938 1761 in
1994 1693 2143 1783 ipsa
2188 1693 2355 1763 hora
2386 1693 2678 1775 incensi,

124 1794 334 1851 totam
361 1794 588 1849 autem
628 1779 865 1870 populi
904 1780 1422 1851 multitudinem
1455 1779 1668 1850 fuisse
1722 1792 1930 1859 extra,
1980 1795 2285 1851 utentem
2344 1784 2676 1853 oratione.

124 1869 543 1940 Conturbato
592 1891 750 1938 vero
803 1882 867 1938 et
916 1868 1396 1958 perterrefacto
1442 1869 1769 1939 Zacharia
1821 1883 2098 1959 propter
2146 1872 2622 1961 spectaculum
2658 1926 2673 1952 ,

122 1957 458 2048 Angelum
496 1958 558 2027 ei
594 1957 968 2028 solventem
1023 1970 1309 2038 metum,
1342 1958 1610 2028 dixisse
1642 1984 1656 2024 ε
1711 1959 1859 2029 Noli
1911 1960 2173 2041 timere,
2209 1960 2488 2050 auditae
2518 1972 2684 2031 sunt

120 2048 309 2116 enim
363 2067 598 2135 preces
648 2059 825 2117 tuae.
863 2052 951 2116 Te
983 2061 1210 2116 autem
1256 2047 1469 2117 fuisse
1514 2047 1915 2118 exauditum
1952 2051 2285 2137 probatur
2315 2103 2330 2131 ‚
2385 2049 2566 2136 quod
2619 2063 2686 2119 et

124 2134 216 2204 sit
266 2135 386 2203 tibi
438 2135 824 2225 promissus
873 2135 1088 2217 fitius,
1140 2149 1207 2206 et
1252 2136 1721 2225 significetur,
1777 2137 2367 2223 quemadmodum
2430 2140 2517 2207 sit
2569 2159 2683 2207 vo-

123 2224 417 2302 candus,
471 2237 536 2292 et
582 2224 764 2310 quod
818 2237 1096 2314 propter
1140 2225 1292 2313 ejus
1338 2238 1566 2294 ortum
1622 2225 2062 2314 praedicatur
2121 2226 2483 2316 gaudium.
2549 2226 2677 2296 Sed

119 2312 319 2400 quid,
363 2313 610 2383 dixerit
661 2313 1009 2403 quispiam
1044 2367 1061 2393 ,
1113 2326 1217 2383 est
1261 2335 1719 2414 consequenS,
1774 2326 1852 2384 ut
1901 2313 2039 2395 ille,
2091 2316 2213 2401 qui
2270 2337 2390 2403 pro
2442 2314 2682 2404 populi

118 2402 422 2492 peccatis
473 2402 874 2482 intercedit,
927 2402 1224 2491 accipiat
1290 2403 1865 2492 promissionem,
1921 2401 2062 2472 fore
2111 2417 2186 2472 ut
2233 2404 2297 2471 ei
2351 2416 2677 2473 nascatur

115 2490 372 2562 filius?
417 2495 530 2562 Est
568 2505 749 2562 certe
798 2489 994 2561 valde
1022 2506 1560 2561 consentaneum
1597 2504 1663 2561 et
1713 2491 2151 2561 conveniens.
2205 2496 2372 2563 Nam
2425 2491 2544 2579 qui
2593 2491 2681 2561 ab

113 2581 240 2650 illo
284 2594 430 2651 erat
470 2581 985 2672 suscipienduS,
1025 2582 1084 2650 is
1130 2595 1276 2651 erat
1322 2580 1600 2650 futurus
1633 2602 1880 2670 praeco
1910 2580 2098 2671 agni,
2136 2582 2258 2668 qui
2311 2581 2488 2651 tollit
2525 2603 2679 2672 pec-

113 2682 351 2740 catum
392 2670 685 2739 mundi:
738 2670 1328 2759 quemadmodum
1368 2669 1633 2759 illeipse
1683 2669 1961 2740 clamat.

204 2761 244 2844 ἓ
290 2764 376 2832 4.
431 2763 765 2829 Futurum
818 2772 1046 2828 autem
1096 2780 1254 2829 eum
1297 2780 1625 2848 magnum
1669 2758 2021 2847 praedicit,
2060 2779 2195 2828 non
2230 2758 2511 2846 quidem
2546 2759 2669 2828 ab·

110 2845 362 2926 solute,
416 2847 533 2916 sed
585 2870 816 2917 coram
862 2848 1185 2917 Domino:
1232 2847 1421 2917 Sicut
1449 2848 1653 2916 etiam
1700 2848 1888 2937 ipsos
1923 2860 2237 2937 parentes
2272 2849 2466 2938 prius
2498 2847 2674 2918 dixit

96 2938 339 3026 justos
387 2958 536 3005 esse
581 2958 812 3006 coram
869 2942 1019 3006 Deo.
1075 2942 1151 3007 In
1202 2957 1505 3023 quonam
1556 2949 1786 3006 autem
1841 2937 2070 3025 ipsum
2123 2935 2264 3005 fore
2335 2959 2668 3026 magnum

106 3023 286 3094 dicit
335 3022 613 3095 divinus
662 3029 936 3095 Lucas?
982 3031 1156 3096 Num
1207 3025 1493 3094 omnino
1544 3025 1609 3094 in
1664 3024 2096 3095 abundantia
2144 3024 2493 3116 spiritus?
2543 3030 2670 3095 Ne-

104 3135 251 3201 que
299 3113 484 3181 enim
534 3113 807 3184 divinae
856 3115 1115 3205 gratiae
1162 3134 1321 3183 eum
1373 3113 1597 3183 solum
1649 3115 1819 3183 dicit
1867 3113 2177 3184 futurum
2281 3113 2669 3205 articipem.

107 3202 243 3273 Sed
301 3201 697 3291 replebitur,
751 3204 1001 3290 inquit,
1057 3203 1319 3292 Spiritu
1368 3207 1638 3284 Sancto,
1692 3216 1759 3273 et
1809 3224 1944 3273 non
1999 3217 2149 3293 post
2188 3137 2468 3289 aliquod
2505 3216 2676 3272 tem-

107 3315 293 3383 pus,
349 3312 569 3378 neque
618 3315 777 3362 cum
828 3292 913 3360 ad
965 3291 1268 3378 aliquam
1323 3292 1707 3382 pervenerit
1753 3306 2085 3361 aetatem:
2139 3292 2256 3361 sed
2316 3291 2547 3362 adhuc
2603 3293 2674 3361 in

102 3394 311 3451 utero
361 3380 624 3449 matris.
678 3381 868 3464 Quod
922 3394 1150 3450 autern
1202 3380 1331 3449 erit
1378 3382 1530 3471 ejus
1581 3403 1888 3461 munuS,
1941 3393 2007 3450 et
2061 3380 2397 3467 quidnam
2464 3384 2674 3471 aget?

104 3469 640 3540 conversionem
696 3468 1070 3539 multorum
1120 3468 1424 3539 filiorum
1476 3469 1690 3540 Israel
1741 3468 1824 3539 ad
1884 3470 2250 3539 Dominum
2309 3475 2514 3539 Deum
2559 3489 2675 3539 eo-

105 3582 295 3628 rum.
348 3558 535 3629 Adde
582 3557 785 3627 etiam
840 3558 1173 3646 reliquam
1231 3557 1724 3639 laudationem,
1782 3581 1822 3628 o
1872 3563 1964 3629 An
2019 3558 2145 3628 ele.
2202 3564 2282 3628 Et
2313 3560 2675 3650 praecedet

104 3670 338 3717 coram
386 3670 460 3717 eo
508 3643 580 3717 in
624 3648 871 3737 spi-ritu
903 3658 967 3718 ct
994 3650 1247 3717 virtute
1278 3650 1495 3718 Eliae.
1533 3653 1701 3718 Nam
1737 3648 1918 3717 sicut
1955 3648 1973 3716 i
2008 3649 2069 3717 le
2096 3647 2226 3717 erit
2260 3668 2673 3738 praecursor

103 3736 403 3806 secundi
451 3737 787 3806 adventus
835 3736 1106 3818 Christi,
1162 3737 1253 3807 ita
1304 3737 1417 3806 hic
1464 3734 1593 3805 fuit
1635 3736 1868 3826 primi,
1959 3737 2061 3806 ari
2098 3737 2367 3817 virtute,
2414 3749 2479 3804 et
2522 3735 2673 3824 pari

104 3837 464 3916 potestate,
517 3838 583 3895 et
628 3825 865 3895 eodem
915 3824 1191 3915 spiritu.
1248 3830 1325 3895 Et
1371 3838 1719 3895 convertet
1763 3847 1884 3896 cor
1934 3848 1975 3895 a
2026 3839 2298 3915 patrum
2336 3824 2418 3893 ad
2459 3823 2666 3893 filios.

106 3913 286 3995 Quid
340 3914 771 4006 significans,
826 3915 960 3983 nisi
1006 3914 1192 4002 quod
1220 3913 1540 3994 efficeret,
1579 3926 1653 3984 ut
1681 3914 1925 3984 ‚ludaei
1967 3916 2282 4003 parerent
2314 3912 2671 3983 doctrinae

106 4002 644 4093 Apostolorum?
687 4004 771 4073 Hi
820 4003 1006 4073 enim
1057 4016 1253 4073 erant
1301 4004 1580 4073 illorum
1634 4003 1762 4072 filii
1811 4004 2221 4095 cognatione
2269 4002 2666 4092 sanguinis:

104 4111 405 4177 quorum
456 4094 661 4162 etiam
715 4093 1123 4183 prudentiae
1172 4093 1300 4162 visi
1349 4106 1515 4163 sunt
1560 4091 1865 4174 obedire,
1921 4093 2039 4181 qui
2079 4106 2241 4162 tunc
2283 4104 2480 4161 erant
2520 4091 2672 4160 ino-

106 4179 485 4252 bedientes.
540 4188 632 4250 Eo
680 4182 865 4250 enim
918 4182 1135 4252 tendit
1182 4181 1383 4263 illud,
1437 4195 1502 4251 et
1553 4204 1799 4272 parare
1851 4183 2137 4251 Domino
2223 4180 2514 4282 opulum
2550 4202 2668 4249 co-

107 4268 387 4358 piosum
416 4294 429 4338 :
484 4293 734 4362 nempe
765 4271 975 4358 quod,
1013 4283 1093 4341 ut
1127 4270 1427 4361 populus
1456 4271 1798 4342 Judaicus
1832 4273 2100 4361 pareret
2129 4204 2419 4351 Cflrtsm,
2458 4268 2669 4339 etiam

101 4371 479 4445 antequam
531 4360 841 4431 Christus
888 4373 1272 4449 appareret,
1326 4360 1414 4429 ab
1461 4360 1726 4431 Joanne
1772 4360 2039 4453 scilicet
2089 4359 2298 4430 suerit
2356 4372 2666 4451 paratus,

99 4461 168 4519 et
199 4448 359 4539 ejus
392 4448 675 4540 linguae
712 4450 968 4542 praeda
1006 4449 1230 4520 factus
1259 4448 1489 4521 fuerit.
