3308 5004
178 342 317 410 AUG.
352 341 390 407 2
879 358 959 406 nn
1007 358 1062 407 s.
1114 358 1442 407 srssramo
1489 360 1648 406 rua
1702 360 1893 408 nm.
2468 344 2554 410 93

178 446 408 536 peccatis
448 455 772 513 oneratus
801 441 1066 514 fueram
1102 467 1116 512 :
1169 444 1285 513 sed
1338 444 1584 514 Christi
1622 445 1890 515 Domini
1921 457 1987 515 et
2022 445 2135 515 Dei
2171 445 2646 516 misericordia

176 533 332 603 modo
362 532 657 623 adjutuS,
713 531 985 601 tandem
1020 536 1396 603 Creatorem
1439 555 1667 603 meum
1710 535 2021 624 cognovi,
2066 534 2269 624 cujus
2301 535 2645 626 baptismo

175 620 544 693 illuminatus
592 643 776 701 sum,
828 620 951 710 qui
997 635 1063 691 et
1106 621 1337 691 cordis
1386 623 1518 691 mei
1567 621 1805 692 oculos
1851 622 2145 712 aperuit,
2198 636 2262 693 et
2295 624 2645 725 corporeis

178 711 314 780 filiae
352 731 529 780 meae
582 710 867 799 pupillis
931 710 1163 781 lumen
1222 711 1538 781 restituit.
1593 715 1794 781 Hunc
1842 712 2090 794 adoro,
2145 711 2332 783 hunc
2383 726 2632 794 timeo,

174 799 288 869 huie
334 800 583 871 cultum
635 812 702 867 et
750 822 982 889 preces
1051 798 1341 890 supplex
1391 799 1598 869 offero
1630 854 1645 879 ,
1713 801 1915 889 cujus
1963 800 2302 870 auxilium
2366 822 2642 890 semper

176 888 511 977 implorabo,
565 899 632 956 et
680 887 1053 958 simulacra
1100 889 1336 958 omnia
1378 910 1558 977 quae
1601 887 1974 960 daemones
2019 911 2169 959 esse
2215 890 2530 981 cognovi,
2580 901 2646 958 et

170 975 296 1066 ipsa,
322 991 381 1047 et
403 997 643 1046 eorum
692 975 994 1046 cultores
1026 999 1301 1047 aversor
1332 992 1396 1047 et
1424 998 1724 1047 execror.
1764 1000 1799 1045 »
1848 983 2036 1047 Tunc
2066 978 2163 1047 ait
2192 978 2634 1047 Valerianus:

170 1069 290 1134 Nota
330 1066 485 1136 mihi
539 1077 703 1134 sunt
771 1065 1097 1135 veneficia
1157 1078 1317 1147 tua,
1370 1067 1627 1153 quibus
1675 1065 2019 1136 humanas
2080 1067 2324 1136 caedes
2373 1082 2646 1157 patrare

166 1175 329 1225 ausus
369 1178 458 1236 es,
512 1152 773 1254 quippe
819 1154 940 1242 qui
988 1165 1051 1224 et
1102 1155 1469 1224 Maximum
1521 1154 1884 1225 Consulem
1939 1156 2074 1226 tuis
2112 1155 2500 1245 praestigiis
2556 1153 2643 1224 de

167 1242 342 1312 medio
368 1239 749 1314 sustulisti:
786 1243 955 1331 quin
991 1243 1192 1313 etiam
1231 1244 1459 1313 adhuc
1498 1257 1736 1313 contra
1764 1257 2066 1314 nostram
2105 1257 2173 1313 et
2200 1243 2646 1335 Reipublicae

163 1330 424 1486 {alate-m,
478 1345 733 1401 temere
771 1332 1314 1402 Christianorum
1366 1337 1577 1402 causa
1610 1331 1767 1402 talia
1805 1332 2131 1402 veneficia
2161 1354 2475 1402 exercere
2508 1353 2641 1401 non

194 1436 403 1490 estsus.

226 1509 256 1595 ξ
293 1513 358 1581 2.
406 1514 530 1584 His
579 1509 806 1591 dictis,
843 1508 1244 1578 Valerianus
1273 1510 1374 1578 ira
1426 1509 1751 1599 percitus,
1795 1509 2007 1600 jussit
2039 1508 2235 1578 illum
2279 1510 2348 1578 in
2388 1509 2647 1599 privato

161 1617 380 1669 carcere
415 1599 751 1681 detineri,
794 1620 1026 1686 quem,
1077 1621 1237 1666 cum
1289 1621 1466 1687 opus
1512 1597 1789 1680 suisset,
1844 1597 2224 1667 sistendum
2269 1598 2640 1690 praecepit.

155 1687 330 1756 tussit
369 1690 570 1761 etiam
627 1687 1106 1777 Sempronium
1142 1687 1176 1720 ¹*
1211 1687 1504 1757 Nemes-ii
1572 1685 1942 1767 famulum,
1987 1685 2268 1756 domino
2308 1708 2436 1757 suo
2484 1686 2649 1755 fide-

158 1770 480 1861 lissimum,
535 1778 681 1848 illic
734 1790 1000 1866 praesto
1046 1797 1234 1856 esse,
1288 1798 1329 1845 a
1374 1798 1511 1863 quo
1559 1775 1868 1865 ejusdem
1906 1774 2197 1845 Nemesii
2239 1789 2384 1845 tum
2435 1773 2641 1856 facta,

163 1873 271 1931 tum
304 1865 472 1937 bona
513 1865 751 1937 omnia
786 1865 1343 1951 inquirerentur:
1395 1863 1598 1954 cujus
1644 1864 1846 1933 etiam
1897 1863 2109 1933 filiam
2147 1861 2481 1933 Lucillam
2520 1886 2649 1934 cu-

156 1951 354 2023 stodiri
403 1954 747 2047 praecepit
794 1952 975 2043 apud
1028 1953 1424 2022 sceleratam
1478 1952 1854 2039 quamdam
1908 1951 2262 2021 mulierem
2299 2006 2314 2034 ,
2370 1953 2649 2022 nomine

158 2041 497 2114 Maximam.
554 2049 825 2114 Postero
871 2055 1096 2111 autem
1135 2042 1246 2109 die
1270 2042 1481 2131 jussit
1517 2041 1996 2128 iniquissimus
2028 2039 2428 2111 Valerianus
2459 2045 2649 2111 Sem-

158 2132 437 2216 pronium
508 2132 682 2204 tradi
738 2131 1014 2201 cuidam
1084 2131 1430 2211 Tribuno,
1496 2131 1617 2218 qui
1674 2129 2045 2198 vocabatur
2097 2128 2460 2219 Olympius
2494 2184 2510 2210 ,
2571 2140 2650 2201 ut

154 2227 588 2305 torqueretur,
646 2234 711 2290 et
756 2220 841 2289 de
889 2218 1170 2288 domino
1218 2219 1437 2308 ipsius
1502 2240 1620 2308 per
1668 2241 1828 2288 eum
1898 2217 2385 2304 inquireretur.
2438 2218 2646 2287 Illum

150 2304 326 2394 igitur
378 2310 741 2401 Olympius
802 2309 908 2377 his
971 2307 1195 2377 verbis
1251 2328 1621 2399 aggressus
1668 2321 1814 2377 est:
1877 2306 2131 2376 Novisti
2197 2329 2326 2387 ne,
2379 2328 2515 2393 qua
2564 2307 2651 2376 de

152 2414 322 2466 causa
360 2399 470 2470 hic
531 2411 688 2467 ante
736 2419 861 2466 nos
908 2397 1321 2466 constitutus
1367 2400 1490 2465 es?
1536 2400 1716 2466 Haec
1765 2394 1881 2464 ille
1927 2396 2046 2464 ait.
2093 2394 2183 2464 Ad
2234 2417 2411 2482 quae
2459 2400 2646 2464 Sem-

152 2485 398 2580 pronius
449 2487 625 2557 nihil
686 2485 1062 2576 respondit.
1132 2485 1257 2555 Sed
1301 2483 1759 2555 nihilominus
1808 2483 2220 2574 Olympius:
2274 2483 2641 2565 Ausculta,

150 2575 377 2658 iuquit,
447 2577 855 2664 Semproni,
908 2589 973 2644 et
1021 2573 1126 2645 fac
1172 2574 1356 2661 quod
1397 2576 1646 2664 jubent
1708 2580 2164 2662 Imperatores
2222 2573 2484 2643 nostri:
2538 2572 2648 2642 sin

154 2660 392 2747 minus,
448 2664 690 2735 multis
738 2679 804 2733 et
864 2663 1073 2732 variis
1144 2664 1496 2735 tormentis
1549 2662 1993 2732 cruciaberis.
2061 2660 2396 2732 Ostendas
2441 2660 2655 2752 igitur

147 2750 307 2822 uobis
335 2754 632 2825 Nemesii
663 2752 928 2822 domini
962 2752 1064 2822 tui
1103 2750 1493 2821 facultates:
1531 2752 1781 2821 deinde
1815 2772 1968 2820 vero
2011 2750 2327 2851 propitiis
2355 2749 2646 2820 deorum

148 2852 496 2913 nostrorum
554 2841 961 2911 numinibus
1007 2841 1376 2911 sacrifices.
1429 2841 1522 2910 Ad
1584 2841 1753 2911 haec
1802 2844 1954 2909 Sem
2014 2861 2297 2909 ron1us:
2353 2861 2389 2906 α
2434 2838 2501 2908 Si
2552 2837 2651 2907 fa-

149 2926 395 3002 cultates
442 2931 714 3001 domini
764 2931 893 2999 mei
951 2930 1249 3000 Nemesii
1311 2929 1656 3016 requiriS,
1718 2930 1888 2999 scito
1935 2928 2092 2998 ilas
2138 2952 2177 2998 a
2227 2949 2338 2997 me
2386 2927 2653 2997 Christo

155 3011 329 3089 fuisse
386 3019 699 3090 oblatas:
756 3041 891 3089 non
958 3019 1141 3087 enim
1194 3032 1470 3100 nostra,
1525 3018 1641 3087 sed
1712 3018 1902 3088 illius
1947 3030 2142 3087 erant
2189 3017 2392 3086 bona.
2459 3014 2652 3100 Quod

149 3122 276 3175 vero
324 3109 499 3178 dicis
547 3122 615 3177 et
660 3130 769 3176 me
832 3107 1169 3187 hortaris,
1223 3121 1298 3177 ut
1345 3108 1481 3178 diis
1540 3107 1674 3177 tuis
1722 3106 2102 3177 sacrificem
2130 3159 2152 3187 ,
2209 3104 2400 3174 nullo
2451 3105 2654 3173 modo

149 3187 391 3264 faciam:
427 3197 698 3267 Christo
730 3196 914 3265 enim
954 3195 1266 3265 sacrifico
1301 3195 1416 3266 Dei
1450 3196 1736 3266 viventis
1769 3195 1937 3265 Filio
1968 3193 2388 3264 sacrificium
2423 3192 2652 3262 laudis

152 3292 200 3346 et
222 3283 685 3365 confessionis,
723 3285 834 3354 cui
867 3296 934 3353 et
961 3284 1288 3354 dominus
1332 3306 1525 3354 meus
1564 3284 1922 3356 Nemesius
1968 3283 2271 3372 seipsum
2314 3280 2652 3352 obtulit.»

155 3370 285 3439 Cum
331 3373 496 3444 haec
531 3374 817 3443 dixisset
866 3373 1338 3463 Sempronius,
1392 3372 1621 3443 surore
1652 3394 1986 3442 accensus
2022 3385 2123 3440 est
2171 3371 2536 3462 OlimpiuS‚
2590 3381 2656 3440 et

155 3460 527 3533 satellitibus
560 3461 776 3531 dixit:
833 3462 1242 3532 Prosternite
1275 3461 1625 3532 hominem
1666 3462 1901 3541 istum,
1941 3474 2007 3530 et
2045 3461 2255 3550 virgis
2291 3460 2648 3550 percutite.

156 3545 349 3619 Attene
393 3564 556 3622 ante
606 3550 805 3620 illum
855 3550 1060 3619 deum
1113 3556 1392 3622 Martem
1440 3573 1523 3620 ac
1574 3549 1906 3640 tripodem
1941 3604 1957 3632 ,
2010 3562 2089 3619 ut
2134 3548 2235 3618 vel
2297 3548 2433 3618 diis
2482 3548 2655 3640 ipsis

158 3632 316 3706 thura
367 3640 656 3721 offerat,
728 3638 829 3708 vel
879 3640 1027 3709 sine
1086 3640 1593 3710 intermissione
1640 3639 1876 3726 aliqua
1933 3637 2148 3728 virgis
2204 3638 2649 3728 percutiatur.

162 3719 400 3795 illatum
455 3729 672 3820 igitur
717 3750 1003 3797 aureum
1058 3729 1289 3798 Martis
1339 3727 1597 3798 idolum
1648 3750 1789 3799 una
1837 3749 1998 3797 cum
2049 3726 2314 3817 tripode
2371 3727 2442 3796 in
2492 3748 2656 3796 con-

162 3827 349 3897 spectu
385 3817 776 3906 Sempronii
820 3816 1114 3886 locatum
1169 3816 1321 3887 suit.
1376 3816 1569 3900 Quod
1618 3838 1780 3886 cum
1832 3817 2278 3906 Sempronius
2328 3815 2648 3885 vidisset:

166 3900 445 3997 Conterat,
501 3905 750 3992 inquit,
805 3918 868 3974 te
919 3906 1245 3977 Dominus
1292 3906 1489 3977 Jesus
1536 3906 1848 3975 Christus
1896 3903 2085 3974 Flius
2134 3905 2248 3974 Dei
2295 3903 2454 3973 vivi.
2510 3907 2652 3972 Hoc

167 3982 290 4059 duit
329 3995 805 4085 SemproniuS,
859 4017 938 4063 ac
991 4009 1265 4085 repente
1312 3994 1575 4064 idolum
1628 3992 1803 4063 illud
1853 3992 1954 4062 sic
2001 3992 2448 4080 liquefactum
2501 4005 2646 4072 est,

169 4081 315 4157 qnasi
357 4105 517 4153 cera
564 4084 725 4173 igne
771 4083 1068 4153 admoto.
1123 4083 1313 4167 Quod
1366 4106 1525 4153 cum
1576 4082 1860 4152 vidisset
1913 4080 2318 4172 Olympius,
2371 4093 2658 4172 stupore

174 4169 476 4260 perculsus
526 4172 917 4242 obmutuit:
971 4194 1125 4241 mox
1177 4195 1329 4243 vero
1378 4173 1567 4246 domi
1614 4193 1783 4241 suae
1823 4169 2020 4240 illum
2056 4170 2390 4241 custodiri
2415 4170 2647 4259 jussit,

181 4247 397 4329 dicans:
450 4265 597 4331 Hac
647 4273 841 4330 nocte
874 4261 1109 4330 omnia
1139 4273 1478 4331 tormenta
1509 4261 1635 4332 tibi
1668 4260 1974 4339 afferam,
2024 4273 2091 4329 et
2121 4259 2398 4329 miseris
2432 4258 2655 4330 modis

182 4345 658 4420 lficonsumam.
713 4353 891 4420 Haec
936 4349 1129 4431 dixit,
1173 4364 1238 4421 ct
1269 4351 1752 4442 Sempronium
1801 4348 2331 4419 custodiendum
2375 4348 2657 4420 tradidit

213 4464 231 4489 ⁸
248 4469 525 4524 Sempronius
544 4476 667 4527 apud
683 4477 936 4519 Butuntum
962 4477 1304 4530 symphronius
1331 4477 1496 4519 codam
1512 4487 1607 4528 quo
1622 4474 1851 4528 praedicti
1872 4474 1948 4518 die
1965 4477 2152 4519 colitur.
