3308 5004
165 327 343 392 AUG.
399 326 479 391 43
976 345 1054 393 nn
1101 316 1158 393 s'.
1210 345 1587 394 noscimus
1635 346 1872 394 anema
2479 332 2608 397 307

161 429 391 509 voluit,
442 442 517 498 ut
562 428 880 519 expedita
927 451 1048 520 per
1081 429 1329 500 Christi
1365 430 1651 521 vestigia
1698 431 2096 502 cursitaret:
2174 445 2499 520 tantoque
2548 455 2697 504 ma-

151 518 331 608 jores
364 517 495 587 sibi
542 539 707 609 opes
760 530 1029 608 pararet
1062 519 1130 588 in
1183 518 1394 599 coe10‚
1447 530 1710 607 quanto
1758 520 1892 589 sibi
1939 520 2244 611 amplius
2301 522 2386 591 de
2437 523 2696 594 mundo

160 606 627 677 subtraxisset.

240 697 275 783 ξ
319 702 406 766 ὅ.
460 696 563 766 Ibi
604 717 768 766 sane
814 707 1051 766 sancta
1101 694 1290 765 illius
1317 696 1742 766 conversatio
1790 695 2092 767 fervebat
2124 697 2354 768 studio
2405 716 2700 791 magnae

160 783 589 863 humilitatis,
644 784 998 854 charitatis
1037 785 1366 866 ubertate,
1419 785 1753 854 castitatis
1794 785 2181 875 splendore,
2242 788 2699 860 abstinentiae

161 872 623 963 pinguedine:
662 873 970 961 adeoque
1017 884 1224 943 totam
1275 873 1418 943 illic
1473 895 1545 943 se
1598 874 1877 944 coelesti
1935 874 2155 944 amori
2205 875 2568 966 impendit,
2620 890 2700 946 ut

163 965 362 1030 Deum
417 962 678 1031 mundo
725 961 930 1032 corde
968 962 1452 1053 complentem,
1507 964 1850 1032 Christum
1887 963 1997 1032 sui
2039 964 2490 1036 habitatorem
2542 988 2698 1036 sen-

161 1049 324 1118 tiret.
379 1055 457 1119 At
503 1051 704 1121 bonis
751 1052 1080 1121 omnibus
1142 1051 1500 1132 invidenS‚
1582 1064 1648 1121 et
1697 1051 1985 1121 humani
2033 1053 2305 1142 generis
2367 1054 2697 1124 inimicus

161 1138 493 1220 diaboluS‚
548 1140 663 1210 cui
708 1162 795 1209 ne
843 1152 985 1209 tum
1036 1139 1313 1226 quidem
1364 1140 1651 1227 obsequi
1688 1140 1923 1221 voluit,
1970 1163 2132 1210 cum
2188 1140 2417 1211 adhuc
2466 1142 2535 1211 in
2589 1163 2697 1212 se-

160 1227 305 1296 culo
352 1227 654 1319 degeret,
700 1250 851 1298 eam
904 1229 1223 1319 persequi
1273 1250 1406 1297 non
1458 1229 1769 1298 cessavit.
1824 1234 1905 1298 Ut
1941 1230 2128 1300 enim
2178 1251 2300 1317 per
2333 1231 2698 1301 internun-

158 1315 289 1385 cios
327 1317 476 1405 jam
511 1316 868 1396 didicerat,
973 1316 1314 1387 raecelsus
1355 1322 1492 1386 Rex
1553 1316 1890 1388 Clotarius
1937 1339 2095 1388 cum
2148 1318 2291 1388 filio
2347 1320 2697 1408 Sigeberto

159 1408 453 1473 Turones
503 1406 685 1475 venit
733 1406 864 1475 sub
959 1405 1290 1477 evotionis
1340 1418 1713 1496 praetextu,
1752 1418 1830 1476 ut
1863 1407 2024 1476 inde
2062 1405 2338 1477 facilius
2386 1409 2696 1479 Pictavos

154 1492 385 1572 adiret,
443 1494 664 1584 ipsam
719 1494 1047 1584 Reginam
1085 1495 1524 1584 repetiturus.
1579 1499 1726 1577 Qua
1762 1516 1832 1564 re
1881 1495 1999 1564 illa
2046 1510 2419 1586 comperta,
2460 1497 2694 1568 literas

156 1582 422 1672 scripsit
470 1605 632 1652 cum
683 1583 916 1652 divina
961 1583 1406 1653 obtestatione
1456 1583 1542 1651 ad
1587 1584 1808 1653 virum
1858 1584 2364 1673 Apostolicum,
2412 1590 2696 1656 Germa-

158 1692 312 1739 num
365 1672 817 1742 Parisiensem
870 1671 1331 1762 Episcopum,
1385 1672 1505 1758 qui
1555 1682 1700 1740 tum
1751 1695 1909 1741 cum
1969 1679 2148 1763 Rege
2204 1686 2385 1743 erat:
2438 1696 2695 1761 easque

157 1780 268 1847 per
314 1760 680 1829 Proculum
723 1775 1035 1852 agentem
1089 1781 1320 1841 suum,
1374 1762 1704 1830 secretius
1746 1761 1932 1830 misit
1957 1783 2114 1831 cum
2165 1763 2366 1832 xenio
2397 1777 2461 1833 et
2507 1764 2694 1833 eulo-

154 1848 299 1937 giis.
354 1853 486 1918 Eas
539 1849 769 1919 literas
831 1849 950 1918 ubi
1001 1848 1290 1938 perlegit
1337 1850 1439 1919 vir
1505 1854 1634 1919 Deo
1676 1850 1947 1938 plenus,
2015 1873 2174 1920 cum
2246 1850 2572 1940 lacrymis
2622 1873 2696 1921 se

157 1938 515 2024 prostravit
546 1937 629 2006 ad
686 1938 890 2028 pedes
930 1938 1133 2039 Regis
1162 1938 1348 2028 apud
1386 1939 1564 2008 beati
1614 1939 1882 2008 Martini
1918 1938 2343 2029 sepulcrum,
2397 1941 2695 2029 graviter

152 2045 300 2092 eum
334 2026 708 2106 obtestanS,
766 2040 840 2096 ut
875 2026 1087 2096 literis
1133 2028 1195 2096 ei
1243 2040 1387 2097 erat
1435 2027 1857 2108 indicatum,
1915 2050 1996 2096 ne
2046 2028 2391 2097 Pictavum
2444 2029 2689 2099 adiret.

154 2118 309 2182 Tum
364 2120 503 2184 Rex
542 2116 774 2186 animo
821 2129 1231 2195 commotuS,
1271 2114 1664 2216 intelligens
1714 2117 2013 2206 Reginae
2050 2138 2166 2185 eas
2222 2138 2371 2188 esse
2423 2140 2695 2207 preceS,

157 2203 563 2289 poenitentia
611 2202 912 2282 ducitur,
948 2217 1014 2273 et
1048 2203 1249 2275 malis
1286 2204 1705 2274 consiliariis
1752 2216 2040 2275 conatus
2089 2227 2253 2275 suos
2302 2206 2682 2296 imputanS,

155 2312 351 2377 seque
409 2292 780 2382 indignum
823 2292 1190 2381 judicans,
1251 2293 1369 2379 qui
1420 2293 1623 2362 talem
1675 2294 2006 2382 Reginam
2068 2292 2334 2363 diutius
2381 2294 2566 2383 apud
2617 2318 2690 2366 se

158 2377 447 2458 haberet,
503 2381 736 2451 itidem
790 2403 862 2450 se
919 2381 1281 2471 prostravit
1330 2380 1413 2450 ad
1468 2381 1674 2472 pedes
1725 2381 2099 2451 beatissimi
2150 2384 2469 2452 Germani
2532 2395 2690 2454 ante

156 2471 216 2536 S.
267 2470 539 2540 Martini
590 2469 855 2551 limina,
896 2492 1101 2541 orans
1147 2482 1223 2540 ut
1261 2492 1299 2539 a
1335 2475 1404 2540 B.
1461 2470 1882 2560 Radegunde
1916 2470 2182 2540 veniam
2228 2472 2362 2562 ipsi
2404 2484 2682 2562 peteret,

153 2558 364 2628 utilia
412 2559 856 2640 condonaret,
909 2559 1092 2647 quod
1143 2560 1212 2627 in
1253 2581 1430 2640 eam,
1474 2582 1514 2628 a
1567 2559 1766 2628 malis
1815 2558 2233 2629 consiliariis
2284 2582 2681 2649 persuasuS‚

156 2662 511 2733 peccasset.
553 2653 630 2718 Et
665 2670 820 2717 ecce
865 2647 1032 2717 ultio
1089 2647 1321 2717 divina
1371 2659 1644 2738 repente
1694 2647 1849 2718 illos
1905 2649 2093 2739 ipsos
2144 2648 2361 2720 malos
2408 2651 2691 2720 consul-

156 2747 319 2831 tores
355 2737 811 2837 persequitur.
851 2737 1039 2806 Sicut
1070 2737 1253 2805 enim
1289 2737 1524 2805 Arrius
1551 2736 1958 2807 catholicam
2000 2737 2204 2807 fidem
2237 2760 2277 2808 o
2334 2760 2681 2829 pugnanS,

155 2836 467 2894 intestina
522 2848 645 2894 sua
679 2826 914 2894 omnia
959 2825 1029 2893 in
1059 2824 1360 2894 cloacam
1398 2825 1664 2895 effudit:
1714 2827 1802 2895 ita
1834 2837 1899 2895 et
1930 2827 2079 2896 istis
2110 2827 2256 2895 acci
2311 2828 2383 2906 it,
2416 2827 2684 2896 beatam

155 2913 475 3001 Reginam
529 2913 1035 2984 infestantibus.
1089 2919 1295 2984 Porro
1335 2914 1671 2984 Clotarius
1720 2920 1879 2994 Rex,
1933 2937 2091 2984 cum
2145 2937 2278 2985 non
2341 2916 2688 3005 ignoraret

157 3002 472 3091 Reginam
506 3004 713 3072 etiam
745 3002 926 3091 apud
965 3003 1194 3092 ipsum
1225 3015 1792 3084 commorantem,
1832 3025 2104 3093 semper
2133 3005 2352 3094 magis
2383 3004 2681 3087 divinae,

157 3108 341 3173 quam
368 3090 594 3181 ipsius
621 3090 949 3161 voluntati
985 3091 1317 3180 paruisse,
1356 3090 1669 3160 divinum
1700 3091 2051 3181 judicium
2103 3107 2438 3173 metuenS,
2494 3105 2692 3182 rogat

157 3174 407 3247 beatum
454 3183 874 3250 Germanum
907 3233 922 3259 ‚
993 3178 1301 3249 celeriter
1347 3192 1424 3250 ut
1470 3181 1778 3249 Pictavos
1846 3180 2347 3270 proficiscatur.
2414 3182 2689 3252 Obtem-

157 3279 327 3351 perat
374 3269 544 3368 Regi
596 3269 697 3337 vir
728 3268 1153 3358 Apostolicus
1202 3272 1610 3349 Germanus,
1651 3269 1835 3338 venit
1885 3269 2286 3352 Pictavium,
2355 3271 2564 3340 intrat
2612 3271 2684 3339 in

157 3369 681 3436 monasterlum‚·
711 3357 782 3425 in
817 3357 1111 3427 oratorio
1159 3357 1394 3427 beatae
1424 3358 1674 3427 Mariae
1708 3357 1793 3426 ad
1831 3370 2108 3428 sanctae
2138 3360 2438 3449 Reginae
2474 3359 2688 3449 pedes

159 3461 218 3509 se
244 3444 501 3530 abjicit,
550 3446 713 3535 Regi
750 3446 1017 3515 veniam
1059 3459 1398 3536 precatur.
1438 3445 1561 3515 Illa
1659 3445 1924 3515 audens
1955 3469 2028 3517 se
2059 3469 2095 3516 e
2130 3448 2344 3518 seculi
2379 3469 2490 3517 ere
2544 3461 2685 3518 tam

159 3525 472 3625 faucibus,
514 3533 885 3603 clementer
942 3535 1261 3624 ignoscit,
1316 3556 1525 3620 seque
1572 3559 1612 3604 a
1711 3536 1826 3605 Dei
1883 3534 2294 3606 famulatum
2355 3559 2492 3628 app
2527 3538 2681 3619 icat,

155 3635 273 3700 Jam
303 3622 617 3713 expedita
664 3623 749 3692 ad
792 3622 1222 3710 sequendum
1273 3624 1619 3694 Christum
1654 3679 1670 3706 ,
1733 3647 1893 3694 cum
1943 3647 2081 3712 quo
2140 3646 2412 3714 semper
2482 3627 2677 3706 ierat,

162 3724 338 3789 quem
390 3732 667 3802 semper
707 3724 1076 3781 amaverat.

237 3798 397 3882 ἓθ.
452 3806 693 3887 Itaque
741 3800 1081 3887 ejusmodi
1147 3801 1396 3873 studiis
1453 3802 1735 3881 intenta,
1790 3802 2012 3872 auctis
2065 3801 2347 3894 vigiliis,
2404 3800 2689 3891 perinde

166 3894 338 3969 atque
364 3890 662 3959 carceris
701 3911 775 3959 se
821 3888 979 3958 fecit
1011 3889 1121 3958 sui
1168 3890 1476 3980 corporis
1507 3890 1973 3980 pernoctando
2006 3891 2388 3962 custodem:
2429 3902 2685 3959 etcum

166 3988 317 4069 esset
365 4000 532 4069 erga
577 3978 751 4048 alios
816 3977 1209 4049 misericors
1239 4033 1254 4059 ,
1325 3979 1395 4046 in
1472 3979 1568 4047 sei
1624 4000 1770 4048 sam
1837 4001 2072 4049 severa
2116 3994 2183 4049 et
2230 3977 2454 4068 rigida
2499 3977 2678 4047 fuit:

167 4057 302 4133 aliis
329 4064 700 4157 indulgens
747 4077 811 4136 et
852 4065 1179 4147 liberaliS,
1233 4067 1505 4167 sibiipsi
1594 4089 1720 4137 ura
1759 4067 2172 4137 abstinendo
2218 4078 2283 4137 et
2318 4088 2545 4157 parca:
2583 4067 2681 4136 ita

164 4158 229 4215 ut
271 4173 399 4224 non
439 4168 546 4225 sat
592 4156 875 4226 haberet
920 4176 1038 4224 cor
1091 4177 1172 4225 us
1220 4155 1527 4226 affecisse
1565 4155 1799 4225 inedia
1845 4168 1911 4226 et
1939 4156 2252 4246 jejuniis,
2307 4156 2442 4225 nisi
2474 4155 2684 4226 etiam

160 4233 250 4337 de·
284 4240 395 4312 illo
456 4244 936 4334 triumpharet.
990 4248 1019 4312 Ι
1116 4265 1337 4333 genus
1384 4245 1724 4314 exercitiis
1770 4257 2141 4336 occupata,
2196 4265 2275 4313 eo
2321 4267 2512 4325 casu,
2563 4245 2683 4332 qui

161 4343 364 4410 primo
401 4331 572 4403 libro
603 4332 952 4403 indicatus
982 4344 1104 4410 est,
1147 4332 1397 4401 meruit
1424 4354 1502 4402 eo
1533 4333 1941 4424 pertingere,
1981 4346 2056 4404 ut
2105 4333 2226 4402 uni
2283 4338 2412 4403 Deo
2471 4334 2688 4403 libere

161 4431 377 4487 vacare
407 4435 653 4512 posset.
693 4426 906 4510 Atque
938 4422 1024 4491 ab
1059 4420 1177 4491 illo
1210 4433 1512 4512 tempore
1546 4420 1944 4495 fortioribus
1975 4423 2218 4493 induta
2251 4423 2486 4505 armi5‚
2533 4424 2683 4495 sine
