3308 5004
158 332 347 400 ΑΗΕ.
400 332 487 399 27
866 350 949 397 na
995 352 1054 398 s.
1113 349 1421 400 casamo
1468 351 1671 401 msc.
1721 352 1988 401 Anxur.
2502 336 2619 401 66⁴

246 436 284 523 ξ
330 438 475 508 15.
530 432 659 503 Sed
707 455 867 504 cum
901 456 985 506 ex
1015 446 1172 506 utra
1225 456 1308 505 ue
1336 436 1488 525 ripa
1535 437 1937 509 dromonem
1964 490 1981 518 ,
2019 436 2143 524 qui
2181 436 2491 508 hostium
2527 436 2720 508 obsi·

154 524 365 606 dione
411 522 709 613 injectus
756 523 998 606 fuerat,
1039 528 1189 595 Gott
1245 524 1266 592 i
1302 525 1415 594 Dei
1452 538 1629 597 nutu
1675 526 1940 617 erigere
1978 547 2114 594 non
2152 525 2480 603 valerent,
2521 539 2722 597 nocte

154 624 475 684 sanctum
524 612 749 682 virum
786 612 854 682 in
909 612 1242 703 palatium
1293 626 1724 696 revocarunt,
1765 613 1885 685 sed
1926 635 2149 702 usque
2182 613 2355 684 adeo
2401 614 2556 703 ejus
2607 637 2721 685 ce-

158 703 379 773 lantes
413 722 804 792 personam,
859 716 935 774 ut
980 715 1215 773 utrum
1265 702 1494 774 adhuc
1534 717 1713 775 esset
1758 703 1829 774 in
1872 702 2066 784 vivis,
2119 702 2386 796 nullus,
2429 703 2720 774 catholi-

158 813 397 862 corum
447 791 623 861 scire
666 800 918 880 posset.
964 794 1136 861 Dum
1173 813 1336 950 εῑὲο
1381 790 1662 863 diabolo
1706 791 2056 863 exultante
2082 803 2149 862 et
2192 792 2477 863 ludaeis
2512 791 2720 882 plau-

158 880 480 952 dentibus
530 880 699 951 haec
746 892 1106 969 geruntur,
1155 880 1245 950 Ju
1296 881 1438 952 aeis
1483 881 1692 952 etiam
1734 881 1805 951 in
1851 893 2120 953 nostros
2166 880 2453 968 ubique,
2514 880 2715 951 nulla

158 970 570 1060 cujusquam
634 969 870 1039 habita
919 970 1231 1051 ratione,
1335 970 1618 1042 erfidiae
1668 971 1920 1061 probra
1979 969 2412 1059 jactantibus
2446 1024 2461 1047 ‚
2517 982 2718 1040 nocte

156 1059 455 1147 quadam
498 1079 686 1128 unus
731 1079 814 1129 ex
861 1057 1002 1128 illis
1039 1081 1120 1129 ex
1167 1080 1247 1128 eo
1321 1081 1443 1129 oco
1490 1081 1697 1148 quem
1738 1059 1824 1129 ad
1872 1057 2180 1151 agendas
2228 1059 2300 1128 in
2353 1078 2554 1129 muro
2603 1080 2718 1128 ex-

155 1147 400 1219 cubias
433 1159 613 1218 sorte
641 1160 1021 1238 acceperat,
1077 1146 1358 1238 ligatam
1412 1171 1574 1220 saxo
1620 1147 2010 1239 epistolam,
2064 1160 2421 1235 tamquam
2472 1148 2539 1217 in
2592 1148 2713 1217 ho·

154 1250 294 1307 stes
343 1235 517 1305 illud
569 1235 889 1330 vibrans,
946 1237 1013 1306 in
1065 1248 1291 1308 castra
1363 1236 1639 1307 illorum
1700 1237 2043 1328 conjicere
2110 1248 2406 1308 conatus
2453 1249 2581 1307 est.
2635 1240 2713 1305 In

150 1341 297 1415 qua
344 1346 593 1396 nomen
629 1346 836 1395 suum
879 1324 1002 1395 reli
1057 1325 1424 1414 ionemque
1468 1326 1889 1417 exprimenS,
1927 1326 2359 1409 hortabatur,
2397 1338 2474 1397 ut
2507 1337 2720 1396 noctu

150 1437 234 1487 eo
284 1414 457 1496 loen,
509 1436 649 1502 quo
682 1413 815 1515 ipsi
846 1437 1018 1485 excu
1067 1426 1286 1497 arent,
1341 1415 1566 1486 scalas
1611 1414 2082 1496 admoverent,
2136 1415 2380 1486 urbem
2448 1414 2720 1505 ingres-

154 1503 308 1582 suri
354 1525 433 1574 ea
481 1502 898 1585 conditione,
944 1518 1022 1574 ut
1064 1525 1186 1593 pro
1235 1515 1422 1574 tanto
1468 1503 1806 1575 beneficio
1841 1504 1911 1574 id
1970 1503 2336 1575 redderent
2385 1502 2710 1584 Judaeis,

154 1613 245 1663 ne
288 1592 664 1680 quisquam
698 1613 936 1663 eorum
978 1605 1097 1662 aut
1143 1604 1525 1682 caperetur,
1577 1605 1701 1664 aut
1746 1614 1980 1664 rerum
2029 1614 2320 1663 suarum
2360 1591 2716 1683 jacturam

154 1681 451 1752 faceret.·
477 1686 671 1751 Mane
713 1703 867 1751 vero
912 1680 1245 1772 digressis
1295 1681 1612 1752 nonnihil
1676 1705 1718 1752 a
1766 1703 1967 1752 muro
2015 1681 2373 1764 hostibuS,
2426 1680 2717 1769 quidam

154 1793 193 1840 e
244 1769 771 1861 propugnaculo
824 1770 1134 1860 egressi,
1188 1770 1551 1861 epistolam
1601 1770 1795 1842 illam
1855 1769 2346 1862 conspiciunt,
2406 1768 2714 1851 tollunt,

158 1880 397 1930 secum
448 1859 629 1929 intra
674 1858 917 1929 urbem
986 1859 1432 1960 absportant,
1508 1860 1919 1948 cunctisque
2002 1859 2072 1928 in
2122 1858 2270 1930 foro
2340 1857 2717 1948 publicitus

158 1946 553 2020 ostendunt.
596 1952 741 2017 Mox
769 1961 1009 2018 auctor
1031 1947 1361 2038 epistolae
1395 1948 1826 2039 producitur,
1871 1949 2368 2036 convictusque
2397 1947 2710 2039 punitur:

161 2058 365 2107 saeva
394 2034 818 2108 Judaeorum
868 2036 1291 2119 immanitaS,
1344 2042 1479 2108 Deo
1525 2050 1591 2108 et
1663 2037 2067 2108 hominibus
2115 2037 2380 2117 invisa,
2432 2034 2713 2106 tandem

160 2125 671 2198 evidentissime
716 2124 1188 2196 confunditur.
1242 2125 1476 2197 Daniel
1529 2139 1783 2209 noster,
1837 2127 1906 2197 id
1959 2139 2085 2207 est,
2146 2138 2432 2196 sanctus
2481 2129 2721 2195 Caesa-

160 2213 334 2295 riuS,
376 2236 413 2283 e
461 2213 616 2285 lacu
665 2214 940 2285 leonum
990 2214 1334 2296 educitur,
1394 2228 1829 2308 satraparum
1879 2214 2226 2286 accusatio
2276 2213 2712 2304 publicatur,

161 2302 547 2392 completur
601 2303 670 2372 in
721 2324 960 2374 eorum
1010 2317 1288 2374 auctore
1334 2303 1507 2375 illud
1574 2303 2095 2396 propheticum:
2145 2308 2395 2373 Lacum
2447 2304 2718 2393 aperuit

164 2404 229 2463 et
261 2394 487 2482 effodit
514 2415 690 2474 eum,
725 2403 788 2462 et
818 2392 1054 2463 incidit
1087 2394 1159 2462 in
1187 2396 1476 2482 foveam,
1512 2417 1720 2486 quam
1743 2395 1903 2481 fecit
1929 2391 2069 2482 (Ps.
2106 2391 2202 2480 7).

258 2483 295 2570 ξ
344 2487 496 2557 18.
550 2487 758 2552 Porro
807 2481 1113 2553 Arelaten
1147 2481 1411 2555 Gotthis
1450 2505 1607 2553 cum
1642 2482 2013 2551 innumera
2043 2479 2471 2570 captivorum
2517 2477 2716 2549 turba

155 2572 680 2653 revertentibus,
717 2570 1070 2662 replentur
1103 2594 1340 2643 sacrae
1369 2571 1722 2652 basilicae,
1760 2571 2064 2672 repletur
2099 2567 2431 2640 ecclesiae
2459 2568 2714 2639 domus

121 2659 551 2731 ‚infidelium
607 2660 1073 2742 multitudine,
1125 2672 1382 2730 etcum
1423 2660 1639 2730 multa
1674 2660 1912 2750 inopia
1951 2658 2367 2740 laborarent,
2411 2679 2589 2744 quae
2628 2656 2713 2726 ad

157 2749 419 2819 victum
472 2748 930 2837 vestitumque
980 2748 1422 2841 pertinerent,
1460 2748 1722 2819 affatim
1769 2748 1870 2818 eis
1905 2746 2225 2839 praebuit
2275 2745 2376 2816 vir
2419 2745 2662 2816 beatus
2696 2799 2713 2827 ,

157 2838 385 2906 donec
432 2857 673 2908 omnes
720 2838 808 2907 ab
855 2838 1007 2928 ipso
1055 2851 1284 2908 essent
1332 2836 1669 2928 redempti
1723 2858 1802 2907 eo
1851 2850 2160 2927 argeum,
2213 2835 2399 2924 quod
2439 2856 2717 2906 venera·

154 2924 327 2996 bilis
358 2924 612 2997 Ennius
644 2940 1034 2998 antecessor
1058 2927 1209 3016 ejus
1239 2924 1581 2995 Ecclesiae
1614 2947 1895 2995 mensae
1924 2924 2316 3014 reliquerat,
2340 2923 2716 2994 observans

153 3011 365 3093 illud,
415 3013 607 3101 ,quod
661 3016 990 3087 Dominus
1041 3017 1109 3084 in
1173 3013 1557 3105 paropside*
1596 3014 1871 3084 intinxit
1923 3035 2194 3104 panem,
2248 3035 2384 3083 non
2436 3013 2506 3082 in
2557 3033 2718 3083 vase

152 3114 509 3195 argenteo,
567 3102 1071 3194 discipulisque.
1123 3103 1490 3193 praecepit,
1550 3125 1634 3172 ne
1676 3102 2109 3193 possiderent
2155 3123 2404 3172 aurum
2455 3101 2561 3177 vel
2609 3122 2720 3171 ar-

156 3203 478 3283 gentum.
532 3195 672 3261 Hoc
721 3205 949 3263 autem
1007 3204 1326 3262 sanctum
1377 3214 1555 3293 opus
1605 3192 1698 3261 ita
1735 3204 2137 3281 persecutus
2183 3201 2326 3270 est,
2381 3202 2458 3261 ut
2506 3189 2716 3260 etiam

152 3278 448 3360 abillis,
493 3301 673 3367 quae
719 3281 805 3351 ad
840 3280 1058 3351 divini
1111 3280 1474 3351 ministerii
1523 3281 2113 3371 dispensationem
2165 3278 2535 3371 pertinent,
2578 3300 2715 3349 non

155 3369 559 3449 abstineret,
600 3368 1001 3450 thuribuliS,
1046 3367 1406 3451 calicibus,
1463 3370 1730 3460 patenis
1781 3391 1905 3460 pro
1952 3386 2188 3440 eorum
2241 3367 2720 3457 redemptione

155 3458 367 3540 datis,
401 3457 870 3546 excussisque,
909 3480 949 3527 a
987 3456 1450 3529 cancellorum
1477 3458 1851 3538 columniS,
1886 3457 2313 3529 ornamentis
2340 3457 2713 3547 argenteis;

157 3546 438 3629 dicebat
469 3546 652 3615 enim
687 3570 702 3615 :
757 3552 848 3618 Ne
894 3546 1101 3617 homo
1149 3547 1505 3617 rationalis
1533 3603 1549 3630 ,
1609 3547 1857 3617 Christi
1897 3546 2242 3637 sanguine
2283 3544 2712 3637 redemptus,

157 3637 424 3706 amissa
472 3634 780 3706 libertate
811 3649 878 3706 et
908 3636 1085 3706 dura
1121 3659 1401 3727 pressus
1433 3635 1783 3718 servitute,
1823 3649 1943 3706 aut
1975 3635 2306 3705 Arrianus
2344 3634 2711 3715 efficiatur,

160 3738 281 3795 aut
308 3723 658 3804 Judaeus‚
716 3736 836 3795 aut
872 3747 954 3795 ex
1001 3726 1302 3816 ingenuo
1350 3747 1588 3796 servus
1637 3737 1757 3795 aut
1812 3746 1894 3794 ex
1934 3746 2127 3796 servo
2176 3722 2374 3793 liber.
2436 3722 2720 3793 Ornavit

164 3813 381 3914 igitur
424 3826 488 3883 et
535 3812 863 3896 defendit,
919 3835 1055 3883 non
1106 3813 1512 3885 deformavit
1561 3813 1961 3885 Ecclesiam.
2014 3813 2251 3883 Patere
2291 3811 2508 3882 voluit
2548 3809 2715 3880 filiis

167 3924 431 3971 viscera
484 3902 763 3986 matris,
821 3924 954 3973 non
1009 3901 1390 3994 praecludi,
1446 3903 1576 3972 hoc
1626 3902 2032 3993 saepissime
2080 3901 2369 3971 dicens:
2423 3921 2461 3966 «
2498 3897 2713 3969 Velim

169 3990 631 4081 respondeant
679 3990 852 4061 mihi
892 3991 1202 4082 plerique
1250 3990 1517 4061 domini
1559 3992 1970 4071 sacerdotes,
2024 4002 2090 4060 et
2128 3989 2380 4077 reliqui
2414 4011 2450 4057 e
2500 3987 2710 4067 clero,

169 4078 291 4165 qui
339 4080 572 4151 nescio
625 4102 764 4167 quo
812 4080 1312 4171 superfluitatis
1359 4102 1594 4151 amore
1644 4080 1889 4151 nolunt
1937 4080 2101 4150 dare
2149 4075 2559 4149 insensibile
2605 4098 2719 4178 ar—

167 4179 449 4256 gentum
514 4181 580 4239 et
638 4191 887 4240 aurum
956 4190 1036 4239 ex
1095 4168 1342 4238 Christi
1411 4169 1722 4244 donariis
1788 4191 1910 4260 pro
1977 4166 2348 4260 mancipiis
2412 4166 2714 4235 Christi:

165 4254 371 4325 velim
405 4313 420 4339 ,
476 4258 761 4345 inquam
798 4313 813 4339 ,
866 4257 1103 4327 dicant
1155 4257 1371 4338 mihi,
1429 4259 1487 4328 si
1537 4280 1675 4346 quo
1721 4279 1891 4328 casu
1939 4257 1958 4326 i
2015 4258 2072 4326 si
2121 4257 2192 4326 in
2242 4277 2394 4326 eam
2436 4253 2722 4325 calami-

168 4356 371 4415 tatem
425 4346 857 4427 inciderent,
913 4345 1250 4416 vellentne
1312 4347 1654 4437 ejusmodi
1709 4346 1968 4416 insensi
2028 4345 2242 4416 ilibus
2287 4344 2596 4415 donariis
2645 4344 2718 4413 in

169 4433 550 4506 libertatern
603 4436 963 4517 vindicari,
1020 4448 1138 4508 aut
1188 4434 1417 4527 potius
1466 4434 1812 4525 sacrilegii
1864 4434 2012 4504 loco
2062 4434 2413 4514 haberent,
2461 4434 2520 4502 si
2559 4434 2718 4521 quis
