3308 5004
157 325 346 393 ΔΗΒ.
396 325 483 392 28
705 345 784 394 nt
831 345 885 393 s.
940 346 1299 395 aucusrmo
1344 346 1558 395 ense:
1598 347 1677 395 rr
1721 346 1896 397 mci..
1949 348 2128 397 socr.
2475 332 2606 398 683

157 427 269 506 iis,
309 427 434 516 qui
480 426 772 499 oderunt
813 451 1077 520 pacem,
1128 442 1322 501 erant
1373 430 1640 523 pacifici
1669 485 1685 514 ,
1737 443 1804 502 et
1848 453 2009 502 cum
2061 432 2528 522 loquerentur,
2578 432 2695 505 de·-

154 516 603 588 bell'abantur
637 519 857 610 gratis
895 520 984 589 ab
1015 520 1139 589 eis.

241 611 392 682 151.
446 605 817 695 aliquoties
864 629 1021 678 vero
1066 609 1270 679 etiam
1319 609 1466 679 vias
1514 608 1762 684 armati
1825 609 2034 680 iidem
2085 610 2696 683 ssircumcelliones

152 697 392 765 contra
439 694 781 766 famulum
824 697 940 767 Dei
971 698 1428 788 augustinum
1478 697 1922 779 obsederunt,
1975 699 2144 769 dum
2185 699 2356 769 flente
2409 701 2538 773 ioet
2583 722 2696 782 ro·-

151 796 356 943 gggus
387 784 472 853 ad
507 785 883 856 visitandas
931 785 1511 874 instruendasque
1557 799 1624 856 et
1646 788 2110 859 exhortandas
2141 786 2518 858 catholicas
2551 790 2696 880 ple-

305 896 321 940 :
372 873 557 961 quod
609 874 756 964 ipse
817 875 1369 962 frequentissime
1424 875 1739 946 faciebat.
1793 881 1869 945 Et
1931 876 2309 965 aliquando
2355 877 2537 948 conti
2595 879 2609 892 ⁴
2671 933 2688 961 ,

153 974 233 1031 ut
267 960 368 1031 illi
405 964 898 1033 succenturiati
940 964 1270 1035 hactenus
1302 964 1662 1055 perderent
1694 966 2078 1056 captionem
2108 991 2128 1034 z
2155 966 2381 1035 euenit
2410 969 2531 1054 qui
2581 988 2692 1040 em

153 1050 272 1119 Dei
322 1050 771 1142 providentia,
810 1052 925 1122 sed
974 1053 1281 1122 ductoris
1331 1053 1633 1124 hominis
1679 1074 1932 1136 errore,
1985 1067 2062 1124 ut
2109 1076 2232 1147 per
2266 1054 2475 1125 aliam
2510 1057 2687 1125 viam

146 1161 312 1209 cum
363 1140 511 1210 suis
556 1141 928 1212 comitibus
966 1142 1284 1212 sacerdos
1329 1163 1466 1231 quo
1520 1142 1865 1225 tendebat,
1917 1143 2261 1224 venisset,
2317 1156 2523 1231 atque
2576 1164 2696 1234 per

145 1227 343 1298 hunc
378 1283 394 1310 ,
452 1250 656 1317 quem
721 1245 952 1320 postea
999 1232 1338 1321 cognovit,
1386 1252 1716 1311 errorem,
1757 1252 2007 1302 manus
2038 1232 2290 1323 impias
2337 1233 2688 1302 evasisset.

145 1321 234 1387 Et
289 1337 447 1387 cum
516 1319 586 1388 in
634 1318 959 1388 omnibus
1006 1319 1352 1390 liberatori
1409 1325 1538 1390 Deo
1586 1320 1846 1410 gratias
1889 1321 2193 1411 egisset,
2249 1320 2349 1389 illi
2406 1321 2693 1392 omnino

142 1427 283 1476 suo
330 1426 519 1476 more
571 1428 693 1476 nec
743 1407 939 1477 laicis
984 1429 1112 1478 nec
1158 1408 1427 1479 clericis
1490 1422 1985 1499 pepercerunt,
2038 1409 2218 1480 sicut
2267 1409 2546 1500 publica
2591 1422 2693 1480 te-

144 1505 426 1567 stantur
471 1509 683 1586 gesta.
747 1502 1012 1566 Interea
1073 1497 1417 1568 silendum
1468 1520 1605 1568 non
1652 1511 1806 1578 est,
1857 1498 2040 1586 quod
2094 1499 2176 1568 ad
2232 1497 2508 1568 laudem
2577 1499 2691 1568 Dei

145 1605 277 1675 per
322 1583 512 1653 illius
574 1599 711 1653 tam
762 1586 1021 1676 egregii
1069 1586 1138 1655 in
1188 1586 1472 1655 ecclesia
1538 1586 1664 1656 riri
1713 1587 2019 1666 studium
2048 1640 2069 1669 ,
2139 1587 2529 1674 domusque
2579 1588 2691 1656 Dei

144 1672 373 1743 zelum
410 1727 425 1752 ,
477 1672 806 1743 adversus
872 1674 1252 1764 praedictos
1302 1675 1827 1765 rebaptizatores
1877 1676 2261 1746 Donatistas
2309 1689 2576 1765 gestum
2625 1689 2694 1746 et

147 1761 529 1852 perfectum
577 1775 702 1831 est.
754 1769 920 1833 Cum
972 1764 1140 1833 forte
1187 1786 1419 1843 unus,
1472 1785 1553 1834 ex
1602 1764 1688 1834 iis
1733 1786 1908 1852 quos
1953 1764 2042 1834 de
2097 1787 2224 1834 suo
2274 1764 2691 1836 monasterio

148 1862 215 1918 et
260 1848 446 1920 clero
495 1851 870 1942 Episcopus
916 1853 1243 1922 ecclesiae
1290 1865 1808 1954 propagaverat,
1861 1851 1947 1922 ad
1999 1875 2195 1923 suam
2247 1874 2485 1923 curam
2541 1874 2683 1941 per·

150 1938 479 2008 tinentem
532 1939 949 2011 Calamensis
988 1941 1315 2011 ecclesiae
1362 1941 1727 2011 dioecesim
1783 1941 2107 2022 visitaret,
2161 1955 2241 2011 ut
2284 1962 2461 2029 quae
2505 1940 2692 2010 didi·-

149 2039 340 2095 cerat
387 2048 510 2117 pro
558 2051 724 2119 pace
786 2030 1124 2100 Ecclesiae
1159 2084 1175 2113 ,
1247 2044 1485 2100 eontra
1548 2030 1742 2100 illam
1805 2029 2161 2105 haeresim.
2211 2029 2636 2121 praedicaret
2665 2053 2685 2093 e

149 2113 407 2185 factum
456 2130 579 2198 est,
633 2130 710 2188 ut
758 2118 824 2186 in
866 2119 1089 2188 medio
1118 2119 1382 2199 itinere,
1434 2142 1595 2188 cum
1626 2140 1871 2188 eoru-m
1921 2120 2216 2189 insidias
2256 2119 2686 2199 incurrisset,

148 2224 232 2272 ae
278 2225 354 2273 re
399 2226 553 2274 cum
603 2207 947 2278 omnibus>
976 2229 1048 2276 se
1094 2209 1588 2278 comitantibus
1632 2208 1965 2287 evaserit,
2019 2209 2352 2296 injuriam
2409 2221 2635 2276 tamen
2668 2262 2685 2288 ,

149 2291 240 2362 ab
270 2293 398 2362 atis
434 2316 553 2385 per
588 2295 721 2363 vim
765 2296 1104 2386 jumentis
1152 2296 1443 2384 aliisque
1480 2297 1686 2367 rebus
1716 2349 1730 2373 ,
1783 2297 2188 2386 gravissime
2236 2297 2544 2365 affectus.
2597 2300 2692 2366 De

144 2402 287 2470 qua
323 2403 413 2461 re,
454 2404 537 2451 ne
570 2385 759 2472 pacis
796 2383 1122 2456 ecclesiae
1154 2385 1457 2487 amplius
1485 2383 1936 2475 impediretur
1966 2384 2332 2474 profectae,
2370 2383 2693 2453 defensor

140 2470 476 2542 ecclesiae
510 2473 688 2543 inter
714 2472 900 2565 leges
950 2494 1082 2543 non
1136 2473 1350 2545 siluit.

236 2562 274 2717 ᾗ
321 2565 465 2633 18.
522 2566 600 2630 Et
648 2576 1055 2653 praeceptus
1119 2576 1220 2633 est
1268 2563 1624 2653 Crispinus
1658 2616 1674 2643 ,
1776 2561 1848 2630 ui
1899 2560 2143 2632 iisdem
2199 2561 2570 2631 Donatistis
2611 2561 2686 2630 in

142 2653 227 2719 Ca
266 2651 527 2721 amensi
563 2651 832 2721 civitate
864 2665 929 2722 et
977 2652 1252 2742 regione
1300 2652 1682 2741 Episcopus
1758 2651 1882 2730 uit,
1948 2650 2382 2740 praedicator
2426 2649 2691 2720 scitica

138 2737 387 2819 salsus,
438 2752 503 2808 et
550 2738 750 2808 inulti
803 2743 1130 2831 temporis
1178 2741 1448 2821 doctor,
1501 2738 1584 2807 ad
1641 2738 1969 2813 mulctam
2022 2740 2235 2809 teneri
2285 2739 2683 2817 aurariam,

126 2824 449 2917 publicis
497 2826 767 2917 legibus
797 2841 1036 2899 contra
1085 2829 1459 2898 haereticos
1507 2828 1976 2897 constitutam.
2031 2829 2160 2911 Qui
2209 2826 2556 2897 resultans
2593 2826 2690 2895 le-

134 2914 376 3007 gibus,
426 2937 586 2984 cum
640 2930 1113 3007 praesentatus
1160 2916 1346 3008 apud
1398 2915 1884 2985 Proconsulem
1935 2937 2007 2985 se
2066 2928 2343 3018 negaret
2391 2915 2684 2985 haereti·-

132 3022 331 3081 cum,
386 3003 621 3073 oborta
671 3019 775 3075 est
826 3006 1215 3083 necessitas,
1269 3018 1344 3073 ut
1373 3003 1499 3087 illi,
1542 3004 1897 3077 recedente
1929 3005 2270 3075 Ecclesiae
2301 3003 2682 3087 defensore,

135 3115 178 3163 a
231 3090 573 3162 catholico
640 3095 975 3185 Episcopo
1022 3095 1492 3171 resisteretur,
1546 3106 1610 3163 et
1657 3093 2178 3164 convinceretur
2207 3148 2222 3176 ,
2276 3115 2433 3173 eum
2479 3113 2680 3173 esse,

184 3178 327 3250 uod
366 3202 438 3249 se
476 3180 688 3257 fuisse
720 3196 1081 3274 negaverat
1113 3205 1128 3249 :
1184 3183 1519 3266 Quoniam
1550 3183 1614 3250 si
1648 3205 1687 3250 a
1727 3182 2072 3252 catholico
2100 3181 2682 3261 dissimularetur,

161 3282 316 3340 orte
363 3269 750 3340 Catholicus
798 3273 1201 3361 Episcopus,
1256 3271 1376 3359 qui
1421 3283 1570 3341 erat
1617 3270 2028 3351 haereticus,
2091 3271 2512 3351 crederetur,
2567 3270 2687 3339 illo

132 3381 236 3439 se,
298 3357 480 3444 quod
532 3372 698 3438 erat,
755 3374 1067 3450 negante,
1123 3373 1327 3448 atque
1375 3360 1467 3429 ita
1515 3382 1594 3428 ex
1642 3359 1773 3429 hac
1822 3358 2088 3431 desidia
2138 3360 2438 3429 infirmis
2484 3381 2689 3428 scan-

128 3447 383 3518 dalum
438 3460 855 3517 nasceretur.
912 3453 987 3517 Et
1035 3462 1197 3517 tunc
1266 3448 1696 3517 memorabili
1756 3450 2138 3538 Augustino
2191 3448 2492 3527 antistite
2535 3469 2689 3517 om·-

134 3534 447 3607 nimodis
494 3536 813 3615 instante,
865 3536 951 3606 ad
1002 3537 1535 3608 controversiam
1600 3536 1806 3607 ambo
1854 3538 1988 3627 ipsi
2050 3538 2484 3608 calamenses
2532 3535 2689 3626 Epi·-

134 3625 334 3716 scopi
373 3678 388 3704 ,
443 3623 832 3695 catholicus
892 3626 1151 3696 scilicet
1217 3639 1282 3696 et
1346 3625 1779 3705 haereticuS,
1843 3639 2224 3708 venerunt,
2288 3639 2355 3695 et
2400 3625 2486 3694 de
2536 3626 2687 3716 ipsa

132 3716 412 3784 diversa
452 3714 942 3784 communione
990 3716 1187 3785 tertio
1230 3715 1560 3783 conflictu
1610 3735 1842 3783 secum
1893 3728 2222 3806 egenunt,
2269 3736 2521 3805 magna
2568 3735 2689 3804 po-

139 3803 468 3893 pulorum
534 3802 1080 3873 Christianorum
1149 3802 1594 3872 multitudine
1665 3824 1915 3872 causae
1985 3805 2241 3873 exitum
2282 3858 2297 3883 ,
2365 3815 2432 3872 et
2495 3800 2684 3893 apud

136 3891 647 3980 Carthaginem,
681 3903 747 3960 et
773 3911 893 3980 per
925 3903 1130 3962 totam
1167 3891 1457 3961 Africam
1490 3904 1911 3981 expectantet
1948 3906 2153 3980 atque
2187 3892 2302 3962 ille
2332 3888 2687 3992 Crispinus

142 3980 624 4068 proconsulari
672 3993 736 4049 et
785 3978 1079 4050 libellari
1147 3980 1505 4051 sententia¹
1536 3992 1641 4048 est
1691 3982 2192 4071 pronunciatus
2250 3982 2681 4050 haereticus:

148 4071 410 4154 Proque
450 4068 569 4137 illo
616 4068 799 4156 apud
852 4070 1273 4159 cognitorem
1322 4068 1707 4139 catholicus
1735 4071 2118 4172 Episcopus
2151 4068 2556 4147 intercessit,
2604 4088 2689 4136 ne

144 4156 428 4225 auraria
476 4155 690 4227 multa
737 4159 1144 4259 exigeretur,
1199 4169 1265 4227 et
1309 4158 1371 4227 ei
1403 4157 1815 4227 beneficium
1857 4172 1959 4229 est
1993 4171 2456 4248 impetratum.
2499 4155 2688 4228 Unde

140 4264 301 4312 cum
342 4245 654 4334 ingratus
686 4247 771 4316 ad
812 4247 1203 4337 piissimum
1246 4246 1624 4336 principem
1664 4261 2119 4335 provocasset,
2151 4248 2239 4317 ab
2271 4252 2688 4337 Imperatore

142 4343 247 4405 est
293 4353 698 4424 responsum
751 4348 818 4404 et
864 4347 1363 4424 consequenter
1414 4349 1902 4425 praeceptum,
1961 4336 2155 4406 nullo
2205 4356 2489 4427 prorsus
2539 4335 2687 4404 loco

136 4416 523 4493 haereticos
572 4425 953 4494 Donatistas
999 4446 1148 4495 esse
1186 4423 1458 4504 debere,
1508 4434 1575 4492 et
1603 4444 1721 4493 eos
1750 4423 1834 4493 ad
1871 4423 2007 4501 vim
2055 4425 2284 4517 legum
2333 4424 2681 4507 omnium,
