3308 5004
681 335 810 402 ⁴22
1589 350 1669 398 m:
1717 350 1774 398 s.
1826 347 2131 398 noumco
2859 330 3042 398 Ans.
3089 332 3127 398 b

591 432 994 514 Tolosanus‚
1026 431 1130 501 vir
1152 431 1379 502 bonus
1398 441 1464 500 et
1487 442 1794 512 sanctus,
1831 429 2086 500 zelator
2115 429 2303 512 fidei,
2342 439 2660 500 sanetum
2695 429 3130 500 Dominicum

592 522 905 614 impense
946 542 1219 601 amans,
1274 519 1493 591 laetus
1525 540 1769 588 novam
1809 520 1978 589 oriri
2007 517 2301 589 salutem
2348 518 2820 591 consentiente
2850 517 3131 609 collegio

590 633 729 681 suo·
767 609 853 680 ad
895 610 1110 680 libros
1140 608 1414 696 aliaque
1453 608 1841 680 necessaria
1869 606 2362 699 comparanda,
2413 620 2674 678 sextam
2706 607 3131 679 decimarum

588 700 905 771 omnium
953 710 1213 789 partem
1243 698 1305 767 ei
1340 696 1643 768 donavit.
1698 696 2110 768 Obtulerunt
2157 718 2231 766 se
2275 697 2481 767 etiam
2514 696 2617 766 illi
2649 696 2791 766 duo
2824 695 3136 766 Tolosani

588 789 753 859 boni
803 788 955 869 viri,
1016 787 1225 858 frater
1260 786 1556 856 Thomas
1616 786 1822 856 homo
1869 785 2216 856 facundus
2265 798 2342 856 et
2387 786 2732 876 gratiosus
2761 841 2777 868 ,
2821 797 2889 856 et
2931 784 3139 855 frater

588 881 829 948 Petrus
876 876 961 947 de
1005 876 1281 957 Salare,
1327 875 1448 963 qui
1489 875 1801 965 insignes
1839 875 2067 957 aedeS,
2118 896 2294 962 quas
2342 874 2625 945 Tolosae
2681 874 2975 945 habebat
3007 928 3023 955 ,
3076 874 3140 943 ei

589 965 884 1056 largitus
934 978 1061 1035 est.
1119 970 1289 1034 Tum
1341 986 1519 1046 vern,
1572 965 1695 1051 qui
1750 986 1910 1034 cum
1961 964 2157 1035 beato
2207 964 2564 1033 Dominico
2609 974 2845 1044 erant,
2898 984 3140 1053 coepe-

587 1068 753 1126 runt
797 1077 870 1126 se
915 1054 1001 1124 ad
1055 1053 1532 1144 religiosorum
1584 1052 1727 1122 sive
1776 1053 2271 1122 monachorum
2326 1073 2551 1122 mores
2584 1050 3132 1122 accommodare.

584 1143 886 1215 Necdum
928 1143 1115 1213 enim
1163 1142 1714 1212 Praedicatorius
1768 1141 1947 1211 Ordo
1987 1143 2345 1211 institutus
2391 1154 2559 1222 crat,
2613 1141 2732 1210 sed
2790 1141 3134 1229 quaedam

579 1233 727 1322 jam
761 1243 1093 1321 concepta
1121 1242 1340 1310 erant,
1385 1242 1451 1299 et
1486 1229 1572 1298 de
1610 1229 1732 1299 illo
1770 1230 2197 1301 instituendo
2236 1229 2776 1300 deliberabatur.
3081 1264 3098 1276 ν

674 1324 711 1409 ξ
757 1325 921 1393 88.
976 1319 1185 1389 Multa
1234 1332 1416 1389 certe
1455 1317 1657 1389 multi
1704 1318 1792 1388 de
1840 1318 1969 1388 hoc
2017 1340 2217 1389 sacro
2263 1319 2517 1389 Ordine
2548 1317 2805 1400 futuro,
2849 1317 3139 1388 Domino

585 1410 688 1481 eis
719 1407 1079 1488 revelante,
1137 1407 1641 1498 praeviderunt,
1695 1419 1761 1476 et
1805 1406 2364 1497 congratulantes
2399 1406 2763 1488 Ecclesiae,
2807 1409 3144 1498 praesago

587 1499 840 1589 spiritu
891 1497 1398 1587 praedixerunt.
1453 1501 1644 1566 Teste
1690 1496 1874 1565 enim
1927 1496 2329 1586 Scriptum,
2381 1518 2543 1566 cum
2594 1496 2871 1587 insigne
2925 1496 3145 1586 quip-

589 1587 776 1679 piam
826 1585 1137 1657 sacturus
1182 1597 1285 1656 est
1334 1585 1689 1666 Dominus,
1744 1585 1915 1654 solet
1959 1584 2193 1655 electis
2241 1586 2459 1654 servis
2490 1597 2557 1654 et
2593 1583 2950 1675 prophetis
2988 1585 3146 1654 suis

590 1674 967 1746 multifarie
1005 1673 1381 1761 multisque
1440 1673 1666 1742 modis
1717 1694 1838 1763 per
1890 1674 2212 1775 spiritum
2274 1695 2479 1743 suum
2529 1673 2600 1743 id
2668 1673 3137 1744 manifestare.

588 1767 690 1834 Ita
718 1763 804 1833 de
828 1763 958 1834 hoc
985 1784 1261 1852 quoque
1283 1762 1654 1832 electorum
1689 1762 2064 1833 lectisslmo
2094 1763 2410 1833 instituto
2439 1762 2779 1851 quaedam
2808 1762 3148 1853 dignatus

588 1865 693 1923 est
725 1852 1133 1922 mirabiliter
1165 1862 1738 1943 praemonstrare.

676 1943 714 2030 ξ
758 1946 916 2015 84.
968 1946 1161 2010 Anno
1191 1940 1437 2010 Christi
1471 1940 1840 2011 millesimo
1873 1939 2349 2010 ducentesimo
2393 1938 2931 2027 decimoquinto,
2975 1961 3146 2010 cum

587 2052 669 2100 ex
713 2031 1044 2101 omnibus
1092 2029 1290 2100 Orbis
1341 2028 1653 2118 partibus
1701 2028 1784 2098 ad
1829 2028 2207 2098 Concilium
2311 2028 2584 2098 enerale
2640 2034 2927 2098 Romam
2980 2050 3152 2117 pro·

589 2118 1066 2189 ficiscerentur
1111 2117 1431 2209 Episcopi
1478 2130 1543 2187 et
1591 2117 1901 2208 praelati,
1954 2118 2329 2187 venerabii
2387 2128 2452 2187 et
2499 2130 2737 2188 sancto
2785 2118 2930 2187 viro
2978 2117 3154 2188 Ful-

591 2206 751 2277 coni
796 2207 1134 2278 Tolosano
1175 2207 1509 2298 Episcopo
1537 2228 1616 2276 eo
1642 2206 2108 2286 contendenti,
2154 2206 2516 2297 piissimus
2542 2206 2789 2276 Christi
2824 2205 3156 2276 minister

592 2296 997 2368 Dominicus
1043 2296 1418 2387 adjunctus
1463 2305 1606 2364 est:
1659 2317 1832 2382 quos
1879 2296 1970 2365 ita
2034 2295 2337 2365 charitas
2383 2295 2563 2364 inter
2607 2315 2680 2364 se
2727 2293 3101 2396 colligarat
3132 2349 3150 2376 ,

587 2396 655 2455 et
683 2385 970 2476 spiritus
999 2391 1168 2456 Jesu
1202 2384 1712 2465 moderabatur,
1765 2396 1843 2454 ut
1888 2384 2177 2454 salutem
2219 2385 2613 2454 animarum
2649 2383 3156 2454 ardentissimo

586 2473 749 2545 zelo'
780 2475 1071 2546 sitirent.
1126 2479 1422 2565 Tempus
1482 2473 1700 2565 igitur
1745 2486 2213 2565 opportunum
2269 2474 2400 2545 rati
2457 2494 2530 2543 se
2583 2472 2911 2563 adeptoS,
2949 2472 3156 2561 quod

578 2565 999 2655 jampridem
1050 2576 1460 2655 conceptum
1503 2575 1569 2632 et
1599 2562 2057 2633 deliberatum
2106 2573 2252 2632 erat
2297 2562 2384 2633 de
2430 2561 2853 2631 instituendo
2884 2562 3159 2632 Ordine

586 2653 1145 2725 Praedicatorum
1176 2707 1192 2736 ,
1247 2674 1523 2721 summo
1593 2651 1906 2722 Pontifici
1952 2655 2219 2738 (Innoc.
2271 2654 2419 2737 III)
2474 2650 2816 2741 explicare
2881 2663 3159 2722 statue-

587 2753 775 2812 runt.
813 2747 1120 2829 Cumque
1166 2763 1268 2822 ea,
1313 2762 1451 2827 qua
1485 2762 1609 2831 par
1656 2752 1821 2821 erat,
1875 2739 2267 2810 humilitate
2297 2754 2365 2811 et
2402 2739 2782 2809 reverentia
2821 2740 3160 2811 Pontifici

587 2852 714 2901 sua
747 2843 898 2900 vota
929 2829 1430 2920 exposuissent,
1477 2829 1666 2899 visus
1718 2842 1821 2897 est
1878 2828 1996 2897 ille
2043 2828 2240 2898 initio
2293 2829 2609 2898 nonnihil
2644 2850 2715 2899 se
2760 2848 3153 2919 opponere.

586 2918 903 2990 Proxima
951 2930 1148 2987 nocte
1192 2916 1375 2987 videt
1415 2917 1599 2987 idem
1650 2917 1900 2986 Christi
1947 2916 2258 2987 vicarius
2298 2917 2367 2985 in
2419 2917 2707 2998 somnis,
2761 2917 3163 2987 Ecclesiam

589 3013 1115 3077 Lateranensem
1186 3027 1460 3096 gravem
1529 3005 1838 3074 minitari
1897 3006 2201 3075 ruinam.
2278 3005 2743 3076 Tremefactus
2805 3006 3021 3094 igitur
3083 3019 3165 3077 et

589 3116 929 3176 moerens,
983 3094 1165 3163 videt
1211 3093 1519 3163 ediverso
1566 3094 1793 3163 virum
1845 3094 1960 3163 Dei
2008 3094 2445 3163 Dominicum
2495 3106 2969 3164 accurrentem
3003 3149 3019 3175 ,
3079 3109 3163 3165 et

590 3184 738 3254 suis
767 3183 1080 3253 humeris
1128 3194 1336 3251 totam
1379 3181 1570 3251 illam
1615 3183 1970 3253 ruinosam
2011 3181 2341 3253 fabricam
2396 3195 2922 3253 sustentantem.
2975 3184 3168 3273 Ejus

586 3272 877 3343 visionis
938 3272 1302 3341 novitatem
1366 3270 1723 3341 admirans
1783 3271 2064 3363 sapiens
2130 3270 2481 3353 Pontifex,
2533 3284 2599 3341 et
2655 3271 2824 3360 quid
2875 3292 2955 3341 ea
3004 3273 3169 3343 sibi

586 3361 810 3442 vellet,
863 3361 1202 3450 sagaciter
1247 3358 1828 3443 animadvertens,
1881 3359 2149 3431 oblatas
2196 3360 2327 3451 ipsi
2378 3382 2617 3451 preces
2663 3360 2980 3430 hilariter
3015 3361 3167 3431 ad-

589 3449 803 3530 misit,
839 3460 906 3519 et
941 3449 1132 3539 pium
1174 3450 1599 3538 propositum
1637 3448 2172 3519 commendavit.
2210 3450 2629 3520 Hortabatur
2659 3471 2818 3519 vero
2857 3449 3166 3519 beatum

588 3537 1050 3617 Dominicum,
1103 3549 1179 3606 ut
1217 3537 1301 3606 ad
1339 3559 1502 3606 suos
1534 3538 1785 3607 rediret
1812 3538 2057 3607 fratres
2089 3560 2103 3604 ε
2155 3540 2806 3626 communicatoque
2836 3559 3000 3608 cum
3035 3540 3164 3609 eis

587 3626 904 3707 consilio,
961 3626 1295 3716 Regulam
1345 3626 1722 3714 quamdam
1772 3628 2224 3718 approbatam
2274 3626 2638 3718 deligeret,
2691 3648 2904 3715 quam
2957 3627 3172 3699 Ordo

587 3714 1027 3786 inchoandus
1073 3727 1481 3785 sectaretur:
1533 3727 1739 3802 atque
1805 3717 1898 3785 ita
1945 3715 2044 3785 'ad
2095 3717 2327 3805 ipsum
2394 3714 2713 3796 rediens,
2765 3715 3174 3786 confirma-

591 3804 844 3875 tionem
898 3804 1178 3875 Ordinis
1226 3825 1349 3895 pro
1396 3815 1548 3874 voto
1597 3816 1997 3894 reportaret.
2049 3804 2373 3876 Absoluto
2432 3804 2736 3895 generali
2787 3804 3102 3874 Concilio
3144 3862 3169 3889 ,

588 3915 904 3964 reversus
944 3892 1029 3962 ad
1089 3914 1253 3963 suos
1299 3893 1405 3962 vir
1452 3893 1590 3975 Dei,
1645 3893 1997 3963 Pontificis
2051 3894 2258 3965 verba
2305 3893 2405 3963 eis
2450 3893 2820 3963 enarravit.
2873 3892 2986 3961 Illi
3034 3893 3177 3963 in—

587 3995 822 4054 vocato
871 3982 1134 4084 Spiritu
1182 3987 1429 4052 Sancto
1459 4035 1476 4063 ,
1530 3982 1864 4072 Regulam
1918 3983 2098 4053 beati
2145 3981 2562 4073 Augustini,
2628 3982 3179 4055 concionatoris

587 4071 871 4174 egregii,
909 4070 1043 4161 ipsi
1075 4092 1352 4159 quoque
1383 4071 1905 4141 concionatores
1951 4071 2095 4141 sive
2143 4070 2645 4161 praedicatores
2674 4069 2920 4151 futuri,
2959 4092 3178 4141 una-

591 4175 870 4230 mmiter
912 4161 1292 4250 elegerunt,
1346 4159 1698 4249 adjunctis
1744 4160 2165 4248 quibusdam
2213 4160 2529 4230 arctioris
2573 4160 2749 4229 vitae
2803 4159 3181 4231 constitu·

587 4247 919 4319 tionibus.
970 4253 1048 4318 Et
1098 4271 1181 4319 ne
1230 4248 1766 4340 praedicationis
1812 4247 2115 4319 officium
2166 4248 2643 4339 impediretur,
2687 4247 3185 4323 decreverunt

588 4348 733 4407 tum
778 4350 1079 4408 terrenas
1130 4338 1598 4427 possessiones
1645 4337 1965 4428 abjicere,
2018 4348 2085 4407 et
2132 4338 2566 4428 temporariis
2605 4336 2995 4407 redditibus
3026 4359 3184 4409 ca·

587 4446 758 4495 rere.
814 4431 961 4495 Mox
1009 4426 1287 4497 Tolosae
1335 4427 1404 4495 in
1439 4426 1732 4497 ecclesia
1780 4431 1846 4497 S.
1903 4427 2220 4508 Romani,
2267 4447 2477 4514 quam
2526 4426 2687 4495 felix
2732 4425 2852 4496 ille
2899 4426 3175 4515 Falco,
