3308 5004
598 326 733 396 486
1177 342 1258 392 ns
1296 342 1370 392 s.‚
1404 341 1738 398 mutuno
1784 342 1929 394 ιιι.
1976 340 2364 398 murm.
2739 324 2928 398 Ano.
2979 325 3071 396 20

605 431 646 530 5
689 432 854 510 ψ,
899 430 1066 500 Erat
1122 427 1332 499 etiam
1393 427 1471 502 in
1529 426 1774 508 eadem
1836 427 2110 504 civitate
2164 425 2452 516 quid-m
2515 426 3065 512 daemoniacus,

521 539 730 606 cujus
762 514 998 608 passio
1036 515 1293 592 multos
1321 515 1414 592 ad
1449 515 1669 590 risum
1726 516 2203 590 commovebat
2231 570 2251 598 ,
2300 537 2463 594 cum
2518 515 2668 600 alii,
2719 515 2843 606 qui
2882 538 3074 589 seve-

515 605 980 690 riorisanimi
1004 614 1226 688 erant,
1265 603 1807 684 clementissimo
1833 605 1896 677 ei
1920 617 2481 697 compaterentur
2507 605 2783 678 affectu.
2817 605 2946 675 Hic
2973 606 3072 680 ita

516 694 835 774 latrabat.
890 705 993 774 ut,
1042 693 1104 766 si
1149 691 1455 778 audires,
1506 715 1636 765 nec
1683 716 2048 786 personam
2086 694 2375 779 videres,
2430 714 2675 765 canem
2723 693 3065 768 crederes.

517 788 722 857 Hunc
747 782 840 854 ad
874 805 945 855 se
973 781 1390 867 adductum,
1427 782 1534 855 vir
1563 781 1678 854 Dei
1705 804 1867 868 cum
1911 783 2274 862 latrantem
2305 781 2639 864 audisset,
2678 782 3065 874 ingemuit:

516 873 638 962 qui
676 895 758 944 eo
803 871 1012 946 modo
1052 871 1371 955 latrabat,
1425 891 1567 961 quo
1604 871 1832 945 solent
1876 871 2189 963 percussi
2235 885 2303 944 et
2336 871 2567 948 obruti
2617 894 2826 943 canes
2858 871 3072 944 irasci

517 974 586 1034 et
631 960 924 1033 fremere
959 959 1033 1032 in
1089 982 1583 1052 percussores:
1635 961 1757 1034 sed
1810 961 1881 1031 in
1932 960 2322 1052 praesentia
2380 961 2510 1032 viri
2557 961 2677 1034 Dei
2728 959 3073 1033 anhelans

513 1062 582 1124 et
611 1050 898 1134 latrans,
949 1051 1185 1122 scrius
1231 1049 1436 1122 solito
1481 1049 1919 1130 turbabatur.
1961 1053 2326 1140 Increpato
2373 1049 2605 1138 itaque
2649 1048 2952 1133 diabolo,
3000 1061 3073 1121 et

517 1139 592 1214 in
626 1137 1171 1212 virtute-Christi
1208 1137 1521 1230 expulso,
1572 1138 1841 1210 homini
1891 1138 2187 1231 imperat
2214 1149 2296 1211 ut
2325 1137 2675 1227 loquatur.
2727 1143 3074 1230 Purgatus

514 1228 728 1301 homo
773 1228 1004 1298 intrat¹
1048 1225 1413 1302 ecclesiam
1447 1281 1466 1312 ,
1518 1228 1802 1300 interest
1867 1228 2322 1300 sacramentis
2349 1280 2367 1310 ,
2435 1227 2673 1300 Crucis
2730 1223 2934 1319 signo
2991 1249 3072 1300 se

509 1316 766 1399 munit,
801 1313 1002 1386 audit
1020 1315 1416 1409 Evangelia,
1449 1315 1816 1388 confitetur
1851 1329 1919 1387 et
1946 1329 2123 1399 orat,
2165 1328 2234 1390 et
2268 1329 2541 1390 caetera
2564 1337 2776 1389 sanae
2814 1317 3070 1388 mentis

508 1405 742 1488 officia
780 1410 913 1476 Deo
963 1404 1210 1487 reddit,
1261 1416 1332 1478 et
1365 1417 1745 1478 consecrat.

604 1497 641 1583 5
694 1498 866 1568 21).
919 1498 1089 1566 Cum
1137 1492 1445 1570 secundo
1477 1515 1599 1586 per
1638 1493 2103 1596 Mediolanum
2151 1492 2392 1566 eodem
2442 1515 2629 1568 anno
2662 1506 2855 1586 pater
2898 1515 3069 1568 san·

508 1594 667 1656 ctus
715 1583 1061 1666 transiret,
1096 1583 1327 1654 oblata
1355 1583 1553 1664 estei
1598 1581 2050 1656 daemoniaca
2081 1582 2358 1662 mulier.
2408 1588 2581 1655 Nam
2626 1604 2709 1654 eo
2756 1595 3069 1674 tempore

508 1672 769 1755 aberat,
812 1693 962 1774 quo.
995 1672 1300 1763 primum
1330 1672 1436 1742 vir
1483 1671 1601 1743 Dei
1654 1671 1999 1746 civitatem
2055 1670 2481 1760 praedictam
2523 1694 2655 1744 sua
2695 1671 3070 1748 illustravit

441 1759 458 1774 Χ
508 1762 924 1853 praesentia.
959 1765 1166 1832 Hanc.
1187 1759 1595 1852 possidebat
1618 1760 2095 1843 daemonium,
2132 1781 2272 1849 quo
2305 1760 2511 1836 modo
2556 1760 2822 1843 Italica,
2858 1759 3068 1834 modo

513 1850 713 1922 lbera
762 1847 1005 1940 lingua
1061 1847 1540 1937 loquebaturzff
1579 1871 1707 1922 nec
1760 1850 1932 1924 satis
1987 1860 2252 1926 certum
2314 1861 2507 1931 erat,
2570 1863 2805 1922 utrum
2878 1871 3070 1924 unus

506 1952 687 2014 esset
732 1937 1098 2039 bilinguis,
1135 1939 1503 2027 utriusque
1532 1939 1876 2012 sermonis
1920 1937 2249 2012 idiomate
2287 1950 2514 2021 utens,
2562 1959 2648 2010 an
2701 1936 2890 2009 duo:
2942 1931 3066 2012 sed

511 2040 651 2098 tam
694 2048 974 2119 proprie
1003 2025 1223 2098 ‚modo
1253 2027 1448 2109 haec,
1495 2027 1712 2112 modo
1757 2026 1878 2104 illa
1924 2026 2241 2107 sonabat,
2292 2039 2371 2097 ut
2414 2026 2724 2098 diceres:
2768 2028 2896 2098 Hic
2941 2026 3069 2116 qui

513 2115 823 2205 loquitur
861 2115 1072 2206 Ligur
1107 2128 1211 2186 est
1241 2170 1259 2198 ,
1311 2116 1427 2187 bic
1480 2115 1857 2208 Hispanus.
1910 2120 2093 2190 Haec
2140 2114 2349 2188 etiam
2386 2137 2698 2217 genuum
2741 2116 3071 2206 passione

507 2217 579 2275 et
626 2202 908 2296 poplitis
941 2217 1236 2282 tremore
1282 2203 1719 2277 turbabatur.
1771 2210 1953 2284 Haec
1998 2225 2162 2276 cum
2210 2203 2299 2274 ad
2347 2227 2573 2280 virum
2612 2204 2728 2275 Dei
2760 2204 3071 2278 adducta

511 2293 779 2381 fuisset,
818 2293 1001 2366 saltu
1047 2293 1319 2372 concito
1364 2315 1761 2376 scamnum,
1816 2294 1887 2366 in
1932 2315 2075 2382 quo
2121 2292 2427 2374 sedebat,
2480 2293 2599 2364 ino
2652 2294 2841 2364 inata
2888 2293 3070 2367 cele-

505 2382 709 2454 ritate
740 2381 1090 2460 transiliit.
1143 2380 1460 2468 Reducta-
1495 2395 1564 2454 et
1602 2382 2046 2474 interrogata,
2080 2379 2250 2470 quid
2301 2382 2438 2455 sibi
2485 2381 2688 2456 velet
2734 2381 2951 2456 saltus
2996 2394 3068 2454 et

507 2470 696 2564 fuga,
747 2484 814 2544 et
859 2469 1049 2561 unde
1087 2493 1167 2544 ae
1220 2471 1470 2545 rotanti
1512 2483 1580 2544 et
1624 2471 1894 2545 vetulae
1950 2483 2136 2543 tanta
2197 2470 2414 2544 virtus
2466 2484 2533 2547 et
2579 2470 2902 2543 velocitas
2946 2493 3068 2545 ve-

510 2560 750 2645 nisset,
785 2560 1143 2652 respondit
1224 2583 1356 2632 anc
1383 2561 1525 2635 sibi
1557 2561 1934 2653 agilitatem
1967 2583 2051 2635 ex
2090 2560 2480 2650 praesentia
2510 2562 2735 2632 inesse
2766 2560 3060 2645 diaboli,

506 2662 584 2721 ut
611 2662 970 2725 currentes
1017 2649 1631 2741 comprehenderet
1660 2672 1900 2753 equos,
1937 2663 2004 2723 et
2047 2671 2285 2720 eorum
2336 2649 2543 2722 dorsa
2578 2651 2728 2720 sine
2756 2648 3074 2723 admini-

505 2738 672 2829 culo
687 2737 1085 2810 transiliret„
1115 2743 1299 2831 Haec
1326 2740 1641 2827 sequenti
1667 2739 1781 2811 dte
1802 2739 1975 2815 dum
2006 2738 2079 2809 in
2107 2738 2399 2809 ecclesia
2429 2737 2711 2819 divinis,
2740 2760 2922 2826 quae
2948 2738 3072 2821 ille

503 2827 943 2915 celebrabat,
999 2826 1251 2898 officiis
1298 2828 1696 2913 interesset,
1739 2825 2224 2914 crudelissime
2271 2839 2338 2896 et
2384 2827 2782 2900 diutissime
2824 2849 3064 2907 coram

506 2918 837 2989 omnibus
867 2930 1101 2988 vexata
1138 2930 1263 2987 est.
1318 2920 1743 3009 compassus
1791 2916 2017 3003 Abbas
2068 2912 2368 3014 mulieri,
2402 2968 2407 2975 .
2406 2915 2561 3007 jam
2600 2938 2811 3007 saepe
2840 2917 2909 2987 in
2959 2928 3063 2993 ta.-

506 3005 698 3077 libus
732 3018 1057 3095 expertus
1095 3004 1210 3075 Dei
1247 3004 1721 3087 clementiam,
1754 3004 1849 3075 im
1944 3016 2051 3075 rat
2095 3002 2398 3088 diabolo,
2455 3015 2534 3077 ut
2578 3003 2884 3079 recedat.
2935 3002 3066 3085 lile

504 3091 592 3165 ad
635 3093 1009 3185 imperium
1048 3094 1224 3167 servi
1279 3093 1397 3165 Dei
1453 3094 1814 3183 tremebun
1871 3116 1980 3175 us,
2030 3092 2360 3167 evanuit:
2412 3092 2669 3179 mulier
2714 3116 2875 3164 vero
2920 3116 3068 3175 non

505 3179 729 3269 solum
778 3203 861 3255 ex
905 3182 1287 3264 vexatione,
1328 3182 1449 3255 sed
1479 3178 1690 3255 etiam
1718 3205 1761 3254 a
1809 3204 2175 3257 nervorum
2226 3183 2699 3269 contractione
2730 3237 2746 3264 ,
2790 3183 2863 3253 in
2917 3205 3073 3257 mo·-

509 3281 743 3358 mento
772 3266 1146 3355 convaluit.
1184 3275 1367 3343 Haec
1412 3285 1484 3343 et
1523 3272 1665 3359 alia
1711 3271 2147 3353 multajintra
2174 3271 2378 3361 Alpes
2424 3271 2869 3359 constitutus,
2905 3293 3075 3363 ope·

503 3371 837 3445 ratusest
869 3360 972 3431 vir
1010 3361 1152 3441 Dei,
1194 3374 1262 3431 et
1293 3359 1751 3443 diversaloce
1795 3360 2251 3451 perlustrans,
2292 3361 2378 3431 be
2429 3359 2910 3445 efaciebathis
2939 3360 3069 3449 qui

504 3440 1089 3533 infirmabantur,
1149 3446 1618 3531 illuminando
1665 3470 1956 3531 caecos,
2011 3449 2343 3540 erigendo
2437 3448 2698 3532 ebiles,
2748 3447 3063 3523 curando

508 3532 998 3625 febricitantes,
1053 3537 1351 3615 maxime
1367 3558 1745 3629 oppressos
1775 3560 1817 3608 a
1848 3535 2139 3617 diabolo.
2172 3537 2599 3629 diligentiori
2633 3530 2864 3610 studio
2895 3558 3065 3629 pur·

505 3647 732 3718 gans:
782 3639 848 3695 et
892 3648 1076 3713 quaa
1103 3625 1455 3717 malignus
1501 3625 1887 3705 foedaverat
1933 3626 2225 3717 spi-ritus
2271 3641 2571 3719 pectora,
2622 3626 2878 3718 templa
2926 3631 3067 3701 Deo

506 3707 966 3804 acceptabilia
993 3712 1465 3805 consecrabat,
2156 3746 2209 3793 ,ν

509 3868 522 3873 -
599 3806 636 3893 ξ
682 3807 824 3881 tn.
875 3798 1088 3904 Multa
1131 3804 1204 3879 in
1257 3802 1448 3877 hunc
1482 3802 2142 3906 virumprobabilia
2178 3802 2736 3905 &laude-digna
2765 3824 3069 3906 concur-

507 3904 713 3965 runt:
766 3905 832 3965 et
877 3892 997 3964 alii
1029 3893 1311 3981 quidem
1353 3892 1768 3979 doctrinam,
1812 3890 1938 3977 alu
1984 3913 2234 3975 mores,
2270 3905 2338 3975 et
2381 3893 2503 3965 alii
2537 3905 2885 3973 mtramur
2932 3914 3070 3967 mi-

505 3980 774 4067 racula.
822 3987 962 4083 Ego
991 3981 1286 4071 ‚quidem
1332 3972 2613 4074 congruum.his·.0mnibushonorem
2647 3976 3069 4069 defertu-sed

517 4092 681 4161 prae
726 4071 1056 4161 omnibus
1085 4125 1120 4161 „
1156 4082 1500 4171 quantum
1539 4068 1616 4151 in
1670 4091 1781 4145 me
1826 4083 1974 4153 est,
2008 4068 2589 4159 ,homsublimius
2640 4071 2868 4153 duco,
2931 4069 3069 4147 hoc

509 4157 926 4260 propensius
973 4152 1295 4251 praedico
1328 4157 1584 4248 ,quod
1631 4179 1797 4239 num
1853 4170 2034 4237 esset
2082 4180 2209 4243 ‘vas
2246 4157 2645 4242 electionis,
2687 4172 3065 4241 et-nomen

509 4246 758 4319 Christi
791 4269 1023 4325 eoram
1054 4247 1382 4341 gentibus
1409 4259 1475 4322 et
1507 4247 1812 4339 Regibus
1838 4245 2495 4349 ferretintrepidus,
2514 4270 2678 4325 cum
2704 4244 3069 4333 obedirent

508 4334 963 4427 eisprincipes
989 4332 1264 4418 mundi,
1297 4349 1363 4408 et
1392 4330 1480 4413 ad
1514 4350 1765 4413 nutum
1798 4335 1955 4426 eius
1983 4337 2284 4411 inomni
2314 4337 2591 4408 natione
2621 4349 2881 4423 starent
2900 4336 3070 4428 ,Epi-

510 4425 726 4515 scopi,
765 4447 928 4496 cum
970 4424 1124 4515 ipsa
1153 4431 1465 4511 Romana
1498 4420 1803 4498 Ecclesia
1829 4424 2176 4519 singulari
2216 4424 3069 4518 privilegiossxeneraretur
