3308 5004
127 338 296 406 AUG.
347 336 425 403 u
1071 350 1150 398 nn
1196 350 1254 399 s.
1306 349 1670 402 amanam
2324 388 2325 391 ,
2423 338 2553 407 325

125 440 624 511 collocarentur.
677 440 769 507 Ex
805 457 886 506 eo
931 434 1145 536 igitur
1209 433 1465 506 factum
1513 448 1641 518 est,
1693 448 1771 508 ut
1815 438 2186 511 Athanasia
2242 460 2383 511 non
2436 453 2645 514 antea

126 529 551 599 monasticam
584 526 794 596 vitam
823 523 1108 615 aggred1
1138 536 1391 615 posset,
1435 546 1646 613 quam
1687 527 1840 621 ejus
1878 540 2194 619 parentes
2222 550 2379 601 eam
2410 530 2502 601 ad
2535 531 2643 601 al·-

125 631 326 689 terum
359 617 582 687 virum
613 613 1008 685 ducendum
1057 611 1488 704 impulerint.
1538 618 1727 698 Quae
1773 638 1883 687 res
1927 617 2247 704 quamvis
2293 617 2475 691 facta
2520 619 2638 701 sit,

126 706 231 777 illa
265 718 511 787 tamen,
547 716 627 775 ut
651 713 1119 783 consueverat,
1153 701 1501 792 propriam
1535 703 1829 776 salutem
1862 706 2172 788 curabat,
2212 706 2644 796 psalmorum

128 795 424 866 cantibus
454 808 522 865 et
552 792 808 863 divinis
856 791 1268 862 lectionibus
1313 790 1683 883 diligenter
1726 815 2021 877 vacanS,
2073 814 2297 882 neque
2332 794 2645 871 ullarum

126 884 441 954 bonarum
482 904 714 953 rerum
763 893 886 951 aut
922 879 1311 951 studiorum
1343 882 1796 952 mutationem
1833 882 2182 973 accipiens
2215 906 2231 952 ε
2285 882 2405 955 sed
2446 907 2648 955 man-

128 972 465 1043 suetudine
496 983 759 1051 ornata,
798 969 1028 1041 cordis
1059 967 1447 1040 humilitate
1485 971 1922 1043 sanctissime
1948 970 2280 1063 fulgebat,
2318 971 2416 1047 ita
2450 986 2529 1043 ut
2556 974 2646 1043 ab

127 1060 529 1142 hominibuS‚
565 1060 689 1149 qui
718 1059 936 1130 bonos
981 1058 1207 1147 ipsius
1242 1079 1466 1129 mores
1497 1058 1964 1142 audivissent,
2017 1059 2496 1131 laudatissima
2525 1061 2650 1133 illa

125 1149 398 1221 foemina
422 1149 675 1221 dilecta
712 1147 909 1218 valde
940 1146 1168 1218 fuerit.
1207 1146 1695 1238 Eleemosynae
1731 1170 1889 1220 vero
1916 1161 2265 1240 tantopere
2303 1149 2642 1234 studebat,

124 1249 188 1308 ut
214 1260 382 1328 quae
429 1238 618 1308 domi
656 1236 975 1317 habebat,
1018 1236 1335 1323 quamvis
1382 1235 1688 1326 plurima
1728 1237 1848 1311 illa
1878 1252 2127 1317 essem,
2165 1236 2253 1307 ad
2288 1238 2645 1329 copiosam

128 1338 328 1398 tamen
390 1349 642 1398 manus
698 1325 923 1417 ipsius
969 1324 1526 1395 distributionem
1586 1326 1874 1397 minime
1919 1326 2336 1397 sufficerent.
2388 1330 2647 1398 Omnes

123 1416 284 1486 enim
316 1416 707 1496 MonachOS,
732 1415 852 1502 qui
880 1413 1193 1501 undique
1222 1416 1505 1504 peregre
1531 1415 1916 1499 veniebant,
1948 1416 2249 1507 benigne
2270 1414 2643 1506 accipiens,

127 1505 353 1605 viduis,
384 1503 673 1595 pupillis
698 1516 764 1574 et
786 1503 1116 1605 omnibus
1148 1502 1620 1595 indigentibus
1641 1503 2442 1596 abundesuppeditabat
2468 1526 2647 1594 quae

123 1606 275 1664 vitae
317 1607 482 1665 sunt
530 1612 940 1664 necessaria.

195 1685 230 1769 ἓ
271 1688 354 1756 ὅ.
409 1687 578 1753 Cum
630 1702 787 1751 vero
841 1680 932 1750 ali
985 1679 1217 1750 nando
1272 1678 1490 1751 fames
1525 1693 1728 1763 esset,
1780 1702 2161 1769 omnesque
2208 1681 2443 1772 inopia
2491 1702 2649 1773 pre-

122 1784 475 1853 merentur,
527 1770 649 1840 illa
696 1791 832 1840 non
882 1701 1104 1839 stilum
1159 1769 1245 1838 iis
1290 1769 1411 1857 qui
1460 1768 1774 1858 ejusdem
1820 1769 1985 1845 fidei
2032 1770 2351 1840 homines
2396 1782 2593 1840 erant
2624 1824 2642 1852 ,

123 1860 524 1930 nutrimenta
584 1880 665 1929 co
719 1858 860 1928 iose
916 1857 1380 1948 largiebatur:
1445 1857 1562 1928 sed
1620 1858 1868 1931 alienis
1924 1858 2154 1939 etiam,
2209 1858 2333 1947 qui
2384 1859 2649 1930 Atthin-

123 1949 268 2035 gani
309 1948 343 1984 ⁴⁸
386 1947 666 2049 appella
717 1959 943 2027 antur,
999 1945 1179 2015 fame
1225 1958 1391 2016 tunc
1449 1948 1823 2038 oppressis,
1874 1958 1941 2017 et
1985 1947 2070 2017 ad
2111 1968 2266 2017 eam
2317 1947 2651 2019 acceden-

124 2035 308 2119 tibus,
360 2036 836 2106 misericordia
867 2047 1231 2117 commota,
1272 2035 1526 2105 victum
1576 2036 2027 2126 impertiebat.
2080 2035 2260 2107 Illud
2299 2037 2486 2106 enim
2518 2041 2651 2107 Do-

121 2123 273 2193 mini
306 2137 747 2216 praeceptum
791 2123 1238 2195 observabat:
1291 2128 1512 2193 Estote
1555 2126 2037 2207 ηιιζςενίοονάεε,
2088 2136 2168 2195 ιιι
2198 2131 2396 2196 Pater
2433 2137 2654 2196 vester

121 2216 396 2283 coelestis
422 2240 448 2285 .-
490 2216 615 2306 qui
639 2217 845 2284 solem
880 2235 1079 2284 suum
1111 2214 1283 2283 oriri
1306 2214 1475 2301 facit
1505 2234 1709 2305 super
1742 2216 1960 2283 malos
1996 2224 2060 2285 et
2104 2216 2325 2295 bonos,
2371 2224 2435 2284 et
2458 2216 2645 2307 pluit

119 2322 300 2392 super
343 2306 569 2394 justos
604 2313 667 2372 et
705 2305 987 2393 injustos
1022 2301 1162 2390 (Εω
1210 2306 1426 2372 Lucae
1471 2323 1537 2369 vi
1591 2312 1658 2372 et
1703 2303 1941 2375 lauh.
1993 2307 2085 2389 v).
2141 2307 2372 2390 Neque
2418 2302 2645 2374 solum

121 2391 519 2461 nutrimenta
566 2391 707 2461 illis
740 2390 1107 2467 tribuebat,
1163 2410 1396 2459 verum
1438 2389 1643 2460 etiam
1695 2390 2000 2463 vestibus
2046 2410 2162 2462 eos
2208 2390 2529 2472 fovebat,
2577 2403 2649 2460 et

120 2476 260 2549 aliis
302 2480 506 2552 donis
552 2479 1060 2551 consolabatur.
1116 2477 1489 2549 Dominicis
1537 2500 1693 2549 vero
1740 2492 1806 2551 et
1850 2479 2041 2550 festis
2087 2478 2339 2551 diebus
2384 2479 2650 2550 vicinas

121 2587 339 2640 omnes
391 2583 707 2640 amanter
751 2569 837 2638 ad
899 2590 971 2639 se
1025 2589 1500 2658 congregem,
1552 2568 1789 2639 divina
1844 2570 2102 2661 scripta
2146 2568 2290 2639 illis
2337 2567 2645 2726 leigehat,

120 2675 334 2727 eorum
388 2670 689 2728 mentem
738 2657 1057 2747 aperiens
1086 2711 1102 2738 ,
1151 2669 1220 2726 et
1265 2656 1352 2726 ad
1406 2657 1677 2728 Domini
1727 2658 2042 2728 timorem
2081 2679 2163 2726 ac
2222 2656 2369 2728 desi
2422 2658 2647 2727 crium

123 2741 331 2815 divino
360 2746 662 2834 quodam
716 2745 920 2815 modo
950 2744 1107 2814 illas
1138 2745 1436 2836 erigens

195 2834 229 2918 ξ
272 2840 365 2906 θ.
419 2841 588 2905 Cum
641 2834 853 2926 igitur
901 2834 967 2903 in
1019 2834 1152 2916 his,
1204 2854 1381 2920 quae
1422 2832 1536 2904 Dei
1586 2845 1773 2916 sunt,
1827 2834 1922 2904 ita
2018 2832 2350 2915 roficeret,
2403 2844 2470 2903 et
2514 2834 2648 2903 vir-

128 2922 368 2993 tutibus
417 2924 613 3015 ipsis,
665 2936 744 2992 ut
787 2943 1080 3013 campus
1113 2922 1351 2992 multis
1385 2922 1699 3004 floribuS,
1752 2923 1937 2994 abun
1991 2934 2159 3005 aret,
2211 2921 2493 3012 conjugi
2521 2943 2651 2993 suo

124 3012 441 3094 persuasit
472 3021 622 3102 post
644 3011 906 3097 aliquot
937 3032 1157 3080 annos
1189 3011 1545 3082 convictus
1567 3033 1778 3100 quem
1819 3033 1980 3082 cum
2020 3010 2141 3081 illo
2172 3011 2532 3092 habuerat,
2570 3022 2651 3081 ut

124 3095 695 3171 admonitionibus
740 3101 889 3171 suis
929 3099 1205 3181 cedens,
1259 3100 1540 3180 mundo,
1598 3099 1805 3171 ethis
1851 3099 2178 3170 omnibus
2226 3121 2406 3187 quae
2452 3100 2525 3169 in
2572 3121 2654 3170 eo

126 3200 286 3269 sunt,
315 3189 776 3271 renunciaret,
814 3203 879 3259 et
904 3189 990 3258 ad
1026 3210 1290 3260 sacram
1323 3187 1823 3259 monachorum
1856 3189 2360 3259 institutionem
2393 3210 2467 3258 se
2489 3209 2654 3258 con-

125 3269 323 3347 ferret.
375 3282 454 3348 In
506 3299 644 3364 qua
690 3299 850 3347 cum
900 3289 1132 3347 sancte
1182 3289 1488 3348 versatus
1539 3290 1764 3360 esset,
1817 3289 1883 3348 et
1919 3277 1990 3346 in
2038 3299 2119 3348 ea
2162 3276 2646 3360 excelluisset,

129 3376 331 3443 postea
379 3366 706 3437 dormivit
752 3367 821 3435 in
878 3366 1188 3435 Domino.
1242 3371 1443 3436 Beata
1487 3365 1704 3458 igitur
1751 3366 1872 3436 illa
1921 3365 2262 3448 foemina,
2315 3365 2653 3438 libertatis

132 3460 379 3542 tempus
424 3468 672 3535 nacta,
728 3477 801 3524 se
863 3468 1072 3524 totam
1132 3476 1252 3544 per
1297 3476 1500 3525 omne
1561 3466 1839 3546 tempus
1885 3459 2020 3525 Deo
2080 3454 2216 3557 ipsi
2275 3454 2646 3527 dedicavit.

129 3538 268 3632 llam
314 3564 475 3613 cum
526 3556 591 3612 et
635 3542 810 3613 alias
860 3543 1186 3613 mulieres
1236 3543 1430 3613 valde
1478 3543 1838 3635 religiosas
1901 3545 2313 3625 invenisset,
2358 3565 2538 3631 quae
2583 3557 2651 3614 et

131 3623 284 3697 ldem
332 3632 762 3723 propositum
814 3631 1183 3714 habebant,
1248 3644 1315 3702 et
1361 3632 1610 3723 spiritu
1660 3634 1811 3723 ipso
1858 3633 2177 3705 ardentes
2221 3645 2458 3714 erant,
2510 3632 2653 3702 illis

131 3720 421 3790 concordi
470 3720 707 3790 animo
752 3719 1160 3799 adhaerens,
1213 3722 1739 3811 quamprimum
1788 3744 1869 3792 ex
1918 3722 2129 3812 hujus
2185 3720 2434 3791 mundi
2490 3742 2654 3790 con-

133 3798 369 3906 fusione
418 3831 493 3880 se
529 3809 834 3879 removit.
888 3813 1195 3896 Cumque
1228 3811 1485 3891 omnia,
1537 3831 1716 3897 quae
1765 3809 2179 3901 possidebat,
2226 3809 2651 3901 pauperibus

132 3886 590 3990 dlstribuisset,
627 3900 770 3967 una
809 3920 968 3967 cum
1016 3898 1326 3970 moribus
1365 3911 1433 3969 et
1481 3898 1728 3968 mundi
1776 3899 2091 3968 habitum
2149 3898 2440 3968 mutavit
2484 3919 2648 3967 cum

133 3975 249 4050 illis
292 3985 461 4075 ipsis
510 3985 816 4058 honestis
866 3985 1278 4057 mulieribus
1324 4008 1498 4074 quas
1546 4009 1762 4077 supra
1810 3987 2141 4056 diximus.
2207 3990 2307 4056 Ita
2358 4007 2443 4055 ue
2488 4007 2651 4055 cum

127 4070 397 4150 quodam
453 4075 524 4144 in
574 4074 722 4145 loco
767 4075 1071 4162 quietam
1121 4075 1328 4144 vitam
1378 4074 1633 4146 ducere
1666 4075 2073 4166 coepissent,
2111 4074 2320 4162 cujus
2372 4096 2483 4143 am
2518 4073 2651 4142 viri

128 4161 324 4229 sancti
367 4177 434 4233 et
482 4163 729 4234 virtute
776 4163 1069 4254 praediti
1117 4163 1615 4246 adhortatione,
1663 4164 1788 4252 qui
1833 4177 1900 4234 et
1943 4185 2061 4233 eas
2109 4162 2445 4244 totondit,
2500 4173 2652 4252 post

129 4254 248 4338 tres
291 4264 404 4321 aut
450 4265 745 4340 quatuor
792 4274 1012 4323 annos
1058 4252 1430 4322 Athanasia
1475 4274 1715 4324 earum
1768 4251 2143 4326 mulierum
2176 4307 2191 4335 ‚
2260 4273 2439 4339 quae
2485 4273 2647 4321 cum

131 4328 237 4401 ulla
275 4355 486 4420 erant,
540 4342 1007 4432 principatum
1057 4341 1260 4411 etiam
1312 4340 1528 4411 invita
1573 4341 1905 4433 suscepit,
1957 4342 2182 4433 prima
2228 4341 2512 4430 quidem
2562 4340 2651 4411 ab

181 4456 204 4480 ⁸
231 4457 358 4504 8001·
372 4465 656 4509 Manichacus
676 4467 828 4510 omnic
849 4470 898 4511 tn
922 4468 1124 4519 Phrygi·
1139 4467 1458 4538 praecipuast
1479 4467 1733 4516 Lycaonia.
