3308 5004
210 355 394 424 AUG.
462 355 523 418 ll
1099 372 1177 419 mi
1225 372 1284 421 s.
1326 372 1584 429 sonmo
1630 367 1873 420 Annus
2541 358 2670 423 259

262 471 484 529 ortare
535 476 755 546 posse.
810 455 940 538 Qui
971 466 1271 527 tremens
1319 455 1404 526 ad
1438 457 1553 526 Dei
1586 456 1938 527 hominem
1977 459 2304 547 pervenit,
2335 471 2538 547 atque
2568 459 2760 531 ulnis

207 482 570 618 Kumiliter
617 544 987 616 submissis
1016 599 1031 626 ,
1096 545 1247 635 ejus
1295 566 1523 635 genua
1569 544 1980 616 deosculans
2027 547 2344 630 strinxit,
2408 571 2617 619 suum
2669 571 2758 620 ue

206 635 574 706 dominum
631 633 693 704 ei
767 633 1149 710 occurrisse
1206 633 1583 705 nunciavit.
1638 634 1760 704 Cui
1829 634 2200 706 resalutato
2266 637 2383 707 Dei
2450 636 2642 707 famu
2673 661 2759 710 us

201 723 581 882 praecepit.
626 721 910 792 dicens:
948 727 1119 794 Leva
1167 721 1443 796 foenum
1493 722 1735 805 viride,
1789 736 1985 814 porta
2020 723 2354 815 pabulum
2383 724 2748 814 jumentis,

205 836 279 884 m
330 814 451 902 qui
502 835 589 882 us
636 811 953 883 venistis:
986 833 1149 882 ecce
1197 833 1322 903 ego
1343 812 1541 903 (quia
1590 834 1837 903 parum
1875 819 2214 904 superest)
2240 836 2445 906 opere
2491 815 2758 905 expleto

207 915 267 972 te
306 903 717 988 subsequor.

290 993 330 1148 i}
375 996 471 1064 θ.
524 994 593 1061 Is
642 999 896 1069 autem,
927 989 1048 1076 qui
1099 989 1357 1059 missus
1382 988 1627 1072 fuerat,
1669 989 1990 1060 Julianus
2021 989 2340 1061 defensor
2372 991 2759 1063 mirabatur

203 1102 284 1149 va
317 1079 424 1161 de,
460 1078 797 1167 quidnam
848 1091 1049 1161 esset,
1102 1077 1284 1166 quod
1323 1078 1548 1149 redire
1594 1091 1981 1149 moraretur
2039 1101 2232 1170 puer.
2286 1085 2590 1168 Cumque
2647 1103 2757 1150 re-

203 1181 576 1239 vertentem
619 1189 912 1258 puerum
964 1167 1323 1257 conspicit,
1377 1179 1579 1255 atque
1628 1168 1697 1236 in
1748 1167 1925 1238 collo
1972 1167 2251 1239 foenum
2282 1191 2362 1239 ex
2409 1181 2606 1260 prato
2642 1169 2760 1240 de-

201 1257 556 1338 ferentem,
620 1256 1055 1327 vehementer
1101 1256 1344 1337 iratuS,
1411 1255 1635 1346 coepit
1682 1256 2024 1338 clamare,
2078 1256 2356 1329 dicens:
2428 1258 2608 1340 Quid
2657 1270 2760 1329 est

200 1347 384 1417 hoc?
430 1351 567 1436 Ego
607 1358 668 1415 te
714 1345 873 1415 misi
922 1345 1271 1415 hominem
1324 1345 1688 1428 deducere,
1752 1367 1887 1415 non
1938 1344 2216 1416 foenum
2281 1359 2575 1436 portare.
2630 1348 2754 1417 Cui

202 1457 378 1526 puer
427 1433 824 1524 respondit:
869 1437 1082 1516 Quem
1133 1434 1434 1522 quaeris,
1486 1455 1641 1504 ecce
1689 1434 2161 1521 subsequitur.
2197 1440 2275 1504 Et
2314 1457 2470 1504 eece
2509 1436 2614 1526 vir
2639 1436 2759 1506 Dei

202 1524 490 1594 clavatis
536 1522 879 1593 calceatus
913 1522 1045 1592 cali
1100 1523 1181 1603 is,
1222 1522 1466 1592 falcem
1514 1522 1892 1592 foenariam
1944 1523 2015 1593 in
2064 1523 2240 1593 collo
2280 1523 2596 1595 deferens
2643 1546 2760 1594 ve-

203 1614 464 1684 niebat.
519 1617 735 1696 Quem
785 1611 1014 1681 adhuc
1072 1634 1249 1702 onge
1299 1612 1600 1702 positum
1639 1635 1813 1702 puer
1867 1634 1993 1682 suo
2023 1611 2330 1695 domino,
2397 1614 2564 1701 quia
2611 1614 2761 1704 ipse

198 1715 400 1785 esset,
453 1722 655 1788 quem
709 1713 1089 1788 quaereret,
1144 1700 1496 1771 indicavit.
1551 1701 1742 1770 Idem
1791 1722 1950 1771 vero
1994 1700 2318 1772 Julianus
2367 1724 2438 1772 re
2492 1714 2647 1772 ente
2678 1715 2757 1772 ut

201 1790 374 1860 vidit
424 1791 538 1860 Dei
579 1788 946 1871 famulum,
986 1812 1062 1858 ex
1112 1790 1261 1881 ipso
1312 1790 1554 1860 habitu
1600 1789 1932 1880 despexit,
1978 1812 2277 1878 eumque
2308 1725 2605 1878 ᾳηειῗίῑεῐ·
2638 1790 2756 1861 de-

201 1880 393 1949 beret
440 1879 726 1966 alloqui,
781 1891 1095 1963 proterva
1156 1892 1383 1950 mente
1489 1879 1915 1980 raeparabat.
1974 1885 2122 1948 Mox
2187 1901 2345 1950 vero
2397 1892 2473 1950 ut
2521 1901 2761 1951 servus

202 1971 321 2038 Dei
353 1968 676 2040 cominus
721 1967 940 2048 affuit,
995 1966 1307 2055 ejusdem
1357 1968 1444 2036 Ju
1478 1969 1618 2037 iani
1668 1969 1980 2037 animum
2038 1967 2490 2038 intolerabilis
2549 1991 2761 2060 pavor

202 2057 479 2139 invasit,
533 2058 627 2125 ita
674 2069 753 2126 ut
798 2069 1137 2138 tremeret,
1191 2069 1394 2213 atque
1450 2056 1533 2126 ad
1586 2057 2088 2128 insinuandum
2133 2057 2260 2127 hoc
2322 2058 2578 2159 ipsum,
2636 2079 2759 2149 pro

201 2167 342 2234 quo
390 2155 691 2225 venerat,
755 2145 864 2214 vix
913 2144 1227 2215 sufficere
1312 2146 1526 2236 ingua
1566 2147 1921 2235 potuisset.
1977 2145 2108 2228 Qui
2171 2146 2535 2216 humiliato
2600 2169 2759 2216 mox

206 2235 483 2326 spiritu,
519 2233 603 2303 ad
654 2233 807 2335 ejus
855 2255 1081 2325 genua
1111 2235 1442 2316 cucurrit,
1481 2235 1859 2318 orationem
1913 2257 2036 2324 pro
2084 2256 2156 2304 se
2203 2235 2353 2304 fieri
2415 2236 2642 2325 petiit:
2695 2247 2761 2306 et

201 2325 368 2411 quia
419 2337 609 2413 pater
654 2344 828 2412 eJuS,
860 2323 1286 2413 Apostolieus
1320 2323 1647 2405 Pontifex,
1683 2345 1843 2394 eum
1878 2323 2105 2393 videre
2139 2323 2359 2405 vellet,
2397 2324 2751 2393 indicavit.

202 2414 319 2481 Vir
366 2425 594 2482 autem
654 2411 1089 2482 venerandus
1138 2411 1452 2499 Equitius
1521 2413 1746 2502 coepit
1806 2412 2185 2482 immensas
2224 2412 2481 2502 gratias
2533 2412 2758 2482 omni-

206 2502 466 2593 potenti
509 2506 641 2571 Deo
680 2523 921 2591 agere,
984 2523 1319 2579 asserens,
1372 2501 1557 2589 quod
1616 2525 1687 2573 se
1759 2524 1878 2592 per
1940 2524 2297 2571 summum
2359 2500 2757 2591 pontificem

201 2591 423 2682 gratia
502 2612 807 2680 superna
876 2590 1237 2661 visitasset.
1294 2590 1459 2660 Ilico
1508 2591 1768 2661 vocavit
1829 2589 2106 2672 fratreS,
2162 2591 2510 2680 praecepit
2581 2590 2759 2658 hora

204 2680 443 2751 eadem
469 2680 790 2771 jumenta
823 2679 1241 2770 praeparari,
1286 2691 1489 2766 atque
1538 2690 1967 2750 executorem
2023 2701 2231 2748 suum
2281 2680 2505 2769 coepit
2559 2679 2756 2748 vehe-

201 2782 469 2839 menter
515 2789 784 2858 urgere,
830 2781 907 2839 ut
938 2768 1070 2838 cito
1128 2768 1317 2839 abire
1363 2767 1789 2838 debuissent.
1855 2768 1976 2838 Cui
2043 2767 2378 2839 Julianus
2415 2768 2555 2838 ait:
2612 2772 2755 2837 Hoc

199 2858 356 2928 fieri
403 2857 803 2927 nullatenus
837 2869 1076 2947 potest,
1130 2857 1293 2945 quia
1326 2856 1622 2927 lassatus
1669 2878 1749 2926 ex
1799 2856 2065 2939 itinere,
2120 2856 2324 2926 hodie
2377 2878 2516 2925 non
2563 2855 2758 2925 valeo

199 2947 413 3017 abire.
459 2952 648 3015 Tunc
689 2944 805 3015 ille
847 2945 1243 3036 respondit:
1311 2946 1682 3017 contristas
1741 2966 1847 3014 me
1895 2944 2038 3015 fili:
2091 2946 2257 3032 quia
2305 2945 2364 3016 si
2422 2944 2759 3016 hodierna

200 3035 312 3105 die
346 3055 484 3106 non
532 3033 952 3125 egredimur,
979 3035 1125 3125 jam
1159 3035 1459 3104 crastina
1492 3057 1628 3104 non
1664 3034 1994 3103 exiemus.
2037 3034 2152 3103 Dei
2186 3035 2417 3120 itaque
2449 3033 2784 3104 famulus.

197 3123 581 3195 executoris
611 3123 721 3193 sui
772 3122 1179 3195 lassitudine
1209 3136 1511 3206 coactus,
1544 3124 1615 3191 in
1653 3122 2069 3193 monasterio
2106 3145 2230 3193 suo
2278 3122 2516 3193 eadem
2562 3135 2759 3192 nocte

203 3212 605 3284 demoratus
652 3224 778 3282 est.

285 3304 322 3389 ξ
370 3305 447 3371 2.
504 3300 823 3389 Sequenti
863 3321 1020 3370 vero
1067 3300 1177 3369 die
1226 3300 1359 3370 sub
1396 3301 1549 3389 ipso
1599 3299 1778 3370 lucis
1826 3299 2262 3390 crepuscuIO,
2314 3299 2762 3370 vehementer

199 3409 377 3477 equo
410 3389 480 3458 in
531 3410 744 3460 cursu
779 3388 1082 3480 fatigate,
1123 3387 1206 3458 ad
1256 3388 1617 3459 Julianum
1669 3409 1840 3479 puer
1877 3410 2035 3458 eum
2087 3388 2374 3477 epistola
2458 3389 2754 3459 ervenit:

203 3477 274 3547 in
322 3500 465 3567 qua
507 3490 946 3569 praeceptum
988 3489 1090 3550 est
1118 3478 1205 3559 ei,
1262 3499 1348 3547 ne
1398 3499 1674 3547 servum
1722 3478 1837 3546 Dei
1896 3478 2296 3567 contingere
2343 3499 2420 3546 ve
2491 3499 2762 3548 movere

203 3566 287 3635 de
336 3566 753 3638 monasterio
790 3565 1094 3636 auderet.
1133 3570 1348 3649 Quem
1397 3588 1558 3637 cum
1615 3565 1731 3635 ille
1789 3566 2188 3653 requireret,
2233 3588 2361 3636 cur
2421 3566 2762 3637 sententia

201 3667 378 3725 esset
415 3667 720 3725 mutata:
771 3655 1113 3745 cognovit,
1149 3654 1316 3742 quia
1363 3666 1558 3725 nocte
1608 3655 1876 3737 eadem,
1932 3656 2003 3724 in
2043 3676 2183 3742 qua
2230 3654 2380 3744 ipse
2441 3667 2759 3725 executor

202 3743 370 3814 illuc
418 3745 676 3815 missus
708 3755 831 3828 est,
872 3765 992 3833 per
1026 3743 1251 3813 visum
1300 3743 1605 3814 Pontifex
1638 3743 1862 3815 fuerat
1902 3744 2338 3814 vehementer
2362 3744 2751 3821 exterritus,

208 3854 333 3901 cur
384 3833 469 3903 ad
521 3831 983 3903 exhibendum
1054 3834 1169 3901 Dei
1219 3832 1569 3902 hominem
1634 3833 1901 3902 mittere
1959 3832 2561 3923 praesumpsisset.
2629 3830 2760 3913 Qui

207 3921 521 4011 protinus
553 3922 869 4003 surrexit,
923 3943 1131 4009 seque
1163 3921 1538 3991 venerandi
1579 3921 1710 3992 viri
1759 3920 2256 3991 commendans
2296 3919 2752 3998 orationibus,

205 4008 341 4078 ait:
391 4016 608 4102 Rogat
669 4023 863 4101 pater
908 4022 1161 4093 noster,
1216 4031 1302 4079 ne
1348 4009 1623 4100 fatigari
1693 4010 2023 4080 debeatis.
2069 4013 2237 4079 Cum
2289 4030 2375 4079 ue
2444 4008 2573 4077 hoc
2637 4006 2756 4076 Dei

205 4097 506 4169 famulus
539 4099 831 4180 audiret,
876 4100 1318 4171 contristatus
1351 4099 1447 4168 ait
1477 4122 1490 4167 :
1544 4098 1896 4189 Numquid
1930 4119 2063 4168 non
2102 4097 2214 4166 die
2313 4107 2580 4166 esterno
2609 4094 2756 4164 dixi

207 4186 359 4268 tibi,
395 4189 559 4276 quia
596 4189 655 4258 si
704 4189 929 4260 statim
965 4211 1102 4259 non
1157 4209 1622 4347 pergeremus,
1644 4188 1793 4275 jam
1892 4208 2127 4278 ergere
2155 4186 2448 4255 minime
2497 4185 2769 4255 liceret?

201 4281 391 4345 Tunc
441 4299 566 4367 pro
604 4276 957 4347 charitatis
1003 4277 1158 4347 exhi
1215 4278 1421 4347 itione
1479 4276 1842 4363 aliquantu
1876 4298 1992 4344 um
2049 4286 2472 4346 executorem
2542 4296 2751 4345 suum

198 4366 273 4434 in
308 4365 491 4435 Cella
517 4365 837 4447 detinuit,
877 4366 1076 4453 eique
1101 4366 1358 4438 laboris
1397 4365 1506 4435 sui
1546 4364 1988 4434 commodum
2019 4375 2253 4434 coacto
2296 4363 2764 4449 renitentique

201 4454 416 4524 dedit.
449 4459 795 4546 Cognosce
827 4455 1060 4546 igitur,
1105 4461 1295 4525 Petre
1318 4458 1545 4545 (Grcq.
1586 4454 1785 4545 imp),
1819 4454 1886 4523 in
1924 4465 2183 4541 quanta
2221 4453 2536 4524 custodia
2562 4464 2751 4530 sunt,
