3308 5004
164 331 329 397 ΑΗΘ.
385 331 463 395 ’15
800 347 878 393 ηε
926 347 979 394 s.
1033 343 1370 395 ARNULPRO
1419 346 1747 395 sunsslort.
1800 344 2001 396 muse.
2463 331 2581 396 37t

162 431 333 523 apud
368 444 429 501 te
477 429 750 502 tacitam
800 429 1112 512 habebis,
1167 451 1293 499 nec
1338 429 1469 500 ulli
1515 429 1801 522 pandeS,
1839 431 1973 502 nisi
2002 431 2117 501 cui
2162 453 2314 502 eam
2364 431 2686 504 volumus

160 520 537 590 indicatam.
590 524 637 589 Α
686 519 886 590 nobis
932 540 1095 620 crgo
1160 518 1507 600 recedenS,
1560 519 1858 590 Parisios
1909 519 2176 602 venies,
2228 532 2294 590 et
2341 521 2681 612 Reginam

158 608 532 679 Bertradam
582 620 813 678 nostro
863 629 1140 678 nomine
1209 608 1589 690 salutabis,
1642 606 2038 695 laetumque
2082 609 2147 678 ei
2196 611 2533 680 nuncium
2583 610 2686 680 af-

159 698 340 779 fereS,
389 696 571 785 quod
624 698 692 767 in
730 709 921 768 utero
969 696 1215 767 habeat
1247 695 1498 778 filium,
1527 718 1736 785 quem
1786 697 1858 766 in
1899 718 2095 767 sacro
2142 696 2327 768 sonte
2360 711 2688 769 vocatura

159 788 237 857 sit
280 786 719 866 Ludovicum,
777 799 926 876 post
976 787 1187 876 patris
1232 786 1500 855 obitum
1548 786 1747 876 regni
1796 790 2218 856 Francorum
2268 791 2519 877 Regem
2574 787 2687 858 fu-

157 888 398 947 turum.
453 874 581 945 Illa
635 895 792 944 vero
844 875 951 944 vix
1003 874 1123 945 tibi
1170 873 1422 957 credet,
1474 873 2041 962 quandoquidem
2093 872 2326 944 infans
2386 874 2686 947 necdum

156 964 411 1037 vitalem
452 962 657 1033 habet
705 976 1015 1033 motum:
1069 961 1189 1032 sed
1238 973 1311 1032 tu
1369 962 1472 1031 illi
1519 962 1737 1044 dicaS,
1776 975 1850 1032 ut
1897 962 2191 1033 fidenter
2219 963 2478 1046 credat,
2534 975 2689 1054 post

157 1053 340 1123 breve
388 1066 660 1141 tempus
707 1062 888 1121 certo
919 1052 1387 1141 experimento
1438 1051 1536 1121 rei
1568 1051 1919 1122 veritatem
1950 1064 2462 1141 compertura.»

234 1144 268 1229 ξ
311 1146 458 1215 81.
512 1141 636 1210 His
684 1138 889 1210 frater
935 1139 1052 1210 ille
1106 1139 1303 1209 valde
1352 1139 1795 1221 exhilaratus,
1848 1140 2146 1211 Parisios
2195 1140 2682 1231 proficiscitur,

156 1230 577 1320 Reginaeque
614 1228 1015 1319 jucundum
1064 1228 1261 1298 affert
1308 1229 1670 1299 nuncium.
1727 1228 1853 1297 llla
1913 1250 2074 1319 prae
2127 1242 2407 1320 stupore
2468 1229 2687 1321 palle-

156 1319 289 1400 scit,
341 1324 735 1409 Regemque
782 1317 1183 1408 Philippum
1234 1318 1578 1388 venationi
1620 1318 1983 1399 intentum,
2039 1339 2161 1406 per
2206 1318 2459 1388 celeres
2510 1339 2689 1388 nun-

156 1406 281 1477 cios
313 1409 569 1478 evocat.
625 1406 818 1476 Venit
848 1411 1009 1486 Rex,
1061 1405 1433 1494 auditaque
1459 1418 1597 1477 tam
1630 1405 1851 1477 fausta
1901 1405 2253 1488 relatione,
2290 1406 2473 1495 quod
2509 1419 2688 1476 tam-

154 1495 262 1566 diu
291 1508 522 1585 optata
570 1494 761 1585 prole
798 1508 975 1565 esset
1071 1495 1406 1573 otiturus,
1458 1506 1524 1565 et
1576 1493 1835 1584 gaudio
1881 1506 1947 1564 et
1994 1517 2302 1565 moerore
2359 1494 2682 1577 afficitur,

95 1671 99 1675 ⁴
156 1595 345 1671 atque
373 1586 554 1655 inter
601 1595 977 1671 utrumque
1064 1596 1320 1654 uctuat.
1363 1582 1628 1654 Gaudet
1672 1583 1981 1671 quidem,
2038 1584 2097 1655 si
2144 1583 2238 1653 ita
2288 1606 2360 1654 se
2405 1606 2516 1656 res
2562 1584 2689 1654 ha-

151 1670 322 1743 beat:
393 1672 638 1742 metuit
706 1694 904 1754 ver0,
959 1694 1045 1742 ne
1112 1672 1199 1743 sit
1247 1671 1477 1743 inanis
1549 1671 1943 1762 promissio.
1997 1672 2298 1742 Tandem
2360 1672 2429 1742 in
2496 1674 2687 1763 regio

155 1774 407 1850 pectore
462 1761 675 1831 vincit
720 1760 1001 1844 fiducia,
1055 1759 1562 1851 prudenterque
1610 1759 1797 1851 apud
1846 1782 1919 1830 se
1978 1760 2238 1843 statuit,
2301 1783 2434 1830 non
2490 1783 2690 1851 posse

152 1871 286 1920 esse
330 1871 965 1941 supervacaneum,
1023 1849 1208 1937 quod
1246 1861 1477 1921 tantus
1538 1849 1638 1918 vir
1686 1848 1802 1919 Dei
1852 1851 2347 1941 prophetasset.
2403 1855 2692 1921 Noverat

150 1940 321 2008 enim
354 1937 765 2010 multimoda
811 1939 1250 2028 experientia,
1311 1937 1519 2026 cujus
1565 1937 1951 2009 sanctitatis
1997 1951 2062 2008 et
2123 1938 2426 2009 veritatis
2479 1950 2683 2021 esset,

154 2028 259 2113 qui
310 2029 539 2099 isthuc
586 2027 729 2098 fore
777 2026 1227 2118 praedixerat.
1300 2026 1545 2097 Paucis
1592 2026 1756 2096 inde
1828 2027 2121 2098 evolutis
2185 2027 2435 2097 diebus
2481 2027 2691 2097 sentit

157 2129 356 2187 mater
390 2117 843 2210 palpitantem
889 2114 1171 2197 foetum,
1210 2127 1275 2186 et
1327 2137 1489 2185 cum
1540 2115 1796 2206 gaudio
1846 2114 2034 2185 illius
2080 2130 2450 2206 expectans
2507 2116 2690 2186 nati-

159 2205 439 2288 vitatem,
505 2228 668 2295 prae
706 2227 939 2274 amore
996 2203 1208 2294 prolis
1260 2204 1675 2305 contempsit
1736 2214 1972 2294 partus
2035 2203 2330 2275 doloreS.
2385 2205 2689 2275 Tandem

157 2292 395 2365 editum
430 2293 729 2364 filiolum
780 2294 849 2362 in
889 2294 1185 2363 Paschae
1231 2291 1592 2382 pervigilio
1643 2293 2141 2384 Episcoporum
2201 2293 2527 2363 manibus
2566 2293 2692 2363 ob·

159 2381 298 2452 tulit
331 2384 415 2454 ad
447 2382 874 2483 baptismum
908 2394 974 2451 et
992 2382 1192 2472 juxta
1236 2380 1418 2451 beati
1449 2381 1577 2450 viri
1611 2380 2043 2462 vaticinium,
2080 2381 2406 2451 Ludovici
2438 2402 2690 2451 nomen

156 2468 212 2539 ei
240 2472 498 2543 curavit
532 2471 823 2562 imponi.
860 2474 1073 2558 Atque
1113 2470 1171 2540 is
1218 2481 1320 2542 est
1374 2469 1784 2553 Ludovicus,
1835 2470 1957 2558 qui
1990 2469 2197 2540 modo
2244 2470 2438 2562 regni
2480 2474 2692 2540 Fran·
2792 2525 2797 2530 .

153 2580 369 2630 corum
405 2557 716 2632 habenas
766 2559 1184 2641 moderatur,
1225 2558 1406 2629 bella
1455 2559 1780 2630 intestina
1813 2582 1937 2651 pro
1976 2559 2241 2629 viribus
2283 2560 2684 2650 compescit,

153 2645 407 2720 hostilia
457 2649 721 2720 fortiter
757 2650 1092 2740 exagitat:
1145 2659 1483 2737 quantum
1522 2647 1807 2736 quidem
1855 2649 1927 2716 in
1977 2648 2129 2739 ipso
2176 2661 2300 2730 est,
2354 2649 2547 2739 pacis
2585 2660 2692 2718 est

155 2737 519 2821 studiosuS,
564 2738 634 2807 in
684 2738 899 2807 armis
947 2749 1298 2818 strenuus,
1337 2738 1407 2806 in
1439 2736 1667 2807 verbis
1703 2750 1974 2819 cautus,
2029 2736 2337 2828 prudens
2367 2736 2684 2818 consilio,

154 2823 214 2892 in
259 2826 434 2897 bello
466 2826 997 2917 imperterrituS,
1051 2826 1390 2897 bonorum
1433 2848 1702 2908 amanS,
1741 2826 1915 2915 ejuS,
1968 2847 2144 2914 quae
2179 2830 2431 2917 Regem
2467 2825 2683 2909 decet,

150 2915 498 3067 probitatis
542 2927 609 2985 et
656 2914 1068 3005 integritatis
1100 2913 1321 2985 cultor
1352 2913 1410 2983 ¹⁶.
1465 2916 1587 2984 Cui
1623 2928 1875 2994 tamen,
1930 2914 1991 2983 si
2036 2913 2205 3001 quid
2261 2915 2489 3016 regiae
2540 2936 2691 3005 per·

174 3003 444 3075 ectionis
493 3003 705 3085 deest,
760 3025 897 3073 non
946 3017 1085 3074 tam
1139 3003 1280 3086 illi,
1337 3024 1545 3091 quam
1607 3002 1804 3093 regni
1856 3003 2277 3093 proceribus,
2334 3003 2403 3073 1d
2455 3004 2691 3095 impu-

154 3091 421 3163 tandum
455 3101 599 3164 est.
668 3097 919 3162 Verum
967 3092 1077 3161 his
1135 3092 1358 3162 obiter
1403 3092 1984 3173 commemoratis,
2052 3091 2138 3161 ad
2185 3092 2525 3183 Arnulphi
2582 3114 2690 3162 res

153 3192 361 3267 gestas
408 3180 855 3273 explicandas
905 3193 1349 3252 revertamur.

227 3270 258 3356 ἓ
301 3275 469 3343 891.
524 3269 836 3342 Confecto
875 3269 1154 3341 tandem
1213 3270 1496 3351 itinere,
1550 3269 1881 3361 pervenit,
1926 3267 2010 3338 ad
2062 3273 2423 3359 Hugonem
2475 3274 2688 3361 Lega-

153 3365 305 3439 tum,
356 3361 480 3448 qui
528 3381 693 3430 sane
739 3359 891 3449 ejus
924 3359 1281 3449 inopinato
1320 3357 1620 3429 adventu
1652 3371 1718 3428 et
1764 3357 2057 3429 laetatus
2111 3371 2236 3440 est,
2304 3369 2370 3428 et
2421 3372 2689 3449 pertur-

153 3440 359 3518 batus,
398 3453 715 3519 Laetatus
746 3447 1053 3535 quidem,
1087 3447 1270 3536 quod
1310 3446 1515 3517 talem
1568 3447 1791 3518 virum
1821 3447 2204 3537 exciperet:
2244 3447 2687 3537 perturbatus

153 3552 313 3616 vero,
353 3536 538 3625 quod
566 3536 650 3607 ad
687 3558 844 3605 eum
878 3536 1422 3606 consecrandum
1458 3535 1634 3606 nulli
1666 3536 1987 3627 Episcopi
2022 3536 2362 3606 adessent.
2398 3537 2683 3606 Interim

152 3631 355 3692 tamen
409 3639 627 3696 totum
679 3630 809 3695 Deo
857 3626 1315 3706 committens,
1362 3626 1720 3715 repentino
1784 3625 2041 3696 nuncio
2090 3624 2516 3695 exhilaratur
2545 3679 2561 3704 ,
2618 3636 2686 3694 et

152 3712 435 3783 anxietas
475 3714 704 3784 omnis
751 3711 1081 3784 abscedit.
1127 3719 1293 3785 Nam
1346 3714 1674 3806 postridie
1707 3715 1994 3784 veniunt
2026 3714 2111 3783 ad
2146 3736 2308 3783 eum
2360 3726 2493 3784 tres
2523 3712 2685 3802 Epi-

151 3802 347 3889 scopi,
399 3802 594 3873 nulla
625 3800 906 3891 quidem
941 3803 1341 3874 necessitate
1385 3824 1502 3873 eos
1548 3814 1856 3894 cogente,
1893 3801 2010 3872 sed
2063 3802 2268 3873 tacito
2313 3801 2674 3881 instinctu,

151 3897 220 3953 ut
248 3887 371 3977 ipsi
406 3892 635 3982 palam
670 3889 1087 3972 asserebant,
1122 3891 1206 3960 ad
1236 3896 1561 3992 Legatum
1594 3890 2036 3962 invisendum
2069 3913 2185 3961 eos
2212 3901 2672 3980 permovente.

153 3975 347 4062 Atque
385 3979 479 4051 ita
525 3979 851 4051 omnibus
885 3979 1105 4071 patuit
1141 3978 1359 4049 divim
1390 3980 1664 4050 consilii
1694 4001 2052 4061 arcanum,
2087 3979 2357 4066 etquod
2398 3977 2679 4047 divinae

153 4065 514 4154 majestatis
549 4066 898 4139 voluntate
929 4066 1280 4138 decretum
1311 4080 1510 4149 esset,
1548 4082 1625 4138 ut
1656 4068 2057 4158 Arnulphus
2091 4068 2472 4157 Episcopus
2520 4086 2688 4136 con-

154 4169 543 4227 secraretur.
586 4161 825 4245 Itaque
851 4157 1160 4248 proximo
1188 4155 1301 4226 die
1322 4156 1678 4228 Dominico
1703 4170 2144 4228 consecratus
2169 4169 2271 4226 est
2300 4155 2684 4247 Episcopus

156 4235 650 4334 decimoquarto
684 4245 1014 4316 Calendas
1062 4245 1369 4315 tannarii
1399 4245 1613 4334 (anno
1671 4245 1957 4335 nnxxn),
1996 4258 2061 4315 et
2099 4244 2315 4316 multa
2362 4243 2677 4314 omnium

157 4331 593 4414 gratulatione
622 4346 687 4406 et
718 4334 976 4406 laetitia
1013 4334 1099 4406 ad
1138 4333 1370 4406 sedem
1413 4335 1973 4407 suessionensem
2002 4334 2336 4406 dimissus
2373 4347 2497 4405 est.
2550 4337 2688 4404 Nec

210 4451 236 4479 ⁸
261 4455 516 4505 Ludovicus
534 4461 611 4506 hic
630 4460 724 4506 ruit
740 4472 956 4515 cognom.
980 4465 1188 4512 craesus,
1206 4459 1291 4514 qui
1310 4458 1430 4505 obiit
1447 4459 1573 4504 citos
1590 4471 1843 4505 xcxxxvn.
