3308 5004
132 368 320 435 AUG.
374 368 457 435 24
806 387 887 435 nr.
933 387 990 435 s.
1043 387 1341 437 xunomo
1387 385 1586 437 muse.
1638 387 2001 437 nemone.
2459 372 2588 438 593

127 472 278 563 ejus
325 471 755 563 temporibus
803 473 1341 564 Rothomagensi
1391 473 1689 544 dioecesi
1750 475 1823 544 in
1888 473 2137 564 pietate
2197 486 2265 544 et
2321 474 2680 546 devotione

123 582 288 652 erga
337 564 549 630 Deum
594 573 666 632 et
713 560 1118 651 religionem
1169 562 1658 653 aequiparari,
1715 562 1975 636 nedum
2045 563 2369 633 anteferri
2433 566 2674 655 potuit.

126 655 385 721 Tantus
431 649 615 719 enim
669 649 766 720 ibi
813 663 957 720 erat
1008 673 1346 722 numerus
1406 651 1904 723 coenobiorum
1956 651 2209 722 diversi
2250 654 2479 734 sema,
2517 665 2686 744 puta

130 739 630 809 monachorum
682 751 747 809 et
796 738 1337 820 monacharum,
1390 762 1567 828 quae
1614 740 1701 809 ad
1752 741 1909 810 e‘us
1969 741 2475 812 institutionem
2534 755 2688 813 tan-

131 849 333 915 quam
370 827 647 896 divinae
680 828 969 899 sationis
1007 851 1267 899 messes
1298 828 1668 917 quaedam,
1702 852 1786 899 su
1841 829 1935 899 ito
1962 830 2480 914 enituere,utet
2506 832 2726 902 mul-⁸

135 916 427 987 titudine
472 927 539 986 et
586 915 921 1006 religione
966 916 1250 1008 Aegypti
1304 919 1753 998 monasteria,
1824 919 1913 988 ab
1970 918 2262 989 Antonio
2330 919 2689 1007 quondam

134 1006 469 1086 instituta,
501 1027 796 1092 aequare
827 1005 1244 1076 viderentur.
1286 1011 1441 1096 Ipse
1474 1028 1632 1076 vero
1667 1007 1816 1076 sine
1853 1007 2370 1078 intermissione
2404 1009 2693 1080 verbum

134 1095 247 1164 Dei
286 1093 749 1185 praedicabat,
789 1094 1079 1176 instanS,
1124 1094 1511 1165 secundum
1552 1095 2061 1186 Apostolorum,
2099 1111 2513 1198 opportune,
2557 1098 2693 1167 im-

130 1195 467 1341 piortune,
524 1205 848 1274 arguens,
919 1183 1311 1265 obsecrans,
1367 1184 1736 1275 increpans
1775 1206 1940 1255 cum
1981 1206 2176 1254 omni
2231 1185 2563 1277 patientia
2623 1198 2689 1257 et

183 1284 476 1343 cetrina.

214 1363 260 1449 ξ
307 1364 459 1433 19.
496 1365 684 1430 Inter
720 1374 987 1431 caetera
1020 1373 1251 1432 autem
1286 1360 1619 1432 virtutum
1665 1361 2026 1444 miracula,
2063 1383 2242 1450 quae
2271 1361 2454 1432 idem
2490 1384 2685 1454 egre-

176 1449 289 1520 ’us
340 1449 617 1542 praesul
667 1449 912 1532 effecit,
966 1449 1145 1521 illud
1193 1451 1481 1520 omnino
1534 1450 2116 1542 praetereundum
2167 1473 2303 1522 non
2336 1464 2459 1533 est,
2499 1451 2683 1539 quod

127 1539 471 1610 ilustrem
524 1538 751 1608 virum
793 1540 1213 1632 waningum
1255 1561 1381 1610 sua
1414 1540 1722 1610 oratione
1755 1551 2026 1630 optatae
2055 1540 2334 1610 sanitati
2376 1541 2687 1611 restitue-

126 1629 237 1699 rit.
296 1628 451 1698 Fuit
499 1626 615 1697 ille
662 1629 1046 1724 Waningus
1095 1650 1262 1699 sane
1311 1628 1668 1719 praedives
1697 1641 1762 1699 et
1796 1641 2073 1720 potens:
2117 1627 2233 1699 sed
2271 1628 2511 1699 morbo
2540 1651 2685 1700 cor·

132 1729 371 1807 reptus
400 1716 671 1799 acerbo,
712 1717 780 1786 in
815 1717 1065 1787 ecstasi
1099 1716 1319 1788 multa
1354 1717 1731 1808 impiorum
1767 1739 1899 1808 sup
1953 1716 2116 1787 licia
2151 1716 2341 1788 vidit.
2380 1722 2690 1806 Cumque

131 1805 373 1875 eodem
428 1806 667 1876 morbo
714 1805 945 1877 adhuc
995 1818 1442 1897 premeretur,
1489 1806 1733 1876 beatus
1773 1812 1873 1876 Au
1923 1808 2141 1876 oenus
2179 1806 2490 1888 antistes,
2527 1829 2688 1877 cum

132 1895 336 1986 prius
383 1907 668 1976 orasset,
720 1894 1271 1966 benedictionem
1322 1896 1384 1964 ei
1432 1894 1790 1987 impertiit,
1851 1906 1917 1965 et
1964 1894 2232 1965 reddita
2263 1895 2366 1965 illi
2404 1906 2509 1965 est
2547 1895 2691 1986 pri-

133 1984 318 2054 stina
365 1982 834 2053 incolumitas
885 1984 1303 2054 Hortabatur
1350 1996 1580 2054 autem
1631 2005 1794 2055 eum
1857 1983 2252 2066 AndoenuS,
2317 1997 2396 2054 ut
2459 1984 2690 2053 locum

136 2071 338 2141 illum
392 2075 524 2141 Deo
571 2071 852 2142 dicaret.
904 2072 1312 2144 Admonitus
1342 2073 1529 2143 enim
1564 2072 1680 2142 ille
1720 2072 1942 2144 fuerat
1974 2095 2013 2142 a
2054 2074 2250 2144 beata
2285 2071 2575 2153 Eulalia,
2615 2084 2694 2143 ut

135 2161 209 2229 in
258 2161 545 2260 praedio
592 2183 720 2231 suo
765 2162 1074 2244 Fiscano,
1126 2161 1247 2233 ubi
1293 2161 1573 2249 jamdiu
1610 2161 2059 2241 decubuerat,
2107 2161 2194 2232 ad
2229 2161 2449 2231 sancti
2491 2183 2692 2252 prae-

135 2249 313 2319 suns
357 2250 665 2321 Audoe‘ni
706 2250 1090 2338 jussionem
1141 2250 1558 2321 coenobium
1606 2263 1983 2321 extrueret:
2037 2249 2384 2336 simulque
2434 2250 2689 2319 indica-

140 2349 283 2407 tum
333 2353 477 2411 erat
522 2340 609 2422 ei,
646 2339 889 2430 viginti
923 2340 1128 2410 annis
1160 2339 1361 2410 illum
1405 2339 1474 2408 in
1510 2361 1798 2429 corpore
1833 2339 2206 2408 victurum.
2244 2343 2483 2430 Itaque
2510 2338 2690 2408 vitae

135 2425 472 2511 redditus,
524 2443 591 2498 et
636 2428 723 2498 ad
765 2449 913 2498 sese
947 2449 1286 2511 reversus,
1326 2426 1798 2497 clarissimum
1839 2426 2235 2518 pontificem
2275 2427 2685 2496 Audoenum

130 2529 301 2598 orat,
357 2531 435 2588 ut
482 2518 566 2589 ad
620 2540 693 2588 se
743 2518 969 2588 venire
1019 2518 1200 2598 velit,
1254 2540 1397 2588 una
1444 2540 1604 2588 cum
1659 2517 2010 2587 sacerdote
2058 2516 2306 2586 Christi
2358 2515 2688 2587 Wandre-

178 2606 362 2676 isilo.
417 2607 648 2677 Adfuit
697 2629 854 2675 vero
900 2608 1105 2677 etiam
1146 2612 1283 2677 Rex
1314 2606 1597 2695 juvenis
1638 2605 1994 2687 ClotariuS‚
2042 2604 2366 2674 Ludovici
2388 2605 2691 2696 junioris

189 2695 343 2785 egis
391 2695 604 2778 filius,
662 2696 934 2786 insigne
981 2695 1182 2774 illud,
1236 2695 1421 2782 quod
1471 2695 1541 2763 in
1604 2695 1942 2785 waningo
2002 2704 2467 2785 perpetratum
2521 2706 2689 2777 erat,

128 2783 557 2854 miraculum
609 2806 862 2875 magno
909 2784 1253 2855 desiderio
1301 2805 1581 2854 cernere
1630 2784 1946 2874 cupiens.
2001 2788 2144 2853 Non
2197 2782 2423 2853 solum
2460 2794 2694 2852 autem

127 2876 294 2953 Rex,
353 2872 471 2942 sed
522 2886 588 2944 et
635 2873 867 2944 cuncti
917 2894 1257 2965 procereS,
1300 2885 1368 2943 et
1405 2872 1635 2942 omnis
1670 2871 1907 2964 populi
1942 2870 2336 2952 multitudo,
2381 2871 2696 2958 quicum

132 2960 257 3031 illo
307 2960 622 3043 aderant,
675 2962 1018 3044 viderunt,
1065 2976 1131 3033 et
1176 2961 1670 3051 omnipotentis
1719 2960 1836 3030 Dei
1867 2960 2308 3031 clementiam
2345 2958 2700 3029 collauda-

128 3062 321 3130 runt,
365 3050 782 3139 beatumque
820 3051 1224 3122 Audoenum
1259 3048 1482 3120 colere
1511 3063 1576 3119 et
1609 3050 1916 3119 venerari
1952 3061 2353 3138 coeperunt.

216 3142 255 3229 ξ
310 3143 486 3210 no.
540 3144 709 3210 Tum
759 3140 1039 3209 demum
1093 3144 1159 3208 S.
1202 3138 1572 3209 Audoe'nus
1612 3161 1752 3209 una
1794 3161 1955 3209 cum
1998 3138 2339 3228 Waningo
2371 3137 2519 3224 jam
2561 3140 2692 3206 Deo

124 3239 611 3298 consecratum
659 3229 1069 3299 coenobium
1103 3283 1118 3309 ,
1175 3227 1818 3315 nobilissimamque
1872 3241 1938 3297 et
2002 3227 2269 3296 beatam
2344 3226 2686 3315 virginem

125 3317 729 3387 childemarcham
778 3318 1232 3399 Abbatissam,
1284 3338 1443 3388 cum
1498 3316 1737 3387 multis
1789 3322 1918 3386 Deo
1966 3315 2256 3386 sacratis
2295 3314 2690 3405 virginibus

127 3420 371 3478 sancto
406 3405 552 3475 viro
587 3406 1109 3498 Wandregisilo,
1147 3418 1223 3476 ut
1250 3406 1381 3476 sub
1408 3405 1558 3493 ejus
1586 3419 1814 3478 essent
1849 3405 2268 3496 magisterio,
2318 3403 2687 3503 tradidere:

126 3517 335 3583 quem
373 3494 542 3565 olim
594 3507 874 3565 sanctus
906 3494 1274 3565 Audoenus
1307 3496 1523 3567 sacris
1552 3494 1930 3565 Ordinibus
1968 3505 2350 3575 ornaverat,
2389 3504 2455 3561 et
2495 3514 2609 3562 cut
2645 3513 2686 3560 a

128 3589 313 3678 Rege
342 3582 675 3655 Clodoveo
707 3584 959 3666 locum,
990 3584 1112 3672 qui
1143 3583 1537 3654 Fontanella
1568 3583 1847 3665 dicitur,
1878 3581 1961 3652 ad
1994 3582 2490 3653 monasterium
2525 3602 2686 3675 con-

133 3674 554 3746 struendum
605 3673 1110 3763 impetraverat.
1165 3672 1356 3762 Ejus,
1411 3673 1723 3761 inquam,
1778 3672 2106 3763 operibus
2140 3671 2339 3741 bonis
2371 3681 2439 3739 et
2469 3690 2695 3738 exem·

136 3764 273 3864 plis
323 3777 535 3852 atque
582 3761 1021 3853 regularibus
1069 3761 1465 3853 disciplinis
1516 3761 2011 3832 monasterium
2046 3761 2173 3830 hoc
2208 3756 2598 3829 docendum
2629 3767 2700 3827 et

140 3850 636 3923 instruendum
687 3851 1118 3922 commisere.
1172 3856 1385 3940 Atque
1442 3849 1552 3919 his
1605 3850 1938 3920 virtutum
2001 3846 2361 3918 miraculis
2426 3844 2700 3945 fulgens

145 3940 323 4011 idem
376 3939 628 4012 Christi
680 3940 879 4009 miles
924 3953 990 4011 et
1035 3940 1277 4011 beatus
1327 3938 1598 4030 praesul
1633 3938 2023 4018 Audoenus,
2058 3958 2218 4007 cum
2255 3946 2432 4036 esset
2472 3933 2701 4004 humi-

150 4027 335 4100 litate
382 4030 727 4112 munitus,
781 4051 916 4099 non
971 4039 1250 4100 noverat
1295 4028 1565 4099 extolli:
1621 4027 1836 4097 immo
1893 4047 2050 4096 vero
2110 4023 2414 4115 oppida,
2483 4043 2647 4093 rura
2679 4077 2695 4101 ‚

148 4139 365 4202 casaS,
428 4120 642 4201 vicOS,
699 4117 980 4202 castella
1038 4119 1450 4208 peragrans,
1515 4115 1785 4186 cunctis
1848 4114 2055 4184 vitam
2117 4111 2589 4183 annunciabat
2637 4121 2704 4181 et

156 4220 474 4290 mortem,
532 4219 870 4278 tormenta
917 4207 1294 4298 impiorum
1344 4219 1409 4275 et
1447 4205 1799 4297 justorum
1831 4203 2149 4294 gloriam.
2198 4202 2432 4289 Siqua
2462 4212 2701 4300 ‚autern

156 4293 263 4364 illi
307 4309 498 4369 esset‘
531 4319 570 4366 a
618 4296 1072 4367 concionibus
1119 4293 1566 4375 intermissio,
1621 4292 1915 4362 orationi
1963 4291 2273 4373 vacabat,
2314 4302 2382 4360 et
2413 4301 2702 4359 terrenis

154 4384 343 4458 curis
360 4384 743 4467 absolutus,
776 4397 1003 4455 mente
1022 4383 1340 4454 coelestia
1366 4382 1987 4474 contemplabatur.
2020 4386 2096 4450 Et
2122 4378 2526 4470 saepissime
2549 4377 2703 4466 qui,-

152 4472 311 4544 dem
362 4476 430 4544 in
480 4474 803 4544 cubiculo
851 4475 1003 4565 ejus
1051 4473 1170 4544 lux
1216 4472 1597 4543 immensae
1644 4470 1979 4573 claritatis
2026 4469 2317 4541 coelitus
2365 4467 2605 4546 effusa,
2663 4487 2704 4535 a

316 4600 557 4659 surius
571 4626 597 4642 ·
623 4596 783 4657 Vitae
807 4597 915 4660 88.
937 4627 962 4643 ·
982 4597 1107 4657 Vol.
1150 4593 1302 4658 VIII.
2467 4592 2543 4651 38
