3308 5004
742 316 874 393 '758
927 347 938 356 ’
1498 341 1575 387 nn
1622 340 1676 387 s.
1733 334 1893 386 Rosa
1942 335 2111 384 vnio.
2164 336 2292 383 Lm.
2879 316 3072 383 AUG.
3127 318 3201 382 30

662 428 959 522 pretiosa
1004 426 1386 497 constitura
1432 423 1684 515 dignas
1730 445 1964 495 amore
2012 418 2355 492 infantulo
2412 431 2639 521 vestes.
2681 419 2943 510 pluries
3012 442 3205 511 prae·

660 519 989 612 parabat;
1042 537 1336 603 quarum
1389 511 1563 596 loco,
1616 512 2070 584 substituerat
2108 510 2392 592 rosaria,
2431 519 2757 580 stationes
2797 508 2881 579 ad
2916 510 3205 581 sanctis·

660 608 910 678 simam
971 602 1504 685 Eucharistiam,
1547 602 1861 693 je‘unia,
1913 623 2205 672 coronas
2252 598 2549 680 Domini,
2604 598 2947 669 orationes
2988 598 3205 670 domi·

661 697 878 777 nicas,
935 692 1382 766 salutationes
1427 625 1803 782 angel'icaS,
1864 689 2160 780 symboli
2209 687 2571 780 apostolici
2630 687 3098 770 recitationes,
3147 700 3206 756 et

661 784 970 875 plurium
1022 781 1317 853 aliarum
1372 802 1703 871 precum,
1754 779 2295 871 flagellationeS,
2348 776 2728 865 lacrymaS,
2783 778 3203 847 interventus
3276 786 3277 855 ἲ

661 872 1054 952 Missurum,
1106 883 1171 940 et
1210 869 1692 940 sanctissimae
1724 868 2239 939 communionis
2275 866 2727 957 sumptioneS,
2762 887 2941 954 quae
2978 865 3198 937 omnia

660 959 1221 1050 frequentissime
1254 959 1624 1051 repetebat.
3276 958 3277 963 ’

747 1054 784 1139 ἓ
831 1054 975 1124 15.
1030 1049 1286 1137 Hisque
1326 1048 1547 1118 sancti
1588 1046 1847 1117 amoris
1875 1044 2215 1116 exercitiis
2253 1044 2351 1114 sic
2390 1043 2697 1114 animam
2738 1057 2805 1113 et
2840 1065 2966 1114 cor
2998 1066 3192 1116 suum

659 1139 763 1210 illi
812 1149 1222 1218 sacraverat,
1276 1149 1351 1207 ut
1401 1149 1538 1207 tota
1577 1135 1802 1226 ipsius
1830 1134 2042 1205 veluti
2088 1132 2539 1202 dilectissima
2585 1154 2843 1223 sponsa
2889 1145 3100 1213 esset,
3142 1148 3193 1203 et

661 1227 838 1299 nihil
887 1227 1021 1297 sibi
1071 1237 1468 1308 reservaret,
1504 1224 1691 1314 quod
1727 1227 2038 1324 Sponsus
2084 1222 2237 1324 ejus
2285 1221 2568 1291 omnino
2604 1243 2740 1291 non
2794 1222 3187 1312 possideret.

663 1323 742 1387 In
793 1315 1198 1386 connubiali
1245 1315 1531 1397 annulO,
1583 1335 1911 1402 quemln
1962 1324 2131 1383 tanti
2180 1311 2417 1401 sponsi
2468 1332 2977 1401 mnemosynon
3050 1333 3189 1381 cum

659 1406 885 1497 ipsius
935 1404 1219 1475 infantis
1254 1410 1424 1474 Jesu
1469 1402 1695 1493 effigie
1726 1402 2025 1472 laborari
2068 1400 2533 1479 mandaverat,
2580 1398 2770 1470 fratri
2816 1401 3005 1490 ejuS,
3045 1400 3188 1470 dum

659 1496 731 1565 in
763 1516 843 1564 eo
872 1492 1287 1563 delineando
1318 1493 1684 1574 incumbit,
1719 1491 2036 1579 quamvis
2077 1489 2247 1559 tanti
2282 1488 2592 1578 mysterii
2627 1489 2906 1577 penitus
2932 1490 3181 1580 ignaro.
3276 1548 3277 1561 ,

664 1603 791 1674 pro
838 1583 1161 1675 lemmate
1207 1581 1441 1651 divino
1470 1581 1805 1651 instinctu
1855 1578 1972 1648 illa
2004 1578 2245 1648 eadem
2294 1578 2478 1681 regis
2517 1599 2758 1668 regum
2801 1577 3183 1668 sponsalitia

660 1672 867 1742 verba
920 1682 1410 1742 occurrerunt:
1463 1676 1636 1740 Rosa
1666 1670 1882 1739 cordis
1917 1670 2073 1749 mei,
2110 1678 2184 1737 tu
2211 1668 2383 1736 mike
2407 1689 2649 1758 sponsa
2678 1677 2836 1735 esto.
2894 1666 3183 1737 Annulus

661 1763 791 1831 iste
839 1782 988 1831 eam
1018 1760 1106 1829 ab
1146 1760 1298 1850 ipso
1332 1759 1595 1829 Christo
1631 1758 1918 1828 Domino
1963 1758 2100 1825 vim
2135 1777 2509 1846 supernam
2557 1756 2861 1826 obtinuit
2910 1769 3010 1837 ut,
3044 1777 3176 1824 eum

658 1852 766 1919 vir
812 1851 1138 1941 probatae
1185 1849 1457 1917 virtutis
1506 1860 1896 1927 attrectans,
1926 1845 2215 1915 eximias
2262 1844 2479 1914 divini
2526 1845 2786 1913 amoris
2833 1844 3177 1915 immissio-

665 1961 812 2020 nes,
865 1936 1134 2008 excelsa
1181 1936 1450 2006 lumina
1497 1949 1563 2006 et
1624 1937 1929 2007 insuetos
2003 1934 2298 2025 Spiritus
2363 1933 2592 2003 Sancti
2657 1932 2945 2003 ardores
2991 1953 3173 2019 usque

661 2026 745 2097 ad
799 2028 1074 2096 animae
1121 2024 1505 2112 deliquium
1556 2036 1898 2117 expertus,
1938 2022 2144 2093 fuerit
2175 2043 2457 2113 corpore
2498 2042 2787 2112 prorsus
2833 2021 3168 2097 immobili,

661 2138 787 2186 nec
841 2115 974 2184 nisi
1022 2113 1284 2184 annulo
1334 2114 1644 2205 deposito
1695 2112 1992 2204 potuerit
2029 2134 2312 2203 surgere
2362 2111 2556 2193 liber,
2609 2112 2730 2199 qui
2781 2111 3164 2182 sensibiliter

664 2206 732 2273 in
785 2204 1176 2296 captivitate
1225 2216 1362 2272 tam
1414 2216 1693 2273 sanctae
1741 2201 2073 2294 nuptialis
2112 2201 2406 2271 laetitiae
2456 2199 2835 2270 tenebatur.
2903 2200 3077 2283 Quod
3120 2198 3163 2265 si

662 2306 929 2364 tantum
983 2293 1050 2361 in
1104 2292 1355 2373 aliena,
1409 2304 1750 2381 quantum
1799 2290 1871 2359 in
1921 2291 2075 2381 ipsa
2110 2310 2403 2380 sponsae
2449 2289 2687 2359 anima
2732 2289 2997 2359 divinae
3028 2286 3161 2356 illae

661 2383 944 2473 nuptiae
991 2381 1409 2451 valuerunt?

625 2543 635 2557 ,
747 2475 783 2560 ξ
826 2476 974 2544 16.
1029 2470 1373 2542 Habitavit
1423 2469 1637 2561 igitur
1676 2469 1841 2539 haec
1890 2467 2370 2539 amantissima
2426 2466 2690 2537 Domini
2751 2464 3142 2561 confidenter.

659 2575 727 2632 et
773 2561 974 2648 quasi
1021 2562 1092 2629 in
1146 2560 1448 2630 thalamo
1524 2561 1661 2628 tota
1708 2558 1820 2627 die
1892 2558 2290 2627 morabatur
2356 2558 2425 2626 in
2504 2578 2630 2625 eo:
2705 2557 2915 2625 edocta
2979 2570 3140 2620 enim

659 2651 728 2718 in
806 2649 958 2738 ipsa
1009 2648 1298 2740 infantia
1369 2649 1659 2718 interius
1730 2649 1818 2718 ab
1882 2647 2030 2736 ipso
2098 2646 2431 2717 ferventer
2499 2667 2719 2726 orare,
2777 2644 2955 2713 etiam
2996 2638 3140 2707 dor-

661 2739 883 2807 miens
953 2737 1383 2828 deprehensa
1451 2736 1581 2807 suit
1657 2758 1773 2806 ore
1843 2735 2134 2805 diurnas
2207 2734 2509 2824 proferre
2586 2756 2849 2824 preceS,
2919 2742 2980 2799 et
3045 2749 3151 2797 cor

657 2829 810 2918 ejus
857 2827 930 2896 in
979 2827 1284 2898 oratione
1333 2825 1637 2917 vigilare.
1715 2829 1907 2895 Anno
1955 2825 2196 2895 aetatis
2242 2846 2408 2895 suae
2468 2822 2873 2893 duodecimo
2931 2818 3155 2890 elevata

660 2917 792 2987 suit
838 2914 924 2986 ad
989 2916 1360 2987 sublimem
1435 2914 1631 2985 illum
1701 2912 2220 3004 contemplandi
2282 2912 2604 3004 gradum,
2657 2934 2863 2999 quem
2909 2933 2970 2979 m
3018 2907 3161 2977 stica

661 3004 1001 3096 theologia
1049 3007 1388 3074 unitivum
1434 3003 1760 3095 appellat.
1845 3008 2031 3072 Inter
2078 3001 2436 3072 manuales
2502 3001 2773 3071 labores
2821 2999 2978 3069 intel
3007 3010 3161 3068 ectus

657 3094 878 3164 aciem
916 3093 1362 3164 immobiliter
1408 3092 1480 3162 in
1534 3097 1742 3163 Deum
1796 3091 2071 3182 figebat,
2128 3092 2298 3161 itaut
2350 3112 2471 3160 nec
2520 3090 2589 3158 in
2642 3089 2907 3180 vigilia,
2960 3085 3162 3157 necin

664 3203 932 3262 somno,
975 3183 1224 3252 mentis
1253 3182 1404 3272 ejus
1426 3181 1709 3251 oculum
1740 3181 2053 3251 coelestis
2083 3180 2322 3271 sponsi
2362 3179 2750 3249 elaberetur
2794 3175 3162 3270 praesentia,

659 3293 836 3358 quae
887 3272 978 3339 ita
1048 3271 1348 3341 suaviter
1392 3270 1780 3360 occupabat
1828 3270 2185 3339 interiores
2260 3270 2534 3338 animae
2605 3267 2803 3336 illius
2856 3269 3047 3344 vires,
3089 3277 3175 3340 ut,

661 3359 1005 3447 loquendo
1044 3382 1203 3429 cum
1257 3357 1407 3450 ipso
1458 3364 1590 3428 Deo
1639 3359 1851 3441 intuS,
1906 3358 2116 3429 simul
2165 3357 2372 3427 etiam
2422 3357 2558 3427 alia
2606 3377 2934 3445 quaeque
2981 3375 3181 3425 neces-

661 3448 842 3521 saria
890 3448 1200 3539 expedite
1246 3448 1412 3518 foris
1461 3459 1928 3549 pertractaret.
2006 3453 2129 3517 Per
2176 3447 2381 3516 horas
2447 3447 2733 3515 immota
2803 3460 2966 3517 ante
3026 3464 3183 3520 aras,

659 3559 786 3607 nec
837 3549 1343 3627 praetereuntes
1414 3537 1605 3618 vidit,
1664 3559 1785 3606 nec
1861 3535 1947 3605 ad
2017 3536 2413 3630 repentinos
2482 3535 2823 3625 strepitus
2897 3535 3187 3605 animum

657 3626 954 3698 deflexit.
1008 3629 1058 3694 Α
1100 3647 1300 3696 mane
1349 3625 1558 3695 feriae
1602 3626 1885 3713 quintae
1933 3647 2153 3713 usque
2199 3624 2283 3694 ad
2345 3623 2738 3704 sabbatum,
2796 3622 3194 3712 quandoque

659 3715 864 3785 etiam
916 3737 1138 3802 usque
1184 3716 1269 3785 ad
1321 3715 1769 3796 dominicam,
1809 3715 1909 3784 sic
1959 3714 2256 3804 genibus
2291 3713 2485 3784 flexis
2535 3712 2885 3784 invariata
2936 3710 3192 3786 mansit,

658 3816 737 3874 ut
789 3827 909 3874 nec
959 3826 996 3873 e
1037 3804 1429 3894 pavimento
1478 3825 1763 3894 surgere
1835 3803 2193 3893 potuisset.
2270 3801 2611 3873 Attributa
2658 3801 2933 3884 divina,
2986 3798 3200 3871 distri·

659 3893 826 3963 buta
876 3894 943 3962 in
997 3915 1367 3963 numerum
1417 3905 1695 3962 centum
1744 3893 2276 3982 quinquaginta,
2335 3914 2454 3981 per
2499 3890 2800 3961 decades
2852 3891 2938 3962 ad
2986 3911 3201 3960 exem·

663 3981 855 4070 plum
907 3982 1327 4081 sanctissimi
1378 3982 1669 4063 Rosarii,
1746 3980 2121 4062 recitand0,
2175 3980 2636 4051 daemonibus
2706 3981 2960 4052 terrori
3006 3979 3202 4050 fuisse

659 4092 740 4138 co
794 4082 1002 4140 novit.
3276 4129 3277 4140 ,

828 4163 962 4232 12.
1018 4159 1418 4228 Familiares
1466 4158 1691 4249 ipsius
1721 4179 2076 4230 sermones
2112 4159 2247 4229 vim
2284 4158 2641 4240 orationiS,
2683 4169 2759 4226 ut
2798 4157 3199 4249 plurimum.

658 4247 1123 4316 continebant.
1178 4253 1225 4317 Α
1274 4252 1527 4317 canora
1575 4248 1847 4316 avicula
1896 4248 2185 4317 excitata
2249 4248 2334 4317 ad
2390 4247 2504 4316 Dei
2554 4248 3202 4339 contemplationem

663 4335 882 4405 tribus
930 4348 1085 4404 ante
1136 4336 1506 4427 prandium
1562 4336 1775 4420 horis,
1822 4348 1889 4405 et
1936 4337 2005 4405 in
2057 4337 2343 4407 extasim
2395 4349 2616 4427 rapta,
2673 4336 2762 4404 ab
2817 4339 2907 4406 ea
2950 4334 3205 4408 nonnisi

659 4422 746 4490 ad
795 4446 1146 4514 vesperam
1218 4447 1288 4494 se
1338 4424 1689 4516 explicuit.
1773 4425 1867 4495 Ad
1917 4426 2249 4496 orationis
2305 4437 2371 4496 et
2441 4423 2822 4517 praecipue
2905 4424 3205 4497 mentalis

2130 4685 2150 4715 S
