3308 5004
205 308 355 375 AUG.
396 311 433 374 5
842 356 847 362 -
955 327 1035 376 nr.
1081 328 1138 376 s,
1190 326 1356 374 Arna
1395 327 1471 374 nr
1518 326 1719 375 socus
1765 328 1881 375 ιιι.
2479 311 2608 378 469

206 410 386 481 hanc:
431 410 655 481 Afram
722 412 1072 500 publicam
1140 413 1562 481 meretricem
1594 466 1609 492 ,
1684 433 1862 500 quae
1911 433 1984 484 se
2024 411 2481 482 Christianam
2536 435 2700 504 pro·

205 500 412 580 fitetur,
449 522 574 570 nec
606 500 932 571 vulteum
988 500 1353 572 sacrificiis
1409 501 1700 570 deorum
1759 500 2131 588 quicquam
2200 501 2456 572 habere
2508 523 2702 573 com-

199 589 421 671 mercii,
477 591 694 659 vivam
746 589 1022 659 incendi
1072 589 1512 660 mandamus.
1558 595 1702 659 Mox
1754 604 1950 680 rapta
1980 603 2083 660 est
2129 613 2170 660 a
2219 591 2580 673 ministriS,
2633 602 2703 662 et

193 677 365 748 ducta
408 679 472 747 in
508 678 810 750 insulam
863 679 1094 758 fluvii,
1147 700 1351 766 quem
1412 679 1651 749 Licum
1704 691 1969 756 vocant,
2024 678 2260 766 ibique
2305 680 2691 765 expoliata,

191 767 259 835 ad
305 767 524 857 palum
578 767 858 858 religata
892 781 1016 837 est.
1073 766 1197 837 Illa
1230 789 1387 838 vero
1436 788 1716 837 sursum
1766 768 2011 836 erectis
2060 767 2472 849 luminibuS,
2532 791 2696 839 cum

195 855 481 947 lacrymis
529 856 629 927 sic
664 856 1111 947 precabatur:
1151 879 1187 923 «
1227 856 1509 926 Domine
1539 856 1700 925 lesu
1737 855 2024 937 Christe,
2074 877 2227 925 vere
2256 856 2699 946 omnipotens

197 949 361 1026 DeuS,
402 945 523 1033 qui
575 968 709 1015 non
755 946 997 1017 venisti
1047 966 1285 1014 vocare
1306 945 1553 1031 justos,
1596 943 1714 1013 sed
1771 959 2158 1033 peccatores
2205 944 2288 1014 ad
2347 947 2700 1035 poeniten-

196 1034 349 1102 tiam:
382 1035 585 1124 cujus
636 1035 998 1125 promissio
1050 1055 1249 1103 verax
1278 1047 1379 1103 est
1408 1046 1473 1102 et
1508 1032 1892 1115 manifesta,
1946 1055 2082 1120 qua
2129 1044 2201 1102 tu
2248 1033 2578 1124 dignatus
2626 1057 2702 1106 es

192 1121 425 1192 dicere:
480 1129 927 1211 Quacumque
985 1123 1153 1193 hora
1200 1143 1572 1192 conversus
1612 1120 1816 1190 fuerit
1868 1136 2182 1212 peccator
2229 1122 2315 1191 ab
2365 1123 2697 1210 iniquita-

194 1211 343 1282 tibus
379 1212 552 1294 suis,
608 1235 741 1281 non
781 1227 842 1282 te
893 1232 1261 1280 memorem
1306 1212 1447 1282 sore
1500 1224 1930 1300 peccatorum
1981 1212 2175 1301 ejus:
2228 1211 2464 1301 accipe
2514 1233 2701 1283 nunc

190 1300 502 1388 passionis
561 1323 751 1371 meae
792 1300 1321 1391 poenitentiam,
1356 1313 1443 1378 ,et
1493 1322 1613 1387 per
1672 1299 1857 1369 hunc
1912 1299 2142 1387 ignem
2195 1300 2643 1390 temporalem
2680 1355 2695 1380 ,

187 1390 283 1489 qui
318 1390 586 1480 corpori
637 1411 787 1459 meo
836 1403 1117 1480 paratus
1148 1401 1272 1471 est,
1315 1389 1405 1459 ab
1454 1388 1571 1459 illo
1621 1409 1732 1457 me
1772 1388 1987 1458 libera
2021 1389 2181 1480 igne
2225 1402 2528 1472 aeterno,
2578 1390 2703 1479 qui

192 1498 425 1546 animas
473 1491 541 1548 et
584 1500 872 1569 corpora
913 1481 1220 1548 exuret.»

260 1567 292 1652 ὃ
333 1573 491 1641 10.
544 1568 668 1636 His
706 1567 932 1644 dictis,
972 1566 1279 1653 undique
1325 1564 1510 1635 circa
1558 1564 1750 1634 illam
1793 1578 2139 1636 sarmenta
2165 1578 2490 1656 congesta
2537 1580 2705 1637 sunt

186 1667 239 1723 et
264 1656 612 1747 supposito
650 1656 819 1757 igni,
878 1677 1002 1726 vox
1046 1654 1387 1742 ejusmodi
1437 1654 1525 1722 ab
1571 1654 1725 1743 ejus
1768 1675 1885 1724 ore
1932 1654 2170 1724 audita
2200 1668 2304 1724 est
2332 1678 2347 1723 :
2375 1655 2707 1726 «Gratias

185 1765 292 1832 ago
335 1745 453 1813 tibi
501 1749 785 1814 Domine
811 1744 974 1814 lesu
1000 1744 1285 1823 Christe,
1321 1743 1441 1831 qui
1475 1764 1585 1813 me
1631 1743 1958 1832 dignatus
1985 1765 2058 1814 es
2138 1764 2213 1813 ro
2255 1757 2370 1813 tuo
2421 1744 2705 1813 nomine

186 1831 448 1902 hostiam
505 1833 779 1903 habere.
825 1833 972 1903 Tibi
1023 1833 1329 1906 Domine.
1381 1831 1499 1919 qui
1554 1853 1677 1921 pro
1725 1845 1860 1901 toto
1899 1854 2064 1902 mun
2121 1855 2161 1901 o
2210 1831 2400 1902 solus
2428 1831 2705 1902 oblatus

184 1942 244 1992 es
284 1922 349 1989 in
393 1927 629 2004 cruce,
672 1923 908 2013 justus
959 1942 1080 2012 pro
1115 1922 1415 2011 injustis,
1451 1921 1677 1991 bonus
1711 1942 1832 2010 pro
1866 1921 2089 2001 malis,
2143 1920 2548 1991 benedictus
2581 1942 2706 2007 pro

186 2009 572 2091 maledictis,
627 2010 933 2081 mundus
980 2032 1020 2079 a
1055 2022 1331 2101 peccato
1365 2031 1486 2099 pro
1537 2009 2012 2097 peccatoribus
2058 2009 2438 2080 universis:
2496 2010 2706 2080 offero

182 2098 493 2188 meipsam
545 2100 613 2167 in
648 2099 1094 2179 sacrificium,
1146 2098 1267 2185 qui
1317 2119 1476 2168 cum
1526 2102 1722 2168 Patre
1764 2111 1880 2169 tuo
1925 2111 1993 2169 et
2025 2102 2272 2169 Sancto
2303 2098 2562 2190 Spiritu
2597 2120 2705 2169 re-

181 2207 332 2275 gnas
380 2189 450 2257 in
496 2187 728 2260 secula
777 2188 1245 2258 seculorum.»

251 2278 460 2364 §11
539 2280 719 2346 Haec
764 2278 1037 2356 dicens,
1110 2275 1409 2346 reddidit
1476 2275 1826 2363 spiritum.
1882 2276 2165 2346 Stabant
2228 2288 2457 2345 autem
2502 2276 2706 2361 juxta

179 2364 376 2453 ripam
411 2367 728 2437 fluminis
764 2367 1004 2467 Digna,
1039 2364 1374 2435 Eunomia
1408 2378 1473 2433 et
1504 2364 1852 2454 Eutropia,
1888 2364 2182 2434 ancillae
2213 2363 2449 2434 beatae
2481 2363 2701 2446 Afrae,

178 2473 334 2540 quae
377 2454 590 2526 simul
638 2477 797 2526 cum
852 2454 970 2525 illa
1005 2454 1278 2546 impure
1308 2454 1636 2532 vixerant,
1676 2464 1742 2523 et
1787 2475 1932 2524 una
1968 2474 2127 2525 cum
2168 2453 2286 2523 illa
2322 2453 2704 2544 baptizatae

178 2558 350 2614 erant
385 2568 425 2614 a
475 2559 713 2614 sancto
747 2545 1062 2615 Narcisso
1110 2544 1470 2634 Episcopo.
1532 2547 1672 2611 Hae
1732 2545 2065 2631 rogabant
2113 2541 2365 2613 milites
2422 2563 2460 2612 e
2510 2542 2705 2612 navi-

176 2631 336 2714 cula,
373 2655 514 2720 qua
553 2634 917 2704 transvecti
963 2646 1159 2702 erant
1204 2633 1276 2702 in
1330 2630 1658 2710 insulam,
1713 2631 2228 2711 descendentes,
2273 2644 2350 2700 ut
2399 2630 2588 2721 ipsas
2620 2651 2703 2701 eo

178 2721 619 2802 traducerent,
654 2723 775 2792 ubi
806 2722 1160 2792 dominam
1211 2742 1447 2791 earum
1483 2742 1562 2790 ex
1618 2720 1884 2810 judicis
1936 2720 2206 2790 decreto
2258 2734 2474 2789 morte
2521 2720 2749 2789 mul--

176 2821 446 2880 ctarant.
492 2810 682 2893 Quod
727 2833 886 2880 cum
927 2824 1105 2880 esset
1134 2809 1415 2889 factum,
1454 2810 1867 2879 invenerunt
1905 2830 2156 2899 corpus
2196 2821 2474 2879 sanctae
2521 2830 2708 2878 mar-

176 2900 327 2981 tyris
359 2900 735 3001 integrum.
790 2904 965 2969 Puer
1009 2921 1197 2990 ergo,
1238 2900 1550 2987 quicum
1600 2898 1702 2968 eis
1749 2913 1915 2978 erat,
1966 2897 2458 2979 transnatavit,
2495 2909 2560 2967 et
2599 2898 2707 2966 in·

176 2985 406 3056 dicavit
439 2988 744 3058 Hilariae
795 2989 995 3059 matri
1032 2989 1206 3079 ejus,
1261 3009 1516 3077 corpus
1565 2986 1756 3057 illius
1787 2988 1875 3057 ab
1909 2988 2070 3076 igne
2119 2988 2459 3057 mansisse
2511 2985 2706 3056 illae·

177 3096 337 3145 sum.
377 3075 510 3146 Illa
558 3098 715 3147 vero
751 3090 946 3147 nocte
981 3079 1163 3148 venit
1208 3099 1368 3146 cum
1412 3075 1887 3146 sacerdotibus
1935 3076 2092 3157 Dei,
2143 3087 2208 3145 et
2249 3075 2404 3145 tulit
2450 3094 2707 3165 corpus

178 3164 328 3263 ejus,
380 3179 449 3235 et
498 3166 732 3256 posuit
776 3165 1083 3237 secundo
1113 3164 1440 3236 milliario
1472 3165 1557 3236 ab
1603 3170 1935 3256 Augusta,
1988 3165 2060 3233 in
2112 3164 2445 3234 memoria
2489 3185 2704 3253 quam

180 3254 292 3321 sibi
327 3255 617 3341 suisque
664 3266 1159 3324 construxerat.

248 3344 283 3429 ἐ
328 3348 481 3415 12.
538 3344 660 3412 His
706 3343 799 3412 ita
847 3344 1081 3433 gestis,
1139 3343 1540 3413 nunciatum
1603 3355 1706 3412 est
1751 3342 1979 3431 judici
2025 3341 2231 3432 Gajo,
2287 3340 2711 3411 christianas

178 3427 499 3502 foeminas
529 3453 688 3501 cum
739 3432 1215 3503 sacerdotibus
1256 3432 1570 3522 rapuisse
1599 3452 1856 3520 corpus
1896 3433 2132 3500 beatae
2165 3430 2382 3511 Afrae,
2420 3442 2486 3500 et
2517 3428 2705 3519 apud

181 3516 343 3606 ipsas
392 3520 788 3601 humatum,
842 3520 903 3589 vi
959 3520 1232 3590 iliarum
1282 3520 1593 3590 excubiis
1645 3520 1991 3609 prosequi,
2043 3532 2110 3588 et
2156 3518 2558 3589 solemniter
2592 3539 2709 3587 ex-

182 3607 399 3679 colere.
458 3608 826 3678 Confestim
885 3610 1001 3679 ile
1063 3609 1570 3679 mittit'milites
1623 3608 1709 3677 ad
1761 3607 1989 3678 locum
2055 3608 2281 3689 illum,
2326 3607 2585 3698 jubens
2632 3617 2714 3677 ut

187 3699 558 3768 meretrices
604 3696 760 3767 illas
789 3698 1421 3789 comprehendant:
1471 3710 1537 3765 et
1575 3696 1633 3766 si
1683 3697 1909 3766 obtem
1965 3710 2180 3776 erent,
2245 3718 2406 3767 cum
2445 3697 2710 3766 honore

188 3802 275 3855 eas
315 3788 399 3856 ad
455 3808 532 3856 se
561 3787 962 3876 perducant,
1015 3801 1418 3877 accepturas
1450 3786 1537 3855 ab
1570 3785 1723 3876 ipso
1753 3808 1914 3876 amp
1950 3785 2188 3856 issima
2231 3806 2544 3855 munera.
2586 3785 2706 3855 Sin

195 3891 315 3944 vero
354 3878 428 3946 in
481 3876 821 3945 sententia
850 3876 990 3945 sint
1040 3876 1443 3966 pertinaceS,
1499 3896 1623 3945 nec
1671 3874 1816 3945 ulla
1854 3875 2112 3945 ratione
2162 3872 2371 3944 velint
2402 3874 2470 3942 in
2505 3874 2711 3943 sacri·

194 3956 312 4032 ficia
351 3963 772 4044 consentire,
829 3963 1057 4034 locum
1109 3964 1307 4035 illum
1356 3964 1635 4034 cremiis
1687 3964 2065 4054 impleant,
2117 3976 2183 4033 et
2228 3983 2347 4033 eas
2407 3961 2551 4033 illic
2600 3962 2707 4032 in·-

196 4048 469 4134 eludant,
529 4052 766 4139 sicque
813 4052 1089 4124 admoto
1135 4054 1156 4122 i
1211 4076 1293 4123 ne
1337 4052 1547 4124 simul
1604 4073 1847 4123 omnes
1900 4064 2377 4132 concrement,
2441 4073 2525 4121 ne
2569 4073 2709 4138 qua

202 4143 369 4221 possit
402 4142 733 4229 effugere.
786 4143 1053 4212 Abeunt
1089 4076 1365 4212 adgillas
1397 4142 1676 4222 milites,
1728 4154 1945 4232 agunt
1974 4142 2278 4231 primum
2317 4140 2701 4221 blanditiis»,

203 4244 312 4299 mox
358 4230 745 4301 terroribus
792 4230 1094 4320 pulsant.
1151 4231 1277 4301 Sed
1311 4231 1433 4300 ubi
1465 4230 1907 4323 conspiciunt
1946 4230 2033 4299 ab
2081 4229 2409 4299 omnibus
2436 4228 2710 4299 Judicis

203 4328 528 4411 praecepta
567 4320 958 4400 contemni,
1011 4320 1360 4409 complent
1434 4320 1662 4389 locum
1729 4319 2134 4398 sarmentis,
2198 4316 2394 4387 foeno
2425 4371 2440 4398 ,
2493 4317 2709 4387 aridis

202 4405 407 4490 spinis,
451 4408 831 4498 clausoque
876 4409 1300 4481 extrinsecus
1344 4409 1560 4492 ostio,
1612 4422 1681 4479 et
1730 4409 1887 4500 igne
1948 4406 2293 4501 subjecto,
2350 4404 2701 4476 recedunt.
