3308 5004
600 320 731 387 240
998 337 1078 385 nn
1120 336 1217 385 ss.
1268 335 1384 384 ιι.
1439 334 1616 385 sixto
1666 336 1762 383 rr.
1813 335 1891 384 nr
1937 333 2294 385 unanimo
2341 332 2568 384 mun
2745 316 2933 384 ΔΗΕ.
2977 318 3064 386 40

510 420 870 492 contundi.
921 419 1046 491 Ille
1077 442 1235 492 vero
1275 420 1495 511 magis
1531 421 2098 503 confirmabatur,
2137 432 2206 492 et
2235 419 2471 491 ridens
2501 420 2794 491 dicebat:
2825 441 2864 488 a
2891 425 3063 491 Gra·-

515 511 643 593 tias
698 510 821 582 tibi
878 531 1009 611 ago
1048 510 1352 590 Domine,
1383 509 1549 597 quia
1594 523 1670 581 tu
1707 531 1780 579 es
1831 531 2063 580 rerum
2119 509 2435 580 omnium
2487 514 2688 579 Deus.
2733 531 2771 576 »
2821 514 3066 580 Caesar

513 600 757 671 Decius
803 597 1021 668 dim:
1072 598 1311 669 Afferte
1362 597 1613 668 lectum
1684 597 2008 679 ferreum,
2059 610 2127 668 et
2159 597 2231 666 in
2272 619 2353 668 eo
2405 599 2610 669 cubet
2656 599 3066 670 Laurentius

510 704 907 759 contumax.
964 686 1225 758 Allatus
1276 700 1380 757 est
1428 686 1648 757 lectus
1696 685 1958 758 ferreus
2005 687 2224 756 instar
2286 685 2682 768 craticulae,
2735 699 2800 757 et
2865 687 2938 756 in
2981 705 3065 758 eo

514 777 748 848 nudus
775 788 1096 847 extensus
1126 781 1198 846 B.
1245 776 1652 846 Laurentius
1681 795 1913 846 coram
1951 775 2150 845 Decio
2179 788 2246 846 et
2283 774 2664 856 Valeriano,
2699 787 2764 847 et
2800 795 3067 878 prunae

511 867 577 936 ei
623 867 1055 945 substratae,
1109 864 1465 952 furcisque
1533 863 1774 934 ferreis
1823 864 2024 934 illum
2093 877 2692 954 compresserunt,
2754 863 3066 951 dixitque

513 955 760 1026 Decius
790 960 1034 1025 Caesar
1081 953 1165 1022 ad
1207 975 1395 1024 eum:
1450 953 1771 1023 Sacrifica
1822 952 1982 1023 diis.
2049 957 2121 1022 Β.
2179 953 2587 1023 Laurentius
2650 952 3058 1044 respondit:

512 1047 653 1134 Ego
701 1065 811 1113 me
855 1042 1076 1115 obtuli
1112 1047 1242 1112 Deo
1282 1042 1701 1113 sacrificium
1754 1042 1821 1111 in
1874 1041 2155 1113 odorem
2207 1041 2590 1124 suavitatis,
2637 1042 3061 1113 sacrificium

512 1134 695 1201 enim
749 1138 882 1202 Deo
929 1144 1030 1202 est
1076 1131 1364 1221 spiritus
1411 1131 1940 1201 contribulatus.
1984 1136 2255 1201 Interea
2300 1131 2664 1201 carnifices
2711 1144 3060 1222 urgentes,

504 1221 861 1312 jactabant
891 1221 1225 1290 carbones
1272 1219 1403 1290 sub
1441 1230 1721 1299 cratem,
1777 1219 1992 1290 furcis
2031 1218 2273 1291 ferreis
2302 1241 2463 1289 eum
2493 1221 3061 1310 comprimentes,

520 1311 693 1380 Dixit
724 1323 953 1381 autem
1006 1313 1077 1377 B.
1116 1308 1564 1381 Laurentius:
1597 1331 1634 1376 «
1658 1309 1852 1380 Disce
1887 1308 2117 1389 miser,
2152 1308 2338 1396 quod
2386 1309 2722 1379 carbones
2761 1310 2860 1378 tui
2891 1307 3066 1377 mibi

515 1398 946 1499 refrigerium
987 1410 1358 1487 praestant,
1394 1398 1519 1468 tibi
1566 1410 1794 1467 autem
1838 1397 2263 1487 supplicium
2292 1410 2675 1468 aeternum:
2714 1397 2880 1485 quia
2911 1398 3062 1487 ipse

518 1492 852 1557 Dominus
899 1487 1108 1568 novit,
1162 1485 1347 1574 quod
1388 1499 1755 1558 accusatus
1787 1508 1921 1557 non
1973 1486 2257 1577 negavi:
2312 1486 2816 1576 inter-rogum,
2869 1486 3066 1556 Chri-

516 1590 701 1646 stum
742 1574 1098 1646 confessus
1146 1596 1328 1645 sum:
1382 1587 1674 1655 assatus,
1779 1575 1985 1645 ratias
2019 1596 2221 1665 ag0.»
2271 1575 2673 1645 Valerianus
2702 1575 2896 1645 dixit:
2938 1573 3067 1645 Ubi

513 1676 677 1734 sunt
722 1664 942 1754 igneS,
995 1686 1168 1751 quos
1215 1677 1293 1734 tu
1336 1663 1471 1735 diis
1532 1665 1722 1733 mina
1775 1664 1963 1733 aris?
2002 1668 2245 1733 Beatus
2275 1664 2686 1733 Laurentius
2733 1665 2874 1733 ait:
2935 1686 2972 1731 (ι
3007 1667 3062 1734 Ο

515 1765 806 1824 vestram
848 1753 1212 1823 insaniam!
1253 1753 1591 1832 InfeliceS,
1628 1774 1764 1823 non
1791 1752 2207 1842 cognoscitis
2233 1766 2492 1823 vestros
2524 1753 2859 1823 carbones
2892 1752 3065 1821 mibi

516 1864 656 1912 non
707 1841 1021 1912 ardorem
1098 1841 1366 1912 adferre
1396 1897 1411 1922 ,
1464 1841 1580 1912 sed
1641 1842 2072 1933 refrigerium
2097 1843 2170 1910 Ἰ»
2197 1844 2451 1912 Omnes
2496 1862 2678 1921 vero,
2748 1841 2870 1929 qui
2918 1840 3064 1911 illic

515 1930 824 2013 aderant,
879 1931 1312 2000 mirabantur
1362 1931 1791 2021 praecepisse
1841 1930 2144 2012 Decium,
2197 1943 2276 2001 ut
2324 1931 2518 2000 vivus
2564 1942 2937 2001 assaretur.
2989 1933 3068 2000 At

517 2018 637 2090 ille
683 2020 881 2089 vultu
923 2019 1437 2110 elegantissimo
1470 2018 1778 2090 dicebat:
1826 2042 1861 2085 ι(
1896 2019 2164 2089 Gratias
2222 2041 2352 2110 ago
2400 2020 2525 2090 tibi
2572 2020 2859 2089 Domine
2903 2018 3067 2088 «lesu

518 2109 802 2188 Christe,
831 2107 1012 2195 quod
1068 2129 1176 2178 me
1200 2107 1583 2180 confortare
1621 2108 1951 2199 dignatus
1971 2129 2048 2178 es
2075 2132 2092 2190 ;
2125 2132 2162 2175 »
2187 2108 2598 2196 elevansque
2624 2107 2864 2179 oculos
2896 2127 3061 2178 suos

518 2197 591 2266 in
643 2198 970 2268 Decium:
1024 2220 1060 2264 «
1097 2202 1266 2267 Ecce
1316 2197 1547 2279 miser,
1602 2197 1848 2268 assasti
1885 2219 2095 2267 unam
2136 2209 2441 2287 partem:
2481 2218 2669 2267 versa
2712 2196 2946 2278 aliam,
3001 2208 3068 2267 et

515 2285 907 2357 manduca»
956 2286 1348 2377 gratiasque
1380 2308 1593 2376 agens
1630 2291 1784 2368 Dec,
1820 2285 1993 2356 dixit
2027 2310 2040 2353 :
2080 2309 2117 2353 «
2148 2287 2414 2358 Gratias
2450 2306 2580 2377 ago
2609 2285 2731 2356 tibi
2776 2285 3062 2355 Domine

514 2381 686 2477 Jesu
723 2374 1006 2456 Christe,
1037 2375 1218 2463 quod
1256 2376 1477 2445 merui
1499 2375 1755 2465 januas
1788 2387 1941 2445 tuas
1973 2374 2286 2465 ingredi3
2337 2397 2373 2442 »
2399 2392 2603 2463 atque
2635 2375 2729 2445 ita
2768 2374 3065 2444 reddidit

519 2486 553 2535 s
610 2478 867 2536 iritum.

560 2487 640 2642 ps·
692 2559 845 2627 ²4.
901 2553 1149 2623 Eadem
1205 2567 1399 2624 nocte
1449 2554 1693 2624 Decius
1752 2576 1912 2624 cum
1963 2552 2321 2622 Valeriano
2370 2551 2531 2621 inde
2585 2552 2755 2623 abiit
2802 2551 2887 2620 ad
2939 2572 3063 2640 pa-

518 2642 756 2714 latium
817 2644 1285 2724 Tiberianam,
1339 2641 1575 2713 relicto
1621 2663 1907 2732 corpore
1965 2642 2147 2712 beati
2194 2641 2542 2712 Laurentii
2591 2642 2659 2709 in
2699 2639 3054 2710 craticula.

514 2737 721 2802 Porro
760 2753 1034 2801 summo
1070 2753 1269 2801 mane
1295 2732 1526 2822 rapuit
1563 2731 1735 2801 illud
1765 2730 2204 2831 Hippolytus,
2247 2742 2312 2800 et
2343 2753 2381 2800 e
2427 2729 2576 2801 suis
2615 2727 3061 2799 facultatibus

514 2821 820 2891 condivit
851 2820 1278 2891 aromatibus
1324 2833 1388 2890 et
1437 2819 1689 2900 linteis,
1744 2818 2295 2911 significavitque
2330 2818 2606 2889 Justino
2640 2818 3057 2908 presbyterO,

516 2907 1106 2996 quemadmodum
1157 2930 1366 2997 super
1412 2931 1674 2997 prunas
1723 2909 1965 2978 beatus
1995 2908 2403 2978 Laurentius
2448 2929 2484 2976 e
2537 2908 2698 2978 isset
2726 2908 3059 2988 animam,

518 3010 586 3067 et
641 2997 883 3067 Decius
931 3008 1136 3083 atque
1183 2997 1584 3068 Valerianus
1642 2996 1989 3087 pudefacti
2051 2996 2384 3066 abiissent
2430 3019 2468 3066 a
2564 2996 2815 3066 Tiberii
2869 2995 3063 3086 pala-

516 3086 717 3167 tium,
790 3098 856 3155 et
899 3107 1148 3175 magna
1198 3086 1599 3157 crudelitate
1646 3099 1965 3156 sanctum
2018 3106 2273 3175 corpus
2339 3084 2411 3154 in
2461 3084 2794 3154 craticula
2855 3105 3068 3174 super

518 3174 850 3245 carbones
884 3172 1347 3261 reliquissent.
1400 3180 1639 3262 Itaque
1685 3174 1928 3245 beatus
1957 3175 2278 3246 Justinus
2312 3174 2670 3264 presbyter
2698 3186 2766 3244 et
2804 3174 3067 3264 Hippo-

519 3262 723 3351 lytus,
779 3262 1122 3364 plorantes
1167 3275 1234 3332 et
1267 3263 1565 3334 multum
1617 3263 1866 3338 tristes,
1920 3262 2230 3333 tulerunt
2271 3285 2527 3354 corpus
2573 3263 2751 3352 ejus,
2791 3264 3067 3332 venien-

522 3363 758 3438 tesque
834 3374 903 3420 1n
969 3352 1329 3441 praedium
1381 3351 1629 3422 viduae
1701 3352 2020 3441 Cyriacae
2070 3353 2179 3421 via
2239 3352 2640 3443 Tyburtina.
2693 3351 2778 3421 ad
2853 3370 3066 3437 quam
3167 3344 3178 3357 “

521 3440 763 3510 beatus
814 3453 1076 3529 martyr
1122 3451 1317 3510 nocte
1350 3453 1669 3522 venerat,
1732 3441 1931 3529 eique
1978 3441 2268 3511 linteum
2328 3440 2629 3522 dederat,
2672 3461 2810 3528 quo
2857 3439 3068 3531 pedes

523 3540 921 3599 sanctorum
963 3541 1353 3610 exterserat,
1409 3551 1565 3599 cum
1629 3551 1902 3600 sacrum
1953 3551 2207 3621 corpus
2254 3529 2661 3611 abluissent,
2725 3548 2948 3615 usque
2993 3526 3070 3597 in

520 3638 875 3706 vesperam
941 3616 1083 3688 illic
1136 3617 1626 3708 deposuerunt.
1682 3622 1863 3689 Hora
1910 3630 2139 3689 autem
2195 3619 2579 3709 vespertina
2651 3617 3072 3708 sepelierunt

521 3704 697 3776 illud
747 3706 820 3775 in
854 3719 1095 3797 crypta
1126 3707 1236 3776 via
1283 3706 1664 3797 Tyburtina
1713 3707 1781 3776 in
1816 3707 2055 3777 eodem
2096 3706 2418 3809 Cyriacae
2466 3706 2713 3776 viduae
2760 3704 3069 3795 praedic,

519 3794 591 3863 in
643 3817 811 3896 agro
859 3801 1143 3877 Veran0,
1195 3808 1441 3883 quarto
1488 3795 1654 3866 Idus
1702 3796 2013 3887 Augusti,
2060 3796 2419 3887 jeJunante
2504 3816 2590 3865 ue
2635 3793 3075 3865 celebrarunt

519 3884 794 3976 vigilias
834 3885 1053 3956 noctis
1088 3884 1316 3955 triduo
1361 3907 1523 3955 cum
1575 3884 1795 3955 multa
1849 3885 2393 3955 Christianorum
2488 3883 2884 3972 requentia,
2939 3903 3070 3953 nec

520 3986 883 4044 cessarunt
929 3997 970 4044 a
1017 3973 1209 4044 luctu
1255 3984 1321 4044 et
1369 3973 1722 4064 lacrymis.
1776 3978 2020 4045 Beatus
2064 3996 2223 4044 vero
2266 3972 2587 4045 Justinus
2634 3972 2992 4063 presbyter
3035 3971 3072 4008 *

522 4061 772 4132 obtulit
819 4062 1239 4133 sacrificium
1277 4062 1528 4145 laudis,
1582 4075 1646 4133 et
1679 4063 2048 4153 participes
2092 4062 2248 4151 ejus
2293 4060 2455 4132 facti
2503 4076 2668 4133 sunt
2710 4081 2976 4132 omnes.

608 4153 646 4237 ξ
697 4156 853 4224 25.
905 4158 1272 4223 Revertens
1318 4165 1545 4222 autem
1601 4151 2038 4243 Hippolytus,
2094 4163 2246 4241 post
2301 4150 2483 4220 diem
2549 4151 2828 4221 tertium
2882 4148 3070 4219 venit

526 4236 595 4305 in
633 4237 917 4310 domum
970 4263 1193 4323 suam,
1247 4240 1790 4333 impertiensque
1835 4241 2161 4311 omnibus
2192 4262 2457 4331 pacem,
2510 4240 2714 4310 etiam
2765 4238 2979 4310 servis
3000 4247 3068 4308 et

577 4399 601 4421 ⁹
631 4399 673 4439 Β.
696 4399 922 4440 sus-rmus
949 4401 1108 4442 moab.
1127 4402 1278 4447 Mart„
1297 4402 1354 4443 de
1370 4411 1463 4452 quo
1483 4402 1682 4444 inferius
1705 4403 1892 4449 lterum,
1908 4402 2194 4443 memoratur
2209 4401 2260 4441 in
2278 4400 2520 4451 Max-tyrol.
2534 4409 2632 4442 xvu
2655 4400 2780 4449 sept.
2799 4401 2973 4441 Passus
2991 4397 3069 4439 est

524 4451 614 4493 sub
634 4450 828 4492 Claudio
849 4451 975 4494 circa
989 4464 1094 4494 ann.
1114 4464 1290 4495 ccuix.
