3308 5004
137 351 324 420 AUG.
380 353 465 419 25
2471 358 2543 422 61
2560 359 2599 421 7

680 519 922 623 VITA
985 520 1069 623 S.
1137 518 1811 624 HUNEGUNDlS
1880 519 2157 626 VlRG.

856 764 898 810 A
946 762 1232 812 unanimo
1278 727 1521 812 Anaua
1568 762 1953 812 conscmru

391 869 632 919 smmi
679 867 1120 919 oascuatoassu
1167 871 1443 919 nuruu-
1490 871 1718 919 ussnr
1764 869 2160 919 uuaswrms
2211 871 2440 922 snmus

795 1048 984 1106 Obiit
1008 1049 1199 1107 circa.
1228 1052 1362 1106 690
1394 1078 1469 1089 --
1495 1051 1654 1107 Nat.
1690 1050 2016 1138 Francor.

227 1253 618 1317 Pnnuno:
665 1252 1020 1346 Reatorum
1073 1271 1151 1318 ac
1201 1248 1744 1319 venerandorum
1799 1255 2074 1320 Patrum
2125 1250 2382 1340 scripta
2426 1270 2689 1320 memo-

140 1337 385 1408 rabilia
414 1391 433 1417 ,
488 1336 746 1424 quibus
796 1338 1105 1408 membra
1152 1350 1219 1408 et
1267 1339 1601 1408 versutias
1649 1337 1884 1408 callidi
1936 1338 2151 1410 hostis
2181 1394 2197 1419 ‚
2273 1339 2690 1428 Evangelico

138 1425 429 1498 accincti
465 1425 721 1516 gladio,
760 1426 1226 1507 confecerunt,
1270 1427 1661 1498 interiorem
1701 1427 2049 1498 hominem
2085 1439 2399 1498 nostrum
2431 1427 2690 1497 divinis

138 1514 568 1607 perfundunt
598 1515 704 1585 elo
758 1515 929 1586 uiis:
975 1538 1094 1585 nec
1139 1515 1373 1585 minus
1401 1517 1803 1587 exteriorem
1836 1530 1901 1588 et
1929 1517 2481 1607 corruptibilem,
2516 1539 2690 1605 qua-

138 1603 297 1674 dam
332 1604 672 1675 sermonis
754 1602 1104 1675 ifficultate
1138 1605 1572 1694 impeditum,
1621 1618 1929 1675 materna
1958 1606 2338 1693 eademque
2381 1607 2690 1697 virginea

138 1693 386 1764 excitat
431 1704 497 1762 et
541 1691 908 1763 confirmat
952 1692 1251 1764 collati0.
1307 1699 1398 1764 Ex
1449 1694 1557 1764 his
1605 1694 1793 1764 enim
1843 1716 2066 1786 genus
2116 1695 2440 1765 victoriae
2472 1694 2693 1766 extitit

141 1781 524 1875 egregium,
576 1803 714 1869 quo
747 1780 1067 1854 diabolus
1100 1805 1243 1852 una
1277 1806 1437 1853 cum
1474 1779 1622 1853 ‘suis
1656 1783 1895 1866 armiS,
1955 1784 2145 1854 omni
2194 1796 2296 1854 est
2331 1784 2695 1854 dominatu

138 1883 427 1942 exutus:
482 1869 804 1958 quodque
854 1871 1098 1961 primis
1141 1873 1542 1960 parentibus
1577 1871 1752 1941 vitae
1783 1872 2129 1943 excidium
2170 1873 2423 1953 attulit,
2466 1895 2586 1963 per
2621 1872 2690 1942 id

140 1962 387 2031 rur'sus
434 1958 503 2026 in
553 1959 663 2030 sui
710 1972 1164 2050 augmentum
1211 1961 1525 2032 coelestis
1576 1961 1835 2051 patriae
1887 1984 2175 2053 regnum
2214 1961 2520 2052 profecit.
2563 1967 2691 2031 Ea-

140 2049 296 2119 dem
351 2047 549 2137 plane
598 2060 866 2129 natura,
918 2070 1094 2136 quae
1143 2048 1286 2118 viro
1334 2049 1583 2134 obtulit
1632 2064 1912 2152 gustum
1969 2051 2155 2141 pomi
2203 2051 2521 2124 exitialis.
2574 2072 2694 2140 per

142 2148 415 2208 sanctas
463 2134 761 2228 virgines
808 2137 1116 2227 exempla
1170 2138 1485 2228 praebuit
1532 2162 1570 2208 a
1608 2140 1790 2209 vitiis
1831 2162 1978 2211 sese
2016 2139 2443 2220 continendi,
2479 2162 2694 2227 quae-

140 2248 277 2315 que
327 2225 624 2315 primum
676 2225 877 2296 facile
920 2228 1291 2306 consensit,
1346 2241 1423 2296 ut
1471 2226 1767 2308 caderet,
1821 2241 2136 2315 essetque
2176 2228 2595 2298 calamitatis
2627 2240 2695 2297 et

145 2314 460 2385 miseriae
508 2328 764 2384 mater:
820 2325 1053 2404 postea
1105 2338 1224 2406 per
1271 2315 1520 2386 Christi
1578 2317 1873 2406 gratiam
1939 2316 2199 2387 fortiter
2263 2317 2550 2396 restitit,
2616 2329 2694 2386 ut

147 2417 483 2493 prostrato
534 2402 714 2474 malo
761 2402 1118 2485 daemone,
1173 2427 1366 2474 soror
1405 2418 1470 2475 et
1511 2418 1728 2475 mater
1769 2403 2164 2485 Salvatoris,
2206 2406 2506 2495 gratuita
2537 2404 2693 2491 ,ejus

142 2491 471 2564 electione
521 2491 731 2563 lieret.
786 2491 878 2563 Ad
932 2492 1109 2563 hanc
1156 2492 1429 2565 divinae
1475 2494 1737 2586 gratiae
1785 2507 2036 2565 sortem
2086 2494 2391 2564 admissa
2446 2493 2693 2565 beatis·

143 2582 319 2653 sima
352 2581 814 2673 Hunegundis
847 2582 1060 2673 virgo,
1098 2605 1178 2653 ex
1216 2582 1661 2653 immaculato
1693 2582 1913 2653 divini
1947 2583 2155 2653 fontis
2187 2598 2383 2653 utero
2427 2597 2686 2663 renata,

140 2685 206 2741 et
253 2672 320 2740 in
374 2669 757 2741 Catholicae
807 2672 1048 2742 matris
1096 2672 1435 2742 Ecclesiae
1485 2673 1645 2742 sinu
1694 2673 1983 2743 educata
2033 2686 2157 2741 est.
2213 2673 2420 2758 Cujus
2474 2695 2695 2763 pauca

140 2760 483 2848 quaedam
533 2759 709 2829 vitae
754 2773 942 2851 gesta
994 2760 1357 2832 scribenda
1408 2761 1730 2851 suscepi,
1784 2761 2376 2848 quemadmodum
2428 2784 2466 2830 a
2517 2760 2693 2831 fide-

141 2848 329 2919 libus
377 2848 780 2919 hominibus
827 2851 1086 2939 accepi.
1139 2851 1434 2921 Obsecro
1482 2862 1738 2930 autem,
1794 2862 1870 2919 ut
1923 2856 2029 2919 me
2080 2849 2401 2921 ultimum
2462 2872 2694 2921 sacer-

140 2936 408 3020 dotum,
464 2949 841 3009 vestrarum
895 2960 1174 3029 precum
1226 2937 1577 3028 suffragiis
1627 2938 1992 3027 adjuvetis,
2048 2951 2124 3009 ut
2173 2944 2466 3009 Sanctus
2516 2938 2691 3008 mihi

143 3027 441 3114 Spiritus
488 3025 729 3098 adesse
774 3025 1137 3119 dignetur,
1191 3026 1311 3114 qui
1358 3039 1424 3096 et
1470 3025 1857 3097 facinorum
1923 3039 2311 3097 nostrorum
2383 3028 2693 3098 maculas

143 3114 412 3273 giluat,
482 3127 546 3185 et
612 3115 922 3207 linguam
987 3116 1070 3186 ad
1139 3114 1586 3207 explicandas
1647 3117 1938 3208 virginis
2003 3138 2112 3186 res
2171 3129 2398 3207 gestas
2443 3115 2697 3189 efficiat

197 3217 500 3273 tsertam.

235 3295 273 3380 ἓ
321 3297 397 3365 ss.
452 3297 738 3363 Summa
775 3306 842 3364 et
872 3291 1593 3384 incomprehensibilis
1624 3292 2007 3364 divinitatis
2045 3293 2493 3385 providentia,
2534 3315 2696 3364 cum

144 3403 275 3451 sua
322 3382 774 3471 omnipotenti
825 3381 1072 3451 virtute
1113 3380 1356 3451 mundi
1401 3383 1785 3472 principem
1817 3382 2187 3464 debellare,
2225 3385 2514 3471 ejusque
2549 3405 2698 3453 ma-

140 3470 388 3541 chinas
438 3492 723 3561 prorsus
768 3469 1021 3540 elidere
1068 3482 1131 3540 et
1223 3471 1538 3561 rossigare
1585 3471 1992 3551 institueret,
2034 3494 2167 3542 non
2206 3471 2428 3543 solum
2466 3486 2699 3562 poten-

142 3572 247 3630 ter
277 3558 472 3629 illum
510 3559 691 3641 vicit,
731 3560 1020 3662 ejusque
1052 3493 1273 3651 spolia
1306 3553 1626 3630 abstulit:
1670 3561 2113 3630 verumetiam
2152 3561 2416 3653 iisipsis
2451 3560 2696 3651 spoliis

198 3671 271 3718 ro
320 3670 445 3719 sua
496 3648 967 3719 misericordia
1015 3671 1164 3719 eam
1219 3649 1556 3740 praestitit
1603 3647 2081 3740 fragrantiam,
2118 3663 2197 3721 ut
2231 3648 2699 3721 sordidissimi

197 3736 363 3807 ostis
411 3737 721 3807 dominia
767 3738 1235 3818 contriverint,
1282 3738 1599 3826 factaque
1631 3738 1774 3808 sint
1817 3738 2165 3827 praeclara
2210 3738 2458 3808 Christi
2494 3737 2699 3808 lumi·

147 3826 368 3907 naria,
420 3847 599 3913 quae
646 3826 915 3897 fuerant
961 3840 1161 3898 antea
1210 3826 1563 3897 tenebrosa
1597 3840 1665 3898 et
1692 3826 2011 3897 obscura.
2049 3832 2260 3915 Atque
2291 3828 2421 3897 hoc
2453 3827 2699 3897 ordine

148 3915 395 3984 mundi
444 3915 784 4005 Principis
830 3929 1097 4007 sceptra
1143 3914 1627 3987 crudelissima
1671 3929 2051 3996 mutantur,
2090 3916 2317 3987 omnis
2356 3916 2576 4006 portio
2608 3928 2699 3985 te·

148 4003 519 4073 nebrarum
568 4023 729 4073 cum
781 4004 927 4075 suis
975 4003 1389 4075 satellitibus
1438 4017 1626 4075 tanto
1674 4005 1928 4105 jubare
1979 4004 2406 4093 dissipatur,
2475 4004 2740 4075 oritur.

150 4112 274 4182 per
315 4092 551 4162 orbem
600 4104 939 4164 terrarum
987 4116 1160 4164 nova
1211 4091 1325 4164 lux
1373 4105 1437 4163 et
1484 4093 1848 4185 gaudmm,
1906 4093 2325 4164 submittunt
2375 4092 2699 4163 mortales

147 4178 327 4251 colla
371 4202 500 4251 sua
548 4182 716 4272 Regi
765 4204 1032 4273 regum.
1091 4182 1559 4273 paulatimque
1607 4205 1644 4252 a
1698 4181 1864 4252 solis
1912 4196 2068 4253 ortu
2116 4204 2338 4270 usque
2377 4180 2461 4251 ad
2504 4204 2699 4252 occa-

148 4290 335 4349 sum,
390 4270 636 4341 Christi
687 4270 779 4341 im
837 4271 1059 4341 crium
1111 4283 1555 4362 propagatur.
1610 4276 1689 4341 In
1738 4271 1996 4360 quibus
2045 4276 2461 4342 Francorum
2500 4293 2693 4362 gens,

149 4356 392 4427 multis
438 4360 733 4451 egregiis
807 4359 1205 4431 acinoribus
1252 4360 1653 4450 conspicua,
1711 4381 1835 4429 nec
1886 4361 2127 4450 paucis
2176 4360 2554 4451 triumphis
2585 4382 2698 4431 ce-

146 4444 543 4531 leberrima,
598 4449 864 4521 tametsi
899 4449 1164 4519 tardius
1192 4448 1279 4519 ad
1315 4447 1564 4519 Christi
1603 4447 2003 4540 religionem
2040 4449 2354 4532 accessit,
2394 4449 2515 4520 ubi
2547 4449 2700 4540 ejus
