3308 5004
709 346 840 412 338
1219 364 1298 412 ns
1344 362 1731 413 mammona
1778 363 2059 412 amriss.
2112 361 2284 410 vino.
2338 364 2580 411 naama
2847 343 3037 410 ΑΗΕ.
3106 344 3197 410 45

621 462 974 536 tamquam
1026 446 1319 518 vitulum
1355 448 1776 539 saginatum.
1815 447 2252 526 sacrificavit,
2290 460 2356 518 et
2394 467 2593 517 verae
2629 447 2863 517 vineae
2892 447 3193 516 botrum

620 537 954 608 calcavit:
1008 537 1078 605 in
1108 559 1247 625 qua
1278 537 1588 607 Christus
1636 536 2022 626 adspicitur
2067 537 2156 606 ab
2203 540 2250 605 Α
2304 535 2544 607 ostolis
2590 557 2883 626 surgens
2915 559 2955 605 a
2992 557 3199 605 mor-

622 627 783 707 tuis,
836 637 901 697 et
933 624 1140 695 fidem
1190 624 1350 696 facit
1379 625 1701 706 Thomae‚
1752 638 1818 694 et
1868 646 1988 714 per
2032 647 2188 695 eum
2268 624 2506 694 inibus
2556 636 2794 705 terrae,
2844 624 3037 712 quod
3098 625 3197 694 sit

621 719 798 786 Deus
843 727 909 785 et
956 714 1338 785 Dominus:
1392 714 1571 784 duas
1617 714 1689 783 in
1749 735 1823 783 se
1881 712 2107 784 ferens
2146 726 2433 785 naturas
2464 767 2480 792 ‚
2543 715 2747 784 etiam
2801 727 3192 805 postquam

619 804 915 874 surrexit
959 825 1002 873 a
1040 803 1355 885 mortuiS,
1394 817 1460 874 et
1489 803 1590 874 eis
1628 803 2115 873 convenienter
2144 802 2322 872 duas
2350 804 2784 893 operationes
2813 816 2880 873 et
2912 802 3192 873 liberas

617 893 1024 973 voluntates,
1074 913 1252 979 quae
1299 892 1654 962 durabunt
1704 892 1770 960 in
1810 891 2122 962 seculum
2159 891 2540 961 infinitum.

706 983 742 1069 ξ
787 985 865 1054 7.
918 986 1099 1051 Haec
1145 991 1249 1051 est
1294 1003 1413 1051 arx
1461 979 1949 1050 Ecclesiarum.
2003 985 2184 1050 Haec
2230 991 2333 1052 est
2371 979 2845 1050 habitaculum
2881 984 3189 1069 Aposto-

618 1070 869 1141 lorum.
923 1074 1000 1139 In
1043 1069 1171 1139 hac
1211 1069 1631 1141 sanctissimi
1689 1069 1986 1160 Spiritus
2039 1070 2108 1138 in
2148 1070 2357 1139 variis
2404 1069 2594 1139 sonis
2639 1082 2706 1138 et
2739 1069 3003 1159 linguis
3039 1123 3057 1149 ,
3118 1082 3190 1139 et

618 1159 689 1228 in
737 1159 965 1250 specie
1020 1157 1205 1249 ignis
1249 1158 1513 1229 effusus
1561 1157 1692 1227 fuit
1746 1157 2083 1228 adventus
2115 1158 2475 1248 Apostolis.
2535 1162 2612 1226 In
2664 1156 2793 1226 hac
2833 1179 2995 1227 cum
3059 1157 3187 1227 ille

617 1247 1002 1339 Theologus
1038 1246 1414 1338 accepisset
1445 1246 1832 1338 Deiparam‚
1865 1246 2436 1318 subministrabat
2464 1248 2526 1317 ei
2555 1269 2659 1319 ea.
2695 1246 2953 1333 quibus
2984 1268 3188 1335 opus

617 1336 939 1407 habebat.
983 1341 1162 1406 Haec
1202 1348 1304 1405 est
1362 1348 1578 1407 mater
1616 1335 2104 1418 Ecclesiarum,
2157 1357 2335 1424 quae
2382 1348 2545 1407 sunt
2593 1357 2714 1425 per
2759 1335 3181 1405 universum

618 1426 853 1496 orbem
907 1437 1148 1494 terrae.
1202 1429 1279 1494 In
1332 1423 1460 1494 hac
1509 1424 1716 1494 vitam
1766 1426 1904 1516 egit
1952 1426 2063 1495 Dei
2101 1430 2331 1506 Mater,
2369 1439 2731 1516 postquam
2776 1423 2962 1493 filius
3005 1445 3184 1494 sur-

618 1514 789 1584 rexit
833 1536 876 1584 a
937 1513 1250 1584 mortuis.
1305 1518 1381 1583 In
1430 1533 1511 1583 ea
1565 1534 1731 1603 ergo
1785 1515 1982 1584 beata
2029 1514 2231 1605 Virgo
2292 1515 2554 1585 'acebat
2600 1535 2812 1603 super
2858 1512 3180 1599 aliquem

616 1600 1098 1674 felicissimum
1151 1601 1426 1672 lectum.
1481 1602 1608 1671 Sed
1667 1625 1829 1673 cum
1892 1603 1975 1672 ad
2029 1603 2217 1673 hunc
2279 1539 2512 1673 locum
2581 1602 2887 1693 pervenit
2944 1602 3185 1671 oratio

612 1691 740 1849 gut
776 1691 1140 1761 enunciem
1193 1711 1421 1760 meum
1471 1691 1689 1760 animi
1742 1690 2050 1780 motum)
2095 1691 2583 1761 ardentissima
2636 1712 2967 1761 accensus
3016 1689 3185 1760 face

664 1779 967 1861 esiderii,
1020 1802 1060 1849 a
1107 1779 1407 1867 quodam
1461 1779 1743 1850 horrore
1787 1801 2093 1869 occupor
2138 1793 2204 1851 et
2253 1780 2603 1870 lacrymis,
2656 1802 2835 1866 quae
2885 1780 3185 1868 pariunt

614 1869 941 1938 laetitiam
976 1923 992 1948 ,
1046 1868 1278 1959 ipsum
1328 1868 1607 1938 beatum
1658 1881 1722 1937 et
1768 1868 2139 1939 amabilem
2199 1868 2452 1939 lectum
2507 1868 2974 1958 amplectenS‚
3046 1869 3185 1956 qui

615 1969 719 2027 est
766 1958 1016 2047 plenus
1059 1955 1461 2027 miraculis:
1515 1957 1638 2044 qui
1685 1959 1949 2048 accepit
1992 1958 2511 2029 tabernaculum
2541 2013 2556 2040 ,
2607 1958 2789 2045 quod
2840 1970 2940 2027 est
2985 1958 3185 2027 vitae

616 2046 1096 2136 principium,
1166 2058 1234 2115 et
1296 2045 1449 2133 ejus
1518 2046 1912 2117 accessione
1975 2045 2103 2116 fuit
2169 2047 2511 2137 particeps
2566 2044 3174 2117 sanctificationis

617 2139 856 2221 Ipsum
878 2157 1181 2216 sacrum,
1204 2147 1410 2221 atque
1429 2134 1599 2204 adeo
1621 2136 2169 2206 sacratissimum
2196 2134 2747 2213 tabernaculum,
2769 2146 2834 2203 et
2853 2148 3091 2224 specta
3103 2148 3180 2204 tu

620 2222 1141 2314 dignissimum,
1198 2222 1368 2292 mih'i
1427 2223 1706 2293 videbar
1763 2225 2063 2315 propriis
2108 2224 2471 2315 complecti
2526 2224 2873 2303 manibuS,
2923 2223 3179 2293 oculos

620 2324 685 2381 et
735 2312 950 2393 labra,
985 2325 1051 2382 et
1087 2311 1405 2391 frontem,
1459 2325 1524 2382 et
1571 2312 1856 2394 collum,
1892 2326 1957 2383 et
1996 2335 2208 2403 genas
2257 2312 2587 2383 membris
2636 2312 3034 2382 admovens,
3097 2318 3178 2381 Et

618 2414 1010 2471 contactum
1063 2402 1292 2482 sensi,
1348 2401 1633 2491 perinde
1696 2402 1836 2471 acsi
1898 2412 2239 2472 constaret
2303 2424 2397 2471 ex·
2438 2401 2781 2493 praesenti
2849 2421 3169 2489 corpore.

618 2490 748 2562 Sed
782 2513 938 2560 cum
975 2513 1193 2561 essem
1230 2490 1762 2581 contemplatuS,
1804 2513 1934 2561 non
1983 2493 2168 2581 potui
2206 2491 2435 2561 videre
2465 2490 2711 2571 oculis,
2756 2489 2937 2578 quod
2980 2488 3173 2559 desi-

617 2580 971 2650 derabam.
1024 2579 1377 2662 Quomodo
1425 2580 1660 2660 enim,
1716 2580 1901 2666 quod
1962 2581 2262 2650 sublime
2311 2593 2585 2671 raptum
2640 2592 2743 2650 est
2789 2580 2856 2648 in
2909 2579 3172 2669 templa

616 2668 989 2739 coelestia?
1038 2674 1113 2738 Et
1161 2669 1329 2738 haec
1359 2669 1637 2755 quidem
1686 2689 1895 2738 nunc.

708 2766 745 2840 ἓ
793 2761 875 2829 S.
930 2758 1224 2841 Quinam
1293 2770 1519 2827 autem
1573 2757 1635 2826 ei
1697 2757 1915 2827 habiti
1977 2769 2140 2826 sunt
2205 2757 2502 2828 honores
2547 2760 2636 2829 ab
2698 2779 2777 2826 eo
2847 2756 2971 2843 qui
3018 2754 3169 2847 lege

616 2846 843 2916 sanxit
873 2867 1022 2917 esse
1051 2845 1494 2916 honorandos
1544 2859 1860 2936 parentes
1884 2849 1915 2913 *Γ
1964 2850 2091 2916 Eos
2119 2845 2427 2932 quidem,
2466 2847 2588 2936 qui
2637 2846 2932 2936 dispersi
2971 2860 3166 2915 erant

616 2957 735 3025 per
764 2935 1164 3003 universum
1216 2935 1450 3004 orbem
1505 2947 1745 3015 terrae,
1803 2933 2306 3022 multiplicibus
2353 2949 2416 3004 et
2465 2935 2697 3015 variis,
2755 2933 2875 3003 sed
2928 2955 3161 3003 nume·

610 3022 789 3094 rosis
821 3022 1082 3113 linguis
1115 3023 1424 3113 spiritus,
1462 3037 1528 3092 et
1575 3023 1761 3093 verbi
1815 3023 2071 3113 sagena
2106 3036 2344 3112 captos
2379 3023 2694 3093 homines
2729 3023 3163 3092 deducebant

611 3134 692 3182 ex
747 3110 1090 3202 profundo
1138 3112 1390 3181 erroris
1445 3112 1530 3181 ad
1583 3110 1961 3201 spiritalem
2024 3123 2090 3180 et
2136 3111 2495 3182 coelestem
2552 3134 2861 3182 mensam
2914 3131 3161 3181 coenae

619 3201 991 3290 mysticae:
1046 3200 1270 3281 sacri,
1325 3201 1606 3287 inquam
1643 3255 1659 3272 .
1714 3199 2007 3272 convivii
2060 3201 2478 3291 spiritalium
2545 3201 2784 3291 sponsi
2850 3198 3160 3270 coelestis

617 3288 1048 3377 nuptiarum,
1101 3311 1276 3376 quas
1325 3294 1517 3358 Pater
1564 3289 1757 3365 Filio,
1801 3289 1922 3376 qui
1969 3302 2070 3360 est
2123 3289 2434 3379 ejusdem
2495 3303 2783 3359 naturae
2822 3303 2889 3359 et
2926 3301 3158 3378 poten-

617 3377 771 3455 tiae,
813 3376 1176 3467 splendide
1229 3377 1528 3447 celebrat
1573 3388 1637 3446 et
1686 3377 1888 3468 plane
1939 3400 2028 3467 re⁷
2062 3378 2146 3448 ie.
2199 3383 2352 3459 Eos,
2409 3379 2714 3467 inquam,
2759 3379 3007 3469 jussus
3055 3377 3157 3446 di·

613 3465 841 3545 vinus,
892 3487 1137 3556 nempe
1175 3467 1416 3547 nubes,
1456 3480 1807 3553 tamquam
1842 3488 1979 3553 quo
2033 3467 2192 3536 dam
2232 3480 2394 3549 rete,
2447 3468 2735 3558 urgebat
2773 3489 2854 3537 ex
2905 3466 3159 3535 finibus

614 3567 856 3633 terrae,
910 3553 1120 3624 veluti
1169 3554 1506 3641 quasdam
1558 3555 1827 3642 aquilas
1876 3577 2131 3646 cogens
2176 3567 2242 3626 et
2287 3577 2741 3647 congregans.
2798 3557 2925 3626 Ubi
2975 3555 3156 3625 enim

608 3643 923 3723 cadaver,
971 3641 1114 3713 illic
1147 3644 1673 3801 congregandas
1710 3667 1860 3715 esse
1892 3645 2164 3741 aquilas
2195 3700 2210 3725 ,
2270 3645 2442 3714 dixit
2489 3646 2770 3716 Veritas.
2817 3650 2983 3714 Nam
3036 3644 3155 3714 etsi

609 3733 695 3803 de
735 3731 981 3823 ipsiuS‚
1026 3732 1142 3818 qui
1196 3732 1363 3802 haec
1457 3734 1597 3812 ixit,
1652 3755 1905 3824 magno
1952 3747 2017 3803 et
2063 3732 2363 3824 glorioso
2410 3733 2709 3803 adventu
2769 3733 2836 3801 id
2889 3732 3160 3823 praedi·

607 3835 794 3894 ctum
840 3821 1010 3890 fuit:
1049 3843 1182 3890 non
1227 3821 1526 3892 absurde
1560 3834 1813 3901 tamen,
1851 3835 2203 3909 tamquam
2237 3823 2585 3910 quoddam
2637 3823 3156 3892 condimentum

609 3911 980 3992 orationis,
1033 3909 1145 3979 hic
1193 3933 1469 3998 quoque
1521 3923 1939 3982 assumetur.
2012 3911 2308 3981 Aderant
2368 3933 2530 4002 ergo
2578 3911 2624 3980 ii
2691 3912 2808 3998 qui
2860 3912 3156 3980 Verbum

606 4013 671 4070 et
719 4001 852 4091 ipsi
895 3999 1231 4080 viderant,
1266 4011 1332 4069 et
1369 4001 1430 4069 ei
1472 4000 1870 4080 servierant,
1907 3999 2060 4087 ejus
2100 4021 2376 4088 quoque
2416 4001 2643 4080 matri,
2684 4013 2761 4068 ut
2791 3999 3154 4076 debebant,

611 4089 1095 4170 ministraturi,
1148 4101 1215 4157 et
1263 4101 1615 4177 tamquam
1652 4089 2077 4177 praeclaram
2140 4101 2206 4158 et
2260 4089 2626 4180 pretiosam
2671 4087 3155 4158 haereditatem

610 4177 697 4246 ab
745 4200 825 4248 ea
877 4176 1208 4248 hausturi·
1254 4178 1827 4248 benedictionem.
1883 4178 2005 4247 Cui
2052 4179 2235 4248 enim
2288 4177 2584 4248 dubium
2624 4190 2765 4259 est,
2811 4199 2962 4246 eam
3015 4196 3159 4246 esse

611 4264 863 4335 fontem
916 4266 1439 4348 benedictionis,
1484 4277 1549 4337 et
1595 4265 1912 4336 omnium
1963 4267 2300 4336 bonorum
2348 4267 2893 4358 scaturiginem?
2943 4263 3156 4336 Simul

616 4364 843 4425 autem
875 4355 1172 4425 'aderant
1216 4377 1452 4425 eorum
1504 4376 1780 4442 quoque
1827 4355 2153 4436 asseclae,
2215 4367 2278 4424 et
2317 4377 2789 4434 successores,
2835 4367 2900 4424 et
2960 4352 3155 4424 mini·

617 4442 800 4514 sterii
829 4453 893 4512 et
931 4443 1430 4514 benedictionis
1463 4442 1673 4515 simul
1705 4443 1923 4515 futuri
1951 4444 2345 4535 participes
2398 4449 2709 4528 Quorum
2756 4444 2943 4515 enim
2973 4442 3161 4514 labor
