3308 5004
748 365 881 438 ⁴32
1663 381 1744 430 nt
1791 382 1849 430 s.
1901 379 2205 431 commeo
2755 427 2760 436 ,
2909 361 3072 430 AUG.
3112 363 3143 430 t

655 473 878 546 sancti
925 470 1206 543 fiebant.
1260 468 1370 540 Sic
1417 490 1604 560 ergo,
1654 480 1737 537 ut
1784 488 2062 558 semper
2099 477 2392 557 optarat,
2431 465 2850 538 fructificans
2880 464 3145 556 profecit,

654 577 784 635 nec
845 573 1076 633 tamen
1125 557 1361 629 animo
1407 557 1563 628 e'us
1627 556 1963 627 charitate
2002 554 2287 626 dilatato
2349 557 2641 626 suffecit.
2714 555 2952 626 Diffusa
2995 555 3151 624 enim

653 665 800 723 erat
840 651 911 721 i‘n
956 648 1162 720 corde
1207 647 1362 735 ejus
1407 669 1443 718 c
1499 647 1711 716 aritas
1746 666 1868 737 per
1901 644 2234 735 Spiritum
2288 649 2640 728 Sanctum,
2691 645 2806 734 qui
2847 644 3156 714 habitabat

655 740 730 812 in
768 761 888 823 ec,
951 751 1019 809 et
1061 736 1386 827 cupiebat
1449 757 1692 806 omnes
1739 755 1890 805 esse
1936 735 2007 804 in
2058 735 2440 806 visceribus
2494 735 2653 804 lesu
2700 734 2959 804 Christi.
3004 737 3157 805 Haec

654 847 959 916 namque
993 826 1310 918 piissima
1357 825 1649 904 affectiO,
1701 834 1769 893 et
1818 828 1951 893 Deo
2000 823 2480 914 gratissimum
2516 823 2926 895 desiderium
2955 878 2970 903 ,
3023 841 3160 891 san-

654 919 1048 989 ctissimum
1098 928 1339 1006 pectus
1385 915 1536 1006 ejus
1576 913 1714 983 sibi
1770 912 2218 996 vendicarat,
2279 924 2356 983 ut
2413 913 2686 983 animas
2736 913 3158 1003 proximorum

656 1007 1065 1088 lucraretur,
1117 1016 1183 1074 et
1229 1025 1355 1073 suo
1389 1003 1842 1094 conjungeret
1875 1003 2194 1072 Creatori.
2236 1005 2376 1072 Hoc
2407 1000 2735 1092 lacrymis
2773 1015 2838 1072 et
2882 999 3163 1091 precibus

652 1116 694 1167 a
733 1095 1023 1166 Domino
1079 1091 1478 1163 contendit:
1534 1091 1663 1161 hoc
1709 1089 2136 1163 ferventibus
2192 1091 2690 1172 concionibuS‚
2745 1101 2808 1161 et
2854 1087 3163 1181 perfectis-

656 1185 858 1256 simis
907 1183 1161 1253 studiis
1218 1203 1254 1251 e
1307 1182 1407 1250 it:
1473 1192 1540 1250 et
1589 1179 1964 1271 praeclaris
2026 1202 2148 1272 per
2209 1202 2368 1250 eum
2447 1181 2779 1250 Dominus
2850 1175 3167 1247 miraculis

654 1272 1048 1364 complevit.
1104 1274 1273 1360 Opta
1328 1283 1396 1339 at
1441 1268 1757 1360 impendi
1790 1281 1857 1339 et
1903 1268 2429 1361 superimpendi
2482 1291 2605 1359 pro
2652 1269 3029 1339 animarum
3076 1285 3167 1334 sa-

655 1360 822 1444 lute,
853 1362 1065 1448 idque
1093 1380 1283 1428 exem
1343 1358 1408 1429 lo
1434 1358 1828 1440 Salvatoris,
1866 1359 1987 1446 qui
2022 1359 2328 1449 seipsum
2366 1358 2651 1428 tradidit
2682 1379 2807 1448 pro
2839 1354 3172 1426 animabus

653 1451 934 1521 nostris.
988 1448 1169 1519 Nihil
1219 1380 1336 1517 vel)
1373 1460 1510 1516 tarn
1561 1445 1986 1518 laboriosum
2026 1502 2041 1529 ‚
2094 1446 2196 1517 vel
2247 1447 2554 1517 terribile
2602 1448 2827 1537 potuit
2871 1443 3167 1521 accidere,

653 1538 841 1629 quod
890 1560 1015 1629 pro
1070 1536 1291 1607 salute
1356 1535 1649 1627 proximi
1713 1536 2103 1627 resugeret:
2159 1534 2334 1605 nihil
2386 1548 2523 1605 tarn
2582 1558 2822 1606 carum
2875 1546 2991 1605 aut
3032 1530 3174 1601 adeo

656 1628 1037 1719 pretiosum
1076 1625 1332 1706 offerri,
1383 1624 1567 1712 quod
1618 1646 1755 1695 non
1806 1625 2128 1695 charitati
2177 1626 2639 1716 posthaberet,
2693 1638 2759 1695 et
2805 1624 2958 1712 ejus
2992 1620 3175 1691 causa

652 1727 1048 1818 exponeret.
1100 1719 1194 1784 Ea
1243 1714 1458 1805 igitur
1502 1719 1672 1782 cura
1718 1726 1784 1784 et
1832 1713 2278 1785 solicitudine
2316 1736 2473 1783 eum
2520 1714 2970 1794 stimulante,
3017 1721 3088 1781 ut
3125 1717 3177 1776 et

655 1823 929 1876 animas
968 1804 1260 1874 Domino
1289 1802 1685 1884 adduceret,
1723 1816 1791 1872 et
1836 1803 2160 1874 Ordinem
2201 1825 2407 1873 suum
2447 1814 2886 1895 propagaret,
2920 1801 3004 1871 ab
3029 1798 3176 1896 Urbe

656 1894 847 1964 misit
902 1893 1282 1964 Bononiam
1350 1890 1593 1961 fratres
1651 1897 1988 1961 Joannem
2041 1905 2106 1962 et
2152 1892 2659 1974 Bet-trandum,
2718 1911 2902 1962 anno
2964 1887 3180 1960 Christi

653 2004 955 2054 uccxvm.
1009 1980 1265 2052 Deinde
1303 1980 1446 2050 illis
1493 1980 1810 2071 adjunxit
1856 1980 2132 2054 fratrem
2171 1981 2640 2051 Christianum
2692 1997 2760 2052 et
2800 1985 3180 2051 Conversum

655 2071 1055 2173 quemdam.
1108 2071 1169 2139 Ii
1214 2069 1558 2139 Bononiae
1606 2070 1975 2161 degentes,
2034 2093 2324 2161 magnas
2374 2071 2808 2162 paupertatis
2856 2064 3183 2161 angustias

707 2182 781 2230 er
832 2182 969 2232 essi
1019 2172 1268 2230 sunt...
1393 2226 1409 2235 ,

657 2179 702 2252 p
744 2183 966 2338 §p18.
1018 2252 1184 2319 Cum
1237 2249 1479 2319 beatus
1529 2248 1633 2316 vir
1679 2252 1936 2318 Romae
1983 2247 2169 2340 apud
2221 2258 2530 2317 sanctam
2595 2247 2930 2318 Sabinam
2973 2245 3043 2314 in
3085 2245 3186 2312 Ec-

654 2337 866 2408 clesia
896 2341 1209 2408 Fratrum
1261 2359 1385 2427 pro
1421 2337 1936 2437 ,consuetudine
1986 2359 2111 2406 sua
2162 2347 2630 2428 pernoctaret,
2690 2351 2758 2407 et
2792 2337 2937 2438 jam
2991 2330 3189 2432 media

654 2439 852 2498 nocte
899 2438 1148 2507 oraret,
1204 2439 1476 2495 cunctls
1523 2425 1857 2497 fratribus
1890 2426 2434 2515 quiescentibus,
2474 2425 2542 2494 in
2585 2424 3070 2496 dormitorium
3105 2440 3188 2488 tn·

654 2539 961 2607 gressuS,
1019 2518 1090 2587 in
1124 2515 1425 2602 quadam
1475 2517 1625 2607 ejus
1679 2530 1867 2607 parte
1901 2516 2233 2599 constitit,
2283 2516 2568 2585 Domino
2619 2538 2870 2617 preces
2901 2514 3187 2608 offerens.

655 2606 948 2676 Elevatis
978 2619 1207 2676 autem
1242 2604 1489 2687 oculis,
1527 2605 1696 2674 vidit
1735 2606 1821 2676 ab
1855 2605 1994 2675 alia
2033 2618 2223 2696 parte
2262 2618 2399 2675 tres
2445 2604 2872 2675 admlranda
2909 2599 3192 2694 pulchri-

654 2695 895 2765 tudine
933 2696 1281 2786 virgines‚
1339 2694 1408 2763 in
1467 2695 1691 2781 iisque
1739 2695 2040 2764 mediam
2090 2693 2314 2764 forma
2370 2692 2963 2785 incomparabili:
3017 2688 3195 2778 cujus

654 2784 833 2854 aliae
882 2785 1064 2853 latus
1112 2782 1530 2853 claudebant
1576 2784 1953 2870 utrinque:
2007 2795 2073 2852 et
2118 2805 2258 2853 una
2307 2783 2592 2871 quidem
2626 2784 2897 2854 ferebat
2937 2778 3194 2851 situlam

655 2871 1093 2963 splendidam
1142 2883 1209 2941 et
1254 2871 1687 2961 elegantem:
1741 2872 1956 2941 altera
2006 2893 2159 2941 vero
2207 2872 2666 2963 aspergillum
2714 2871 3106 2964 porrigebat
3139 2865 3197 2933 in

655 2961 884 3031 medio
933 2958 1277 3051 gradienti
1325 2960 1649 3050 Reginae.
1690 2961 2060 3030 Transiens
2105 2982 2269 3051 ergo
2318 2962 2579 3052 Regina
2613 2983 2786 3032 cum
2831 2957 3200 3050 virginibus

658 3071 779 3140 per
809 3048 1323 3129 dormitorium,
1368 3048 1683 3143 singulos
1730 3049 1975 3119 fratres
2015 3049 2164 3119 suis
2211 3049 2281 3118 in
2335 3049 2528 3120 lectis
2575 3052 3023 3137 quiescentes
3059 3065 3205 3115 con-

657 3136 1046 3228 spergebat,
1098 3158 1352 3223 eosque
1400 3138 1636 3206 Crucis
1686 3139 1885 3240 signo
1942 3138 2417 3229 consignabat.
2477 3143 2712 3209 Unum
2761 3140 2990 3209 solum
3027 3154 3204 3226 prae-

558 3304 567 3315 ,
657 3226 860 3307 teriit‚
898 3225 1076 3295 nihil
1110 3227 1172 3294 ei
1213 3226 1428 3312 hujus
1458 3227 1720 3316 gratiae
1755 3227 2202 3318 impertiens:
2256 3242 2333 3298 ut
2363 3227 2635 3299 discant
2679 3228 2968 3319 posteri,
3014 3241 3205 3314 quam

655 3315 1016 3405 religionis
1070 3314 1515 3403 disciplinam
1550 3369 1565 3395 ‚
1627 3315 1813 3403 quod
1866 3315 2244 3407 pudicitiae
2296 3317 2605 3388 studium
2664 3317 2836 3388 velit
2897 3318 2970 3385 in
3028 3310 3208 3382 nobis

652 3415 881 3473 extare
926 3403 1132 3474 etiam
1174 3403 1705 3485 dormientibus,
1750 3404 2039 3476 visitans
2073 3428 2201 3475 nos
2247 3406 2440 3474 omni
2483 3419 2802 3496 tempore
2840 3401 3214 3475 misericor-

654 3491 811 3561 diae
844 3497 1076 3562 Mater.
1117 3490 1414 3562 Advertit
1442 3492 1571 3561 hoc
1603 3493 1846 3564 beatus
1888 3494 2314 3575 DominicuS,
2360 3495 2527 3582 quid
2578 3494 2784 3566 fratri
2820 3494 3207 3566 accidisset:

654 3602 1088 3671 surgensque
1135 3604 1177 3650 a
1226 3602 1448 3672 prece,
1506 3582 1809 3673 Reginae
1849 3584 2186 3675 processit
2229 3583 2527 3666 obviam,
2569 3584 2697 3654 ubi
2742 3585 3023 3676 lampas
3068 3578 3218 3650 dor-

654 3670 915 3741 mitorii
967 3669 1330 3760 pendebat,
1385 3669 1469 3740 ad
1504 3671 1796 3761 ejusque
1845 3685 2229 3764 prostratus
2278 3672 2536 3765 pedes:
2589 3674 2930 3755 ObsecrO,
2975 3674 3043 3742 in
3095 3668 3210 3745 uit,

650 3760 960 3860 Domina·
990 3781 1165 3842 mea,
1218 3758 1448 3828 indica
1498 3783 1693 3830 servo
1742 3773 1883 3842 tu0,
1938 3783 2277 3848 quaenam
2332 3762 2448 3833 sis.
2505 3761 2795 3832 Dicebat
2843 3763 3016 3843 hoc,
3050 3693 3219 3828 tlicet

649 3870 804 3918 eam
855 3848 1107 3939 splritu
1154 3861 1618 3938 cognosceret.
1672 3854 1797 3920 Per
1826 3851 1897 3920 id
1936 3863 2209 3940 tempus
2244 3850 2649 3942 antiphona,
2705 3855 2924 3923 Salve
2959 3850 3213 3939 reqinffi

651 3939 724 4007 in
760 3936 1091 4008 coenobio
1124 3936 1412 4006 fratrum
1466 3949 1530 4006 et
1577 3960 1892 4009 sororum
1945 3943 2201 4010 Romae
2231 3940 2425 4009 flexis
2475 3939 2782 4030 genibus
2815 3941 2974 4010 sine
3018 3946 3224 4008 cantu

653 4026 1036 4098 dicebatur.
1083 4025 1463 4117 Respondit
1509 4027 1571 4096 ei
1614 4027 1903 4098 Domina
1939 4052 1954 4098 ε
2011 4032 2149 4119 Ego
2188 4050 2343 4099 sum
2384 4027 2502 4098 illa
2534 4028 3073 4100 misericordiae
3104 4031 3224 4095 Re-

706 4115 845 4200 ina,
878 4137 1089 4203 quam
1123 4115 1429 4204 quotidie
1459 4116 1543 4185 ad
1581 4138 1933 4207 vesperam
1969 4118 2103 4208 piis
2135 4117 2483 4187 mentibus
2509 4116 2900 4188 invocatis:
2931 4132 3226 4203 cumque

665 4291 679 4304 ⁶
712 4204 913 4285 icitis,
950 4207 1080 4295 Eja
1111 4228 1269 4306 erqo
1309 4206 1639 4275 advocata
1669 4216 1938 4276 nostra:
1971 4218 2332 4308 prosterno
2365 4228 2470 4276 me
2504 4227 2744 4275 coram
2785 4207 2991 4288 Filio,
3025 4224 3228 4277 orans

658 4290 863 4362 illum
894 4315 1017 4384 pro
1046 4294 1325 4365 Ordinis
1357 4294 1570 4384 hujus
1605 4308 2145 4366 conservatlone.
2202 4298 2372 4366 Tum
2411 4293 2526 4365 ille
2556 4310 2908 4387 concepta
2939 4293 3222 4367 fiducia:

657 4386 847 4464 Quae
884 4395 1083 4464 sunt,
1136 4383 1387 4471 inquit,
1441 4406 1480 4454 o
1528 4384 1818 4454 Domina
1851 4439 1868 4464 ‚
1920 4386 2024 4454 vir
2079 4384 2223 4454 ‘nes
2271 4383 2839 4473 speciosissimae
2871 4441 2888 4469 ,
2939 4408 3123 4475 quae
3170 4394 3229 4452 te

655 4470 1132 4542 comitantur?
1177 4470 1554 4563 Respondit
1611 4472 1775 4543 illa:
1829 4474 2019 4545 Caeci
2053 4473 2116 4543 ia
2167 4482 2235 4544 et
2279 4473 2663 4544 Catharina.
2723 4478 3015 4548 Rursus
3065 4471 3223 4545 ille:
