3308 5004
658 341 785 407 334
1159 358 1238 405 mi
1285 356 1670 406 boumont
1717 356 1997 406 aaauss.
2051 356 2222 405 vtae.
2276 351 2519 404 naun
2788 333 2974 402 AUG.
3031 334 3127 401 15

567 442 866 533 Spiritus
913 441 1280 531 excipienS,
1333 453 1399 511 et
1453 440 1524 510 in
1573 442 1807 512 animo
1849 463 2087 532 pacem
2154 440 2443 521 habenS,
2496 439 2809 529 ejusdem
2879 437 3135 509 Sancti

567 531 864 622 Spiritus
910 530 1390 612 diversorium,
1434 540 1521 607 ct,
1560 541 1638 600 ut
1685 530 2086 600 summatim
2119 528 2375 603 dicam.
2408 529 2723 598 omnium
2766 528 3127 597 bonorum

566 620 978 701 thesaurus,
1030 620 1117 689 ob
1163 618 1373 705 idque
1422 618 2036 689 maximolumine
2082 617 2297 721 digna
2351 617 2530 687 facta
2575 638 2687 697 eS,
2739 638 2902 686 cum
2954 637 3131 684 san-

567 721 832 778 ctorum
876 708 1123 778 turmis
1185 705 1394 777 simul
1460 729 1765 788 versans,
1817 720 1882 777 et
1936 729 2100 778 cum
2142 717 2495 794 justorum
2544 706 2813 775 choreis
2865 704 3125 773 hilaris

566 817 707 867 una
752 796 1041 867 chorum
1089 796 1387 866 ducens:
1442 796 1538 866 sis
1571 797 1788 868 nostri
1838 817 2124 877 memor,
2161 796 2281 882 qui
2321 794 2518 866 factis
2553 795 2689 863 tuis
2724 793 3121 863 laetamur:

566 907 733 955 cura
765 906 1077 955 sororum
1127 907 1430 976 gregem,
1483 906 1690 971 quem
1742 886 2043 975 propriis
2090 883 2449 955 laboribus
2486 882 2971 974 congregasti:
3017 902 3128 950 re·

567 973 756 1064 spice
784 974 991 1043 vitam
1046 984 1375 1057 nostram,
1430 973 1670 1042 multis
1716 973 1930 1061 hujus
1977 973 2221 1043 mundi
2269 971 2843 1042 fluctuationibus
2890 970 3123 1072 agita-

567 1075 730 1143 tam,
775 1075 851 1132 ut
886 1084 1007 1153 per
1040 1075 1193 1132 tuas
1226 1083 1461 1152 preces
1488 1075 1722 1131 sancte
1747 1063 2074 1145 viventeS,
2110 1073 2175 1131 et
2208 1062 2472 1150 laqueis
2497 1059 2757 1130 diaboli
2796 1059 3124 1130 fortiores

567 1151 839 1229 redditi,
892 1165 1114 1221 tecum
1165 1152 1307 1220 una
1355 1151 1793 1241 sempiternis
1841 1151 2043 1221 bonis
2088 1150 2283 1241 digni
2331 1149 2741 1231 efficiamur,
2795 1149 3019 1239 gratia
3054 1159 3125 1216 et

566 1240 987 1331 benignitate
1037 1240 1304 1309 Domini
1354 1240 1567 1309 nostri
1612 1240 1790 1310 Jesu
1838 1239 2109 1321 Christi,
2163 1246 2399 1309 Amen.

1402 1543 1540 1621 DE
1628 1532 2279 1622 DORMITIONE

639 1714 1290 1869 SS.DOM1NAE
1358 1768 1457 1869 N.
1509 1768 2033 1870 DE1PARAE
2099 1764 2563 1869 vfflGtNts
2630 1766 3028 1868 MARuE

1146 2001 1419 2069 SERMO
1482 2002 1546 2068 S.
1612 2002 1951 2068 JOANNIS
2020 1998 2534 2068 DAMASCENI*

1295 2216 1461 2264 Arm)
1509 2214 1828 2264 smEoNEu
1875 2213 2371 2264 »tauranasmn

657 2392 692 2477 ἓ
739 2395 816 2463 1.
870 2395 1078 2459 Nemo
1126 2390 1409 2477 quidem
1460 2390 1669 2460 homo
1717 2401 1840 2469 est,
1893 2390 2014 2476 qui
2050 2390 2264 2481 possit
2301 2411 2426 2489 pro
2461 2389 2795 2478 dignitate
2828 2389 3119 2461 laudare

569 2491 1085 2550 sacrosanctum
1148 2478 1508 2550 decessum
1566 2478 1679 2549 Dei
1741 2481 2017 2549 Matris:
2074 2500 2206 2548 non
2259 2499 2315 2548 si
2366 2478 2646 2568 linguae
2710 2480 3117 2549 innumera-

568 2569 765 2650 biles,
805 2591 1027 2656 neque
1061 2568 1121 2638 si
1154 2569 1434 2638 totidem
1475 2579 1704 2637 essent
1735 2590 1877 2637 ora.
1934 2568 2058 2638 Sed
2097 2590 2322 2654 neque
2368 2569 2427 2637 si
2475 2565 2920 2637 conticuerint
2966 2591 3113 2637 om-

565 2658 760 2728 nium
815 2658 1095 2748 linguae
1143 2657 1532 2738 hominum,
1588 2655 1827 2726 multis
1874 2657 1946 2724 in
1997 2656 2167 2727 locis
2214 2657 2687 2747 dispersorum
2728 2712 2743 2737 ,
2816 2656 3052 2726 laudes
3087 2714 3102 2739 ,

564 2768 738 2835 quas
787 2747 1000 2827 decet,
1054 2757 1532 2834 assequentur.
1589 2750 1880 2835 Superat
1925 2745 2111 2814 enim
2160 2767 2436 2814 omnem
2488 2745 2709 2845 legem
2762 2746 3110 2815 encomio-

565 2858 747 2905 rum.
803 2834 1137 2917 Quoniam
1176 2847 1407 2904 autern
1443 2839 1576 2904 Deo
1615 2847 1890 2924 gratum
1938 2847 2064 2907 est,
2109 2833 2295 2921 quod
2345 2856 2468 2924 pro
2514 2834 2781 2903 wribus
2812 2856 2894 2903 ex
2926 2834 3107 2903 desi-

565 2923 755 2993 derio
801 2923 1039 2992 etzelo
1078 2923 1383 3004 offertur,
1437 2934 1503 2994 et
1542 2924 1725 2993 bona
1773 2922 2161 2992 voluntate:
2218 2924 2410 2991 Matri
2460 2934 2689 2993 autem
2752 2923 2867 2991 Dei
2916 2936 3109 3014 grata

567 3024 751 3091 sunt,
789 3032 964 3099 quae
1005 3010 1172 3080 Filio
1205 3024 1368 3081 sunt
1396 3012 1607 3082 chara
1644 3023 1710 3080 et
1735 3010 2102 3098 jucunda:
2156 3032 2282 3101 age
2328 3013 2643 3081 encomia
2691 3033 2938 3081 rursus
2982 3034 3102 3102 ag-

567 3099 1077 3190 grediamur....
1118 3100 1215 3168 Sit
1244 3111 1471 3169 autem
1508 3100 1810 3190 propitia
1841 3121 1922 3169 ea
1963 3120 2142 3185 quae
2193 3122 2234 3169 a
2282 3100 2479 3171 nobis
2513 3099 2881 3181 laudatur,
2929 3122 3102 3187 quae

565 3210 675 3258 res
707 3210 949 3258 omnes
996 3199 1257 3258 creatas
1321 3201 1620 3277 superat,
1673 3210 1852 3275 quae
1906 3188 2234 3259 omnibus
2281 3188 2682 3259 dominatur
2728 3189 3103 3279 operibus-.-

568 3289 645 3346 ut
689 3299 866 3364 quae
927 3277 1015 3346 sit
1075 3278 1191 3345 Dei
1240 3282 1447 3346 Mater
1481 3332 1496 3359 ,
1560 3278 1682 3364 qui
1747 3289 1851 3348 est
1907 3289 2171 3347 creator
2219 3290 2285 3348 et
2331 3278 2560 3368 opifex
2600 3333 2614 3359 ,
2681 3291 2746 3347 et
2793 3279 3103 3348 omnium

569 3365 927 3435 Dominus,

654 3455 691 3541 ξ
741 3457 828 3524 ²1.
883 3452 1227 3543 Ignoscite
1274 3463 1505 3522 autem
1539 3475 1657 3523 vos
1694 3475 2005 3542 quoque,
2060 3476 2099 3523 o
2146 3465 2425 3534 coetus,
2486 3454 2609 3541 qui
2661 3454 2936 3524 divinos
2983 3478 3103 3524 au-

567 3542 805 3611 diendi
837 3563 1191 3612 sermones
1241 3542 1565 3611 tenemini
1614 3541 1981 3624 desiderio,
2038 3555 2103 3612 et
2149 3543 2770 3633 promptitudinem
2826 3543 3105 3631 quidem

566 3631 878 3733 accipite,
931 3641 998 3701 et
1043 3630 1385 3701 desiderio
1413 3631 1853 3733 applaudite:
1908 3632 2293 3702 imbecillae
2334 3644 2562 3701 autem
2607 3632 2927 3702 misereat
2963 3654 3106 3703 ora·

568 3721 797 3791 tionis.
851 3720 1208 3804 Quomodo
1239 3720 1427 3789 enim
1475 3743 1535 3790 s1
1581 3721 1741 3809 quis
1790 3722 2218 3811 Imperatori,
2271 3731 2336 3789 et
2383 3721 2496 3790 cui
2533 3732 2694 3791 sunt
2725 3743 2765 3790 a
2800 3725 2932 3790 Deo
2966 3743 3107 3808 cre-

564 3809 707 3880 dita
746 3808 1241 3880 contribulium
1274 3809 1772 3900 gubernacula,
1810 3810 1933 3897 qui
1964 3810 2242 3901 plenam
2281 3809 2563 3896 quidem
2598 3830 2872 3900 semper
2902 3810 3101 3881 habet

567 3921 903 3980 mensam,
942 3910 1008 3968 et
1053 3898 1444 3989 omnigenis
1482 3899 1661 3968 cibis
1706 3899 2125 3980 affluentem,
2163 3899 2420 3990 regiam
2475 3909 2704 3967 autem
2747 3910 3107 3990 sumptuo-

496 4029 507 4046 ·
567 4009 799 4058 sorum
851 3999 1367 4078 unguentorum
1402 3986 1758 4057 delinitam
1809 3987 2385 4066 exhalationibuS,
2429 3998 2731 4076 tempore
2772 4009 2907 4057 non
2944 4010 3103 4058 con-

568 4089 758 4147 sueto
806 4078 1044 4147 offerat
1090 4076 1343 4146 violam
1407 4098 1758 4168 purpurae
1813 4076 2243 4147 concolorem
2275 4130 2295 4156 ,
2370 4086 2489 4144 aut
2526 4097 2754 4146 rosam
2782 4130 2803 4157 ,
2870 4077 3107 4168 spinae

619 4205 645 4230 ¹·
672 4204 898 4246 Miramur
923 4214 1034 4246 sane
1053 4205 1140 4245 hoc
1160 4204 1549 4245 facundissimum
1568 4205 1616 4244 et
1633 4204 1920 4253 triumphale
1940 4201 2180 4244 canticum
2198 4203 2354 4253 magni
2375 4203 2508 4243 illius
2528 4200 2909 4253 encomiographi
2936 4205 3105 4245 Mariae

565 4256 638 4296 Jo.
656 4258 945 4303 Damascent.
961 4268 1055 4307 quo
1074 4259 1241 4299 surius
1259 4259 1378 4298 Lam
1397 4267 1532 4298 suam
1553 4258 1809 4298 emtionem
1828 4259 2151 4302 exornaverat,
2171 4256 2416 4297 exclusum
2446 4267 2473 4296 ι
2498 4257 2749 4298 Mosandro
2779 4258 2830 4297 in
2858 4260 2927 4297 8.a
2952 4259 3106 4303 fuisse,

570 4310 624 4348 ut
643 4311 811 4350 unicus
829 4321 914 4360 pro
935 4311 1020 4351 hac
1039 4311 1340 4353 solemnitate
1364 4311 1525 4351 Sermo
1555 4312 1840 4352 retineretur
1867 4307 2219 4361 Metaphrastis.
2249 4309 2326 4349 cui
2355 4319 2442 4350 nec
2471 4308 2656 4350 utilitas
2675 4310 2900 4351 thematis
2920 4323 2975 4351 ea
2996 4310 3111 4351 inest

568 4363 708 4410 atque
728 4363 1009 4404 elocutionis
1023 4366 1311 4413 jucunditas.
1331 4373 1450 4413 quae
1469 4365 1677 4405 incultae
1696 4365 1983 4413 prolixitatis
2005 4365 2162 4404 taedio
2191 4364 2407 4404 affectum
2428 4363 2651 4404 lectorem
2672 4365 2895 4404 reficiant.
2924 4366 3107 4415 Rejecto

569 4415 714 4463 igitur
732 4416 1093 4468 metaphrasten,
1113 4419 1409 4465 praesentem
1429 4418 1717 4465 exhibemus,
1736 4418 1977 4467 auumque
1997 4417 2121 4458 intra
2148 4418 2453 4458 inserendum
2482 4418 2526 4457 S.
2553 4418 2680 4459 Petri
2706 4416 2934 4466 Daunoni,
2963 4429 3110 4460 excer-

567 4465 748 4517 psimus
768 4479 793 4510 e
814 4470 837 4509 7
857 4470 1097 4518 αωθοτίιίο
1116 4470 1243 4510 surii
1262 4472 1422 4517 Tomo,
1441 4481 1468 4512 a
1486 4470 1630 4512 citato
1649 4481 1735 4512 nuo
1757 4472 2094 4514 continuatore
2112 4469 2291 4521 pariter
2309 4471 2593 4521 neglectum.
