3308 5004
52 1469 86 1544 V*
52 1241 110 1424 “·w‘

151 301 154 308 ἱ
199 353 379 424 ΑΗΒ.
432 353 538 420 2οἱ
870 371 956 419 nr.
995 371 1057 420 s·-
1107 371 1440 421 unauna
1486 372 1630 421 Anni
1683 371 2070 422 omnm„
2535 355 2665 423 5t5

237 454 638 531 xmmeudet·
663 455 1092 539 hominibus,
1125 478 1322 547 quae*
1353 457 1456 528 itti
1501 456 1815 530 creditur
1850 458 2100 541 inesse,
2133 458 2481 531 virtutem.
2517 463 2752 548 Neque

281 547 393 619 ἀι
427 567 564 638 pm
598 545 712 617 eise
745 544 930 616 fiunt
961 545 1168 629 haec,
1219 567 1350 649 per
1388 569 1576 635 quos·
1610 548 1828 619 fiunt:
1880 547 2007 620 sed
2054 570 2178 638 pro
2223 549 2343 619 eis·
2372 547 2561 619 fiunt
2604 568 2752 618 ma-

374 635 499 723 qui
549 634 792 706 vident⁴
825 633 949 705 illa
993 635 1097 706 vel
1145 647 1402 707 sciunt.
1453 637 1876 710 Neceoflne
1904 657 2029 727 per
2055 658 2175 710 eos
2212 637 2559 709 ista-Deus
2584 658 2755 729 ope·-

459 735 552 795 ute
585 723 794 815 ipsosr
828 724 1076 813 probet
1111 725 1414 796 caeteris,
1446 725 1850 808 sanniones,
1901 725 2020 797 sed
2070 737 2159 797 ut
2185 738 2495 797 caeteros·
2523 726 2752 817 magis

463 835 552 912 aa
578 824 647 885 et
687 811 1168 884 aermxlatores.
1194 812 1403 888 faciat
1431 815 1856 898 ,sanctitatis
1908 814 2101 887 Nihil
2139 837 2321 907 ergo.
2351 813 2527 886 mihi
2554 827 2623 886 et
2654 815 2755 885 si·-

517 925 548 972 ς
576 956 593 985 ,
644 901 1218 992 quandoquidem
1264 909 1456 974 meae
1502 903 1624 980 illa
1670 903 1903 975 famae
1945 926 2058 975 ma
2113 902 2194 986 ‘s,
2245 921 2457 992 quam
2517 903 2697 974 vitae
2728 957 2748 987 ,

565 991 892 1066 *xhibui-t:
946 1012 1074 1063 nec
1118 991 1208 1063 ad
1256 1014 1494 1063 menum
1531 992 1687 1063 fieni
1729 1014 2049 1072 commen
2104 994 2435 1074 ationem,
2490 991 2611 1063 sed
2659 994 2750 1063 ad

617 1102 812 1150 mem.
854 1081 1084 1173 potius
1119 1080 1444 1153 aliorum.
1478 1082 1526 1119 '⁵⁵
1548 1105 1588 1150 »
1629 1082 1819 1153 Satis.
1842 1081 2429 1184 nimirum-hujus
2455 1081 2587 1151 viri
2621 1081 2765 1153 mi-2

671 1191 872 1252 mm,
923 1170 1246 1258 quisquis
1294 1171 1464 1244 haec
1517 1170 1838 1274 diligenti
1892 1170 2449 1242 consideratione
2501 1191 2754 1261 pensa-

173 1285 266 1380 ᾗ
743 1259 1464 1361 esta-utiusreputabit
1493 1273 1893 1362 aestimator
1921 1260 2221 1349 quisque
2252 1257 2504 1362 fide-lis,
2544 1258 2756 1361 signa

87 1385 166 1488 ἦ
815 1347 1225 1419 mwabsstter
1269 1370 1565 1451 operari,
1604 1371 1817 1508 <luam
1858 1371 1981 1436 ner
2030 1361 2243 1421 etrata
2280 1348 2509 1420 taliter
2539 1363 2756 1418 inter·-

831 1458 998 1526 1que
1045 1459 1196 1508 non.
1235 1460 1478 1510 minus
1518 1440 1618 1509 uti
1650 1460 1691 1509 e
1729 1439 1973 1528 judica
2026 1439 2115 1520 it,
2172 1437 2548 1508 imitandos
2602 1437 2757 1527 ejus

743 1577 769 1595 ⁴
823 1526 1179 1597 mirandos
1221 1539 1443 1609 actus,
1494 1538 1562 1597 et
1608 1549 1893 1598 morum.
1933 1528 2262 1618 insignia,
2317 1548 2532 1615 quarn
2581 1546 2749 1617 ope·-

631 1637 1070 1706 eognoscere.
1112 1616 1242 1686 Sed
1278 1617 1571 1687 adhaec
1601 1618 1765 1710 quis
1794 1615 2136 1689 idoneus?

445 1737 530 1777 a.
585 1709 672 1776 In
717 1705 928 1795 hujus
977 1705 1336 1793 siquidem.
1376 1718 1651 1796 pectore
1698 1707 1828 1776 viri
1861 1705 1978 1775 Dei
2011 1705 2276 1796 puritas
2308 1704 2755 1792 suavitasque

283 1794 662 1865 „sederant
698 1794 848 1884 pari
895 1792 1198 1864 foedere:
1251 1794 1422 1866 satis
1465 1795 1751 1883 quidem
1815 1807 2113 1883 utraque
2178 1791 2560 1874 mirabilis,
2630 1792 2750 1863 sed

198 1883 585 1955 mirabilior
629 1884 997 1972 utriusque
1041 1881 1470 1975 complexus.
1521 1884 1694 1954 Inde
1737 1883 2075 1954 nimirum
2127 1894 2267 1952 tam
2306 1881 2753 1973 singulariter

196 1974 266 2044 in
315 1994 540 2042 unum
591 1972 942 2042 hominem
995 1973 1206 2044 totius
1251 1972 1440 2043 orbis
1488 1985 1639 2044 vota
1690 1974 1948 2065 pariter
1992 1972 2522 2052 concurrebant,
2564 1969 2754 2058 quod

199 2061 566 2221 Buritatem
617 2061 922 2133 suavitas
967 2049 1338 2131 amabilem
1376 2060 1649 2145 faceret,
1694 2063 2102 2133 suavitatem
2140 2062 2410 2153 puritas
2441 2071 2756 2150 accepta-

249 2149 449 2221 ilem:
501 2161 576 2220 ut
619 2148 905 2221 difficile
949 2150 1158 2221 suerit
1189 2151 1576 2233 aestimare,
1614 2153 1876 2242 gratiae
1908 2174 1993 2221 ne
2024 2172 2113 2220 an
2150 2149 2568 2221 reverentiae
2600 2170 2753 2217 am-

200 2239 392 2331 plius
434 2238 792 2309 obtineret.
845 2240 1018 2323 Quis
1062 2240 1249 2310 enim
1300 2253 1457 2311 tam..
1489 2239 1755 2331 rigidae
1802 2239 2382 2319 conversationiS,
2433 2237 2556 2326 qui
2604 2236 2755 2307 Cla·-

201 2326 650 2400 ravallensem
703 2349 840 2397 non
887 2344 1316 2399 revereretur
1358 2329 1739 2399 Abbatem?
1784 2329 1954 2412 Quis
2004 2341 2141 2398 tam
2185 2328 2586 2405 dissolutae,
2630 2325 2756 2413 qui

201 2439 338 2489 non
385 2439 547 2509 erga
593 2416 918 2487 eumdem
967 2417 1263 2489 dulciter
1309 2417 1742 2489 afficeretur?
1792 2418 2226 2488 Dulcissimis
2270 2417 2458 2486 enim
2493 2414 2756 2484 affecti-

196 2507 331 2579 bus
377 2507 665 2598 plenum
717 2518 955 2597 pectus
1004 2507 1152 2599 ipse
1198 2508 1515 2599 gerebat:
1560 2507 1680 2577 sed
1728 2530 1940 2597 quam
1992 2507 2204 2577 libere
2257 2526 2411 2587 eos,
2482 2502 2755 2605 quoties

195 2618 410 2671 causa
457 2607 812 2686 posceret,
866 2598 1245 2667 coercebat.
1300 2596 1873 2668 Humanissimus
1920 2596 1990 2665 in
2062 2595 2466 2674 affectione,
2531 2613 2755 2684 magls

196 2698 425 2756 tamen
474 2684 671 2756 fortis
719 2684 790 2755 in
840 2685 1000 2755 fide.
1053 2691 1131 2756 Et
1177 2697 1255 2755 ut
1301 2686 1505 2757 breve
1550 2685 1853 2773 aliquod
1884 2685 2097 2773 hujus
2161 2684 2259 2755 rei
2322 2682 2757 2774 proferamus

195 2773 619 2865 exemplum,
672 2774 855 2844 sicut
903 2774 1051 2865 ipse
1095 2796 1373 2863 quoque
1420 2786 1706 2846 testatur
1754 2775 1822 2844 in
1874 2796 2190 2845 sermone
2228 2793 2440 2864 super
2478 2769 2758 2841 Cantica

195 2862 633 2934 canticorum
684 2863 1221 2945 vicesimosexto,
1278 2864 1484 2936 siccis
1531 2863 1759 2934 oculis
1805 2863 2120 2965 germani
2169 2863 2304 2943 sui,
2339 2873 2405 2932 et
2438 2859 2757 2959 germ-ani

194 2964 334 3023 tam
390 2952 786 3035 necessarii,
831 2963 969 3022 tam
1003 2952 1262 3033 dilecti,
1302 2953 1582 3024 Gerardi
1622 2952 1959 3033 videlicet,
1999 2951 2369 3022 celebravit
2400 2969 2749 3036 exequiaS,

195 3041 403 3111 siccis
447 3039 672 3111 oculis
718 3061 973 3131 corpus
1017 3043 1172 3133 ejus
1219 3042 1503 3112 tradidit
1549 3041 1950 3133 sepulturae
1978 3097 1994 3123 ,
2058 3063 2143 3112 ne
2191 3040 2478 3110 affectus
2542 3036 2754 3107 fidem

195 3132 471 3201 vincere
518 3128 882 3200 videretur.
936 3135 1102 3201 Nam
1152 3143 1554 3201 extraneum
1603 3130 1984 3219 quemlibet
2029 3132 2141 3201 vix
2196 3142 2318 3199 aut
2383 3147 2752 3214 nunquam

194 3220 350 3290 sine
396 3218 724 3308 lacrymis
769 3219 1103 3310 sepelivit.
1156 3219 1387 3290 Talem
1436 3221 1572 3291 sibi
1619 3219 1819 3290 illum
1848 3274 1868 3302 ,
1922 3219 2211 3290 uberius
2263 3216 2551 3309 proinde
2606 3215 2751 3284 fru-

194 3308 689 3387 ctificaturum,
743 3330 993 3379 manus
1040 3308 1275 3378 divina
1323 3308 1757 3391 formaverat,
1809 3322 1888 3379 ut
1934 3308 2402 3378 austeritatem
2443 3306 2755 3375 suavitas

194 3418 475 3468 morum
525 3396 811 3480 tolleret,
860 3398 1338 3469 auctoritatem
1390 3400 1720 3469 sanctitas
1752 3410 2213 3469 conservaret.
2267 3396 2390 3467 Cui
2427 3395 2613 3465 enim
2649 3393 2754 3462 vel

195 3498 389 3557 tanta
436 3485 834 3577 benignitas
877 3499 1058 3557 esset
1102 3487 1320 3568 oneri,
1375 3486 1476 3557 vel
1531 3500 1721 3558 tanta
1769 3489 2042 3558 bonitas
2074 3508 2209 3557 non
2246 3496 2425 3557 esset
2458 3482 2757 3553 honori?

266 3578 332 3733 ἒ
375 3577 530 3646 ²4.
585 3575 907 3664 Legimus
953 3575 1040 3644 de
1090 3575 1473 3656 Salomone,
1528 3576 1710 3664 quod
1763 3577 1994 3647 omnis
2044 3587 2221 3645 terra
2263 3570 2756 3644 desideraverit

197 3664 260 3733 vi
314 3686 427 3734 ere
477 3662 742 3733 vultum
794 3663 1010 3734 illius.
1063 3665 1336 3735 Grande
1383 3665 1871 3756 praeconium:
1946 3664 2060 3735 sed
2131 3664 2415 3735 forsitan
2485 3663 2554 3730 in
2624 3659 2756 3759 hac

245 3765 392 3823 arte
443 3775 578 3823 non
629 3751 886 3833 minus,
935 3774 1143 3840 quam
1198 3753 1557 3836 Salomon,
1610 3755 1749 3824 hic.
1803 3758 2033 3841 Neque
2079 3754 2262 3822 enim
2315 3752 2482 3821 satis
2531 3747 2753 3817 credi·

195 3775 336 3911 gite
379 3854 504 3919 est,
560 3840 994 3911 Salomonem
1045 3841 1245 3912 illum
1297 3844 1366 3912 in
1417 3844 1608 3913 omni
1658 3843 1879 3935 gloria
1926 3865 2054 3912 sua
2104 3854 2241 3911 tam
2290 3836 2753 3910 universalem

195 3931 385 4000 orbis
430 3930 815 4002 obtinuisse
862 3929 1187 4005 favorem,
1232 3953 1441 4019 quam
1479 3933 1663 4002 hunc
1699 3933 1767 4000 in
1805 3954 1933 4002 sua
1975 3929 2367 4000 humilitate
2397 3929 2491 3994 ⁴⁸⁴⁸.
2532 3930 2754 3994 Immo

202 4040 361 4089 vero
406 4019 689 4090 difficile
736 4019 1021 4089 omnino
1068 4020 1358 4095 videtur,
1414 4044 1494 4089 ex
1544 4020 1852 4091 historiis
1900 4020 2257 4106 aliquibus
2291 4016 2602 4087 invenire
2635 4013 2759 4082 ho-

202 4108 458 4179 minem
510 4132 758 4189 unum,
815 4121 1332 4179 conversantem
1382 4109 1610 4179 adhuc
1648 4131 1808 4179 cum
1844 4108 2269 4187 hominibus,
2311 4108 2379 4176 in
2423 4105 2754 4174 universa

202 4207 384 4266 terra
432 4213 567 4268 tam
617 4197 885 4270 celebre
931 4211 995 4267 et
1043 4197 1342 4267 amabile
1388 4198 1773 4268 obtinuisse
1823 4219 2071 4267 nomen
2105 4251 2121 4274 ,
2174 4220 2215 4265 a
2264 4195 2430 4266 solis
2478 4206 2634 4263 ortu
2693 4205 2760 4261 et

199 4308 477 4369 occasu,
504 4289 591 4359 ab
617 4285 942 4375 aquilone
969 4298 1036 4357 et
1069 4288 1270 4357 mari.
1298 4291 1378 4357 Ut
1408 4287 1594 4356 enim
1627 4287 1786 4357 illas
1829 4307 2293 4357 memoremus
2336 4281 2752 4375 provincias,

259 4451 286 4475 ¹¹¹
315 4448 491 4491 Eximit
509 4451 631 4490 tanti
650 4447 988 4500 'thaumaturgi
1010 4446 1277 4491 humilitas!

259 4503 316 4530 0*
344 4505 686 4555 Praegrmdem
709 4506 822 4544 nota
839 4505 939 4545 toto
960 4505 1071 4546 orbe
1091 4503 1430 4546 celebritatem.
2684 4542 2693 4577 n
