3308 5004
715 336 845 404 648
1269 349 1355 402 aa
1395 350 1456 400 s.
1504 346 1776 401 exonam
1822 347 1994 400 nuc.
2037 348 2117 400 ar
2159 347 2364 400 secus
2407 349 2526 402 int.
2838 330 3038 399 mlh·
3079 333 3171 401 n

628 437 1052 530 amplectens
1080 491 1096 518 ,
1148 435 1213 508 vi
1268 436 1392 507 inti
1436 448 1502 506 et
1547 447 1809 527 septem
1855 434 2063 506 annis
2129 432 2318 527 apud
2391 434 2888 508 monasterium
2948 437 3180 508 sancti

626 526 883 609 Sabae,
940 524 1127 615 quod
1174 458 1262 596 ag
1296 523 1755 614 Jerosolymis
1793 523 1874 593 in·
1913 535 2177 615 partem
2220 522 2602 596 Australem
2650 537 2814 595 octo*
2853 523 3179 597 millibus

628 614 1036 705 dispalatur,
1080 615 1213 685 sub
1266 612 1567 705 regulari
1616 612 2010 705 magisterio
2056 625 2501 688 conversatus
2545 626 2672 685 est.
2718 613 2849 698 Qui
2886 636 2931 684 a
2972 636 3183 688 vene-

623 704 834 777 rabili
880 701 1090 774 David
1124 702 1379 774 Abbate
1404 700 1716 793 ejusdem
1747 701 2060 773 coenobii
2092 700 2182 774 ob
2208 700 2633 804 stipendium
2669 701 3179 775 monachorum

623 793 717 865 ad
764 792 1055 865 Africam
1104 791 1429 871 directus,
1487 790 1679 861 nullo
1729 790 1932 862 modo
1978 802 2073 862 tot
2118 791 2676 882 interjacentium
2733 805 3088 863 terrarum
3120 805 3182 863 et
3279 795 3280 816 *

626 882 929 954 marium
978 879 1250 952 distulit
1294 879 1549 954 subire,
1587 879 2019 963 discrimina,
2078 880 2337 969 quibus
2381 879 2622 968 utique
2689 880 3181 952 incunctanter

630 993 702 1044 se
747 970 1048 1042 fructum
1097 990 1414 1040 summae
1454 967 1749 1050 virtutis,
1795 968 1864 1038 id
1912 982 2036 1051 est,
2083 968 2536 1052 obedientiae,
2591 982 2869 1040 noverat
2901 991 3179 1060 prome-

629 1059 790 1131 reri.
844 1058 974 1130 Sed
1021 1081 1183 1129 cum
1232 1056 1489 1129 ibidem
1561 1056 1890 1148 vapulare
1947 1058 2066 1129 Dei
2111 1057 2489 1129 Ecclesiam
2552 1057 3040 1130 incursatione
3088 1070 3179 1148 ty-

630 1168 1014 1220 rannorum
1047 1147 1433 1238 reperisset,
1470 1158 1692 1247 atque·
1720 1146 1976 1217 ibidem
2026 1147 2313 1218 minime
2359 1169 2457 1229 se,
2501 1146 2569 1216 in
2627 1147 2717 1220 iis
2761 1169 2887 1239 pro
2919 1147 3181 1235 quibus

633 1248 951 1320 venerat,
983 1235 1274 1308 fratrum
1309 1234 1833 1308 necessitatibus
1880 1235 2213 1326 proficere
2235 1246 2564 1317 cerneret,
2596 1235 2763 1306 inde
2792 1258 2972 1308 cum
3019 1259 3178 1307 con-
3279 1293 3280 1296 ,

634 1326 792 1399 silio
836 1337 903 1397 et
948 1324 1331 1397 hortatione
1400 1324 1957 1417 carthaginensis
2016 1325 2337 1416 Episcopi
2386 1325 2457 1395 in
2505 1324 2914 1415 Hispaniam
2977 1325 3178 1415 profi·

633 1416 942 1487 ciscitur.
992 1419 1151 1485 Erat
1194 1414 1409 1495 enim,
1460 1427 1539 1485 ut
1574 1413 1660 1484 de
1692 1436 1772 1486 eo
1810 1413 2192 1484 certissime
2240 1414 2480 1495 scitur,
2521 1435 2840 1485 summae
2887 1413 3177 1487 humili-

636 1505 821 1587 tatis,
853 1524 1283 1594 magnaeque
1312 1501 1767 1574 abstinentiae
1813 1502 1938 1574 vir.
1979 1502 2363 1594 Apparebat
2413 1502 2763 1573 ‘ucundus
2792 1501 3174 1575 admodum

635 1606 702 1665 et
746 1593 992 1664 hilaris
1038 1614 1199 1664 cum
1252 1590 1609 1663 modestia.
1648 1597 1728 1662 In
1775 1591 1968 1661 omni
2015 1603 2245 1663 autem
2291 1590 2636 1679 coloquio
2690 1590 2922 1672 illius,
2986 1593 3176 1663 timor

634 1682 908 1754 Domini
940 1680 1330 1763 resonabat,
1382 1679 1554 1753 adeo
1599 1692 1679 1751 ut
1711 1703 1791 1752 os
1827 1680 1980 1771 eJus
2019 1701 2292 1771 semper
2338 1680 2424 1751 de
2470 1679 2677 1751 corde
2733 1702 2926 1770 puro.
2963 1680 3173 1751 chari·

633 1782 839 1843 tatem
880 1769 1316 1851 exhauriens,
1359 1767 1593 1840 favum
1622 1768 2016 1843 dilectionis
2035 1790 2348 1861 promere
2375 1768 2744 1840 videretur.
2782 1774 2964 1840 Cum
3005 1769 3171 1840 vitiis

634 1881 791 1931 vero
823 1871 890 1930 et
913 1857 1494 1949 concupiscentiis
1527 1857 1941 1930 mortificare
1977 1858 2269 1949 juvabat
2302 1859 2636 1938 membra,
2669 1869 2749 1928 ut
2779 1857 2852 1928 in
2879 1858 3171 1928 adventu

633 1948 911 2020 Domini
959 1945 1260 2018 redivivo
1307 1946 1658 2018 animatus
1708 1948 1961 2038 vigore,
2004 1946 2368 2038 gloriosior
2403 1967 2562 2017 cum
2593 1947 2745 2038 ipso
2789 1949 3166 2036 appareret·
3279 2011 3280 2022 ,

632 2042 716 2110 Et
760 2059 920 2107 cum
954 2035 1127 2106 haec
1172 2034 1479 2106 studiose
1519 2035 1865 2107 videretur
1908 2056 2148 2127 agere,
2203 2035 2499 2106 nimium
2554 2036 2926 2107 recusabat
2976 2034 3165 2108 videri

626 2126 889 2216 justus,
940 2124 1045 2196 vel
1078 2123 1243 2195 dici.
1281 2129 1537 2196 Revera
1580 2146 1623 2196 a
1669 2125 1803 2208 die,
1840 2146 1986 2212 quo
2015 2124 2510 2197 monasterium
2557 2123 2776 2215 petiit,
2827 2124 3055 2212 usqu‘e
3093 2122 3164 2194 ad

637 2215 849 2288 finem
891 2213 1065 2286 vitae
1117 2234 1308 2295 suae,
1358 2225 1436 2285 ut
1500 2214 1649 2304 ipse
1704 2212 2128 2303 quibusdam
2196 2212 2528 2285 secretius
2603 2212 2864 2296 retulit,
2910 2236 3036 2285 nec
3075 2225 3162 2283 est

637 2326 815 2377 usus
864 2302 1133 2375 balneis
1158 2357 1175 2385 ‚
1230 2323 1452 2391 neque
1498 2305 1682 2391 aqua
1728 2302 2071 2393 perfusus.
2126 2306 2356 2375 Vestes
2400 2314 2655 2394 autem,
2708 2303 2970 2391 quibus
3029 2313 3159 2371 ute-

639 2394 869 2477 batur,
932 2403 1127 2463 erant
1164 2390 1565 2474 vilissimae,
1618 2403 1697 2462 ut
1733 2391 1844 2462 vix
1889 2390 2156 2482 duplici
2218 2402 2497 2482 possent
2545 2391 2820 2464 nummi
2863 2390 3150 2486 aestima·
3279 2461 3280 2482 χ

640 2483 827 2556 tione
875 2479 1174 2574 pensari.
1213 2479 1470 2555 Edebat
1515 2480 1809 2552 sancita
1853 2501 2079 2572 parce,
2116 2491 2194 2551 ut
2250 2479 2474 2571 magis
2510 2478 2953 2551 abstinentem
2973 2476 3141 2565 jadr-
3279 2487 3280 2494 ’

642 2593 861 2653 cares,
892 2594 1102 2660 quam
1133 2569 1630 2641 comedentem.
1666 2574 1800 2643 Nec
1849 2591 2101 2660 purum
2137 2567 2487 2640 ullatenus
2527 2568 2669 2639 vini
2705 2568 2993 2649 calicem,
3025 2562 3143 2635 *sed

634 2659 944 2732 ,infusam
992 2680 1179 2730 mero
1223 2680 1503 2747 aquam,
1556 2681 1680 2750 pro
1727 2681 1918 2730 more
1963 2658 2258 2729 habebat
2297 2656 2554 2730 bibere.
2598 2658 2951 2750 Insipidus
2968 2675 3147 2725 nam·

641 2770 776 2838 que
814 2760 1068 2911 Ξὲεωὲ
1116 2769 1241 2907 nec
1279 2747 1877 2908 gilieoedniinidm',
1923 2769 2047 2818 nec
2094 2746 2422 2818 inebriari
2443 2747 2808 2907 ¹convivttiim
2842 2744 3128 2906 sigtebat..

631 2888 636 2892 -
943 2893 958 2907 .
1059 2859 1132 2908 es
1167 2858 1281 2907 tna
1330 2860 1371 2907 a
1489 2858 1526 2907 e
1577 2859 1694 2907 ue
1782 2858 2036 2907 tvinam
2075 2857 2355 2907 exorare
2401 2857 2670 2907 cemen
2727 2858 2842 2905 am
3015 2857 3048 2902 v

641 2840 831 2999 lugat
877 2925 1244 2998 attentius:
1291 2860 1743 3027 ,habebatque
1799 2925 1996 3027 illum
2062 2923 2609 3026 Psalmographi·
2645 2854 3168 3027 versietssumlgiu

640 3038 779 3088 usu
811 3015 1198 3096 decantare,
1251 3037 1309 3086 sl
1348 3014 1451 3085 vel
1506 3014 1593 3085 ad
1644 3014 1994 3085 modicum
2044 3013 2325 3085 daretur
2370 3035 2434 3085 ei
2491 3034 2731 3101 quies:
2783 3014 3168 3085 Benedicent

635 3106 995 3175 Dominum
1027 3106 1098 3175 in
1127 3106 1312 3173 omni
1355 3115 1674 3196 tempore.-
1724 3126 1987 3194 semper
2040 3106 2194 3174 laus
2241 3104 2394 3194 ejus
2443 3103 2517 3172 in
2573 3125 2687 3173 ore
2731 3125 2903 3174 meo.
2957 3100 3176 3173 Cordis

642 3214 801 3264 vero
848 3192 1448 3284 compunctionem
1496 3214 1576 3263 ex
1634 3213 1869 3262 amore
1913 3190 2226 3262 coelestis
2278 3190 2604 3262 desiderii
2650 3192 2986 3263 censebat
3039 3209 3177 3262 esse

642 3280 946 3356 maxime
987 3280 1495 3369 requirendam.
1549 3279 1679 3351 Sed
1724 3280 1893 3368 quid
1932 3302 2111 3372 opus
2174 3291 2276 3351 est
2323 3280 2453 3351 ista
2500 3280 2570 3350 in
2621 3279 2912 3372 longum
2965 3300 3184 3372 prose-

646 3370 794 3459 qui,
830 3383 896 3442 et
935 3370 1141 3459 quasi
1170 3370 1532 3461 ,quiddam
1572 3369 1853 3441 virtutis
1899 3368 2167 3440 homini
2224 3369 2340 3440 Dei
2401 3368 2664 3441 inculto
2709 3390 3036 3443 sermone
3075 3365 3185 3439 ad·

647 3458 910 3543 hibere,
964 3459 1361 3550 praesertim
1409 3480 1568 3529 cum
1630 3458 1823 3547 quali
1886 3470 1954 3530 et
2008 3472 2311 3546 quantus
2355 3458 2684 3540 extiterit,
2737 3458 2892 3549 ipse
2932 3459 3190 3529 effusus

636 3561 929 3708 ‘propter
964 3548 1307 3650 justitiam
1357 3548 1509 3638 ejus
1551 3570 1759 3619 cruor
1829 3547 2187 3619 insinuet?
2231 3553 2310 3618 Et
2343 3569 2524 3636 quae
2573 3547 2802 3638 potius
2849 3545 3016 3621 laus
3078 3546 3192 3617 mi·

641 3635 835 3708 item
879 3643 995 3707 Det
1045 3637 1218 3708 valet
1246 3637 1586 3719 extollere,
1639 3659 1847 3725 quam
1901 3650 1977 3707 ut
2025 3657 2147 3727 pro
2195 3637 2460 3708 Christo
2508 3657 2643 3708 non
2695 3636 2935 3709 timeat
2997 3635 3186 3715 mori,

637 3726 825 3798 sicut
850 3726 968 3797 ille
998 3748 1134 3797 non
1165 3727 1580 3818 dedignatus
1610 3739 1715 3798 est
1751 3725 1926 3796 ferre
1975 3737 2264 3797 mortem
2296 3747 2417 3816 pro
2464 3724 2663 3816 ipso?
2697 3724 2893 3795 Unde
2914 3737 2991 3796 et
3017 3723 3194 3795 Psal-

641 3815 851 3895 mista
915 3838 1075 3887 cum
1134 3815 1460 3888 dix-isset:
1515 3817 1691 3907 (bid
1732 3816 2104 3886 retribuam
2148 3816 2427 3886 Domino
2658 3815 2969 3885 omnibus
3029 3834 3196 3907 qnae

640 3907 957 3976 retribuit
1004 3905 1220 3976 milti?
1257 3906 1571 3996 protinus
1603 3904 2001 3995 subjunxit:
2059 3906 2351 3977 Calicem
2380 3927 2413 3974 s
2491 3906 2710 3974 utaris
2742 3904 3116 3996 accipiam,
3139 3911 3196 3972 ct

640 4016 877 4067 nomen
911 3995 1171 4065 Domini
1202 3995 1532 4065 invocabo.
1571 3998 1748 4084 Ergo
1781 3993 2026 4064 beatus
2058 3994 2163 4065 vir
2193 3992 2539 4081 quomodo
2571 3992 2658 4063 ad
2706 3990 3195 4067 celsitudinem

640 4081 864 4173 hujus
907 4083 1145 4156 calicis
1193 4083 1782 4174 propinquaverit.
1836 4082 2087 4154 melius
2136 4082 2380 4185 ipsius,
2434 4102 2642 4184 quam
2695 4093 2976 4162 nostro,
3058 4100 3195 4153 cre·

642 4170 885 4244 dimus
952 4171 1223 4262 eloquio
1270 4171 1784 4262 explicandum.
1838 4171 1966 4241 Sed
2017 4182 2302 4244 aestimo
2363 4191 2670 4262 primum
2733 4169 3047 4242 breviter
3101 4169 3198 4241 in·

650 4259 1020 4332 serendum
1052 4315 1069 4343 ,
1120 4261 1306 4349 quod
1356 4260 1555 4331 tacite
1602 4258 1675 4330 in
1745 4259 1895 4330 suis
1939 4260 2146 4333 dictis
2206 4259 2639 4352 praeteriisse
2687 4257 2988 4330 videtur.
3042 4263 3197 4331 Ihm

643 4358 811 4420 'ante
848 4349 1072 4421 unius
1116 4350 1543 4440 septimanae
1584 4348 2068 4432 evolutionem,
2121 4370 2257 4420 non
2292 4348 2522 4421 solum
2567 4346 2814 4420 adesse
2842 4347 3004 4419 sibi-
3031 4366 3199 4421 mor-

656 4448 791 4507 tem
835 4459 959 4527 pro
991 4436 1277 4521 Christ0,
1315 4438 1761 4509 verumetiam
1794 4439 2051 4528 quibus
2082 4449 2260 4517 esset
2292 4437 2363 4508 in
2396 4438 2637 4509 eadem
2667 4434 3196 4517 consociandus,
