3308 5004
219 308 425 378 ¹AUGr.
459 308 564 375 ²20
910 323 992 374 nn
1033 324 1094 373 s.
1147 324 1482 374 ιιιιιωιυο
1525 326 1671 374 ns.
1722 309 2109 375 emmiu„
2570 308 2685 376 52⁴

231 406 610 500 auxilium,
659 408 1056 492 consilium,
1093 409 1366 492 anxius,
1403 431 1608 503 aeger
1638 409 2049 492 remedium,
2084 403 2357 512 ‘pauper
2393 410 2787 482 subsidium

230 498 648 592 reportabat.
688 502 790 578 Ita
818 520 967 569 sese
992 499 1308 571 omnium
1345 498 1595 570 fecerat
1623 521 1925 580 servum,
1950 520 2031 570 ac
2058 521 2118 571 st
2151 500 2270 571 toti
2304 500 2578 591 genitus
2606 499 2783 571 orbi:

232 591 331 661 ita
363 602 593 659 tamen
642 585 926 658 liberet
957 588 1308 669 omnibus,
1361 588 1826 661 conscientiae
1875 610 2046 660 suae
2099 588 2613 660 solicitudinem
2669 609 2788 681 ge-

230 700 422 761 renS,
474 690 825 764 tamquam
876 676 1006 747 soli
1052 675 1327 748 deditus
1358 687 1567 747 curae
1610 689 1678 748 et
1723 678 2077 749 custodiae
2123 678 2353 748 cordis
2386 677 2519 749 sui.

324 769 362 856 g
406 771 565 842 85.
611 770 697 835 *Et
741 765 1023 852 quidem
1071 765 1447 837 divisiones
1484 767 1865 856 gratiarum
1915 767 2357 837 commendat
2392 767 2781 857 Apostolus,
2855 798 2862 806 ·

234 868 304 928 et
340 857 400 926 si
442 855 602 944 quis
645 853 1034 945 diligenter
1073 867 1381 942 quaerat,
1442 855 1743 927 inveniet
1787 855 2098 925 diversos
2144 856 2234 928 ab
2281 856 2479 928 initio
2527 858 2645 928 Dei
2690 857 2790 928 fa-
2880 885 2881 888 ¹

235 945 467 1017 mulos
511 944 584 1014 in
628 943 930 1014 ‘diversis
990 944 1323 1014 enituisse
1377 944 1810 1016 muneribus.
1873 945 2196 1035 Legimus
2241 944 2428 1015 enim
2484 946 2666 1017 viros
2712 946 2784 1017 in

232 1033 373 1105 fide
406 1031 836 1124 magnificos,
876 1032 1386 1122 multiplicibus
1432 1032 1768 1104 claruisse
1801 1032 2201 1104 miraculis:
2255 1033 2426 1104 alios
2459 1034 2786 1124 spiritum

233 1122 562 1195 habuisse
609 1121 1116 1216 propheticum,
1155 1133 1222 1193 et
1277 1120 1513 1192 futura
1567 1122 1771 1209 quasi
1821 1122 2230 1212 praesentia,
2281 1122 2552 1194 occulta
2605 1123 2790 1193 velut

232 1211 367 1283 sub
399 1210 625 1282 oculis
676 1210 895 1301 posita
938 1209 1346 1281 mirabiliter
1389 1212 1814 1302 cognovisse.
1868 1210 2050 1282 Alios
2097 1209 2557 1282 nihilominus
2605 1212 2788 1281 anti-

229 1317 526 1389 quorum
572 1298 808 1369 literae
850 1311 1318 1390 protestantur
1362 1299 1660 1390 graviori
1707 1299 2163 1370 abstinentiae
2217 1300 2509 1383 deditos,
2611 1301 2787 1373 arsi-

234 1386 928 1460 moniamcoluisse:
989 1386 1163 1459 alios
1225 1389 1296 1457 in
1348 1388 1762 1460 humilitatis
1813 1389 2199 1479 proposito,
2258 1389 2505 1480 spretis
2604 1390 2623 1458 i
2679 1391 2787 1459 ni-

230 1479 491 1549 tatibus
550 1475 788 1565 hujus,
824 1476 1078 1559 seculi,
1131 1478 1397 1548 auctori
1444 1478 1660 1548 seculi
1722 1477 2103 1567 plurimum
2158 1476 2547 1568 placuisse:
2613 1501 2651 1548 a
2686 1478 2788 1550 ios

229 1567 301 1637 in
337 1566 656 1638 doctrina
691 1566 891 1636 ‘ve‘rbi
954 1565 1040 1635 ad
1081 1566 1329 1637 salutis
1362 1567 1720 1637 scientiam
1764 1565 2104 1658 plurimos
2166 1566 2502 1648 erudisse,
2548 1580 2623 1638 ut
2679 1590 2787 1637 se-

228 1655 560 1728 cundum
598 1654 1131 1744 promissionem
1183 1654 1570 1813 scripturae
1615 1668 1915 1735 sanctae,
1981 1653 2256 1725 luceant
2301 1658 2503 1742 quasi
2550 1655 2787 1726 stellae

226 1746 300 1815 in
353 1744 1224 1836 perpetuas‘aeternitates.
1278 1749 1326 1814 Α
1359 1744 1408 1814 ii
1459 1765 1734 1832 quoque
1783 1744 1852 1813 in
1914 1744 2366 1815 aedificandis
2435 1745 2786 1816 coenobiis

229 1833 650 1912 laborantes,
703 1833 1307 1923 amplificaverunt
1350 1854 1598 1904 nomen
1669 1832 2093 1903 sanctitatis:
2155 1833 2275 1903 alii
2336 1834 2405 1903 in
2456 1833 2784 1904 sedandis

227 1922 582 1994 scandalis
626 1932 693 1990 et
721 1919 1147 1994 'turbinibus
1192 1922 1405 2010 hujus
1457 1921 1720 2004 seculi,
1776 1922 2397 2012 promovendisque
2445 1920 2786 1994 Ecclesiae

229 2009 682 2102 Dei-negotiis
715 2010 1086 2082 efficaciter
1113 2010 1455 2100 occupati,
1512 2009 1718 2080 utiles
1782 2012 1849 2079 in
1902 2011 2210 2081 actione:
2269 2010 2388 2080 alii
2447 2013 2515 2083 in
2567 2013 2784 2082 sacris

231 2099 803 2172 meditationibus
850 2098 1301 2191 spiritualiter
1352 2099 1616 2179 feriati,
1685 2099 2023 2170 sublimes
2074 2099 2146 2169 in
2204 2099 2786 2190 contemplatione

229 2186 546 2259 fuerunt,
585 2190 758 2272 Quid
803 2189 1052 2261 horum
1105 2200 1336 2259 nostro
1384 2188 1730 2258 videbitur
1775 2187 2076 2260 defuisse
2117 2189 2514 2259 Bernardo?
2562 2194 2783 2260 Immo

229 2276 399 2365 quid
449 2277 694 2348 horum
733 2291 872 2347 tam
914 2276 1307 2367 insignein
1358 2298 1437 2347 eo
1470 2277 1808 2360 commit,
1848 2288 1922 2346 ut
1970 2277 2054 2346 ad
2106 2278 2782 2348 commendationem

228 2367 396 2437 satis
443 2378 643 2448 esset,
677 2367 967 2439 ‘etiamsi
1025 2379 1451 2437 caeterorum
1512 2366 1777 2453 aliquid
1849 2387 1986 2436 non
2043 2365 2369 2436 adesset?
2416 2372 2581 2436 Nam
2654 2367 2784 2436 etsi

227 2455 739 2548 multiplicibus
785 2455 1086 2527 Ecclesia
1126 2456 1234 2526 sui
1271 2455 1621 2545 temporis,
1676 2468 1815 2525 tam
1865 2454 1936 2523 in
1987 2475 2200 2545 supra
2236 2456 2632 2526 memoratis
2667 2476 2783 2525 ne·

225 2544 452 2636 gotii's,
510 2566 723 2632 quam
773 2546 845 2614 in
911 2545 1068 2615 aliis
1116 2545 1476 2637 pluribuS,
1537 2544 1830 2614 actionis
1875 2544 2053 2633 ejus,
2088 2542 2457 2614 utilitatem
2528 2546 2783 2615 meruit

224 2633 558 2726 experiri:
605 2634 974 2725 magnifice
1022 2648 1246 2705 tamen
1279 2636 1482 2703 etiam
1518 2634 1740 2724 gratia
1779 2633 2383 2722 contemplationis
2415 2634 2487 2702 in
2528 2654 2608 2702 eo
2642 2645 2778 2703 tam

222 2744 303 2793 ex
351 2723 738 2794 visionibus
782 2737 849 2793 et
903 2722 1435 2794 revelationibus
1481 2722 1798 2802 Domini,
1853 2743 2065 2814 quam
2122 2743 2204 2791 ex
2254 2722 2528 2813 scriptis
2585 2722 2775 2804 suis,

223 2832 405 2900 quae
452 2809 892 2901 spiritalibus
934 2812 1312 2884 exuberant
1359 2809 1720 2892 sensibuS,
1763 2809 2113 2881 elucescit.
2170 2816 2381 2881 Porro
2432 2824 2778 2882 monaste·

223 2901 489 2972 riorum
540 2898 830 2983 fructuS,
882 2922 1062 2989 quae
1094 2922 1217 2991 per
1262 2922 1418 2969 eum
1467 2900 1802 2970 Dominus
1849 2899 2216 2980 ordinavit,
2273 2913 2409 2969 tam
2452 2899 2780 2990 copiosus

222 3003 289 3062 et
326 2988 632 3071 evidens,
684 2989 1015 3061 humanis
1080 3011 1228 3061 sese
1291 2988 1544 3078 ingenit
1601 2988 1824 3060 oculis
1854 3044 1869 3070 ,
1936 3002 2013 3059 ut
2061 2989 2276 3060 nullis
2322 3001 2518 3079 egeat
2564 2988 2782 3059 literis

221 3077 750 3150 commendari:—
778 3080 992 3170 Magis
1023 3090 1254 3150 autem
1288 3091 1463 3148 etex
1512 3078 1664 3168 ipsa
1697 3099 1973 3166 quoque
2010 3078 2414 3149 eorumdem
2467 3077 2782 3149 multitu-

169 3178 180 3188 ·
221 3167 389 3239 dine
441 3168 957 3249 coenobiorum,
997 3168 1226 3238 omnis
1273 3166 1602 3258 deinceps
1649 3166 2001 3256 generatio
2047 3180 2312 3240 certum
2362 3189 2607 3256 capere
2657 3189 2784 3258 pp·

221 3257 381 3328 terit
424 3256 946 3339 documentum,
998 3270 1294 3345 quantos
1340 3256 1694 3347 collegerit
1747 3255 1834 3326 ad
1901 3256 2260 3327 servitium
2329 3256 2603 3337 Christi,
2656 3258 2782 3345 qui

151 3370 158 3379 ·
221 3358 364 3418 tam
422 3344 680 3416 multos
722 3345 1034 3435 undique
1108 3367 1322 3436 propa
1374 3345 1533 3416 avit.
1586 3345 1780 3429 Quod
1832 3345 1919 3415 ad
1996 3346 2262 3433 reliqua
2334 3357 2642 3435 spectat,
2695 3345 2782 3416 de

221 3434 616 3506 humilitate
659 3434 812 3525 ejus
842 3488 858 3516 ,
910 3448 976 3505 et
1021 3434 1340 3526 dignitati
1396 3457 1481 3506 us
1541 3433 1896 3527 refutatis,
1953 3434 2070 3505 sed
2121 3448 2189 3505 et
2234 3435 2320 3504 de
2369 3434 2781 3507 tenuissimo

219 3524 429 3605 victu,
464 3524 789 3614 superius
820 3526 1208 3613 prosecuti:
1245 3545 1326 3593 ex
1363 3523 1496 3603 his,
1553 3545 1733 3610 quae
1780 3523 1864 3593 ad
1919 3524 2354 3614 prophetiam
2409 3524 2774 3614 pertinent,

221 3612 828 3700 ostensionemque
872 3612 1232 3692 virtutum,
1287 3611 1421 3682 sub
1460 3612 1599 3682 alio
1645 3612 1926 3698 quidem
1981 3613 2327 3703 principio
2373 3612 2779 3683 curabimus

222 3715 555 3772 annotare
591 3712 932 3792 perpauca
981 3700 1068 3771 de
1100 3700 1360 3773 multis.
1407 3706 1484 3770 Et
1512 3722 1700 3772 nunc
1748 3701 1963 3791 igitur
1984 3702 2133 3791 jam
2170 3723 2383 3792 super
2429 3701 2561 3782 his,
2601 3720 2781 3788 quae

223 3790 294 3862 in
344 3790 567 3881 signis
629 3789 1084 3861 exterioribus
1127 3801 1196 3859 et
1255 3789 1628 3880 multiplici
1679 3790 2017 3860 virtutum
2081 3790 2501 3861 exhibitione
2549 3787 2780 3859 consi-

224 3889 438 3961 stunt,
476 3877 851 3960 secundus,
896 3892 975 3950 ut
1021 3878 1481 3970 praemissum
1531 3891 1635 3949 est
1691 3878 1764 3948 in
1824 3877 2268 3968 praefatione,
2324 3877 2602 3949 libellus
2650 3875 2781 3946 ali·-

223 3980 484 4056 quanta
522 3967 870 4043 na-rrabitf
1283 3998 1290 4003 ·
2574 3985 2590 4007 ·

312 4061 518 4129 Lam
553 4062 659 4129 lv.
711 4059 751 4146 ἓ
791 4061 871 4128 1.
926 4054 1116 4126 Sicut
1161 4059 1489 4127 Sermone
1534 4077 1748 4146 super
1796 4054 2071 4125 Cantica
2122 4054 2557 4125 canticorum
2596 4054 2779 4124 vice·-

223 4143 653 4233 simoquarto
685 4166 941 4218 -ssrvus
990 4144 1258 4215 Domini
1305 4144 1700 4215 Bernardus
1759 4143 2282 4214 claravallensis
2313 4198 2328 4224 ,
2385 4143 2777 4234 gratulatur

220 4244 310 4304 et·
333 4235 591 4325 gratias
636 4235 781 4326 agit
826 4233 952 4316 illi,
1006 4233 1206 4304 tertio
1237 4231 1516 4321 quidem
1564 4231 1859 4303 reditum
1896 4233 1986 4302 ab
2022 4232 2200 4303 Urbe
2233 4254 2437 4304 suum
2472 4231 2775 4302 clemen-

219 4322 356 4407 tior
400 4343 439 4392 e
481 4320 669 4393 coelo
718 4322 1009 4414 respexit
1054 4321 1343 4392 oculus:
1397 4320 1560 4409 quia
1609 4321 1917 4390 serenior
1978 4319 2255 4390 tandem
2322 4321 2551 4392 vultus
2599 4321 2776 4390 arri-

218 4412 335 4493 sit,
390 4432 472 4481 eo
514 4412 696 4500 quod
748 4412 1119 4500 quievisset
1168 4410 1394 4482 rabies
1442 4409 1767 4492 Leonina,
1812 4410 2191 4501 accepisset
2238 4411 2447 4482 finem
2483 4410 2769 4494 malitia,
