3308 5004
677 335 806 416 79⁴
1468 354 1547 401 nn
1585 354 1642 402 S.
1693 351 1959 401 summo
2007 341 2298 400 narrat
2811 331 3015 399 AUG.
3069 331 3149 397 28

589 438 1119 596 &Qum-“rima
1166 437 1469 510 Praesuli
1522 437 1841 519 reddens,
1898 436 2100 508 refert
2142 451 2210 508 et
2239 437 2516 507 animae
2554 446 2620 506 et
2650 434 2976 526 corporis
3013 457 3154 505 me-

640 549 892 597 icinam
969 582 985 597 .
1592 547 1606 572 ¹

678 618 716 703 ξ
761 623 910 689 ίῡ.
968 623 1091 686 Pro
1138 617 1394 704 quibus
1440 637 1522 685 ac
1570 616 1828 687 talibus
1876 616 2206 685 virtutum
2261 614 2692 685 ornamentis
2747 633 3021 703 magna
3067 613 3155 682 ibi

590 706 875 775 basilica
909 705 1241 775 fabricata
1271 727 1313 774 a
1346 704 1695 785 fidelibus,
1750 705 2144 787 virtutibus,
2197 717 2275 774 ut
2327 701 2607 794 praefati
2640 723 2926 782 sumus,
2975 722 3158 770 mar-

591 795 757 883 tyris
792 796 968 865 beati
1001 793 1290 886 refulget
1320 817 1332 859 :
1375 795 1447 863 in
1484 815 1621 881 qua
1661 794 2225 885 paralyticorum,
2263 791 2702 873 claudorum,
2739 811 3151 872 caecorum,

588 883 977 954 et·aliorum
1012 905 1287 972 quoque
1344 884 1742 954 morborum
1786 885 2063 974 saepius
2112 882 2321 974 petita
2370 880 2671 951 remedia
2709 882 3156 967 conquirun-

588 985 722 1041 tur.
768 972 1131 1043 Foedamia
1163 972 1501 1060 quaedam
1542 973 1829 1053 mulier,
1870 971 2210 1062 paralysis
2257 971 2550 1042 humore
2588 970 3009 1052 constricta,
3045 969 3151 1040 cui

589 1061 860 1132 nullum
924 1062 1234 1154 corporis
1299 1060 1690 1131 membrum
1749 1063 1900 1131 sine
1963 1060 2198 1131 dolore
2247 1061 2564 1149 vigebat,
2633 1057 2954 1128 exhibita
3009 1073 3148 1136 est.
3265 1115 3266 1118 ,

588 1149 1055 1222 deferentibus
1104 1150 1540 1242 propinquis,
1594 1150 1682 1219 ad
1731 1151 2000 1221 beatam
2055 1150 2412 1219 basilicam
2445 1205 2460 1229 ‚
2521 1160 2601 1219 ut
2646 1146 2749 1217 vel
2797 1150 3071 1239 stipem
3118 1171 3153 1217 a

589 1237 1044 1330 largientibus
1097 1253 1512 1309 mereretur..
1554 1243 1742 1322 Quae
1798 1239 1968 1310 dum
2017 1239 2089 1309 in
2144 1238 2413 1329 porticu
2460 1237 2603 1318 illa,
2639 1258 2819 1324 quae
2873 1252 3153 1308 sanctae
3265 1257 3266 1272 ¹

589 1327 918 1398 basilicae
964 1329 1438 1419 conjungitur,
1477 1327 1874 1410 decubaret,
1916 1342 2186 1398 noctem
2223 1327 2644 1397 Dominicam
2698 1325 2872 1395 dum
2915 1349 3147 1396 sacro·
3265 1329 3266 1386 f

592 1420 850 1487 sanctis
898 1418 1176 1508 vigiliis,
1232 1417 1469 1509 populi
1522 1415 1693 1485 fides
1725 1418 1967 1487 devota
2005 1415 2463 1495 concelebrat,
2499 1429 2566 1485 et
2612 1411 2729 1484 illa
2777 1417 3150 1503 quiescens

592 1505 845 1576 lectulo
896 1507 1259 1596 paululum
1322 1505 1829 1588 obdormisset,
1898 1529 1939 1576 a
1988 1506 2131 1576 viro
2178 1505 2481 1593 quodam
2534 1525 2653 1606 per
2714 1505 2960 1574 visum
3014 1527 3149 1576 cor·

593 1609 785 1685 repta
830 1609 1034 1684 atque
1083 1597 1435 1753 increpata
1480 1607 1630 1676 est,
1685 1594 1954 1665 dicente
2002 1595 2181 1666 sibi:
2235 1598 2372 1664 Cur
2438 1593 2557 1663 reli
2612 1592 2765 1672 uiS,
2823 1594 3148 1664 excubias

593 1700 969 1754 nocturnas
1018 1690 1151 1754 Deo
1197 1707 1277 1753 ex
1334 1685 1705 1765 ibentibus‚
1759 1684 1880 1753 illa
1927 1683 2245 1754 deesset?
2292 1688 2564 1772 Respon
2622 1682 2671 1751 it
2718 1703 2793 1751 se
2829 1683 2927 1751 ab
2963 1685 3141 1752 omni

592 1776 1062 1843 membrorum
1113 1786 1306 1864 parte
1363 1772 1709 1852 debilem,
1763 1793 1891 1842 nec
1939 1773 2214 1863 penitus
2277 1793 2591 1862 gressum
2655 1793 2869 1862 agere
2922 1793 3137 1862 posse.

593 1867 785 1931 Tunc
848 1864 1049 1950 quasi
1098 1873 1475 1931 sustentata
1525 1884 1560 1930 a
1611 1863 1759 1931 viro
1806 1863 1928 1949 qui
1966 1862 2372 1949 loquebatur
2399 1862 2485 1943 ei,
2523 1860 2699 1940 etad
2741 1861 3140 1951 sepulcrum

593 1972 816 2037 usque
874 1950 1216 2028 deducta,
1271 1951 1439 2020 dum
1492 1951 1560 2019 in
1613 1972 1860 2041 sopore
1906 1949 2137 2021 fundit
2184 1951 2605 2031 orationem,
2659 1949 2895 2019 visum
2949 1964 3048 2021 est
3088 1950 3139 2019 ei

593 2041 794 2125 quasi
827 2039 1364 2109 multitudinem
1414 2051 1814 2109 catenarum
1867 2040 1954 2109 ab
2001 2040 2155 2128 ejus
2207 2039 2536 2109 membris
2585 2036 2732 2108 solo
2781 2039 3132 2120 decidere,

594 2149 631 2196 a
667 2150 805 2214 quo
836 2129 1041 2197 etiam
1080 2129 1313 2199 sonitu
1359 2128 1859 2219 expergefacta,
1896 2129 2111 2200 sensit
2138 2128 2454 2197 omnium
2489 2138 2769 2197 artuum
2809 2131 3135 2220 recepisse

599 2216 1074 2307 plenissimam
1136 2218 1526 2287 sanitatem.
1587 2219 1902 2289 Protinus
1951 2217 2246 2288 surrexit
2304 2238 2346 2286 a
2395 2214 2691 2298 lectulo,
2749 2228 2817 2286 et
2866 2231 3132 2307 stupen-

598 2305 784 2375 tibus
830 2307 1101 2375 cunctis
1130 2362 1146 2387 ,
1198 2329 1360 2376 cum
1430 2307 1810 2398 gratiarum
1876 2307 2146 2376 actione
2192 2304 2574 2375 vociferans
2604 2359 2621 2387 ,
2688 2317 2996 2375 sanctam
3039 2317 3130 2374 est

597 2395 910 2486 ingressa
963 2396 1346 2467 basilicam.

682 2489 719 2570 ς’
768 2489 914 2558 18.
968 2485 1263 2567 Quidam
1313 2485 1482 2556 dum
1533 2486 1603 2555 in
1656 2484 2013 2566 seditione,
2057 2504 2266 2572 quam
2316 2493 2807 2566 commoverat,
2854 2481 3106 2551 oculum

596 2574 962 2653 amisisset,
1019 2575 1397 2655 bominem,
1449 2576 1570 2662 qui
1618 2574 1831 2644 ictum
1886 2574 2233 2654 intulerat,
2287 2572 2373 2641 de
2424 2572 2716 2643 basilica
2761 2569 3101 2666 conabatur

593 2663 970 2731 extrahere.
1023 2662 1214 2746 Quod
1275 2663 1443 2732 dum
1499 2662 1685 2753 agit,
1743 2684 1876 2732 non
1933 2662 2135 2732 modo
2181 2661 2421 2732 amissi
2469 2661 2657 2731 oculi
2707 2682 2822 2731 non
2868 2666 3105 2746 recepit

598 2751 860 2824 lumen.
915 2766 1385 2821 verumtamen
1441 2752 1657 2821 sensit
1698 2751 1921 2821 alium
1967 2751 2140 2842 ejus.
2194 2771 2400 2837 quem
2451 2772 2706 2820 sanum
2756 2748 3106 2846 habuerat,

594 2840 975 2910 obcaecari.
1032 2845 1238 2909 Porro
1285 2854 1446 2910 cum
1515 2853 1792 2930 peccata
1855 2862 1983 2910 sua
2029 2838 2515 2919 confiteretur,
2567 2839 2854 2917 dicens,
2904 2842 3120 2906 nerito

598 2926 768 2999 mihi
818 2929 1042 2998 evenit
1083 2929 1431 3018 judicium
1482 2930 1631 2998 sine
1682 2928 2180 3010 misericordia,
2216 2928 2338 3016 qui
2393 2948 2529 2997 non
2578 2927 2708 2998 feci
2761 2927 3119 2997 misericor-

598 3017 836 3089 diam:
893 3031 1278 3108 prostratus
1323 3028 1553 3087 coram
1607 3029 1845 3087 sancto
1897 3017 2215 3108 sepulcro
2261 3036 2423 3087 cum
2475 3016 2775 3107 populo,
2815 3016 2940 3104 qui
2985 3028 3117 3084 tune
3221 3088 3228 3099 .

596 3106 681 3175 ad
731 3106 1164 3189 festivitatem
1214 3106 1604 3188 advenerat,
1660 3106 2035 3198 indulgens
2083 3105 2404 3186 laedenti,
2457 3117 2524 3176 et
2571 3104 2800 3175 visum
2861 3101 3108 3193 recepit,

598 3210 663 3264 et
692 3197 984 3285 gratiam
1019 3220 1034 3263 ε
1088 3195 1189 3265 sic
1219 3195 1474 3265 factum
1506 3207 1631 3274 est,
1692 3208 1767 3264 ut
1801 3197 1885 3275 is,
1923 3197 2041 3283 qui
2083 3196 2303 3266 sancti
2339 3193 2674 3264 auxilium
2723 3195 3126 3285 expetierat,

600 3296 971 3354 tutaretur:
1026 3284 1149 3354 Ille
1178 3304 1360 3364 vem,
1414 3287 1530 3372 qui
1586 3306 1719 3353 non
1756 3285 2101 3365 credebat,
2137 3294 2566 3375 argueretur.
2607 3287 2684 3352 Et
2724 3284 2831 3353 sic
2873 3297 3137 3371 meique

604 3372 821 3442 laetus
860 3372 1410 3461 emandatusque
1447 3374 1783 3443 discessit.

684 3463 722 3549 ξ
770 3467 910 3534 u.
964 3462 1153 3532 Alius
1198 3482 1473 3549 quoque
1520 3484 1700 3531 ausu
1749 3461 2111 3530 temerario
2157 3459 2270 3530 die
2325 3457 2675 3530 Dominica
2727 3460 2956 3532 bores
2992 3461 3150 3549 jun·

600 3570 810 3640 gens,
865 3571 1110 3641 agrum
1150 3550 1436 3620 sulcare
1482 3551 1732 3638 coepit.
1786 3550 2365 3641 Apprehensaque
2411 3550 2692 3630 securi,
2748 3564 2833 3619 ut
2897 3544 3154 3638 aliqtzid

600 3639 999 3710 emendaret
1046 3640 1114 3707 in
1158 3658 1452 3720 vomere,
1510 3640 1825 3729 protinus
1871 3641 2244 3709 contractis
2287 3637 2547 3730 digitis,
2604 3639 3046 3709 manubrum
3093 3638 3157 3715 in

599 3727 871 3797 dextera
920 3730 1075 3816 ejus
1123 3727 1457 3797 adhaesit.
1513 3734 1822 3815 Cumque
1884 3749 2050 3818 prae
2108 3728 2343 3798 dolore
2405 3727 2623 3796 nimio
2670 3729 3156 3809 cruciaretur,

602 3830 758 3905 post
802 3817 980 3887 duos
1027 3835 1249 3886 annos
1298 3816 1579 3887 veniens
1625 3817 1710 3886 ad
1762 3816 1943 3886 beati
2013 3817 2337 3908 martyris
2399 3815 2760 3886 basilicam
2799 3871 2816 3900 ,
2888 3816 3164 3909 vigilias

600 3905 894 3976 fideliter
964 3904 1356 3976 celebravit.
1432 3905 1810 3993 Statimque
1879 3906 1949 3974 in
2023 3906 2176 3996 ipsa
2245 3905 2357 3974 die
2415 3903 2772 3975 Dominica
2859 3918 3166 3977 reserata

603 4014 854 4063 manus
906 3994 1173 4083 lignum
1207 4049 1222 4073 ,
1275 3993 1461 4083 quod
1512 3994 1770 4064 invitus
1819 3995 2111 4076 tenebat,
2165 3994 2420 4074 amisit,
2479 4013 2809 4086 magnam
2855 3990 3168 4066 infereus

605 4082 862 4184 populo
901 4078 1373 4173 disciplinam,
1431 4097 1507 4153 ut
1552 4084 1735 4172 quod
1784 4083 1897 4152 die
1947 4080 2301 4152 Dominica
2361 4080 2583 4153 fuerat
2632 4095 3165 4175 perpetrmum,

602 4192 753 4262 ipsa
783 4191 1060 4259 quoque
1089 4173 1202 4243 die
1234 4172 1592 4243 Dominica
1626 4184 2061 4263 purgaretur.
2101 4177 2177 4241 At
2210 4168 2328 4241 ille
2358 4170 2822 4262 magnificans
2863 4172 3170 4264 gloriam

605 4262 961 4362 martyris,
1023 4261 1302 4332 recessit
1350 4261 1754 4332 incolumis:
1811 4280 1936 4363 nec
1981 4260 2167 4334 ultra
2203 4259 2318 4331 dic
2357 4261 2896 4334 resurrectionis
2935 4263 3173 4335 Domi-

601 4370 798 4418 nicae
842 4368 1217 4438 quicquam
1266 4368 1484 4421 ausus
1513 4362 1616 4420 est
1650 4370 1947 4441 operari.
3061 4352 3072 4369 ⁸

655 4473 681 4501 ⁸
712 4471 826 4517 Vide
844 4476 895 4517 in
914 4476 1053 4519 Surio
1073 4478 1132 4519 ad
1152 4486 1279 4520 xxxx
1299 4478 1400 4520 sul.
1419 4488 1464 4529 p.
1483 4478 1574 4525 ⁶⁰0,
1591 4475 1613 4529 ς
1632 4478 1699 4520 47.
