3308 5004
566 224 569 228 ’
668 235 794 301 744
1455 255 1534 302 ιιι
1580 254 1638 302 s.
1691 250 1970 305 Bononio
2017 252 2258 303 Aenus
2804 234 3007 302 Ans.
3056 236 3143 302 30
3236 87 3278 279 ψ

573 336 880 409 Pontifex
936 342 1180 409 Petrus
1249 359 1410 408 eum
1479 339 1977 410 accersendum
2038 338 2282 421 duxit,
2345 349 2422 410 ut
2485 337 2813 411 defuncto
2888 337 3145 408 Abbati

573 424 969 508 sufficeret,
1055 426 1237 514 quod
1311 428 1630 514 quamvis
1708 451 1748 498 a
1817 451 1891 499 se
1967 450 2147 499 onus
2222 427 2503 518 rejicere
2577 427 2756 497 serio
2840 448 3143 497 conare-

573 528 708 596 tur,
756 528 979 586 tamen
1015 538 1178 586 cum
1237 515 1296 585 is
1337 515 1610 587 nullum
1660 517 2053 588 solicitandi
2107 530 2174 587 et
2219 516 2510 607 rogandi
2558 516 2767 586 finem
2820 515 3138 590 faceret.

574 625 662 674 ne
692 604 966 674 divinae
1014 603 1353 675 vocationi
1407 605 1721 678 resistere
1769 606 1940 677 velle
1988 605 2374 687 videretur,
2433 605 2641 676 cessit
2689 603 2983 674 tandem
3012 659 3032 683 ,
3084 616 3146 675 et

574 692 903 765 humeros
958 693 1023 762 ei
1087 693 1456 775 submisit,
1526 707 1854 786 paterque
1918 695 2416 765 monachorum
2530 693 2803 764 uamvis
2863 694 3144 764 invitus

574 781 797 853 factus
842 794 968 852 est.
1021 787 1191 852 Ecce
1236 795 1464 853 autem
1496 784 1827 871 antiquus
1856 784 2146 855 humani
2192 783 2466 886 ge‘neris
2554 783 2747 863 ostis,
2784 782 3143 853 virtutum

574 871 749 972 ejuS,
801 870 1058 958 quibus
1105 871 1218 941 hic
1265 892 1541 959 quoque
1585 894 1950 944 coruscare
1998 872 2411 964 incipiebat,
2464 883 2540 942 ιιι
2575 884 2676 942 est
2728 871 2943 941 bonis
2979 894 3146 963 ope·

578 960 774 1031 r1bus
800 958 1111 1042 infestus,
1144 959 1582 1049 splendorem
1610 983 1744 1031 non
1770 960 2020 1044 ferenS,
2049 960 2382 1032 adversus
2413 972 2730 1032 sanctum
2774 974 3139 1050 pastorem

576 1050 959 1139 consurgit,
995 1060 1061 1120 et
1092 1050 1507 1120 monasterio
1542 1050 1880 1139 procellae
1913 1051 2215 1139 quodam
2251 1050 2525 1121 turbine
2556 1062 2941 1128 commoto,
2980 1072 3137 1119 eum

579 1159 984 1230 oppugnare
1038 1137 1439 1227 aggreditur
1470 1193 1488 1220 ,
1539 1152 1617 1209 ut
1666 1140 1911 1210 laetam
1973 1140 2314 1211 bonorum
2365 1137 2718 1210 fructuum
2768 1150 3131 1229 segetem,

579 1249 788 1315 quam
842 1227 1028 1297 hunc
1072 1225 1403 1297 cultorem
1418 1228 1945 1385 (froducturum
1994 1229 2429 1317 conjiciebat,
2469 1239 2973 1298 remoraretur.
3019 1228 3135 1297 Ille

579 1337 737 1386 vero
787 1336 1049 1387 memor
1104 1315 1313 1403 hujus
1375 1339 1413 1386 a
1521 1339 1684 1387 suos
1742 1316 2127 1407 discipulos
2191 1317 2439 1389 Christi
2487 1316 2817 1397 consilii,
2892 1320 2983 1387 Si
3021 1340 3128 1386 vos

570 1408 915 1563 fiersecuti
954 1407 1026 1475 in
1077 1428 1219 1475 una
1268 1406 1539 1475 civitate
1591 1409 1870 1496 fuer-mc,
1930 1406 2150 1498 limite
2201 1408 2272 1477 in
2311 1408 2549 1487 aliam,
2603 1427 2726 1495 per
2773 1427 3130 1475 summam

632 1494 1040 1565 umilitatem
1092 1492 1498 1564 scandalum
1531 1493 1916 1576 declinans,
1960 1496 2032 1564 in
2075 1494 2464 1565 Hetruriam
2500 1494 2777 1563 interim
2814 1496 3121 1574 secessit,

579 1582 699 1654 ubi
736 1596 1046 1673 reparato
1076 1582 1160 1651 ad
1215 1581 1522 1673 plenum,
1573 1595 1640 1653 et
1678 1583 2063 1655 secundum
2114 1584 2332 1674 legem
2387 1582 2500 1654 Dei
2547 1594 2614 1652 et
2653 1583 2886 1652 sancti
2927 1587 3127 1652 Bene-

578 1672 746 1742 dicti
795 1671 1104 1762 regulam
1167 1672 1481 1742 instituto
1544 1673 2008 1756 monasteriO,
2077 1672 2436 1743 miraculis
2501 1672 2792 1763 patratis
2839 1671 3123 1742 celebris

578 1761 783 1831 etiam
830 1760 1164 1831 redditur.

666 1852 704 1937 ξ
751 1853 834 1922 S.
889 1849 1438 1937 conquieverunt
1484 1850 1743 1921 interea
1788 1850 2058 1920 excitati
2109 1860 2360 1931 motus,
2413 1848 2671 1936 quibus
2702 1848 3116 1919 Lucedienae

581 1939 1076 2009 monasterium
1145 1939 1699 2018 concutiebatur,
1752 1950 1818 2008 et
1862 1940 2011 2028 ipse
2060 1939 2345 2009 Domino
2402 1950 2762 2007 revocante
2820 1938 2907 2007 ad
2960 1937 3113 2007 illud

580 2048 897 2097 reversus
935 2082 950 2104 ‚
1007 2026 1277 2116 plantas
1334 2049 1510 2114 quas
1563 2028 1801 2098 divina
1857 2027 2143 2117 adjutus
2190 2026 2410 2117 gratia
2467 2040 2925 2109 conseverat,
2978 2029 3111 2116 piae

579 2117 1116 2188 conversationis
1163 2117 1358 2203 quasi
1410 2116 1753 2198 fomentis,
1792 2129 1868 2186 ut
1895 2116 2378 2196 coalescerent,
2418 2115 2687 2202 lateque
2729 2138 2959 2185 ramos
2988 2114 3106 2184 dis-

579 2204 968 2285 funderent,
1009 2205 1295 2294 irrigare
1343 2206 1718 2295 satagebat.
1772 2211 1918 2289 Quo
1968 2206 2191 2296 magis
2223 2218 2449 2274 autem
2480 2204 2689 2274 etiam
2726 2204 2846 2274 hic
2876 2206 2940 2273 in
2974 2225 3102 2272 mo·

579 2295 877 2364 nasterio
929 2316 1047 2385 per
1082 2294 1296 2363 multa
1326 2316 1409 2363 an
1513 2317 1665 2363 rum
1700 2293 2069 2375 curricula,
2107 2294 2363 2381 quibus
2401 2293 2531 2363 hoc
2562 2293 2761 2373 rexit,
2800 2293 3095 2364 omnibus

580 2383 956 2473 conspicua
1004 2383 1392 2453 eminerent
1421 2317 1913 2474 'isilgerentque
1959 2384 2285 2453 virtutum
2323 2384 2473 2472 ejus
2506 2382 2856 2484 insignia,
2900 2403 2973 2450 eo
3008 2379 3083 2447 de

578 2493 648 2542 se
699 2472 1089 2543 submissus
1135 2472 1512 2554 sentiebat,
1564 2486 1630 2542 et
1680 2472 1887 2542 latere
1950 2470 2268 2542 studebat
2316 2471 2537 2561 magis
2574 2526 2590 2553 ,
2647 2470 2819 2542 illud
2866 2489 3062 2540 secum

574 2584 646 2631 re
701 2574 944 2643 utanS,
995 2561 1179 2648 quod
1231 2562 1535 2632 Salvator
1582 2560 1923 2632 inculcat:
1981 2566 2145 2632 Cum
2231 2562 2492 2630 eceritis
2597 2585 2733 2631 uae
2766 2558 3059 2650 praeczpzb

572 2583 776 2730 vege,
829 2651 1051 2731 dicite,
1084 2652 1279 2720 Servi
1321 2653 1597 2721 inutiles
1641 2675 1919 2721 sumus:
1954 2652 2131 2742 quod
2250 2652 2513 2719 (ruimus
2579 2655 2787 2728 acere}
2821 2648 3069 2744 [ecimus

573 2745 711 2825 (Em
738 2744 953 2810 Lucae
984 2738 1167 2828 xvu).
1206 2744 1389 2809 Inter
1418 2752 1684 2810 caetera
1712 2762 1889 2826 quae
1928 2739 2274 2829 praeclare
2308 2740 2378 2808 in
2410 2739 2542 2807 vita
2575 2740 2811 2829 gessit,
2841 2756 3088 2825 magnis

572 2828 929 2918 impensis,
981 2833 1148 2897 cura
1187 2841 1391 2915 atque
1426 2828 1657 2898 labore
1696 2827 1950 2918 templo
1981 2827 2357 2900 extruendo
2397 2827 2742 2906 incubuit,
2793 2847 2927 2914 quo
2951 2845 3092 2894 eon-

570 2930 918 2988 summato
946 2938 1174 3007 opere,
1214 2939 1374 2987 cum
1407 2940 1479 2987 se
1516 2940 1634 3007 per
1662 2939 1938 2987 omnem
1974 2918 2182 2988 vitam
2226 2914 2906 3007 irreprehensibilem
2934 2913 3094 2983 exhi-

573 3006 859 3086 buisset,
908 3019 1314 3094 tempusque
1353 3006 1642 3087 adesset,
1695 3028 1833 3093 quo
1888 3005 2039 3092 ejus
2088 3005 2356 3077 labores
2396 3012 2573 3075 Deus
2634 3016 3093 3075 remuneratus

572 3106 888 3166 aeternae
934 3095 995 3163 ei
1043 3093 1302 3185 gloriae
1347 3095 1662 3165 bravIum
1703 3094 2033 3177 donaret,
2084 3094 2406 3185 spiritum
2467 3093 2771 3164 Creatori
2832 3090 3102 3163 reddidit

574 3188 617 3253 3
663 3182 946 3253 Kalend.
1002 3182 1344 3273 Septemb.
1398 3205 1580 3253 anno
1630 3184 2024 3254 Dominicae
2073 3182 2573 3254 incarnationis
2619 3205 2849 3251 mm.

665 3273 833 3358 §a
885 3277 1147 3341 Actum
1199 3272 1507 3358 quidem,
1545 3272 1775 3359 qualis
1822 3283 2265 3360 quantusque
2308 3271 2379 3340 in
2432 3272 2569 3341 vita
2617 3270 2901 3351 suisset,
2952 3269 3115 3340 clare

574 3360 902 3430 omnibus
951 3360 1193 3451 patuit,
1249 3383 1371 3460 per
1417 3383 1496 3430 ea
1541 3382 1718 3448 quae
1764 3361 1851 3431 ad
1900 3361 2052 3451 ejus
2098 3383 2172 3431 se
2223 3359 2495 3431 ulcrum
2557 3359 2962 3430 edebantur
3004 3357 3119 3428 mi-

574 3448 837 3519 racula.
891 3454 1056 3519 Nam
1108 3448 1193 3518 ad
1246 3450 1420 3519 illud
1485 3449 1825 3550 plurimas
1885 3450 2150 3541 aegritu
2205 3449 2354 3519 ines
2410 3461 2685 3519 curatas
2746 3450 3119 3528 novimus,

572 3549 640 3608 et
686 3537 771 3606 de
819 3537 929 3607 die
987 3539 1055 3608 in
1119 3538 1301 3607 diem
1379 3540 1600 3628 ipsius
1650 3538 1913 3608 meritis
1980 3539 2187 3608 fidem
2251 3537 2681 3609 credentium
2751 3535 3125 3608 informari

570 3626 982 3717 gaudemus,
1040 3627 1217 3697 sicut
1263 3626 1427 3697 olim
1482 3627 2010 3717 praedicationis
2044 3650 2211 3698 suae
2244 3627 2491 3706 verbis,
2537 3626 2632 3696 ita
2672 3648 2880 3697 nunc
2920 3627 3126 3697 mira-

570 3715 886 3787 culorum
940 3715 1180 3806 signis.
1234 3718 1357 3786 His
1407 3738 1562 3786 vero
1610 3729 1963 3807 permotus
2012 3715 2420 3787 venerabilis
2486 3714 2955 3787 vercellensis
3004 3719 3129 3784 Ec-

568 3804 819 3876 clesiae
864 3806 1109 3895 Episco
1160 3828 1244 3877 us
1291 3805 1697 3884 Amerinus,
1753 3827 1887 3876 non
1953 3804 2192 3880 multis
2258 3815 2409 3895 post
2454 3804 2608 3892 ejus
2654 3825 2737 3873 ex
2786 3804 2937 3875 hac
2996 3804 3136 3872 vita

572 3896 937 3963 transitum
990 3894 1100 3964 die
1155 3916 1262 3975 uS‚
1316 3895 1548 3963 divino
1598 3894 1803 3983 plane
1850 3894 2182 3963 instinctu
2230 3907 2435 3981 atque
2493 3892 2823 3974 consilio,
2882 3891 3137 3963 Christi

571 3982 951 4052 consessori
1005 3982 1304 4053 debitam
1361 3983 1787 4056 devotionem
1838 3983 2310 4073 impensuruS,
2363 3982 2577 4052 altare
2624 4004 2854 4072 supra
2906 4005 3134 4053 sacra-

570 4071 917 4142 tissimum
977 4072 1132 4160 ejus
1193 4093 1446 4160 corpus
1516 4071 1926 4163 erigendum
1977 4083 2043 4142 et
2101 4070 2565 4143 dedicandum
2621 4071 2731 4160 pie
2791 4069 3129 4142 censuit:

569 4159 751 4247 quod
806 4182 1013 4230 suum
1061 4159 1430 4229 consilium
1481 4183 1641 4230 cum
1694 4161 1776 4232 ad
1830 4160 2099 4231 Clerum
2149 4173 2215 4230 et
2262 4183 2428 4231 suae
2461 4159 2624 4230 fidei
2662 4161 3134 4232 commissam

572 4248 841 4337 plebem
892 4249 1280 4330 retulisset,
1333 4270 1491 4318 cum
1548 4249 1798 4339 plausu
1844 4262 2204 4340 exceptum
2255 4250 2355 4318 sic
2400 4261 2543 4328 est,
2605 4261 2683 4318 ut
2749 4250 3143 4320 unanimes

569 4336 1013 4406 decernerent
1068 4337 1454 4427 Apostolica
1517 4339 1920 4409 auctoritate
1958 4394 1974 4421 ,
2042 4359 2436 4421 consensu,
2490 4350 2557 4408 et
2618 4338 3143 4429 approbatione
