3308 5004
633 307 719 373 24
1122 324 1201 370 nit
1249 323 1342 370 ss.
1395 321 1592 370 rcrao
1638 322 1862 370 Arosr.
1913 319 1991 368 m*
2036 319 2265 369 raom.
2320 324 2465 369 am
2823 304 3010 372 AUG.
3066 308 3095 371 »l

540 409 823 496 quidem
874 408 1116 478 horam
1151 412 1283 477 Deo
1323 407 1461 497 ipsi
1506 406 1821 478 conferre
1866 407 2191 485 volueris,
2231 421 2308 476 ut
2339 408 2682 498 integram
2717 408 2925 479 totius
2967 409 3109 479 diei

543 497 928 568 mercedem
981 497 1345 587 reciperes.
1385 502 1727 577 Peccator,
1784 496 2060 584 inquiS,
2122 519 2304 576 sum,
2357 510 2423 567 et
2471 519 2608 566 non
2665 519 2947 587 possum
3001 498 3107 567 sa-

543 609 720 668 cere,
773 586 958 674 quod
994 585 1195 656 dicis.
1252 586 1426 668 Quia
1477 598 1792 677 peccator
1837 608 1952 667 eS,
2008 598 2364 676 propterea
2416 585 2641 677 magis
2691 585 2819 656 hoc
2867 586 3102 658 debes.

541 680 639 745 An
675 676 958 765 ignoras
1004 697 1120 746 eos
1157 674 1390 755 etiam,
1446 674 1569 762 qui
1618 674 1819 744 altari
1868 675 2213 756 assident,
2271 676 2569 764 peccatis
2617 697 2768 746 esse
2815 675 3107 746 affixos?

545 770 761 835 Carne
789 765 974 833 enim
1011 775 1176 834 sunt
1223 763 1473 846 induti,
1509 776 1575 833 et
1607 764 1949 854 sanguine
1980 775 2183 852 atque
2212 764 2491 834 ossibus
2531 764 2921 854 compositi.
2969 772 3104 835 Nos

544 853 751 923 etiam
785 854 943 944 ipsi,
967 853 1037 922 in
1071 852 1398 924 cathedra
1432 853 1770 933 sedentes,
1795 866 1862 922 et
1899 852 2073 923 alios
2094 853 2440 933 docenteS,
2481 855 2779 943 peccatis
2810 854 3098 941 quidem

547 942 942 1033 complicati
990 964 1261 1012 sumus.
1315 948 1460 1011 Non
1526 955 1883 1042 propterea
1948 956 2174 1012 tamen
2239 942 2324 1011 de
2392 943 2816 1032 benignitate
2865 943 3104 1012 divina

549 1031 1023 1122 desperamus,
1064 1053 1286 1119 neque
1333 1030 1660 1100 duritiem
1711 1045 1831 1101 aut
1862 1031 2376 1101 inclementiam
2428 1030 2733 1118 aliquam
2789 1037 2921 1102 Deo
2967 1032 3108 1123 ipsi

550 1120 927 1211 affigimus
966 1125 1244 1202 OmneS,
1307 1120 1620 1207 inquam,
1711 1120 2028 1191 homines
2107 1142 2377 1202 sumuS,
2450 1121 2692 1191 iisdem
2745 1120 3107 1191 elementis

551 1210 940 1301 compositi,
983 1231 1204 1297 neque
1249 1209 1748 1299 correptionem
1792 1232 2219 1288 recusamuS‚
2265 1209 2687 1280 immensum
2722 1210 2999 1279 divinae
3030 1210 3105 1279 in

551 1298 940 1368 humanum
1003 1320 1224 1388 genus
1291 1298 1737 1388 benignitatis
1796 1297 2083 1399 pelagus
2160 1298 2701 1380 considerantes.
2771 1304 2848 1368 Et
2913 1300 3107 1368 vobis

551 1388 860 1475 quidem,
900 1388 958 1456 si
1008 1399 1159 1477 post
1210 1401 1480 1476 peccata
1530 1387 1902 1457 commissa
1953 1409 2023 1456 in
2058 1387 2419 1458 ecclesiam
2470 1388 2765 1477 ingressi
2808 1388 3100 1469 fueritiS,

554 1499 691 1546 non
729 1488 996 1546 tantum
1021 1475 1284 1546 crimen
1319 1487 1442 1545 est:
1479 1476 1611 1545 sub
1644 1477 1974 1567 magistro
1999 1476 2182 1544 enirn
2222 1477 2470 1546 vivitis.
2504 1482 2635 1547 Nos
2662 1499 2818 1546 vero
2847 1489 3106 1564 quanto

553 1565 888 1666 dignitate
936 1576 1413 1656 praestamuS,
1465 1587 1546 1635 eo
1600 1565 1841 1659 majori
1892 1566 2140 1653 culpae
2209 1588 2455 1635 sumus
2528 1567 2829 1635 obnoxii.
2903 1565 3104 1635 Aliud

554 1676 739 1724 enim
775 1656 899 1736 est,
952 1676 1111 1724 eum
1163 1676 1448 1743 peccare
1479 1655 1602 1741 qui
1649 1654 1958 1725 docetur:
2012 1654 2228 1735 aliud,
2282 1654 2624 1724 doctorem
2687 1656 2917 1745 ipsum
2982 1654 3103 1723 de-

555 1742 890 1829 linquere.
945 1749 1087 1813 Non
1155 1743 1242 1813 ob
1291 1743 1360 1811 id
1427 1755 1656 1813 tamen
1730 1743 2025 1813 docendi
2088 1743 2318 1813 locum
2386 1766 2829 1821 recusamus,
2884 1764 3109 1830 neque

557 1832 1046 1903 submissionis
1096 1844 1448 1923 praetextu
1493 1832 1580 1900 ad
1618 1855 1689 1902 se
1744 1833 1979 1902 nitiem
2033 1832 2446 1904 decidimus.
2501 1839 2664 1902 Nam
2693 1846 2766 1902 -et
2815 1834 2943 1902 hoc
2994 1832 3106 1901 di-

555 1921 721 1990 vina·
761 1922 1062 2008 quadam
1115 1921 1626 2011 dispensatione
1705 1936 1934 1993 actum
1976 1934 2100 2001 est,
2156 1935 2232 1991 ut
2279 1922 2666 1993 sacerdotes
2712 1922 2917 1992 etiam
2969 1922 3109 2011 ipsi

557 2012 859 2099 peccatis
907 2011 1202 2101 subjecti
1249 2011 1388 2079 sint
1433 2011 1490 2079 ⁴.
1544 2010 1765 2093 Audi,
1821 2033 2103 2098 quaes0,
2155 2011 2504 2098 quomodo
2552 2033 2660 2080 res
2707 2033 2781 2080 se
2831 2012 3102 2080 habeat.

552 2099 624 2169 Si
659 2099 970 2169 doctores
1021 2111 1088 2168 et
1133 2098 1520 2169 sacerdotes
1567 2101 1702 2190 ipsi
1755 2122 1888 2169 non
1955 2113 2340 2191 peccarent,
2406 2121 2628 2186 neque
2669 2101 2843 2169 vitae
2892 2100 3106 2188 hujus

555 2188 915 2257 affectibus
962 2189 1254 2277 subjecti
1301 2200 1551 2270 essent,
1605 2201 1786 2259 certe
1827 2189 2218 2270 inhumani,
2261 2202 2328 2258 et
2359 2189 2632 2258 avenia
2677 2188 2834 2259 aliis
2873 2187 3111 2257 danda

554 2289 784 2346 essent
830 2276 1299 2347 abhorrentes.
1369 2277 1497 2347 Sed
1565 2300 1690 2368 pro
1746 2292 1925 2348 terea
2001 2279 2190 2368 ipsos
2254 2278 2459 2348 etiam
2510 2277 2898 2348 sacerdotes
2946 2277 3111 2346 affe·

555 2365 783 2436 ctibus
832 2366 1175 2456 subjectos
1201 2387 1349 2435 esse
1390 2372 1566 2436 Deus
1614 2389 1696 2436 vo
1732 2368 1853 2448 uit,
1907 2380 1983 2437 ut
2014 2388 2277 2441 eorum.
2320 2387 2498 2454 quae
2543 2366 2680 2456 ipsi
2711 2367 3099 2456 patiuntur,

558 2476 837 2527 sensum
882 2456 1233 2536 habenteS,
1279 2455 1435 2527 aliis
1482 2456 1688 2525 etiam
1740 2457 2010 2527 veniam
2062 2455 2327 2527 darent.
2374 2460 2473 2526 Ita
2532 2460 2708 2527 Deus
2758 2455 3103 2527 mundum

555 2545 815 2646 optime
847 2547 1210 2637 gubernat,
1276 2547 1536 2636 quippe
1582 2546 1705 2632 qui
1751 2557 1817 2615 et
1871 2545 2253 2635 illosipsoS,
2306 2567 2603 2633 quorum
2655 2545 2817 2614 fidei
2875 2545 3108 2615 Eccle-

555 2655 728 2703 siam
777 2647 841 2704 et
880 2636 1215 2725 populum
1263 2636 1769 2706 commissurus
1808 2646 1974 2714 erat,
2033 2636 2345 2723 permisit
2395 2648 2670 2724 peccato
2701 2634 2981 2721 subjici,
3029 2647 3107 2703 ut

554 2745 595 2792 a
628 2745 913 2793 suorum
976 2738 1357 2793 erratorum
1398 2724 1820 2793 conscientia
1873 2724 2410 2794 admonerentur
2461 2723 2530 2792 in
2584 2723 2758 2792 alios
2796 2744 2946 2793 esse
2993 2722 3112 2791 be-

556 2811 1121 2899 nigniores.Nam
1159 2812 1372 2900 siipsi
1405 2835 1537 2882 non
1584 2824 2001 2902 peccassent,
2043 2812 2309 2882 nullam
2344 2813 2792 2903 peccantibus
2835 2812 3107 2880 veniam

552 2900 787 2969 daturi
834 2913 1101 2970 essent:
1156 2900 1271 2970 sed
1327 2901 1831 2970 inhumanitate
1879 2901 2094 2983 ducti,
2152 2923 2393 2971 omnes
2431 2901 2519 2970 ab
2552 2901 2896 2970 Ecclesiae
2955 2923 3111 2970 cor-

556 3009 722 3079 pore
765 2988 1248 3059 abscidissem.
1295 3028 1304 3040 ·
2419 3011 2420 3014 ¹

644 3079 679 3164 ξ
725 3081 819 3148 3.
872 3077 1062 3159 Quod
1098 3089 1325 3147 autem
1377 3099 1485 3147 res
1534 3079 1627 3148 ita
1665 3099 1738 3147 se
1779 3078 2027 3148 habeat
2056 3134 2071 3159 ,
2136 3100 2360 3166 neque
2407 3089 2660 3147 temere
2708 3090 2827 3147 aut
2872 3078 3112 3166 conje-

555 3168 753 3234 ctura
802 3165 1092 3236 ductum
1145 3189 1253 3235 me
1283 3167 1412 3235 hoc
1461 3168 1688 3237 dicere
1733 3168 2175 3250 existimetis'‚
2231 3189 2357 3258 age
2404 3168 2610 3237 rebus
2660 3166 2832 3257 ipsis
2880 3167 3112 3235 consi-

555 3254 835 3335 deratiS,
895 3256 1270 3345 probemus
1316 3256 1498 3343 quod
1547 3256 1875 3326 dicimus.
1930 3262 2122 3327 Petro
2170 3256 2480 3347 apostolo
2528 3255 2716 3326 orbis
2765 3268 3107 3324 terrarum

556 3343 943 3424 Ecclesiae,
1006 3356 1071 3413 et
1118 3344 1531 3434 populorum
1598 3345 2080 3416 multitudines
2128 3347 2281 3436 ejus
2330 3344 2490 3415 fidei
2569 3344 3105 3415 committendae

555 3446 775 3513 erant,
828 3433 929 3502 vel
1028 3434 1209 3504 otius
1256 3434 1554 3504 creditae
1603 3447 1767 3504 sunt
1827 3434 1931 3504 illi
1978 3435 2204 3504 claves
2266 3435 2462 3526 regni
2510 3433 2885 3504 coelorum.
2925 3432 3106 3516 Quid

554 3521 741 3591 enim
789 3521 885 3591 ait
931 3455 1033 3591 illi
1072 3523 1453 3592 Dominus?
1492 3525 1961 3615 Quodcumque
2011 3526 2340 3616 liqaveris
2386 3547 2592 3615 super
2650 3534 2925 3602 terram,
2981 3525 3113 3593 erit

558 3612 850 3701 liqatum
883 3613 1050 3680 etin
1095 3615 1297 3682 coelo.
1350 3617 1507 3681 Erat
1551 3626 1782 3682 autem
1834 3618 2073 3685 Petrus
2106 3635 2239 3683 non
2295 3614 2505 3693 mitis,
2552 3612 2669 3681 sed
2721 3611 3104 3682 admodum

557 3720 859 3779 severus»,
915 3712 982 3769 et
1026 3699 1378 3786 aliquanto
1402 3700 1668 3770 durior.
1707 3701 1901 3784 Quod
1934 3703 1991 3772 si
2018 3701 2103 3771 ad
2154 3703 2306 3792 ejus
2340 3717 2658 3772 naturam
2693 3700 2869 3770 illud
2899 3701 3106 3769 etiam

554 3788 976 3870 accessisset,
1028 3800 1106 3858 ut
1152 3788 1368 3859 nullis
1410 3791 1707 3881 peccatis
1739 3791 2222 3878 subjiceretur,
2254 3812 2533 3878 quae30,
2571 3809 2783 3876 quam
2834 3789 3109 3859 veniam

554 3877 859 3947 habituri
906 3876 1220 3960 fuissent,
1272 3879 1393 3964 qui
1442 3879 1528 3948 ab
1571 3879 1691 3948 illo
1719 3879 2015 3949 docendi
2072 3883 2323 3949 erant?
2370 3886 2733 3969 Propterea
2761 3878 2920 3953 -hoc
2964 3878 3107 3968 egit

558 3967 675 4035 Dei
726 3966 969 4067 gratia,
1027 3980 1103 4037 ut
1159 3967 1529 4057 paululum
1578 3969 1667 4037 ab
1734 3968 1886 4058 ipso
1933 3967 2342 4038 descisceret
2393 3973 2664 4048 PetruS,
2714 3978 2780 4035 et
2815 3979 3109 4124 ⁴peccato

555 4053 767 4124 alicui
811 4055 1292 4146 subjiceretur,
1346 4078 1508 4143 quo,
1555 4079 1635 4127 ex
1685 4056 2001 4141 hisquae
2030 4058 2181 4148 ipse
2228 4078 2480 4148 passus
2526 4055 2771 4137 suerat,
2869 4056 3113 4126 isceret

557 4142 931 4213 humanior
976 4167 1126 4215 esse
1180 4145 1252 4214 in
1314 4145 1511 4215 alios.
1567 4145 1695 4216 Sed
1758 4146 1936 4228 vide,
2006 4145 2407 4237 cujusmodi
2476 4157 2754 4235 peccato
2796 4143 3113 4234 permisit

557 4231 808 4321 subjici
856 4238 1131 4303 Petrum
1173 4234 1401 4317 illum,
1458 4233 1661 4304 talem
1694 4256 1774 4305 ac
1809 4247 2075 4305 tantum
2126 4235 2378 4316 virum,
2431 4233 2907 4325 Apostolorum
2964 4254 3111 4302 ver-

558 4320 786 4402 ticem,
823 4319 1354 4393 fundamentum
1403 4323 1786 4405 immobile,
1835 4337 2096 4415 petram
2141 4323 2487 4402 stabilem,
2543 4336 2611 4394 et
2646 4343 2826 4411 quae
2879 4321 3110 4413 frangi

609 4440 635 4467 ²·
664 4440 758 4480 Cur
771 4442 963 4490 peccato
987 4439 1218 4483 obnoxios
1231 4444 1361 4484 Deus
1379 4439 1618 4483 Ecclesiae
1642 4439 1890 4486 niniati-on
1910 4452 2013 4484 ene
2029 4442 2292 4492 permittat.
