3308 5004
124 325 308 392 AUG.
361 324 447 392 28
685 341 766 389 nt
811 342 873 390 s.
921 339 1281 390 Aususnao
1327 341 1528 391 muse.
1580 342 1660 388 ιτ
1702 339 1873 390 mcx„
1927 338 2106 389 noer.
2447 324 2574 390 685

123 444 258 493 non
309 421 553 503 suerat,
599 420 670 490 in
715 420 1081 512 praesenti,
1125 421 1278 522 sine
1309 421 1610 512 alicujus
1644 421 2000 522 potestatis
2046 420 2510 522 prohibitione
2545 432 2668 511 aut

124 511 477 604 potentie,
532 532 822 582 securus
882 510 1113 592 dicere
1161 511 1449 590 minime
1493 510 1887 589 dubitaret,
1940 523 2005 580 et
2051 532 2124 579 tn
2173 532 2301 582 sua
2347 511 2661 597 civitate,

122 600 272 672 suis
317 599 646 671 omnibus
693 599 1176 691 praesentibus
1224 599 1517 680 civibus,
1571 598 1990 669 fiducialiter
2029 601 2381 691 propriam
2432 601 2670 671 defen-

124 690 289 762 dere
336 688 896 762 communionem
950 710 1087 758 non
1136 687 1526 779 denegaret.
1579 687 1706 759 Ille
1752 710 1878 759 nec
1925 687 2055 759 hac
2100 689 2508 774 hortatione,
2544 712 2674 762 nec

123 799 409 849 suorum
464 790 825 867 parentum
866 786 933 846 et
977 776 1231 848 civium
1292 777 1579 848 instanti
1628 777 1955 868 petitione
2011 776 2080 848 id
2129 776 2355 848 facere
2402 777 2661 860 voluit,

124 867 249 956 qui
292 866 356 936 ei
409 863 916 956 pollicebantur
969 887 1043 944 se
1078 865 1166 936 ad
1220 866 1375 957 ejus
1429 865 1772 938 redituros
1823 867 2411 947 communionem,
2461 867 2668 938 etiam

124 975 284 1026 cum
339 954 748 1026 discrimine
800 953 1412 1044 patrimoniorum,
1464 955 1856 1044 salutisque,
1896 976 2065 1025 suae
2113 967 2246 1026 tem
2302 955 2556 1035 oralis,
2611 954 2672 1026 si

126 1042 329 1113 modo
381 1041 789 1113 catholicam
859 1054 1216 1143 superaret
1263 1037 1740 1115 as'sertionem.
1791 1047 1869 1113 At
1925 1042 2041 1114 ille
2088 1065 2251 1134 amp
2287 1045 2396 1116 ius
2442 1044 2673 1115 dicere

124 1132 266 1202 illis
304 1131 515 1223 gestis
564 1130 737 1200 nihil
786 1130 1025 1213 voluit,
1080 1152 1203 1202 nec
1244 1131 1481 1216 valuit,
1536 1133 1671 1203 nisi
1708 1144 2000 1213 tantum,
2036 1132 2197 1203 Jam
2235 1132 2380 1215 illa,
2419 1133 2667 1221 inquit,

119 1233 317 1313 gesta
363 1221 802 1291 continentur
859 1219 1047 1310 apud
1097 1221 1576 1324 Carthaginem
1641 1222 1821 1292 inter
1879 1220 2255 1311 Episcopos
2316 1221 2668 1304 confecta,

118 1325 358 1382 utrum
393 1308 787 1388 vicerimus,
840 1330 927 1378 an
978 1308 1134 1378 victi
1185 1309 1549 1382 fuerimus.
1602 1316 1681 1381 Et
1709 1310 1879 1381 dum
1927 1332 1968 1379 a
2003 1309 2268 1380 notario
2306 1309 2443 1381 alio
2493 1310 2666 1392 loco,

116 1411 199 1468 ut
249 1397 690 1488 responderet
726 1396 1236 1480 admoneretur,
1272 1410 1339 1470 et
1384 1401 1717 1481 reticeret,
1751 1399 1903 1491 ejus
1935 1399 2208 1470 cunctis
2245 1399 2678 1472 manifestata

125 1486 540 1565 diffidentia,
592 1485 931 1556 Ecclesiae
982 1486 1097 1555 Dei
1144 1501 1516 1578 augmenta
1562 1510 1643 1558 ac
1693 1489 2127 1558 firmamenta
2178 1500 2668 1579 provenerunt.

124 1575 456 1663 Quisquis
500 1596 665 1665 ergo
711 1573 1142 1666 diligentiam
1192 1589 1257 1646 et
1312 1599 1601 1668 operam
1644 1575 2081 1649 beatissimae
2128 1577 2502 1649 memoriae
2540 1581 2677 1647 Au·

175 1665 389 1734 ustini
430 1685 551 1753 pro
585 1662 925 1734 Ecclesiae
957 1665 1069 1735 Dei
1105 1677 1286 1736 statu
1332 1679 1745 1758 cognoscere
1785 1665 2064 1757 plenius
2096 1666 2408 1750 voluerit,
2467 1666 2673 1736 etiam

125 1688 249 1823 illa
283 1764 639 1843 percurrat
670 1765 859 1843 gesta
890 1777 906 1818 ι
938 1765 1004 1823 et
1044 1753 1342 1825 inveniet
1372 1777 1549 1844 quae
1579 1755 1681 1825 vel
1722 1754 1956 1843 qualia
1994 1754 2378 1844 protulerit,
2418 1755 2678 1842 quibus

126 1842 331 1912 illum
363 1841 668 1921 doctum,
715 1841 1146 1929 eloquentem
1195 1857 1261 1914 et
1316 1843 1789 1935 praedicatum
1831 1843 2182 1913 hominem
2287 1844 2672 1926 rovocarit,

125 1931 578 2017 hortatusque
615 1929 841 2022 suerit,
893 1942 971 2002 ut
1009 1952 1132 2022 pro
1165 1954 1329 2003 suae
1363 1931 1761 2003 defensione
1802 1931 2041 2024 partiS,
2077 1953 2216 2021 quo
2297 1931 2499 2004 vellet
2527 1931 2679 2002 edi-

126 2031 335 2100 ceret,
377 2018 715 2106 illumque
762 2021 1016 2089 victum
1057 2042 1138 2089 co
1194 2035 1446 2091 noscet.

158 2161 161 2164 -
221 2110 256 2194 ἓ
301 2114 449 2183 16.
507 2110 657 2178 Scio
691 2109 848 2177 item
888 2130 1021 2178 non
1059 2130 1134 2178 so
1168 2132 1286 2179 um
1319 2110 1467 2201 ipse
1500 2110 1859 2182 Possidius
1903 2108 2178 2200 praesul
2210 2109 2268 2192 ⁴²,
2313 2110 2433 2198 qui
2468 2110 2676 2179 vitam

130 2196 315 2265 hanc
357 2197 787 2286 conscripsi,
842 2219 1079 2266 verum
1127 2197 1335 2268 etiam
1384 2199 1500 2268 alii
1551 2198 1796 2270 fratres
1840 2211 1907 2269 et
1951 2198 2313 2280 conservi,
2366 2199 2488 2286 qui
2555 2219 2682 2268 no-

128 2285 402 2356 biscum
470 2287 650 2356 intra
712 2287 1221 2375 Hipponensem
1282 2288 1641 2358 ecclesiam
1703 2308 1865 2356 cum
1927 2286 2166 2356 eodem
2228 2299 2467 2356 sancto
2532 2287 2681 2357 viro

128 2374 500 2455 vivebant,
568 2375 768 2445 nobis
843 2375 1095 2464 pariter
1156 2375 1242 2445 ad
1308 2398 1615 2446 mensam
1686 2375 2081 2445 constitutis
2142 2396 2303 2443 eum
2375 2373 2675 2443 dixisse:

126 2485 163 2530 ι
201 2463 602 2534 Advertistis
643 2462 847 2534 hodie
895 2464 961 2533 in
1014 2462 1304 2535 ecclesia
1340 2488 1568 2536 meum
1606 2484 2021 2546 sermonem,
2073 2463 2363 2553 ejusque
2402 2463 2676 2534 initium

122 2565 193 2623 et
229 2552 438 2623 finem
475 2566 712 2624 contra
764 2575 982 2622 meam
1033 2554 1603 2625 consuetudinem
1661 2551 2111 2643 processisse:
2165 2552 2496 2639 quoniam
2542 2573 2680 2623 non

121 2654 268 2711 tam
326 2665 465 2711 rem
521 2642 956 2711 terminatam
1004 2641 1478 2733 explicuerim,
1532 2663 1742 2728 quam
1797 2662 2320 2731 proposueram,
2359 2640 2474 2712 sed
2511 2662 2684 2731 pen-

117 2730 406 2800 dentem
459 2730 908 2818 reliquerim?
940 2753 976 2797 »
1027 2732 1147 2801 Cui
1196 2730 1730 2821 respondimus:
1785 2734 1885 2799 Ita
1930 2750 2052 2799 nos
2099 2730 2169 2798 in
2215 2741 2349 2799 tem
2406 2752 2522 2800 ore
2558 2729 2682 2800 mi·

124 2831 321 2905 ratos
366 2817 578 2890 fuisse
614 2833 680 2888 et
718 2819 1005 2901 scimus,
1046 2831 1113 2889 et
1170 2818 1754 2910 recognoscimus.
1817 2824 1896 2887 At
1942 2817 2101 2886 ille:
2156 2842 2193 2885 «
2223 2823 2343 2889 Cre
2395 2841 2435 2888 o
2469 2873 2484 2901 ,
2539 2818 2677 2900 ait,

120 2904 317 2996 quod
385 2905 552 2976 forte
620 2907 922 2995 aliquem
984 2922 1325 2979 errantem
1376 2909 1445 2977 in
1499 2906 1757 3000 populo
1808 2906 2141 2977 Dominus
2189 2929 2310 2998 per
2375 2919 2680 2977 nostram

123 2993 552 3069 oblivionem
601 3009 668 3065 et
713 3018 1013 3067 errorem
1062 2996 1290 3066 doceri
1337 3009 1402 3066 et
1446 2995 1681 3067 curari
1734 2995 2045 3078 voluerit,
2092 2996 2164 3065 in
2214 2996 2420 3085 cujus
2469 3017 2687 3066 manu

118 3096 302 3156 sunt
347 3095 413 3152 et
459 3105 583 3153 nos
629 3098 695 3154 et
740 3107 1093 3156 sermones
1142 3086 1379 3156 nostri.
1431 3090 1599 3156 Nam
1644 3106 1806 3155 cum
1841 3085 2230 3176 propositae
2259 3084 2686 3173 quaestionis

120 3173 434 3244 latebras
500 3188 1037 3263 pertractarem,
1112 3174 1183 3243 in
1243 3173 1456 3244 alium
1521 3173 1865 3245 sermonis
1924 3195 2293 3244 excursum
2363 3174 2680 3265 perrexi,

119 3276 343 3351 atque
391 3260 482 3329 ita
545 3284 679 3332 non
741 3262 1073 3333 conclusa
1123 3262 1220 3332 vel
1270 3263 1603 3353 explicata
1640 3263 2087 3350 quaestione,
2145 3256 2686 3354 disputationem

120 3349 541 3428 terminavi,
600 3352 823 3441 magis
869 3351 1201 3422 adversus
1249 3352 1808 3423 Manichaeorum
1866 3373 2166 3422 errorem
2209 3405 2225 3434 ,
2277 3352 2464 3422 unde
2511 3352 2684 3421 nihil

120 3441 364 3512 dicere
410 3437 842 3509 decreveram
879 3496 893 3522 ,
948 3440 1312 3532 disputans
1341 3496 1358 3523 ,
1410 3463 1618 3530 quam
1673 3440 1758 3511 de
1805 3440 1914 3524 iis,
1966 3463 2143 3530 quae
2175 3462 2482 3513 asserere
2528 3463 2689 3532 pro-

125 3549 535 3622 posueram.
572 3550 609 3593 »
2351 3566 2354 3571 -

215 3621 255 3707 ξ
308 3619 446 3692 12.
499 3620 576 3686 Et
627 3626 777 3706 post
824 3616 1016 3698 haec,
1071 3617 1204 3689 nisi
1243 3616 1465 3701 fallar,
1517 3639 1679 3689 ecce
1727 3617 1862 3689 alio
1894 3618 2006 3688 die
2045 3618 2147 3688 vel
2201 3629 2352 3710 post
2391 3618 2688 3689 biduum

125 3709 321 3778 venit
372 3705 684 3791 quidam,
739 3705 1010 3776 Firinus
1058 3706 1363 3786 nomine,
1418 3707 1823 3798 negotiator,
1860 3719 1926 3778 et
1965 3708 2146 3778 intra
2194 3708 2690 3778 monasterium

130 3796 425 3867 sedente
488 3806 725 3865 sancto
775 3794 1156 3883 Augustino
1203 3816 1435 3866 coram
1488 3796 1691 3866 nobis
1724 3851 1740 3869 .
1793 3796 1877 3866 ad
1932 3795 2140 3888 pedes
2198 3797 2351 3886 ejus
2396 3795 2693 3887 genibus

137 3883 569 3975 pervolutus,
624 3906 770 3953 sese
818 3883 1125 3972 jactavit,
1189 3883 1531 3974 lacrymas
1577 3884 1919 3967 fundens,
1971 3899 2037 3957 et
2083 3906 2336 3976 rogans
2368 3939 2384 3965 ,
2444 3895 2521 3954 ut
2569 3903 2691 3973 pro

131 3973 285 4064 ejus
334 3972 612 4064 delictis
660 3970 985 4043 sacerdos
1021 3994 1177 4043 cum
1220 3974 1366 4045 suis
1398 3974 1767 4045 Dominum
1809 3974 2317 4065 deprecaretur,
2353 3973 2690 4043 confitens

132 4061 323 4149 quod
377 4061 937 4132 Manichaeorum
988 4075 1242 4133 sectam
1292 4076 1571 4134 secutus
1617 4061 1885 4145 fuisset,
1936 4076 2002 4133 et
2056 4064 2124 4133 in
2182 4084 2265 4133 ea
2316 4061 2692 4152 quamplu-

134 4151 338 4220 rimis
391 4151 595 4221 annis
646 4150 943 4231 vixisset,
995 4161 1060 4219 et
1109 4164 1467 4241 propterea
1516 4152 1887 4242 pecuniam
1937 4152 2227 4223 multam
2261 4151 2431 4242 ipsis
2474 4151 2693 4222 Mani—

135 4239 405 4320 chaeiS,
453 4240 552 4309 vel
596 4240 722 4322 eis,
759 4260 933 4328 quos
965 4239 1207 4311 dicunt
1253 4239 1527 4323 electos»,
1581 4241 1936 4314 incassum
1963 4252 2347 4333 erogasset:
2397 4262 2479 4310 ac
2509 4242 2685 4311 sein

130 4405 216 4500 Α·
245 4405 584 4499 Αυὲοῧοῗτέιιε
612 4402 924 4499 qfflragintn
951 4406 997 4447 Β.
1034 4400 1276 4446 Possidiua
1302 4401 1550 4454 Auentini
1580 4405 1944 4446 contubernalis
1974 4402 2086 4448 mit.
2124 4396 2410 4447 coutur'xvx
2429 4404 2567 4455 nni:
2585 4406 2693 4448 vide

171 4468 305 4509 99θῦ
536 4486 548 4503 ο
565 4468 614 4509 P·
742 4489 753 4499 -
