3308 5004
181 338 375 404 AUG.
426 337 510 403 24
963 356 1043 404 nn
1089 355 1146 404 s.
1199 354 1701 405 marnotonto
1747 356 1972 406 meost.
2525 343 2653 408 579

178 439 659 531 ingrederetur
708 453 945 510 sancta
995 453 1418 511 sanctorum.
1474 445 1922 532 Praeceptum
1971 454 2074 513 est
2122 464 2330 534 ergo,
2393 455 2468 514 ut
2528 446 2594 514 in
2660 468 2740 516 eo

180 541 604 620 ponerentur
649 529 1013 598 duodecim
1069 530 1355 621 lapides,
1413 531 1585 601 terni
1637 550 1760 622 per
1795 543 2094 618 quatuor
2122 532 2441 624 angulos,
2484 535 2739 607 inclusi

173 640 374 698 auro,
427 619 591 705 quia
642 618 975 688 nimirum
1025 621 1246 691 sancti
1294 618 1586 710 apostoli
1636 641 1759 710 per
1806 620 2278 708 quadrifidum
2329 623 2591 705 orbem,
2652 623 2740 694 de

178 708 528 786 Trinitate,
580 727 761 794 quae
810 712 986 778 Deus
1033 722 1157 789 est,
1213 708 1703 799 praedicarunt
1739 709 2116 779 catholicae
2151 709 2308 780 fidei
2354 713 2734 783 veritatem.

181 798 313 881 Qui
359 798 563 867 etiam
616 795 881 888 lapides
917 818 1101 867 ¹auro
1148 799 1541 868 referuntur
1588 797 1864 880 inclusi,
1917 800 2083 886 quia
2112 810 2191 867 ·et
2224 798 2400 869 beati
2435 802 2738 891 Apostoli

186 887 255 956 in
293 885 671 977 sapientiae
702 885 1014 956 coelestis
1044 909 1297 957 arcano
1330 901 1768 979 perseverant
1802 887 2289 958 inviolabiliter
2315 890 2732 961 confirmati.

268 979 306 1063 ξ
356 981 444 1047 ².
497 975 908 1133 Legitimum
961 997 1124 1066 ergo
1171 989 1313 1058 est,
1367 989 1445 1048 ut
1489 976 1860 1057 sacerdos,
1922 999 2080 1046 cum
2135 977 2523 1067 ingreditur
2575 1002 2743 1049 san-

104 1069 110 1074 ”
178 1065 554 1142 ctuarium,
642 1063 956 1134 uodecim
997 1066 1327 1154 pretiosos
1363 1065 1628 1156 lapides
1660 1067 1731 1134 in
1761 1065 2082 1135 rationali
2118 1067 2413 1157 pectoris
2446 1067 2732 1151 deferat,

179 1167 527 1242 quatenus
557 1154 876 1241 quisquis
914 1155 1130 1225 sacris
1176 1156 1512 1226 altaribus
1564 1156 2120 1246 appropinquat,
2177 1156 2603 1246 Apostolicae
2644 1159 2743 1227 si-

181 1244 397 1315 bimet
430 1242 863 1313 rectitudinis
895 1244 1206 1336 exempla
1243 1255 1602 1336 proponat,
1646 1255 1724 1314 ut
1788 1263 2085 1331 quorum
2140 1245 2527 1316 ministerio
2580 1245 2742 1316 fun-

183 1334 395 1424 gitur,
432 1353 671 1402 eorum
711 1333 945 1412 vitam,
998 1333 1067 1402 in
1120 1346 1458 1421 quantum
1511 1332 1875 1425 praevalet,
1939 1333 2269 1415 imitetur,
2326 1347 2392 1403 et
2438 1356 2739 1423 quorum

183 1423 360 1514 gerit
390 1421 723 1502 officium,
763 1422 831 1489 in
882 1443 999 1491 eos
1046 1435 1321 1493 sanctae
1359 1421 1845 1504 aemulationis
1899 1422 2130 1492 studio
2182 1423 2433 1494 mentis
2483 1424 2740 1516 defigat

181 1511 525 1582 obtutum.
563 1515 641 1581 Et
668 1510 835 1598 quid
891 1511 1169 1593 mirum,
1210 1512 1264 1582 si
1316 1534 1443 1583 nos
1491 1510 1897 1590 imbecilles,
1932 1523 1998 1580 et
2040 1511 2334 1602 parvuli,
2372 1513 2731 1583 beatorum

182 1598 686 1691 Apostolorum,
738 1600 857 1687 qui
899 1612 1177 1670 sanctae
1209 1600 1549 1672 Ecclesiae
1597 1602 1798 1672 bases
1845 1613 2033 1679 sunt,
2070 1612 2135 1670 et
2182 1600 2574 1684 columnae,
2620 1604 2743 1691 ju-

182 1690 473 1760 beamur
523 1689 778 1758 imitari
823 1707 1172 1770 normam,
1222 1703 1671 1777 sanctamque
1710 1702 1938 1759 tenere
1984 1689 2367 1759 doctrinam
2396 1744 2411 1770 ,
2465 1713 2622 1761 cum
2669 1705 2736 1760 et

185 1780 321 1869 ipsi
368 1777 665 1867 Apostoli
719 1778 1028 1869 priorum
1078 1794 1393 1860 suorum,
1446 1779 1889 1866 antiquorum
1943 1777 2204 1848 scilicet
2252 1790 2552 1869 patrum,
2602 1781 2743 1849 sint

184 1868 589 1939 auctoritate
621 1866 928 1936 firmati?
964 1867 1154 1938 Unde
1200 1880 1265 1938 et
1319 1868 1386 1937 in
1447 1868 1959 1938 constructione
2010 1865 2465 1948 tabernaculi,
2512 1881 2586 1938 ut
2619 1890 2737 1938 co-

188 1956 474 2027 lumnae
520 1969 882 2046 argenteae
912 1955 1202 2026 interius
1241 1968 1521 2036 starent,
1554 1956 1793 2046 paxilli
1826 1956 2005 2025 aerei
2047 1955 2168 2048 figi
2202 1977 2322 2046 per
2366 1957 2740 2027 circuitum

187 2046 489 2115 exterius
526 2045 707 2133 jussi
757 2057 944 2118 sunt.
986 2044 1054 2113 in
1082 2046 1343 2134 quibus
1392 2045 1758 2136 religatum
1793 2044 2313 2114 tabernaculum
2369 2057 2738 2116 teneretur.

275 2137 312 2222 ἓ
358 2139 448 2206 8.
502 2133 874 2203 Columnae
909 2134 1138 2221 itaque
1176 2148 1538 2226 argenteae
1589 2133 1904 2214 interius,
1953 2133 2188 2225 paxilli
2228 2155 2388 2203 vero
2435 2137 2616 2205 aerei
2671 2136 2739 2204 in

191 2224 485 2293 circuitu
514 2223 847 2314 figuntur,
886 2234 1091 2310 atque
1122 2223 1192 2292 in
1229 2224 1398 2313 ipsis
1430 2222 1630 2294 funes
1658 2223 1849 2324 ligati
1886 2233 2068 2302 sunt,
2104 2234 2181 2291 ut
2209 2223 2741 2294 tabernaculum

192 2311 403 2382 fixum
444 2323 772 2392 maneret,
824 2311 990 2398 quia
1039 2311 1353 2382 videlicet
1403 2325 1478 2383 ut
1508 2324 1729 2382 sancti
1763 2309 2055 2401 apostoli
2088 2311 2155 2379 in
2205 2310 2359 2381 luce
2400 2313 2745 2382 sermonis

189 2402 299 2470 sui
345 2400 547 2471 solidi
598 2413 877 2481 starent,
917 2413 1130 2488 utque
1178 2413 1392 2471 totum
1446 2399 1998 2482 tabernaculum,
2054 2399 2121 2469 id
2163 2412 2265 2469 est
2318 2414 2555 2470 sancta
2606 2407 2735 2471 Ec-

186 2490 419 2569 clesia,
473 2490 544 2559 in
597 2488 758 2560 fidei
807 2489 1195 2581 integritate
1243 2491 1690 2579 consisteret,
1748 2500 2072 2576 tanquam
2136 2488 2375 2579 paxilli
2425 2490 2608 2561 aerei
2669 2490 2739 2560 in

184 2580 485 2651 circuitu
519 2588 748 2668 patres
796 2581 1185 2650 testamenti
1234 2582 1500 2661 veteriS,
1536 2586 1615 2649 ac
1653 2578 2029 2669 Prophetae
2058 2579 2358 2649 exterius
2392 2580 2507 2649 fixi
2550 2590 2739 2658 sunt,

185 2670 307 2758 qui
355 2669 719 2738 verborum
765 2690 1051 2739 suorum
1115 2668 1404 2740 funibus
1516 2667 2017 2738 raedicatorum
2071 2679 2334 2736 mentes
2381 2669 2450 2736 in
2502 2668 2745 2739 solidi-

187 2770 323 2828 tate
370 2758 943 2847 constringerent,
996 2770 1202 2846 atque
1263 2758 1389 2828 hoc
1512 2754 1935 2826 abitaculum
1981 2756 2095 2824 Dei
2150 2756 2309 2825 fidei
2367 2757 2745 2828 stabilitate

186 2846 508 2938 ligarent.
553 2852 753 2917 Extra
799 2868 957 2916 vero
1007 2848 1246 2937 paxilli
1282 2857 1470 2928 sunt,
1555 2847 1672 2915 uia
1706 2855 1864 2914 ante
1895 2858 2170 2935 tempus
2203 2845 2416 2934 hujus
2467 2857 2747 2918 sanctae

187 2935 528 3006 Ecclesiae
577 2934 878 3005 fuerunt.
919 2935 1044 3006 Sed
1102 2950 1323 3006 tamen
1374 2957 1492 3006 eos
1560 2934 1577 3002 i
1633 2946 1774 3015 ant,
1828 2934 1950 3020 qui
2002 2934 2071 3003 in
2115 2934 2266 3023 ipsa
2315 2946 2520 3015 sunt,
2580 2936 2747 3022 quia

185 3025 359 3093 dum
387 3023 706 3094 coelestia
741 3025 1062 3115 mysteria
1093 3036 1378 3094 ventura
1421 3044 1585 3114 prae
1639 3025 1845 3103 icant,
1881 3023 2046 3092 haec
2078 3033 2439 3112 postquam
2470 3036 2747 3093 ostensa

187 3126 375 3186 sunt.
402 3112 759 3183 credibilia
794 3115 1027 3184 omnia
1059 3113 1389 3183 fecerunt.
1429 3117 1510 3183 Ut
1541 3134 1706 3204 ergo
1739 3112 1929 3182 intus
1960 3111 2327 3181 columnae
2360 3112 2747 3182 immobiles

187 3215 392 3282 stent,
449 3202 616 3272 foris
655 3202 898 3293 paxilli
942 3203 1145 3272 funes
1200 3204 1578 3284 continent,
1631 3200 1797 3290 quia
1846 3211 1923 3272 ut
1978 3201 2194 3270 sancti
2247 3202 2539 3289 apostoli
2592 3224 2746 3293 per-

187 3292 403 3361 fectae
437 3291 937 3363 incarnationis
967 3292 1358 3361 Dominicae
1394 3292 1797 3381 mysterium
1831 3290 2209 3371 crederent,
2251 3288 2525 3359 illorum
2560 3313 2747 3380 prae·

188 3381 444 3450 dicatio
491 3380 808 3454 obtinuit,
855 3380 974 3473 qui
1011 3381 1162 3459 hoc,
1218 3382 1623 3471 priusquam
1671 3379 1885 3461 fieret,
1939 3391 2007 3449 et
2053 3379 2306 3459 videre,
2353 3392 2418 3447 et
2468 3380 2748 3470 praedi-

187 3492 344 3540 care
408 3481 802 3560 potuerunt.
857 3469 1050 3539 Unde
1110 3482 1288 3539 recte
1346 3482 1619 3558 quoque
1695 3471 1842 3627 ipse
1900 3469 2173 3559 primus
2243 3468 2741 3558 apostolorum,

191 3581 448 3650 magna
480 3558 742 3629 scilicet
770 3558 1098 3628 columna
1149 3559 1284 3629 veri
1341 3560 1708 3629 tabernacu
1745 3559 1789 3640 i,
1828 3557 2149 3645 ,loquitur
2188 3557 2427 3626 dicens
2459 3581 2471 3624 :
2528 3560 2746 3627 Habe·

192 3671 349 3717 mus
399 3648 774 3718 firmiorem
849 3648 1330 3738 propheticum
1380 3669 1766 3718 sermonem
1803 3702 1818 3727 ,
1886 3648 2001 3717 cui
2060 3644 2461 3716 benefacitis
2527 3647 2745 3715 inten-

189 3737 452 3815 dentes,
490 3737 691 3824 quasi
721 3737 1040 3807 lucernae
1083 3738 1150 3806 in
1202 3737 1585 3826 caliginoso
1612 3736 1785 3805 loco.
1834 3741 1908 3805 ln
1942 3735 2200 3823 quibus
2227 3734 2453 3829 verbis
2482 3733 2744 3803 indicat

187 3827 541 3983 &quamvis
578 3826 659 3895 ad
706 3824 844 3896 alta
883 3827 1288 3916 surrexerit)
1331 3848 1412 3895 ex
1441 3825 1773 3903 culmine,
1819 3825 1937 3894 ubi
1989 3825 2272 3914 religata
2326 3824 2643 3912 persistat
2677 3824 2745 3891 in

242 3914 349 3985 de.
396 3920 583 3998 Quae
632 3928 859 3985 tamen
912 3913 1195 3985 lucerna
1232 3914 1538 4007 profetici
1580 3914 1921 3984 sermonis
1964 3914 2107 4001 jam
2146 3913 2427 3998 quidem
2490 3911 2747 3980 intelli-

193 4005 516 4093 gentibus
559 4004 762 4085 lucet,
808 4004 922 4072 sed
954 4004 1184 4075 adhuc
1236 4025 1369 4073 non
1426 4002 1977 4092 intelligentibus
2033 4014 2349 4089 cooperta
2390 4000 2748 4091 allegoria-

194 4114 348 4161 rum
401 4093 940 4163 obscuritatibus
994 4106 1374 4184 permanet.
1433 4091 1623 4162 Unde
1692 4091 1897 4161 etiam
1970 4112 2092 4180 per
2156 4089 2588 4171 Psalmistam
2661 4089 2747 4157 de

192 4180 448 4251 eisdem
486 4182 690 4253 dictis
745 4183 1241 4273 Prophetarum
1296 4182 1595 4252 dicitur:
1639 4182 2027 4250 Tenebrosa
2077 4201 2259 4264 aqua
2325 4178 2393 4247 in
2439 4179 2747 4248 nubibus

193 4271 409 4340 aeris:
463 4274 629 4360 quia
664 4273 979 4342 videlicet
1017 4272 1287 4344 occulta
1334 4282 1437 4340 est
1477 4270 1817 4362 sapientia
1856 4270 1925 4338 in
1977 4267 2357 4357 Prophetis.

281 4362 320 4446 ξ
365 4366 449 4435 4.
505 4368 633 4432 Nec
683 4362 1026 4431 immerito
1074 4361 1438 4431 columnae
1487 4371 1872 4450 argenteae,
1904 4357 2135 4449 paxilli
2176 4377 2334 4425 vero
2373 4357 2552 4425 aerei
2589 4356 2750 4426 sacti

193 4463 380 4540 sunt,
432 4452 597 4538 quia
644 4451 824 4539 quod
863 4452 1047 4522 clare
1078 4451 1222 4540 jam
1257 4448 1558 4541 Apostoli
1595 4449 2015 4540 praedicant,
2052 4448 2180 4518 hoc
2215 4446 2590 4538 Prophetae
2619 4447 2751 4518 sub
