3308 5004
723 343 809 408 66
1339 358 1419 405 ns
1464 358 1523 406 s.
1573 357 1901 406 Ammonso
1946 358 2016 406 ιι.
2063 358 2148 404 nr.
2193 355 2445 406 ucotuo
2881 337 3055 404 AUG.
3103 338 3139 403 2

634 458 835 534 capta
880 443 1073 533 erat)
1118 455 1360 515 sanata
1402 440 1629 512 fuerit.
1682 446 1760 513 Et
1805 464 1962 513 ecce
2027 442 2463 544 prodigium!
2531 440 2776 512 Eodem
2837 439 2950 510 illo
2992 451 3143 510 tem-

636 533 823 625 poris
871 546 1150 623 puncto,
1189 532 1529 601 monacha
1574 553 1703 601 sua
1747 530 2096 602 dementia
2145 530 2436 621 perfecte
2483 531 2767 600 liberata
2809 542 2930 600 est.

721 625 760 710 ἓ
804 627 893 697 8.
944 620 1304 711 Explorata
1357 620 1473 689 Dei
1522 620 1891 702 voluntate,
1943 620 2359 712 AlphonsuS,
2410 619 2722 690 consiliis
2769 617 3143 708 praesertim

632 711 966 782 Antistitis
1003 709 1307 801 Falcojae
1352 709 1659 790 innixuS,
1697 731 1876 800 opus
1915 731 2121 780 suum
2175 708 2459 800 aggredi
2508 708 2798 778 firmiter
2841 706 3142 777 decrevit.

634 800 828 884 Quod
873 799 1271 877 consilium,
1305 798 1427 868 ubi
1466 797 1859 899 pervulgari
1904 798 2153 890 coepit,
2207 820 2344 868 non
2395 798 2637 888 paucis
2698 795 2926 868 statim
2972 794 3144 876 viris,

634 890 881 978 hisque
958 886 1605 979 praestantissimis,
1673 886 2005 958 divinitus
2067 887 2316 977 injecta
2362 899 2466 957 est
2533 885 2855 977 cogitatio
2899 885 2969 954 in
3013 883 3152 973 ejus

632 978 1122 1070 congrediendi
1169 976 1586 1047 societatem.
1639 979 1826 1045 Inter
1873 975 1998 1047 hos
2046 996 2590 1046 commemorare
2652 975 2765 1045 hic
2812 975 3002 1063 juvat
3044 993 3152 1042 no-

631 1067 839 1138 bilem
887 1066 1260 1156 quemdam
1315 1064 1842 1145 adolescentem,
1896 1064 2059 1152 qui,
2114 1076 2267 1155 post
2321 1064 2611 1134 minime
2659 1064 2845 1154 piam
2906 1075 3150 1133 transa-

629 1168 805 1228 ctam
833 1157 1287 1246 juventutem,
1331 1175 1615 1244 prorsus
1661 1152 2059 1224 admirabili
2111 1153 2315 1223 modo
2362 1153 2432 1221 in
2484 1153 2832 1223 nascentis
2870 1149 3154 1221 familiae

628 1247 970 1339 gremium
1010 1243 1355 1314 adductus
1400 1254 1525 1313 est.
1577 1246 1745 1313 Rem
1796 1242 1944 1332 ipse
1976 1242 2167 1314 Vitus
2215 1241 2454 1312 Curzio
2498 1241 2661 1332 (hoc
2694 1241 2832 1331 ipsi
2863 1253 3005 1311 erat
3048 1260 3154 1308 no-

630 1334 822 1437 men)
870 1334 968 1405 sic
1017 1345 1248 1423 postea
1293 1330 1668 1401 enarravit:
1717 1331 2088 1401 Dormienti
2138 1331 2335 1413 mihi,
2371 1331 2619 1418 inquit,
2661 1330 2886 1400 visum
2930 1328 3157 1419 hujus-

628 1424 815 1495 modi
862 1423 1206 1512 objectum
1253 1433 1378 1492 est.
1445 1419 1539 1490 Ad
1599 1419 1866 1490 radices
1912 1420 2033 1490 alti
2088 1419 2418 1508 adituque
2464 1419 2864 1490 difficillimi
2913 1417 3148 1487 montis

628 1512 802 1583 mihi
830 1511 1107 1580 videbar
1136 1509 1530 1589 consistere;
1568 1530 1774 1596 quem
1811 1531 1971 1579 cum
2002 1508 2287 1601 plurimi
2337 1509 2723 1580 sacerdotes
2753 1518 3155 1578 conarentur

626 1601 1018 1681 ascendere,
1062 1598 1276 1668 subiit
1311 1611 1375 1668 et
1429 1598 1603 1668 mihi
1649 1599 1971 1689 cogitatio
2038 1597 2488 1669 ascendentes
2549 1596 2986 1684 insequendi.
3041 1593 3157 1664 Sed

626 1690 893 1777 quoties
927 1687 1291 1778 procedere
1339 1687 1711 1768 tentabam,
1764 1687 1982 1768 toties,
2042 1686 2319 1757 fallente
2366 1687 2674 1777 vestigio,
2717 1684 3156 1763 corruebam;

625 1792 692 1848 et
739 1791 1004 1848 tantum
1038 1776 1272 1847 aberat
1303 1789 1380 1847 ut
1429 1775 1895 1867 progrederer,
1949 1788 2294 1846 utcontra
2342 1775 2585 1867 pedem
2637 1796 2916 1865 semper
2963 1771 3158 1843 refer-

627 1888 811 1937 rem:
848 1889 987 1955 qua
1029 1887 1110 1935 ex
1145 1886 1217 1935 re
1249 1865 1548 1936 multum
1611 1866 1925 1936 tristitiae
1985 1865 2293 1954 concepi.
2359 1871 2529 1934 Tum
2583 1886 2740 1935 vero
2771 1918 2787 1945 ,
2858 1884 3043 1934 unus
3085 1882 3159 1930 ex

624 1955 767 2027 illis
786 1954 1279 2036 sacerdotibus,
1308 1954 1442 2023 mei
1475 1953 1822 2035 misertus,
1862 1976 2061 2024 suam
2089 1954 2258 2024 mihi
2294 1953 2590 2045 porrexit
2621 1974 2938 2035 manum,
2971 1951 3159 2039 cujas

624 2044 1051 2114 adminiculo
1098 2042 1333 2125 fretuS,
1385 2065 1546 2112 cum
1579 2042 1736 2112 aliis
1772 2043 2027 2114 montis
2057 2065 2424 2114 ascensum
2459 2041 2739 2133 perfeci.
2792 2046 3008 2128 Atque
3041 2039 3160 2109 hoc

671 2133 905 2203 uidem
939 2132 1068 2201 fuit
1104 2131 1557 2202 adolescentis
1603 2132 1980 2203 somnium.
2033 2138 2189 2201 Jam
2239 2153 2398 2202 vero
2444 2154 2603 2201 cum
2636 2184 2652 2210 ‚
2721 2130 2974 2222 paucis
3023 2139 3163 2220 post

677 2223 897 2303 iebus,
952 2220 1378 2311 Alphonsum
1439 2219 1791 2310 Neapolim
1846 2220 2249 2301 offenderet;
2303 2233 2507 2309 atque
2564 2221 2636 2289 in
2682 2242 2765 2290 eo
2818 2232 3161 2290 ostensum

625 2311 783 2393 sibi,
824 2311 1095 2397 sibique
1125 2309 1596 2391 auxiliantem,
1672 2311 2149 2400 presbyterum
2206 2310 2620 2400 agnovisset,
2706 2307 3161 2378 admiratione

624 2399 1136 2490 obstupefactus
1181 2411 1305 2469 est.
1356 2398 1572 2480 IllicO,
1610 2420 1914 2488 superno
1960 2399 2197 2469 afflatu
2243 2410 2655 2478 commotus,
2700 2403 2839 2467 Deo
2875 2409 3013 2467 tam
3047 2394 3160 2465 ad·

622 2489 1033 2560 mirabiliter
1071 2488 1335 2560 vocanti
1369 2488 1884 2577 obtemperavit,
1936 2512 2016 2559 ac
2065 2488 2335 2579 primus
2383 2487 2539 2559 novi
2587 2486 2904 2559 Instituti
2954 2485 3168 2557 factus

621 2591 723 2651 est
769 2579 977 2650 frater
1025 2578 1265 2649 laicus.
2206 2639 2212 2646 .

709 2671 747 2756 ἓ
792 2674 879 2742 4.
922 2669 1048 2739 Hic
1076 2690 1227 2737 vere
1260 2667 1542 2757 longum
1581 2663 1753 2735 foret
1784 2687 2025 2735 omnes
2053 2687 2461 2736 enumerare
2492 2664 2874 2747 molestiaS,
2919 2663 3169 2753 quibus

617 2768 896 2828 sanctus
943 2757 1322 2837 Institutor‚
1368 2755 1587 2845 spatio
1637 2755 1847 2824 totius
1905 2753 2042 2824 fere
2104 2754 2307 2834 anni,
2360 2754 2801 2824 conflictatus
2864 2768 2995 2826 est.
3049 2757 3166 2822 Co-

622 2845 813 2935 gnito
860 2846 1014 2932 ejus
1046 2845 1358 2925 consilio,
1398 2856 1535 2914 tota
1581 2843 1649 2911 in
1687 2864 1846 2912 eum
1880 2841 2197 2933 Neapolis
2232 2843 2555 2912 bacchari
2601 2844 2859 2934 coepit;
2913 2855 3167 2914 etcum

622 2945 824 3003 antea
868 2933 1308 3003 admirationi
1339 2946 1515 3003 esset
1560 2930 1912 3012 omnibus,
1959 2952 2145 3000 nunc
2192 2931 2520 3001 omnibus
2568 2930 2795 3002 factus
2836 2946 2943 3003 est
2992 2929 3169 3001 ludi-

619 3021 769 3092 brio
801 3044 881 3092 ac
910 3021 1354 3111 contemptui.
1409 3021 1626 3090 Amici
1662 3041 1905 3090 omnes
1943 3019 2030 3089 ab
2086 3042 2166 3089 eo
2228 3019 2644 3101 resilierunt,
2715 3021 2885 3091 item
2962 3017 3172 3113 prisci

622 3110 959 3201 magistri,
989 3122 1054 3180 et
1088 3109 1644 3201 congregationis
1677 3132 1716 3178 a
1741 3108 2191 3200 Propaganda
2224 3108 2385 3177 Fide
2415 3109 2707 3188 sodales,
2747 3107 2902 3197 qui,
2953 3108 3172 3180 verbis

620 3199 1186 3280 mordacissimis,
1226 3199 1397 3287 ejuS,
1446 3211 1526 3269 ut
1571 3197 1929 3276 dicebant,
1992 3197 2520 3268 obstinationem
2582 3210 2792 3285 atque
2853 3201 3169 3291 ineptum

619 3287 1106 3376 insulsumque
1168 3287 1594 3378 propositum
1643 3287 1952 3357 certatim
2016 3287 2558 3357 insectabantur.
2612 3287 2744 3356 Sed
2798 3310 3013 3358 nemo
3067 3284 3172 3356 ΑΙ-

620 3375 884 3465 phonso
912 3378 1166 3457 acriuS,
1226 3398 1435 3463 quam
1478 3387 1690 3465 pater,
1743 3375 2025 3446 obstitit.
2075 3381 2148 3446 -Is
2195 3375 2469 3445 nullum
2535 3397 2671 3446 non
2726 3379 2948 3448 movit
2998 3374 3173 3467 lapi-

617 3464 799 3546 dem,
842 3487 979 3553 quo
1027 3465 1249 3535 filium
1299 3488 1339 3534 a
1390 3464 1737 3554 proposito
1784 3477 2149 3546 averteret;
2216 3477 2478 3535 etcum
2531 3464 2744 3534 minis
2793 3487 2967 3536 eum
3020 3463 3177 3534 nul-

618 3552 887 3626 latenus
936 3553 1189 3624 moveri
1231 3554 1509 3636 videret,
1554 3553 1882 3643 lacrymis
1930 3553 2207 3624 tandem
2247 3575 2327 3623 ac
2377 3554 2701 3643 precibus
2732 3553 2901 3642 ejus
2949 3553 3175 3646 coepit

614 3642 870 3713 adoriri
917 3643 1395 3713 constantiam.
1450 3642 1761 3726 Quadam
1802 3643 1938 3724 die,
1994 3642 2148 3712 filii.
2182 3642 2585 3712 cubiculum
2641 3642 3049 3732 ingressuS,
3101 3643 3171 3710 in

612 3733 765 3822 ejus
809 3731 1065 3802 collum
1114 3732 1385 3814 cecidit,
1433 3744 1499 3803 et
1545 3732 1934 3802 arctissimo
1963 3754 2120 3802 eum
2174 3744 2411 3802 tenens
2443 3730 2841 3820 complexu,
2883 3733 3175 3820 ‘vimque

614 3821 1079 3922 lacrymarum
1118 3820 1564 3912 profundens,
1621 3843 1741 3910 per
1787 3834 1923 3891 tres
1969 3821 2401 3891 continenter
2435 3818 2645 3898 horas
2695 3822 2979 3909 precari
3020 3842 3181 3913 per-

611 3922 964 3993 severavit,
1001 3932 1088 3980 ne
1134 3933 1174 3981 a
1211 3933 1306 3992 se,
1362 3910 1752 3981 miserrimo
1801 3923 2014 4002 patre,
2049 3908 2452 3980 discederet.
2506 3906 2688 3978 Nihil
2727 3931 2895 3979 vero
2933 3929 3179 4001 preces

611 4020 691 4069 ac
740 3999 1084 4091 lacrymae
1131 3999 1430 4081 valuere;
1485 4021 1608 4070 nec
1656 3999 1998 4086 acquievit
2033 3998 2425 4089 Alphonsus
2456 3996 2649 4067 carni
2695 4008 2764 4066 et
2798 3999 3173 4091 sanguini.

610 4092 975 4176 Postquam
1027 4090 1048 4158 i
1103 4089 1241 4159 itur
1286 4089 1571 4179 longum
1642 4101 1989 4159 certamen
2056 4085 2545 4167 sustinuisset,
2598 4085 2818 4156 victor
2884 4088 3177 4159 tandem

612 4177 889 4267 Neapoli
988 4112 1283 4249 roffectus
1328 4191 1453 4260 est,
1506 4177 2069 4268 Congregationis
2101 4181 2205 4246 Ss.
2250 4174 2760 4265 Redemptoris,
2818 4199 2995 4248 cum
3049 4176 3180 4248 ali-

611 4278 778 4353 quot
827 4271 910 4336 So
960 4268 1188 4338 alibus
1234 4267 1358 4356 qui
1401 4267 1639 4337 eodem
1690 4279 1992 4357 tempore
2040 4264 2307 4336 Scalam
2356 4277 2855 4347 convenerunt,
2916 4267 3204 4337 funda-'

614 4365 841 4425 menta
900 4357 1237 4443 jacturus.
1290 4361 1483 4427 Hanc
1528 4356 1869 4426 civitatem
1920 4355 2197 4426 intravit
2242 4353 2356 4424 die
2415 4365 2651 4424 octava
2699 4356 3132 4429 Novembris
3161 4412 3183 4439 ,

614 4465 799 4517 anno
843 4467 1210 4517 unccxxxn.
