3308 5004
236 331 381 400 ΑΗΕ.
419 331 456 399 3
805 349 886 397 mi
931 348 1186 399 mnu-r.
1240 348 1298 398 S.
1353 349 1666 400 starum
1713 291 2106 399 ram-omar.
2513 335 2628 401 401

228 431 618 512 nominatur,
687 430 1156 503 necessarium
1204 430 1372 502 duxi
1443 431 1746 521 pandere
1797 443 2059 502 vestrae
2120 431 2191 501 in
2233 432 2502 504 Christo
2549 432 2727 503 dile-

224 521 437 601 ctioni,
488 518 902 610 imploratus
945 541 1024 589 ac
1090 521 1312 609 magis
1350 521 1597 610 jussus
1659 543 1698 590 a
1748 535 1988 593 sancto
2052 520 2168 591 Dei
2229 521 2491 593 cultore
2538 523 2729 594 Avito

262 610 594 700 resbytero,
627 609 716 678 ut'
749 608 1134 679 secundum
1186 608 1393 679 fidem
1427 623 1984 680 consummatam
2032 610 2484 702 interroganti
2524 612 2731 700 quasi

264 699 376 768 lius
414 697 819 779 obaudiens,
873 697 1056 768 sicut
1091 697 1402 789 cognovi,
1459 720 1621 768 cum
1672 700 1865 769 omni
1913 699 2359 790 simplicitate
2405 700 2726 792 impiger,

222 788 442 878 integre
478 785 861 857 indicarem
913 807 1190 857 omnem
1236 786 1615 857 veritatem.
2722 819 2734 831 ·

288 880 442 963 §2
506 875 625 945 Die
680 874 894 966 igitur
955 881 1346 956 Parasceve,
1407 876 1536 946 hoc
1575 889 1701 957 est,
1758 888 1943 947 sexta
2009 875 2200 957 feria,
2256 877 2455 949 tertio
2500 881 2729 949 Nonas

222 965 602 1042 Decembres,
647 963 1014 1034 consulatu
1063 965 1347 1034 Honorii
1393 964 1646 1047 decies,
1700 977 1767 1036 et
1821 965 2182 1035 Theodosii
2230 966 2449 1036 sexies
2503 970 2733 1057 Augu-

218 1068 463 1133 storum,
515 1052 922 1123 adveniente
971 1066 1192 1135 nocte,
1246 1054 1632 1124 dormiente
1674 1075 1785 1122 me
1833 1053 1904 1123 in
1955 1053 2172 1124 cubili
2223 1075 2398 1135 meo,
2452 1055 2521 1124 in
2578 1055 2728 1126 loco

216 1155 418 1212 sancto
448 1141 859 1232 baptisterii,
912 1142 983 1210 in
1034 1164 1173 1229 quo
1219 1142 1649 1213 consuetudo
1692 1142 1865 1212 mihi
1912 1153 2059 1213 erat
2104 1143 2431 1226 dormire,
2492 1155 2559 1213 et
2604 1166 2730 1214 cu·

218 1230 435 1301 stodire
479 1230 973 1309 ecclesiastica,
1024 1252 1203 1317 quae
1234 1231 1523 1301 erantin
1578 1231 1987 1312 ministerio,
2035 1231 2202 1301 hora
2243 1232 2437 1302 tertia
2478 1233 2726 1314 noctis,

212 1341 357 1407 quae
396 1334 496 1391 est
531 1319 754 1409 prima
805 1320 1118 1390 custodia
1166 1320 1591 1412 vigiliarum,
1644 1319 1849 1407 quasi
1897 1321 1970 1389 in
2017 1321 2264 1390 ecstasi
2297 1321 2581 1391 effectus
2623 1343 2733 1391 se-

216 1408 599 1498 mivigilans,
630 1408 773 1477 vidi
822 1408 1045 1477 virum
1081 1430 1339 1490 senem,
1394 1407 1709 1499 longum,
1746 1430 2025 1489 canum,
2068 1409 2351 1480 barbam
2390 1409 2730 1502 prolixam

213 1497 566 1579 habentem,
624 1497 981 1587 palliatum
1037 1496 1196 1567 alba
1245 1497 1442 1579 stola,
1495 1498 1609 1568 cui
1671 1497 1944 1567 inerant
1991 1497 2383 1587 gemmulae
2430 1520 2722 1580 aureae,

211 1587 502 1658 habentes
554 1585 974 1657 intrinsecus
1027 1599 1307 1657 sanctae
1357 1586 1594 1657 Crucis
1641 1587 1951 1677 signum.
2007 1591 2084 1656 Et
2132 1587 2393 1678 virgam
2444 1608 2728 1658 auream

207 1673 264 1744 in
302 1697 500 1746 manu
538 1689 800 1756 tenens,
857 1674 1038 1744 venit
1066 1689 1133 1744 et
1162 1676 1346 1747 stetit
1381 1675 1469 1745 ad
1504 1675 1851 1746 dexteram
1897 1696 2144 1755 meam,
2183 1688 2248 1745 et
2293 1698 2506 1746 aurea
2539 1677 2733 1766 virga

209 1762 475 1852 pulsavit
527 1785 660 1844 me,
722 1774 826 1833 ter
869 1777 1122 1835 vocans
1173 1786 1282 1834 me
1332 1764 1612 1836 nomine
1661 1785 1836 1845 meo,
1890 1764 2167 1835 dicens:
2223 1765 2543 1845 Luciane,
2600 1770 2733 1835 Lu-

204 1852 395 1933 ciane,
451 1854 775 1924 Luciane:
827 1866 893 1922 et
940 1853 1112 1923 dixit
1146 1853 1319 1923 mihi
1360 1857 1616 1925 Graeco
1645 1852 2213 1923 sermone:Vade
2262 1853 2331 1922 in
2382 1854 2728 1924 civitatem

200 1961 353 2027 quae
389 1942 650 2012 dicitur
694 1940 900 2022 Aelia,
952 1963 1131 2029 quae
1177 1956 1279 2012 est
1323 1942 1735 2020 Jerusalem,
1770 1954 1836 2013 et
1863 1943 1977 2013 dic
2025 1955 2264 2012 sancto
2294 1942 2571 2023 Joanni,
2603 1942 2727 2030 qui

204 2045 290 2099 est
319 2031 385 2099 in
418 2053 496 2100 ea
548 2030 965 2122 Episcopus:
1006 2032 1353 2114 Quamdiu
1382 2031 1613 2110 clausi
1632 2053 1905 2112 sumus,
1938 2045 2004 2102 et
2043 2053 2178 2101 non
2208 2031 2437 2122 aperis
2486 2030 2733 2102 nobis?

199 2132 254 2187 et
281 2119 593 2200 maxime,
648 2120 811 2206 quia
862 2120 1289 2209 temporibus
1338 2122 1438 2191 tui
1486 2120 1854 2191 sacerdotii
1900 2133 2164 2212 oportet
2213 2142 2339 2190 nos
2389 2119 2733 2190 revelari?

200 2209 374 2296 Aperi
427 2208 625 2280 nobis
678 2206 1083 2280 festinanter
1123 2221 1680 2291 monumentum,
1733 2209 1852 2279 ubi
1898 2210 1968 2278 in
2019 2209 2440 2300 negligentia
2472 2209 2735 2299 positae

200 2311 341 2366 sunt
381 2297 715 2385 reliquiae
760 2311 1053 2380 nostrae,
1107 2310 1183 2366 ut
1233 2319 1354 2388 per
1410 2318 1535 2369 nos
1582 2299 1848 2388 aperiat
1887 2303 2065 2368 Deus
2111 2313 2176 2368 et
2225 2298 2538 2368 Christus
2582 2298 2734 2388 ejus

199 2396 254 2452 et
286 2386 581 2475 Spiritus
630 2392 923 2458 Sanctus
970 2386 1226 2457 ostium
1275 2385 1684 2456 clementiae
1733 2408 1900 2458 suae
1948 2387 2019 2456 in
2071 2387 2200 2456 hoc
2259 2386 2547 2456 mundo.
2605 2390 2729 2455 Pe-

198 2472 517 2546 riclitatur
562 2476 747 2546 enim
801 2475 1118 2546 seculum
1165 2498 1244 2546 ex
1280 2475 1519 2547 multis
1566 2475 1872 2560 casibuS,
1924 2476 2047 2565 qui
2094 2475 2276 2547 fiunt
2324 2476 2394 2545 in
2435 2495 2515 2546 eo
2558 2495 2734 2563 quo·

200 2562 360 2633 tidie.
399 2570 478 2634 Et
530 2588 664 2635 non
699 2576 970 2635 tantum
1003 2563 1316 2635 solicitus
1356 2587 1510 2635 sum
1564 2588 1688 2656 pro
1723 2585 1855 2648 me,
1893 2579 2232 2655 quantum
2278 2587 2402 2657 pro
2436 2564 2569 2646 his,
2606 2563 2730 2652 qui

197 2667 339 2722 sunt
387 2676 663 2724 mecum
716 2653 943 2744 positi,
983 2654 1204 2724 sancti
1244 2666 1311 2724 et
1359 2653 1560 2724 multi
1610 2654 1895 2726 honoris
1941 2653 2162 2745 digni.

220 2804 225 2805 f
271 2743 306 2841 ἓ
349 2746 439 2814 8.
494 2748 578 2813 Et
624 2740 949 2834 respondi
995 2743 1083 2823 ei,
1137 2743 1422 2813 dicens:
1477 2743 1644 2826 Quis
1693 2743 1878 2813 enim
1926 2764 2000 2813 es
2050 2756 2122 2813 tu
2169 2741 2474 2821 domine,
2535 2753 2600 2812 et
2659 2740 2733 2812 hi

195 2848 299 2916 qut
333 2844 559 2901 tecum
594 2833 806 2902 sunt?
835 2831 1212 2922 Respondit
1244 2831 1457 2901 mihi:
1494 2837 1634 2923 Ego
1676 2854 1830 2901 sum
1876 2831 2232 2913 Gamaliel‚
2313 2831 2387 2901 ui
2435 2830 2729 2901 Paulum

195 2920 576 3006 Apostolum
627 2919 874 2991 Christi
917 2920 1201 3002 nutrivi,
1252 2933 1317 2991 et
1356 2921 1578 3012 legem
1629 2919 1839 2991 docui
1897 2921 1966 2990 in
2025 2927 2271 2992 Jerusa
2304 2942 2439 2989 em.
2487 2925 2565 2990 Et
2609 2919 2734 3008 qui

197 3028 444 3079 mecum
499 3009 573 3078 in
615 3008 944 3079 Orientali
1002 3021 1193 3099 parte
1243 3010 1678 3080 monumenti
1740 3010 1965 3097 jacet,
2038 3010 2185 3100 ipse
2249 3022 2352 3079 est
2398 3008 2732 3080 dominus

198 3096 592 3192 ‚Stephanus
645 3097 765 3187 qui
815 3096 1166 3188 lapidatus
1197 3111 1299 3168 est
1331 3120 1370 3167 a
1398 3097 1681 3168 ludaeis
1713 3112 1779 3168 et
1816 3099 2253 3190 principibus
2294 3097 2731 3169 sacerdotum

196 3203 251 3251 1n
292 3184 672 3258 Jerusalem
727 3208 851 3277 pro
899 3186 1149 3257 Christi
1196 3187 1332 3256 fide
1370 3184 1540 3258 foris
1593 3198 1886 3277 portam,
1943 3209 2119 3275 quae
2165 3198 2269 3257 est
2315 3186 2401 3256 ad
2450 3185 2734 3273 Aquilo-

198 3292 357 3355 nem,
408 3297 594 3362 quae
633 3275 825 3345 ducit
856 3273 943 3344 ad
994 3275 1228 3345 Cedar.
1269 3275 1374 3345 Ibi
1421 3275 1534 3345 die
1581 3297 1662 3344 ac
1711 3290 1909 3346 nocte
1954 3274 2179 3367 jacuit
2226 3276 2597 3366 projectuS,
2654 3285 2734 3344 ut

198 3363 574 3450 sepulturae
608 3385 742 3433 non
804 3364 1085 3435 daretur
1132 3363 1519 3437 seeundum
1572 3364 1977 3434 mandatum
2027 3363 2402 3454 impiorum
2469 3363 2734 3456 princi-

201 3469 341 3536 pum
372 3507 389 3532 ,
442 3466 521 3523 ut
572 3475 614 3522 a
660 3451 824 3523 feris
872 3464 1395 3523 consumeretur
1463 3474 1582 3523 cor
1635 3475 1721 3524 us
1779 3454 1953 3544 eJus.
2008 3459 2104 3523 Ex
2163 3452 2435 3523 Domini
2497 3464 2731 3523 autem

201 3537 525 3612 voluntate
563 3563 696 3612 non
736 3541 848 3611 teti
905 3541 955 3610 it
992 3563 1153 3612 eum
1201 3564 1423 3612 unum
1458 3564 1538 3612 ex
1631 3542 1713 3623 is,
1770 3563 1907 3613 non
1961 3540 2128 3623 fera,
2177 3562 2312 3611 non
2363 3540 2534 3621 avis,
2591 3560 2730 3609 non

201 3630 388 3699 canis.
442 3636 587 3721 Ego
649 3633 857 3700 Gama
894 3629 978 3699 iel
1028 3630 1459 3731 compatiens
1531 3630 1780 3701 Christi
1830 3631 2196 3712 ministro,
2264 3641 2330 3699 et
2393 3628 2734 3701 festinans

203 3711 428 3789 habere
490 3717 879 3788 mercedem
921 3740 961 3788 a
1008 3724 1321 3801 Domino,
1373 3732 1440 3790 et
1487 3731 1752 3809 partem
1813 3738 1972 3789 cum
2033 3731 2270 3792 sancto
2316 3718 2464 3789 viro
2524 3717 2726 3800 fidei,

205 3804 334 3875 misi
386 3830 508 3897 per
559 3820 828 3878 noctem
905 3820 1201 3895 quantos
1262 3819 1569 3898 poteram
1620 3808 1979 3900 religiosos
2045 3809 2490 3891 ChristianOS,
2543 3818 2609 3876 et
2656 3806 2729 3907 in

207 3891 437 3966 Christo
483 3902 659 3967 Jesu
713 3895 1008 3966 fideliter
1067 3896 1462 3979 credentes,
1515 3896 1910 3971 habitantes
1951 3897 2330 3968 Jerusalem
2379 3897 2448 3965 in
2500 3893 2731 3964 medio

208 3979 621 4057 ludaeorum:
674 3997 741 4055 et
778 3985 1091 4055 hortatus
1136 4008 1289 4055 sum
1347 4008 1488 4067 eos,
1535 4000 1602 4057 et
1657 3985 2079 4058 necessarias
2124 3983 2548 4056 substantias
2597 3983 2730 4053 mi-

213 4068 481 4155 nistravi,
541 4096 624 4145 ac
690 4075 1005 4165 persuasi
1054 4074 1194 4146 illis
1243 4074 1342 4145 ire
1398 4075 1689 4157 occulte,
1741 4086 1821 4146 ut
1869 4087 2217 4164 portarent
2277 4094 2530 4165 corpus
2577 4073 2731 4164 ejus

214 4176 329 4252 tneo
372 4161 693 4233 vehiculo
740 4163 810 4232 in
845 4162 1083 4233 villam
1117 4185 1366 4246 meam,
1411 4163 1542 4234 hoc
1582 4175 1710 4245 est,
1753 4163 1826 4233 in
1857 4163 2124 4255 Caphar
2172 4162 2498 4242 amalam,
2541 4160 2728 4251 quod

220 4259 687 4340 mter-pretatur,
743 4251 903 4321 villa
970 4250 1411 4334 Gamalielis,
1464 4252 1708 4345 viginti
1760 4251 1980 4322 millia
2036 4252 2122 4322 ha
2175 4273 2300 4322 ens
2338 4275 2379 4322 a
2426 4251 2723 4322 civitate.

222 4331 272 4402 Et
305 4338 392 4410 ibi
440 4339 575 4411 feci
611 4340 714 4410 illi
756 4340 1110 4432 planctum
1151 4341 1300 4411 fieri
1349 4340 1598 4413 diebus
1644 4341 2105 4433 septuaginta,
2151 4354 2216 4413 et
2251 4342 2414 4433 poni
2446 4362 2605 4412 eum
2652 4340 2726 4408 in
