3308 5004
187 354 378 424 Aufr.
431 353 536 420 20.
869 371 954 419 nn
995 370 1056 420 s,
1108 371 1440 422 ”manno
1487 372 1630 421 Anni
1684 371 2070 422 cunum..
2535 356 2665 423 5t5

186 454 636 532 commendet
662 454 1091 540 hominibus,
1125 478 1320 547 quae·
1354 457 1457 528 illi
1500 456 1814 530 cmditur
1852 459 2100 542 inesse,
2132 459 2481 531 virtutem.
2516 463 2751 548 Neque

189 546 393 619 entim
426 567 564 637 pm
598 545 712 616 eia
745 544 930 616 fiunt
961 545 1167 629 haec,
1220 567 1352 649 per
1386 568 1563 636 quos
1609 547 1827 619 fiunt:
1880 547 2004 621 sed
2054 569 2177 638 pno
2222 549 2339 619 eis
2372 548 2561 620 fiunt
2602 569 2751 619 ma-

196 636 328 727 gia,
376 635 498 723 qui
548 633 790 705 uidente
826 633 948 705 illa
993 634 1096 706 vel
1145 647 1401 708 sciunt.
1452 637 1875 710 Neceofine
1902 657 2029 727 per
2054 658 2175 709 eos
2211 637 2355 709 ista.
2376 642 2559 709 Deus
2583 658 2755 730 ope·-

194 736 410 806 ratur,
459 735 552 796 uk
584 723 777 815 ipsos
826 724 1076 815 probet
1109 725 1398 796 caeteris
1445 726 1849 808 sanctiore&
1900 726 2020 797 sed
2070 737 2159 797 ut
2183 739 2495 798 caeteros
2522 726 2751 817 magis

199 823 550 886 amatores-
576 819 646 884 et
688 812 1168 884 aerumnam,
1194 812 1401 888 saciat
1446 815 1856 887 sanctitatis.
1907 814 2099 887 Nihil
2138 837 2319 908 ergo.
2350 814 2527 886 mihi
2553 827 2622 886 et
2653 816 2755 885 si·-

199 903 366 996 gnis
396 902 549 975 istis
576 955 593 985 ,
643 900 1216 1004 quandoquidem
1263 909 1455 974 nusae
1504 903 1623 978 illa
1668 903 1901 975 famae
1945 926 2055 975 ma
2109 904 2192 986 is,
2244 922 2457 993 quam
2517 904 2696 975 vitae
2728 958 2747 987 ,

200 991 499 1064 noverim
545 990 891 1066 exhibent
945 1012 1074 1063 nec
1118 990 1207 1062 ad
1255 1014 1492 1063 meam*
1531 992 1687 1064 fieni
1729 1014 2047 1070 commen
2103 994 2434 1075 ationem,
2490 992 2609 1064 sed
2658 995 2759 1063 ad

198 1080 801 1152 commonitionem
853 1080 1083 1172 potius
1118 1080 1443 1153 aliorum.
1477 1081 1526 1119 ⁴·
1547 1105 1587 1150 »
1629 1083 1817 1154 Satis.
1841 1083 2187 1154 nimirum·
2208 1082 2427 1184 huJus
2454 1081 2587 1151 viri
2619 1082 2765 1151 mi-.

197 1169 462 1242 rabitur
506 1169 872 1251 animum,
922 1170 1245 1258 quisquis
1294 1170 1464 1244 haec
1516 1170 1836 1275 diligenti
1890 1170 2445 1242 consideratione
2501 1191 2754 1262 pensa-

198 1259 406 1331 verit:
452 1279 581 1330 nec
616 1259 1092 1360 praestantius.
1114 1260 1463 1351 reputabit
1492 1273 1890 1331 aestumator
1920 1261 2219 1349 quisque
2252 1258 2503 1342 fidelis,
2549 1259 2754 1350 signa

195 1358 397 1436 atque
431 1347 764 1451 „prodigia
812 1347 1223 1419 mirabiliter
1268 1349 1564 1452 operari,
1601 1371 1814 1508 (luam
1857 1371 1981 1437 ner
2029 1362 2242 1421 atrata
2277 1349 2507 1420 taliter
2538 1348 2754 1419 inter-

196 1450 475 1529 pretari.
529 1437 674 1508 Sibi
718 1457 997 1526 quoque
1044 1458 1194 1508 non.
1233 1459 1476 1509 mlnus
1516 1439 1618 1509 uti
1649 1461 1689 1509 e
1727 1439 1971 1528 judica
2025 1439 2115 1520 it,
2170 1437 2547 1509 imitandos
2600 1438 2754 1529 eJus

194 1527 505 1608 affectus,
547 1547 768 1615 quam
820 1526 1178 1596 mirandos
1221 1539 1442 1609 actus,
1493 1538 1560 1599 et
1607 1550 1891 1599 morum.
1931 1528 2261 1618 insignia,
2315 1547 2531 1617 quam
2579 1547 2747 1618 ope-

195 1638 349 1687 rum
387 1617 589 1707 signa
631 1636 1068 1706 cognoscere.
1110 1615 1240 1686 Sed
1275 1616 1360 1688 ad
1399 1617 1569 1688 baec
1599 1618 1763 1705 quis
1791 1617 2134 1688 idoneus?

278 1707 336 1794 5,
367 1708 529 1777 88.
583 1708 678 1775 In,
716 1705 927 1796 hujus
975 1704 1336 1794 siquidem
1376 1716 1650 1796 pectore
1695 1706 1826 1776 viri
1859 1706 1976 1776 Dei
2009 1706 2274 1797 puritas
2307 1705 2753 1793 suavitasque

194 1793 660 1865 consederant*
696 1793 846 1883 pari
893 1792 1197 1864 foedere:
1251 1794 1420 1866 satis
1465 1794 1749 1883 quidem
1813 1808 2111 1883 utraque
2177 1793 2558 1875 mirabilis,
2629 1792 2749 1864 sed

196 1882 583 1954 minabilior
628 1883 994 1972 utriusque
1039 1882 1467 1974 completus.
1519 1884 1692 1955 Inde
1737 1883 2073 1954 nimirum
2125 1895 2264 1953 tam
2304 1882 2752 1973 singulariter

195 1972 266 2043 in
317 1993 539 2041 unum
590 1970 942 2041 hominem
993 1972 1204 2043 totius
1249 1973 1439 2042 orbis
1486 1985 1639 2043 vota
1691 1973 1946 2063 pariter
1990 1972 2520 2053 concurrebant,
2564 1970 2751 2059 quod

201 2060 565 2219 gunitatem
616 2061 920 2132 suavitas
966 2050 1337 2131 amabilem
1372 2060 1647 2145 faceret,
1692 2063 2100 2133 suavitatem
2141 2062 2407 2152 puritas
2438 2072 2754 2150 accepta-

249 2147 448 2220 ilem:
500 2161 578 2219 ut*
618 2148 903 2219 difficile
947 2149 1156 2220 fuerit
1187 2151 1573 2232 aestimare,
1612 2153 1876 2241 gratiae
1907 2173 1992 2221 ne
2023 2173 2110 2220 an
2146 2151 2566 2221 reverentiae
2597 2170 2751 2218 amr-

201 2237 392 2329 plius
433 2237 790 2308 obtineret.
844 2239 1015 2323 Quis
1060 2240 1245 2309 enim
1299 2252 1456 2310 tam,
1488 2239 1753 2331 rigidae
1800 2239 2379 2320 conversationiS‚
2431 2238 2552 2326 qui
2603 2236 2753 2307 Gla-

203 2324 649 2397 ravallensem
700 2349 836 2397 non
888 2343 1314 2399 revereretur
1356 2327 1680 2398 abbatem
1704 2333 1743 2397 ‘lt
1782 2328 1953 2412 Quis
2002 2342 2140 2398 tam
2182 2327 2584 2405 dissolutae,
2628 2326 2754 2414 qui

201 2437 336 2488 non
383 2438 544 2508 erga
592 2415 916 2487 eumdem
965 2416 1261 2488 dulciter
1306 2417 1741 2488 afficeretur?
1790 2417 2224 2488 Dulcissimis
2268 2417 2455 2486 enim
2489 2415 2754 2485 affecti·-

195 2506 328 2578 hus
376 2507 663 2598 plenum
714 2519 953 2596 pectus
1001 2507 1149 2597 ipse
1196 2508 1512 2599 gerebat:
1558 2508 1678 2577 sed
1726 2530 1936 2595 quam
1990 2507 2202 2577 libere
2255 2527 2409 2588 eos,
2481 2505 2753 2594 quoties

194 2617 407 2671 causa
456 2607 809 2686 posceret,
864 2597 1242 2667 coercebat.
1298 2596 1871 2669 Humanissimus
1918 2596 1988 2665 in
2060 2596 2463 2675 affectione,
2528 2594 2752 2685 magis

194 2697 422 2756 tamen
473 2684 668 2755 sortis
718 2684 788 2754 in
836 2684 997 2755 fide.
1051 2690 1130 2755 Et
1176 2697 1253 2755 ut
1299 2685 1502 2756 breve
1548 2685 1851 2773 aliquod·
1882 2685 2094 2773 hujus
2159 2685 2258 2755 rei
2318 2683 2754 2774 proferamus

191 2773 617 2864 exemplum,
670 2773 852 2843 sicut
899 2774 1048 2865 ipse
1093 2796 1370 2862 quoque
1418 2786 1703 2846 testatur
1752 2776 1820 2844 in
1872 2796 2189 2846 sermone
2226 2794 2438 2864 super
2475 2771 2755 2842 Cantica

192 2862 631 2935 canticorum
681 2863 1219 2945 vicesimosext0‚
1275 2863 1481 2935 siccis
1529 2864 1756 2935 oculis
1803 2863 2120 2965 germani
2168 2863 2302 2943 sui,
2337 2873 2403 2932 et
2436 2860 2754 2951 germani

191 2964 328 3023 tam
385 2951 783 3033 necessarii,
829 2963 968 3021 tam
1002 2951 1259 3033 dilecti,
1300 2952 1579 3023 Gerardi
1618 2952 1957 3034 videlicet,
1996 2950 2366 3022 celebravit
2397 2949 2746 3038 exequiaS,

190 3040 398 3112 siccis
446 3039 674 3110 oculis
715 3060 970 3131 corpus
1014 3043 1169 3131 eJus
1218 3041 1501 3112 tradidit
1547 3042 1947 3133 sepulturae
1977 3096 1992 3123 ,
2055 3063 2142 3111 ne
2189 3041 2476 3110 affectus
2539 3037 2752 3107 fldem

190 3132 469 3201 vincere
516 3128 880 3199 videretur.
933 3134 1100 3201 Nam
1151 3141 1552 3201 extraneum
1600 3130 1981 3219 quemlibet
2027 3131 2138 3199 vix
2195 3141 2316 3200 aut
2382 3148 2749 3215 nunquam

192 3220 341 3290 sine
389 3217 722 3307 lacrymis
767 3219 1101 3309 sepelivit.
1154 3219 1386 3289 Talem
1434 3219 1567 3290 sibi
1617 3219 1816 3291 illum
1845 3274 1865 3302 ‚
1920 3219 2209 3291 uberius
2259 3217 2549 3310 proinde
2604 3217 2748 3286 fru-

192 3309 687 3386 ctificaturum,
741 3329 991 3378 manus
1037 3308 1272 3378 divina
1320 3309 1755 3391 formaverat,
1805 3322 1888 3379 ut
1932 3308 2399 3379 austeritatem
2442 3308 2753 3377 suavitas

194 3418 472 3468 morum
521 3394 808 3479 tolleret,
860 3397 1337 3468 auctoritatem
1387 3399 1718 3470 sanctitas
1748 3410 2211 3469 conservaret.
2264 3397 2387 3467 Cui
2425 3396 2610 3466 enim
2649 3394 2751 3463 vel

194 3496 382 3557 tanta
432 3484 832 3576 benignitas
875 3499 1055 3556 esset
1100 3487 1318 3568 oneri,
1373 3486 1473 3557 vel
1527 3500 1718 3558 tanta
1766 3488 2040 3557 bonitas
2072 3508 2208 3558 non
2244 3498 2422 3558 esset
2455 3484 2754 3553 honori?

263 3578 318 3732 ἓ
368 3577 527 3647 24.
582 3575 905 3664 Legimus
951 3574 1037 3644 de
1087 3576 1471 3655 Salomone,
1527 3577 1709 3664 quod
1760 3577 1992 3646 omnis
2042 3588 2220 3646 terra
2260 3571 2754 3644 desideraverit

200 3663 257 3732 vi
308 3686 421 3735 ere
474 3661 739 3732 vultum
791 3662 1006 3734 illius.
1060 3666 1334 3735 Grande
1382 3665 1868 3755 praeconium:
1943 3664 2059 3736 sed
2129 3664 2413 3735 forsitan
2482 3664 2553 3730 in
2621 3661 2753 3728 hac

200 3764 385 3906 fiai-te
436 3774 574 3823 non
625 3750 883 3833 mium,
933 3773 1141 3840 quam
1195 3753 1554 3836 Salomon,
1607 3755 1746 3824 hic.
1800 3760 2030 3842 Neque
2076 3754 2260 3823 enim
2313 3752 2481 3822 satis
2528 3748 2749 3818 credi-

246 3839 332 3910 ile
374 3854 502 3917 est.
557 3839 990 3910 Salomonem
1044 3841 1241 3912 illum
1296 3844 1365 3911 in
1415 3844 1605 3913 omni
1654 3843 1877 3934 gloria
1924 3865 2052 3912 sua
2102 3853 2239 3910 tam
2287 3837 2750 3910 universalem

202 3929 380 3999 orbis
425 3930 812 4001 obtinuisse
859 3929 1185 4005 favorem,
1229 3952 1437 4018 quam
1475 3933 1661 4003 hunc
1696 3933 1764 4000 in
1803 3954 1931 4002 sua
1972 3929 2365 4000 humilitate
2394 3929 2488 3993 *ἢ
2529 3931 2751 3995 Immo

209 4035 357 4115 vero
401 4018 687 4089 difficile
733 4019 1019 4089 omnino
1066 4020 1356 4097 videtur,
1411 4044 1491 4090 ex
1544 4020 1849 4091 historiis
1898 4019 2252 4107 aliquibus
2287 4017 2601 4088 invenire
2633 4012 2757 4082 ho-

209 4123 455 4178 mmem
508 4130 755 4188 unum,
811 4122 1329 4178 conversantem
1380 4109 1607 4179 adhuc
1646 4131 1805 4179 cum
1843 4108 2266 4188 hominibuS,
2307 4108 2375 4175 in
2420 4105 2752 4175 universa

212 4199 382 4263 terra
429 4211 563 4266 tam
615 4196 882 4268 celebre
929 4210 994 4267 et
1040 4197 1340 4267 amabile
1386 4198 1770 4269 obtinuisse
1822 4219 2068 4267 nomen
2102 4251 2117 4275 ,
2170 4218 2211 4265 a
2260 4196 2427 4265 solis
2474 4204 2639 4292 ortu
2691 4205 2757 4262 et

210 4300 474 4368 occasu,
502 4287 589 4357 ab
615 4285 938 4375 aquilone
967 4297 1034 4357 et
1067 4286 1267 4356 mari.
1294 4291 1376 4356 Ut
1404 4288 1592 4356 enim
1625 4287 1783 4358 illas
1825 4306 2290 4358 memoremus
2333 4285 2749 4375 provincias,

266 4444 290 4467 ⁸
318 4445 488 4489 Eximio
507 4450 628 4489 tanti
646 4448 985 4501 'rheumam-gi
1007 4447 1274 4491 humilitas!

266 4496 318 4524 ⁶*
346 4500 683 4553 Praegrandem
706 4506 819 4544 nota
836 4505 936 4544 toto
957 4505 1068 4546 orbe
1088 4503 1428 4546 celebritatem.
2680 4544 2690 4575 ι
