3308 5004
167 328 356 396 AUG.
410 330 495 395 25
996 348 1074 395 nn
1121 348 1178 396 s.
1233 347 1616 397 nuncnune
1664 346 1920 395 rincum
2497 331 2626 396 6⁴9

172 431 321 512 tibi,
373 430 1017 513 obsecro,·salutare
1054 431 1425 501 consilium
1472 453 1728 513 meum,
1765 431 2105 519 dictisque
2137 432 2474 504 assentire
2512 433 2709 515 meis»,

166 533 375 677 afflue
423 520 600 589 inter
648 542 774 590 nos
825 519 1331 610 perquiramus,
1375 519 1966 608 quemadmodum
2010 521 2226 610 possit
2267 524 2398 591 Deo
2436 534 2712 613 gratum

164 630 203 678 e
281 609 343 678 ci
392 609 794 699 conjugium
852 621 1187 686 nostrum,
1240 623 1306 679 et
1352 631 1485 678 non
1541 622 1809 679 terrena
1856 630 1936 678 ex
1985 609 2209 689 nobis,
2249 610 2366 680 sed
2400 609 2716 682 coelestis

167 698 436 768 soboles
487 696 853 784 procreari.
909 697 1074 767 Mihi
1119 697 1400 786 quidem
1452 698 1581 767 hoc
1626 697 2024 768 consultum
2078 696 2370 780 videtur,
2425 721 2548 769 nec
2586 697 2713 770 du·

163 786 306 857 bito
352 785 670 857 utilitatis
719 786 972 857 habere
1021 786 1430 876 plurimum,
1487 786 1544 858 si
1593 784 2070 875 Apostolorum
2116 787 2501 877 principem
2538 788 2713 857 invi-

172 897 429 956 samuS,
482 888 549 945 et
597 875 745 944 loca
793 890 1030 945 sancta
1080 875 1603 965 perlustremuS,
1659 889 1736 944 ut
1765 874 2145 964 Apostolica
2183 876 2474 947 munitis
2507 877 2715 946 bene-

168 963 468 1033 dictione
513 965 782 1034 eveniat
829 965 959 1034 vita
1013 963 1241 1055 longa,
1297 962 1486 1033 salus
1532 965 1889 1045 continua,
1942 965 2297 1053 opulentia
2346 965 2413 1033 in
2474 967 2709 1044 rebus,

164 1052 595 1123 foecunditas
643 1053 712 1121 in
767 1053 1170 1144 propagine,
1226 1052 1693 1140 tranquillitas
1741 1052 1809 1121 in
1861 1052 2197 1123 diuturna
2246 1075 2437 1144 pace.
2476 1076 2512 1120 »
2561 1057 2613 1123 Ο
2654 1066 2715 1124 te

162 1140 433 1211 beatam
486 1143 864 1232 virginem,
917 1165 956 1212 o
1005 1142 1290 1230 superni
1342 1141 1546 1232 Regis
1594 1163 1958 1231 sponsam:
2063 1164 2191 1212 uae
2237 1164 2397 1212 cum
2449 1143 2547 1211 sis
2594 1142 2715 1212 de-

161 1245 317 1300 vota
367 1235 521 1310 De0‚
577 1241 813 1321 optare
861 1244 924 1300 te
969 1229 1169 1311 dicis,
1222 1243 1300 1299 ut
1334 1232 1648 1300 florescat
1680 1230 1802 1300 tibi
1838 1253 2004 1300 mun
2062 1254 2168 1313 us,
2206 1231 2328 1319 qui
2349 1231 2495 1321 jam
2528 1233 2715 1302 aruit

162 1320 235 1389 in
289 1331 557 1409 pectore
590 1332 728 1397 tuo,
764 1341 1110 1407 quemque
1141 1332 1275 1390 toto
1304 1320 1540 1388 animo
1577 1320 1990 1400 contemnis,
2038 1317 2223 1390 haud
2267 1342 2468 1390 secus
2507 1332 2715 1408 atque

165 1423 433 1478 stercus
482 1408 1030 1497 putidissimum.
1083 1405 1256 1492 Quid
1314 1407 1575 1477 multa?
1623 1413 1723 1477 Ita
1754 1408 2034 1495 quidem
2072 1409 2309 1498 sponsi
2345 1408 2714 1481 solicitudo

163 1494 409 1567 delusa
453 1508 577 1577 est,
630 1510 695 1566 et
744 1497 1147 1586 nuptiarum
1201 1511 1609 1587 prorogatus
1641 1498 1829 1567 dies:
1871 1513 2334 1586 sumptusque
2366 1520 2714 1587 apparan-

163 1584 276 1655 dis
320 1585 643 1655 destinati
694 1585 980 1676 nuptiiS,
1037 1586 1105 1654 in
1158 1608 1266 1656 res
1306 1586 1532 1656 itineri
1571 1587 1992 1656 necessarias
2022 1584 2500 1662 conferuntur.
2541 1593 2710 1657 Cum

162 1674 347 1760 enim
392 1687 570 1744 esset
609 1675 800 1765 virgo
834 1675 1226 1755 tenerrima,
1265 1688 1330 1744 et
1363 1687 1498 1744 tam
1533 1686 1750 1743 aetate
1778 1696 1987 1762 quam
2025 1675 2373 1745 voluntate
2415 1675 2708 1745 necdum

163 1763 452 1843 nubilis,
506 1785 807 1854 sponsus
859 1784 1011 1832 vero
1041 1764 1381 1833 Christum
1418 1761 1692 1844 coleret,
1735 1776 1804 1834 et
1832 1764 2068 1834 animo
2102 1763 2471 1854 religiosus
2506 1777 2707 1845 esset,

161 1853 511 1923 consensit
560 1851 847 1942 virgini:
899 1852 1260 1942 coepitque
1288 1853 1492 1921 etiam
1530 1852 1679 1942 ipse
1718 1866 1956 1922 auctor
1986 1875 2135 1924 esse
2160 1866 2226 1921 et
2261 1853 2563 1922 hortator
2603 1854 2713 1922 iti-

162 1941 351 2012 neris
399 1941 850 2032 suscipiendi,
903 1963 1189 2031 sperans
1235 1955 1560 2011 eventura
1608 1963 1688 2010 ea
1736 1942 1994 2022 omnia,
2049 1963 2226 2028 quae
2260 1940 2378 2011 illa
2410 1963 2712 2011 comme-

164 2042 571 2099 moraverat.

254 2121 290 2206 ξ
337 2123 424 2210 ὅ,
478 2118 817 2188 Omnibus
866 2119 1100 2208 igitur,
1152 2140 1332 2205 quae
1417 2117 1775 2187 rofecturis
1805 2131 2034 2188 essent
2066 2119 2478 2199 necessaria,
2519 2141 2711 2189 com-

164 2208 447 2297 paratiS,
502 2208 760 2298 gratias
807 2220 1087 2297 agentes
1140 2212 1291 2287 De0‚
1393 2220 1514 2276 ant
1559 2230 1632 2277 se
1686 2208 1953 2276 itineri:
1999 2222 2064 2276 et
2095 2230 2395 2297 sponsus
2428 2206 2708 2293 quidem

164 2297 589 2365 extrinsecus
640 2296 1022 2366 laetabatur
1074 2301 1319 2385 pompa
1374 2295 1715 2375 seculari,
1771 2296 1960 2385 virgo
2009 2308 2234 2365 autem
2290 2297 2710 2366 intrinsecus

164 2383 366 2484 longe
415 2385 700 2455 uberius
750 2384 1043 2475 spiritali
1088 2385 1628 2475 perfundebatur
1657 2384 2137 2473 jucunditate:
2177 2384 2358 2470 quod
2403 2396 2713 2453 cerneret

162 2473 507 2544 Chr1stum
560 2495 896 2564 sponsum
947 2496 1151 2545 suum
1203 2474 1436 2544 omnia
1485 2473 1616 2544 sibi
1672 2494 1992 2564 prospera
2048 2473 2371 2553 tribuere,
2424 2473 2537 2542 cui
2573 2472 2710 2561 jam

156 2563 298 2632 fide
347 2586 528 2645 vera,
583 2586 703 2653 spe
753 2563 954 2632 firma
1000 2576 1065 2648 et
1114 2564 1375 2653 integra
1425 2563 1794 2643 charitate,
1851 2584 1922 2632 se
1971 2561 2330 2631 devoverat
2381 2577 2711 2652 perpetuo

159 2653 613 2721 servituram:
666 2674 870 2739 quem
922 2653 1126 2721 etiam
1169 2654 1349 2721 intra
1390 2674 1462 2721 se
1494 2652 1716 2720 tacitis
1753 2650 2075 2741 precibus
2105 2649 2449 2741 pulsabat,
2487 2664 2563 2720 ut
2591 2673 2711 2720 cor

157 2753 230 2809 et
275 2762 530 2830 corpus
581 2741 803 2830 ipsius
849 2754 1148 2810 servaret
1195 2740 1721 2810 immaculatum
1761 2794 1777 2820 ,
1832 2761 1915 2808 ne
1980 2740 2402 2809 illecebrosis
2468 2737 2733 2808 mundi'

155 2828 375 2917 hujus
426 2829 893 2919 voluptatibus
943 2829 1440 2919 implicaretur.
1495 2829 1745 2898 Orabat
1795 2850 1990 2897 mens
2030 2828 2339 2899 immotis
2374 2827 2600 2907 labiis,
2647 2843 2712 2897 et

156 2930 625 3007 protegentem
680 2942 753 2990 se
805 2920 1167 2988 Dominum
1218 2917 1448 2987 cordis
1509 2917 1733 2986 oculis
1794 2916 2418 3006 contemplabatur.
2491 2916 2707 2985 Simul

156 3006 366 3075 etiam
468 3008 829 3078 ratissimis
878 3007 1203 3095 alloquiis
1251 3006 1604 3076 beatorum
1652 3004 1956 3095 legiones
1993 3005 2430 3097 Angelorum.
2471 3018 2547 3073 ut
2579 3005 2714 3074 sibi

157 3116 359 3184 opem
439 3108 687 3178 errent,
739 3097 1261 3187 deprecabatur,
1315 3109 1380 3165 et
1426 3108 1700 3164 sanctos
1746 3116 2010 3176 omnes,
2066 3109 2144 3164 ut
2191 3095 2323 3163 sibi
2365 3094 2708 3169 adessent,

160 3205 321 3253 cum
362 3184 687 3267 lacrymis
727 3186 1154 3255 obsecrabat.

249 3274 285 3359 ξ
331 3276 426 3343 6.
479 3274 770 3343 Exaudit
820 3297 974 3342 vero
1023 3273 1331 3345 Christus
1378 3297 1411 3342 s
1464 3295 1706 3342 onsam
1758 3293 1987 3352 suam,
2040 3284 2104 3341 et
2152 3293 2278 3340 sua
2320 3271 2508 3340 illam
2559 3293 2714 3360 pro·

157 3381 455 3448 sequens
505 3362 1025 3443 misericordie,
1083 3364 1341 3447 majora
1393 3296 1491 3432 illi
1554 3361 1795 3431 solatia
1864 3360 2170 3430 adhibet.
2242 3361 2458 3430 Sentit
2523 3360 2626 3428 vir
2675 3382 2714 3429 o

157 3448 400 3519 adesse
449 3450 580 3522 sibi
630 3464 1065 3522 sacrosancta
1115 3451 1482 3542 praesidia,
1536 3471 1714 3537 quae
1762 3451 1850 3519 ab
1882 3449 2212 3519 omnibus
2253 3451 2600 3519 incommo
2657 3451 2713 3518 is

156 3537 538 3619 defensam,
593 3562 753 3609 cum
802 3541 993 3609 omni
1042 3542 1351 3630 corporis
1397 3556 1463 3610 et
1512 3540 1674 3609 fidei
1727 3539 2114 3629 integritate
2166 3540 2385 3628 ipsam
2421 3544 2708 3607 Romam

155 3628 562 3718 perducant.
616 3633 763 3711 Quo
811 3651 970 3698 cum
1026 3630 1517 3709 pervenissent,
1574 3642 1640 3697 et
1681 3628 1829 3697 loca
1876 3627 2099 3708 Urbis,
2137 3628 2326 3698 orbis
2361 3626 2706 3706 dominae,

156 3717 678 3805 perlustrarent,
714 3730 779 3786 et
813 3712 1113 3807 sponsu's
1143 3718 1423 3805 quidem
1458 3717 1761 3806 superbo
1796 3729 2161 3806 apparatu,
2199 3716 2557 3786 sodalibus
2588 3737 2711 3785 un·

157 3804 366 3890 dique
414 3821 674 3897 septuS,
714 3806 983 3875 diversa
1018 3822 1412 3877 sanctorum
1455 3807 1776 3877 inviseret
1813 3806 2128 3895 pignora,
2167 3805 2285 3874 illa
2318 3806 2539 3873 vitans
2569 3826 2710 3872 am·

158 3893 487 3964 bitiosum
561 3896 1016 3977 comitatum,
1093 3896 1240 3965 sola
1308 3895 1393 3964 ad
1468 3895 1945 3984 Apostolorum
2013 3894 2256 3963 limina
2315 3893 2708 3962 accedebat.

166 3986 428 4070 Sponso
478 3998 705 4053 autem
755 3984 1185 4054 existimante
1232 4007 1380 4054 eam
1437 4007 1599 4074 prae
1652 3983 1910 4052 multae
1958 3983 2104 4052 viae
2157 3981 2565 4053 lassitudine
2597 4003 2713 4049 ca-

168 4083 357 4158 ptare
405 4073 758 4161 requiem.
816 4076 962 4162 ipsa
1012 4073 1197 4143 velut
1254 4087 1479 4142 mente
1530 4084 1852 4143 renovata
1904 4085 1970 4140 et
2024 4071 2370 4141 robustior
2424 4072 2661 4139 effecta
2692 4125 2707 4149 ,

162 4160 393 4229 omnia
440 4175 506 4231 et
553 4164 731 4231 intra
779 4175 843 4231 et
888 4174 1075 4231 extra
1142 4164 1387 4232 Urbem
1451 4161 1748 4231 oratoria
1816 4161 2177 4246 inyisebat.
2257 4158 2381 4229 Ille
2445 4159 2710 4228 ruitura

162 4249 577 4337 quandoque
628 4251 897 4320 moenia
944 4250 1165 4320 oculis
1211 4252 1558 4339 corporeis
1589 4249 2071 4339 contemplans
2109 4249 2527 4318 mirabatur:
2575 4253 2714 4317 Hu-

164 4340 506 4424 negundis
555 4362 709 4409 vero
758 4340 1027 4409 lucidas
1075 4340 1229 4411 illas
1275 4353 1774 4425 aeternumque
1824 4338 2194 4407 duraturas
2241 4337 2558 4407 coelestis
2605 4336 2713 4407 Je-

162 4425 545 4515 rosolymae
575 4430 965 4499 mansiones
992 4429 1224 4498 animo
1260 4428 1619 4498 lustrabat:
1669 4449 2078 4517 semperque
2109 4428 2368 4518 patriae
2395 4427 2709 4506 coelestis
