3308 5004
263 311 452 378 AUG.
506 312 594 377 20
927 329 1007 376 nx
1053 328 1111 377 s.
1164 327 1533 378 rmunnaro
1581 328 1824 377 Anaua
1869 328 2142 377 annum.
2592 314 2723 380 427

348 416 397 503 ἓ
432 417 526 486 8.
579 413 709 501 Ubi
737 434 893 483 vero
926 413 1343 492 Philibertus
1382 412 1783 484 adolescens
1814 414 2219 484 vicesimum
2249 413 2490 486 aetatis
2520 414 2813 517 explevit

259 525 551 585 annum,
604 502 841 572 divina
919 514 1229 593 raecepta
1250 501 1566 584 audienS,
1606 502 1793 592 apud
1828 524 1900 572 se
1946 501 2351 573 deliberavit
2384 504 2633 574 Christi
2662 504 2812 575 fieri

254 590 672 681 discipulus,
710 592 867 662 tacu
898 590 1153 662 tatibus
1184 590 1512 662 omnibus
1559 590 1927 662 derelictis.
1968 596 2100 662 Nec
2147 603 2372 661 tamen
2426 614 2553 663 suo
2595 593 2810 666 voluit

252 681 482 751 vivere
529 679 887 763 arbitratu,
933 681 1162 752 sciens
1193 701 1328 749 non
1378 678 1627 750 debere
1658 679 1858 749 illum
1893 701 2208 770 praeesse
2240 680 2421 763 aliis,
2474 682 2594 767 qui
2643 682 2814 752 sub-

251 791 406 840 esse
455 791 590 839 non
641 768 999 839 didicerit:
1056 790 1178 838 nec
1221 791 1261 837 a
1300 768 1598 839 subditis
1629 768 1898 858 exigere
1946 768 2431 851 obedientiam,
2485 771 2608 859 qui
2654 792 2811 842 eam

258 857 740 949 superioribus
788 879 923 928 non
959 857 1370 927 exhibuerit.
1411 857 1603 926 Dedit
1631 877 1794 947 ergo
1826 878 2133 948 operam,
2186 870 2263 927 ut
2300 856 2560 928 alicubi
2621 881 2813 950 repe-

255 947 395 1017 rire
451 960 680 1038 posset
728 947 846 1016 Dei
894 967 1194 1026 servum,
1251 946 1505 1016 eximia
1565 945 1899 1037 religione
1963 946 2552 1037 probatissimum.
2619 952 2812 1018 Com-

306 1036 436 1106 erit
480 1048 708 1106 autem
760 1035 1105 1107 e‘usmodi
1136 1056 1288 1105 esse
1332 1034 1630 1124 Aglium‚
1687 1034 2142 1105 Rasbacensis
2172 1035 2209 1070 '⁶
2253 1035 2563 1106 coenobii
2610 1056 2811 1125 prae-

252 1058 550 1195 lectum:
632 1146 769 1213 quo
890 1122 1306 1194 Coenobium
1359 1136 1643 1194 sanctus
1708 1122 2078 1194 Audoenus
2141 1124 2355 1214 Owen)
2398 1146 2556 1193 cum
2607 1125 2813 1198 sociis

256 1212 678 1301 quibusdam
730 1214 800 1282 in
836 1234 964 1282 suo
994 1210 1210 1282 fundo
1243 1211 1670 1295 condiderat,
1706 1224 1772 1282 et
1802 1210 1992 1283 hunc
2034 1217 2128 1303 Ag
2157 1213 2300 1283 ium
2339 1212 2553 1302 (Aile)
2585 1214 2808 1284 virum

257 1303 399 1385 Dei,
452 1324 488 1371 e
536 1302 944 1371 Luxoviensi
994 1301 1410 1371 monasterio
1443 1304 1767 1384 accitum,
1801 1301 1964 1370 huic
2009 1321 2133 1371 suo
2181 1301 2511 1372 coenobio
2545 1306 2810 1372 Patrem

258 1391 733 1461 constituerat.
778 1390 1009 1461 Rebus
1058 1389 1272 1481 igitur
1315 1389 1670 1471 omnibuS,
1708 1411 1884 1477 quas
1933 1387 2182 1459 habere
2208 1402 2490 1481 poterat,
2531 1390 2598 1458 in
2646 1412 2812 1480 pau-

254 1501 455 1582 peres
491 1479 812 1570 erogatiS,
870 1479 964 1549 ita
1013 1492 1088 1549 ut
1140 1477 1312 1548 nihil
1353 1479 1729 1566 quicquam
1767 1477 1929 1548 inde
1967 1478 2210 1549 amicis
2257 1493 2375 1549 aut
2409 1479 2812 1568 parentibus

255 1570 669 1659 lmpartiret,
706 1567 822 1640 sed
851 1567 1038 1637 haud
1081 1588 1305 1649 secus,
1344 1579 1550 1653 atque
1587 1567 1778 1669 regia
1818 1566 2089 1657 negotia
2120 1567 2252 1657 ipsi
2292 1567 2574 1650 credita,
2612 1580 2809 1638 caute

256 1669 325 1727 et
366 1657 685 1759 religiose
721 1657 1193 1746 dispensaret,
1253 1654 1341 1726 ad
1396 1655 1807 1726 coenobtum
1874 1656 2303 1726 Rasbacense
2352 1678 2424 1726 se
2470 1656 2804 1728 contulit:

259 1759 467 1833 atque
515 1745 659 1815 mic
706 1768 746 1816 a
793 1746 991 1816 beato
1036 1744 1229 1836 Aglio
1267 1758 1582 1815 amanter
1623 1758 1971 1833 exceptae,
2023 1745 2271 1834 capitis
2303 1766 2570 1815 comam
2599 1745 2811 1835 depo-

258 1836 424 1917 suit,
478 1834 863 1920 Christique
901 1835 1154 1924 jugum
1211 1855 1420 1903 suave
1465 1845 1531 1903 et
1576 1855 1756 1904 onus
1805 1833 1947 1903 leve
1996 1832 2318 1916 sustulit,
2373 1846 2577 1921 atque
2642 1833 2811 1903 adeo

262 1923 334 1993 in
369 1923 560 1993 omni
612 1922 943 2014 religione
987 1934 1054 1992 et
1100 1922 1460 1992 sanctitate
1505 1921 1823 2002 excrevit,
1865 1934 1942 1991 ut
1981 1922 2184 1992 etiam
2247 1922 2523 2013 perfecti
2566 1922 2689 1991 viri
2739 1922 2809 1991 in

261 2034 344 2082 eo
389 2024 769 2095 cernerent,
814 2010 995 2099 quod
1049 2012 1292 2081 merito
1346 2011 1803 2080 imitarentur.

347 2102 386 2188 ξ
429 2105 517 2173 4.
574 2106 825 2171 Jussus
858 2112 1086 2169 autem
1123 2101 1191 2168 in
1230 2098 1456 2188 prima
1485 2120 1724 2169 mensa
1754 2097 2012 2179 sedere,
2057 2099 2385 2170 omnibus
2420 2099 2812 2169 ministrare

262 2188 552 2270 studuit,
581 2203 660 2259 ut
709 2190 860 2279 ipsa
907 2189 1062 2276 ejus
1102 2187 1400 2268 refectio,
1463 2188 1533 2258 in
1582 2187 1882 2258 fraterna
1931 2188 2202 2258 servitia
2258 2200 2324 2256 et
2382 2187 2607 2257 officia
2657 2210 2812 2257 mu-

260 2288 556 2347 taretur:
610 2277 1065 2363 absolutoque
1107 2276 1398 2367 prandio
1444 2277 1547 2347 vel
1595 2279 1834 2357 coena,
1893 2298 1933 2345 a
1972 2283 2210 2345 me‘nsa
2273 2276 2561 2345 minime
2623 2288 2814 2348 satur

262 2366 504 2436 abiret.
550 2370 857 2453 Cumque
904 2365 1234 2452 antiquus
1274 2365 1513 2446 hostiS,
1565 2366 1717 2456 ejus
1767 2365 2085 2434 invidens
2141 2364 2619 2446 abstinentiae,
2659 2364 2814 2454 pul-

260 2466 443 2526 saret
489 2454 801 2525 animum
852 2455 1029 2543 ejuS,
1082 2466 1162 2525 ut
1201 2453 1621 2556 largioribus
1645 2453 1874 2544 epulis
1913 2452 2324 2555 indulgeret,
2359 2453 2620 2523 volente
2651 2458 2805 2536 De0,

259 2544 456 2616 fraus
494 2545 644 2634 ejus
677 2545 939 2615 detecta
970 2556 1094 2625 est,
1142 2543 1570 2631 nequissimo
1603 2543 1941 2613 daemone
1976 2542 2075 2611 illi
2111 2565 2179 2611 tn
2219 2542 2482 2613 somnis
2509 2555 2805 2612 ostenso

261 2637 430 2702 Cum
481 2633 667 2702 enim
710 2645 905 2703 nocte
952 2632 1254 2721 quadam
1296 2633 1450 2701 cibo
1491 2631 1782 2702 refectus
1829 2644 2026 2714 esset,
2082 2631 2444 2720 improbus
2484 2629 2600 2701 ille
2650 2653 2812 2700 ven-

261 2734 434 2791 trem
484 2721 640 2810 ejus
681 2722 1014 2824 palpans:
1059 2721 1279 2803 Modo,
1318 2721 1567 2808 inquit,
1600 2720 1713 2790 hic
1762 2720 1957 2800 bene,
2005 2719 2208 2790 modo
2240 2719 2351 2788 hic
2388 2721 2583 2789 bene.
2636 2725 2809 2789 Tum

256 2831 420 2880 vero
460 2811 708 2881 Christi
760 2810 957 2880 miles
988 2831 1372 2900 agnoscens
1419 2810 1635 2899 ignita
1684 2808 1901 2878 hostis
1924 2808 2182 2899 jacula,
2222 2812 2434 2878 Cruce
2466 2830 2537 2877 se
2582 2808 2812 2878 consi-

260 2910 449 2990 gnat,
496 2901 867 2986 statuitque
896 2911 1197 2990 repetere
1232 2898 1599 2988 pristinum
1624 2897 2016 2968 abstinendi
2050 2898 2371 2987 rigorem,
2407 2909 2471 2966 et
2497 2896 2810 2966 divinum

260 2987 594 3058 adversus
668 2987 937 3060 fallacis
992 2988 1351 3057 daemonis
1398 2987 1761 3057 machinas
1828 2985 2167 3056 auxilium
2222 2986 2313 3054 im
2373 2985 2613 3056 lorare.
2686 2991 2812 3057 No-

256 3077 527 3147 cturnis
567 3077 755 3147 horis
789 3076 909 3146 illo
956 3076 1043 3146 ad
1087 3076 1446 3146 ecclesiam
1496 3078 1816 3156 abeunte,
1861 3087 2210 3145 tortuosus
2248 3097 2328 3144 co
2363 3075 2531 3144 uber
2579 3073 2805 3144 tribus

263 3164 680 3236 modiseum
723 3166 937 3235 voluit
968 3165 1325 3255 impedire.
1363 3165 1595 3234 Prima
1625 3176 1844 3243 nocte,
1871 3173 2150 3254 sumpta
2180 3165 2324 3233 ursi
2353 3163 2602 3253 specie,
2630 3163 2813 3232 intra

258 3254 617 3324 ecclesiam
668 3277 825 3324 eum
878 3267 1130 3324 terrere
1168 3276 1328 3323 cum
1364 3252 1586 3335 vellet,
1632 3266 1700 3323 et
1746 3252 1879 3322 alia
1932 3265 2127 3323 nocte
2181 3252 2577 3322 candelabri
2629 3251 2809 3321 ferro

260 3342 627 3413 confodere
683 3344 1058 3425 niteretur,
1110 3355 1316 3430 atque
1367 3343 1564 3413 tertia
1626 3355 1822 3412 nocte
1871 3341 2306 3412 transversim
2369 3342 2439 3410 in
2489 3340 2814 3410 ecclesiae

261 3430 529 3503 foribus
576 3444 789 3513 stans,
841 3454 1001 3502 eum
1053 3431 1246 3501 aditu
1293 3452 1525 3502 arcere
1557 3443 1961 3511 conaretur,
2026 3443 2276 3500 cuncta
2322 3431 2490 3499 haec
2546 3429 2809 3499 machi—

261 3533 589 3589 namenta
624 3521 868 3590 virtute
901 3520 1149 3591 Christi
1170 3520 1589 3591 Philibertus
1611 3519 1947 3601 dissolvit,
1970 3519 2205 3590 Crucis
2230 3540 2549 3610 expresso
2576 3519 2802 3619 signo.

348 3610 387 3696 ξ
434 3614 522 3681 ὅ.
575 3613 941 3696 Postquam
993 3622 1219 3679 autem
1268 3611 1510 3680 beatus
1566 3609 1803 3700 Aglius
1861 3608 2276 3678 obdormivit
2332 3609 2401 3677 in
2463 3613 2798 3687 Domino,

260 3695 554 3767 fratrum
604 3697 922 3767 unanimi
969 3719 1310 3768 consensu
1343 3697 1760 3768 Philibertus
1794 3697 1862 3766 in
1912 3697 2066 3784 ejus
2119 3696 2346 3766 locum
2390 3695 2600 3766 subro
2653 3706 2807 3765 atus

262 3796 387 3854 est.
442 3790 658 3868 Quem
692 3799 837 3857 tum
888 3785 1116 3856 videre
1165 3785 1410 3856 licebat
1443 3786 1833 3856 humilitate
1867 3784 2279 3876 pollentem,
2327 3784 2596 3875 hospita
2631 3782 2813 3851 itatis

261 3874 678 3956 studiosum,
727 3874 1181 3945 abstinentiae
1227 3874 1536 3945 deditum
1565 3929 1587 3957 ‚
1686 3873 2007 3945 rudentia
2053 3873 2387 3942 eximium
2415 3927 2430 3954 ,
2483 3871 2812 3942 charitate

260 3960 658 4044 ferventem,
714 3965 857 4033 zelo
898 3964 1009 4032 Dei
1047 3963 1582 4045 inflammatum,
1670 3984 1907 4033 omum
1967 3962 2101 4051 ipsi
2146 3962 2476 4032 creditam
2531 3974 2812 4030 strenue

262 4053 789 4140 gubernantem,
845 4051 1108 4122 nullius
1156 4073 1519 4141 personam
1570 4051 2047 4142 accipientem,
2098 4050 2260 4119 vitia
2311 4061 2574 4139 reperta
2626 4049 2809 4118 radi-

264 4139 443 4210 citus
490 4141 967 4231 extirpantem.
1019 4144 1096 4209 At
1151 4161 1308 4209 vero
1354 4139 1640 4227 quidam
1688 4162 1726 4210 e
1783 4138 2134 4221 fratribuS,
2204 4138 2509 4239 maligno
2558 4138 2810 4228 spiritu

265 4249 383 4298 eos
412 4229 827 4320 impellente,
879 4229 1165 4300 excitata
1204 4229 1577 4299 rebellione
1617 4228 1945 4299 adversus
1987 4240 2300 4299 sanctum
2346 4249 2596 4309 virum,
2650 4249 2809 4296 eum

323 4444 350 4471 ¹¹
377 4445 533 4487 Belum
550 4442 599 4487 in
616 4443 772 4487 Dioec.
790 4443 1022 4489 meldensi
1041 4444 1253 4499 (Menum).
