3308 5004
727 308 859 374 408
1218 322 1296 370 m:
1345 321 1438 370 ss.
1489 319 1743 370 mnan
1789 318 2064 370 rmwno
2109 319 2187 368 n
2232 317 2432 368 socns
2480 319 2594 366 mr.
2857 301 3034 370 ΑΗΘ.
3083 300 3153 369 ⁴9

637 407 934 500 flagellis
958 405 1329 486 caeditur-2
1354 417 1651 494 quatuor
1677 404 1812 482 sibi
1837 404 2131 476 invicem
2161 402 2715 486 succedentibus.
2743 402 2993 478 Deinde
3017 402 3153 475 bul-

641 496 920 569 lientem
951 518 1205 584 aquam
1245 516 1456 584 super
1495 506 1798 568 ventrem
1829 494 1982 585 ejus
2030 492 2333 566 ministri
2364 492 2625 564 diaboli
2663 491 3064 575 effuderunt,
3095 502 3152 562 et

641 585 959 658 maxillas
996 585 1149 676 ejus
1175 582 1685 675 confregerunt.

728 676 766 763 ξ
808 680 896 746 2.
949 679 1210 745 Interea
1258 671 1477 748 Judex
1523 671 1608 743 de
1665 669 1997 746 tribunali
2037 693 2165 742 suo
2199 669 2480 751 cadenS,
2536 669 2866 742 collectus
2898 694 2939 740 a
2968 668 3151 740 mini-

641 764 804 836 stris
833 763 901 833 in
936 762 1108 836 lecto
1140 760 1537 843 reclinatur,
1581 771 1648 832 et
1683 761 1990 832 sentiens
2036 760 2156 830 Dei
2189 761 2506 830 virtutem
2547 759 2617 830 in
2664 770 2983 850 martyre,
3019 767 3150 848 post

642 852 991 923 modicum
1039 851 1300 922 tristem
1351 851 1658 921 animam
1698 849 1950 920 emisit.
2006 854 2097 919 De
2146 849 2342 919 beato
2388 870 2547 920 vero
2595 853 2733 940 Aga
2786 848 2879 919 ito
2926 869 3151 920 renuu-

640 942 897 1011 ciatum
931 951 1035 1011 est
1080 939 1511 1031 Imperatori.
1566 938 1696 1021 Qui
1730 938 2010 1008 beatum
2042 938 2262 1009 virum
2304 937 2518 1028 jussit
2550 938 2730 1009 leoni
2788 959 2869 1008 us
2901 935 3144 1027 subjici.

643 1029 771 1101 Sed
820 1040 1221 1100 mansuetae
1265 1027 1489 1102 factae
1535 1026 1718 1100 ferae
1760 1026 2053 1118 pedibus
2102 1026 2426 1130 martyris
2471 1026 2556 1096 ad
2610 1025 3046 1096 lambendum
3090 1045 3149 1093 se

641 1117 1171 1189 inclinaverunt.
1215 1122 1356 1187 Hoc
1407 1117 1711 1188 videntes
1757 1116 2035 1187 sceleris
2085 1116 2408 1197 mimstri‚
2464 1115 2774 1186 tulerunt
2820 1113 2905 1185 de
2951 1112 3146 1183 medio
3257 1163 3258 1170 κ

643 1218 958 1300 sanctum
1009 1217 1407 1299 martyrem,
1446 1219 1513 1276 et
1557 1218 1891 1276 venerunt
1919 1216 2158 1276 contra
2184 1205 2524 1275 civitatem
2562 1203 3060 1275 Praenestinam
3092 1200 3139 1281 ⁸,

642 1296 766 1367 ubi
800 1308 961 1366 sunt
993 1293 1170 1366 duae
1208 1295 1596 1376 columnae,
1651 1307 1718 1364 et
1762 1294 2050 1365 ibicum
2102 1293 2334 1385 gladio
2387 1305 2875 1384 percusserunt
2911 1291 3150 1380 quinto-

643 1385 911 1454 decimo
964 1383 1288 1455 calendas
1338 1383 1779 1475 Septembris.
1835 1387 2095 1473 Corpus
2141 1383 2290 1474 ejus
2339 1395 2548 1453 noctu
2594 1381 2946 1452 sublatum
2990 1390 3080 1450 est
3115 1399 3150 1448 a

645 1472 1075 1555 ChristianiS‚
1126 1485 1192 1544 et
1231 1473 1530 1564 positum
1585 1471 1910 1542 milliario
1946 1473 2171 1563 primo
2200 1494 2241 1541 a
2272 1471 2544 1542 civitate
2579 1471 2654 1540 in
2685 1493 2877 1561 agro,
2915 1470 2985 1540 in
3029 1488 3149 1539 sar·

644 1562 954 1652 cophago
985 1584 1184 1646 novo,
1220 1574 1393 1633 nutu
1422 1561 1660 1633 divino
1681 1561 1791 1652 (ut
1826 1560 1938 1652 pie
1965 1560 2304 1647 creditur)
2339 1560 2437 1631 ibi
2464 1561 2770 1631 invento.

1536 1809 2295 1893 MARTYRIUM

936 2054 1074 2161 SS.
1148 2055 1627 2160 ANDREAE
1693 2053 2128 2159 TRlBUNl
2198 2054 2320 2156 ET
2387 2051 2904 2158 SOCIORUM

1364 2311 1651 2362 Auc‘romt
1700 2312 1972 2362 summu
2018 2312 2469 2361 numnam

1270 2510 1412 2577 sub
1467 2511 1584 2571 fin.
1643 2525 1816 2570 saec.
1873 2511 1984 2569 111
2038 2526 2140 2552 —·
2167 2512 2328 2571 Nat.
2389 2508 2567 2581 Syri.

735 2715 770 2800 ξ
818 2718 896 2785 1.
951 2715 1369 2802 Imperatore
1418 2709 1854 2791 Maximiano,
1911 2710 2192 2781 homine
2244 2709 2440 2781 valde
2478 2710 2746 2800 impio,
2808 2699 3143 2799 persecutio

644 2800 982 2889 quaedam
1018 2821 1273 2891 magna
1296 2812 1534 2870 contra
1575 2799 1997 2870 Christianos
2028 2810 2367 2869 commota
2395 2813 2518 2879 est,
2565 2798 2928 2890 praecipue
2950 2803 3141 2864 autem

644 2891 714 2959 in
771 2887 1169 2980 regionibus
1219 2889 1473 2977 Syriae.
1525 2894 1683 2963 Erat
1731 2901 2036 2979 tempore
2087 2886 2204 2957 illo
2260 2888 2637 2959 Antiochus
2685 2886 2999 2977 quidam,
3044 2898 3140 2948 su-

645 2978 1033 3069 perstitioni
1084 2976 1462 3078 plurimum
1501 2976 1800 3060 deditus»,
1838 2977 2172 3046 militares
2210 2977 2491 3046 ordines
2537 2978 2674 3048 sub
2723 2972 2997 3067 imperio
3037 2984 3139 3036 suo

646 3087 932 3155 regens:
985 3087 1105 3153 qut
1138 3079 1414 3167 propter
1445 3066 1792 3136 idolorum
1842 3065 2213 3145 insaniam,
2266 3079 2502 3136 contra
2556 3068 2707 3157 pios
2739 3062 3030 3136 homines
3057 3052 3143 3123 su-

649 3177 871 3224 rorem
921 3175 1147 3224 acrem
1182 3155 1512 3245 spirabat.
1548 3156 1692 3226 Sub
1728 3177 1811 3225 eo
1844 3154 2012 3237 viro,
2049 3175 2253 3243 quem
2289 3155 2702 3226 Antiochum
2753 3150 3139 3223 nominatum

650 3242 997 3323 diximuS‚
1054 3242 1254 3312 multi
1294 3244 1580 3313 Tribuni
1613 3243 1946 3313 militares
1990 3242 2299 3335 ejusdem
2333 3244 2586 3314 erroris
2639 3241 3137 3335 participesnu·

655 3333 1121 3401 merabantur.
1177 3335 1362 3402 Inter
1395 3353 1571 3419 quos
1618 3331 1804 3401 velut
1851 3354 2007 3403 rosa
2053 3332 2340 3403 florebat
2385 3333 2565 3402 inter
2595 3333 2855 3424 spinas,
2899 3338 2957 3396 et
2997 3332 3142 3390 mter

651 3418 1117 3510 graveolentes
1156 3420 1402 3490 odores
1430 3419 1745 3520 fragrans
1775 3419 2030 3509 aliquis
2057 3444 2291 3511 vapor,
2328 3421 2776 3491 fidelissimus
2807 3417 2914 3488 Dei
2943 3418 3139 3503 servus

652 3522 719 3578 et
766 3522 1028 3597 martyr
1057 3508 1405 3581 Andreas:
1458 3530 1577 3596 qut
1626 3507 1918 3587 latuerat
1957 3510 2236 3598 quidem
2286 3520 2510 3592 antea,
2549 3510 2670 3580 sed
2707 3519 2928 3600 postea
2958 3514 3140 3589 [namt

652 3596 820 3666 feste
852 3597 1199 3686 apparuit.
1236 3599 1362 3669 Hic
1394 3610 1670 3688 propter
1692 3598 2044 3671 ardentem
2085 3598 2305 3670 zelum
2332 3612 2540 3687 atque
2579 3598 2914 3689 pietatem,
2943 3600 3139 3685 mffgffl

652 3686 765 3756 Dei
794 3698 861 3761 et
895 3684 1262 3763 Salvatoris
1293 3686 1509 3765 nostri
1539 3692 1708 3759 Jesu
1738 3688 1987 3763 Christi
2022 3709 2220 3779 opem
2255 3699 2637 3770 assecutus,
2677 3686 3136 3773 adversanuum

651 3774 992 3853 bellorum
1037 3774 1263 3846 hostes
1302 3776 1696 3867 superabat,
1744 3788 1808 3848 et
1843 3777 2081 3849 multis
2130 3778 2427 3870 egregiis
2473 3799 2553 3853 ac
2590 3772 2885 3851 strenuis
2927 3765 3136 3841 samao-

652 3865 846 3937 ribus
889 3863 1287 3937 excellebat.

736 3957 772 4042 ἕ
824 3959 912 4025 2.
966 3958 1297 4055 Tempore
1333 3951 1462 4055 ‚ino
1496 3953 1770 4036 accidit,
1809 3966 1886 4024 ut
1919 3954 2349 4027 Persicarum
2393 3955 2750 4056 copiarum
2785 3967 2932 4041 pars
2949 3951 3133 4042 ‚quw

648 4041 807 4117 dam
859 4041 1033 4115 fines
1081 4041 1476 4124 transuhret,
1527 4055 1593 4121 et
1640 4042 1900 4119 bellum
1960 4042 2290 4119 adversus
2338 4043 2748 4115 Antiochum
2794 4029 3129 4128 susmtfiffll·

648 4131 986 4213 Quoniam
1031 4130 1243 4221 igitur
1279 4133 1638 4222 repentina
1688 4131 1989 4203 hostium
2034 4132 2367 4214 incursio,
2420 4144 2486 4205 et
2530 4150 2765 4207 eorum
2814 4106 3131 4220 multltudP

649 4240 782 4289 non
841 4219 1277 4297 mediocriter
1324 4220 1555 4311 ipsum
1608 4220 2057 4312 perturbavit,
2111 4221 2419 4299 Andreae
2466 4233 2628 4295 tunc
2666 4217 2935 4289 Tribum
2980 4195 3131 4271 mlli-

654 4320 863 4379 tarem
916 4308 1231 4398 peritiam
1287 4322 1353 4379 et
1403 4310 1882 4382 strenuitatem
1942 4310 2342 4387 recordatus
2374 4364 2390 4392 ‚
2449 4309 2643 4382 illum
2693 4305 2772 4377 ad
2809 4297 3126 4371 consuetos

702 4434 730 4459 ¹·
756 4433 813 4474 In
830 4432 982 4484 Laio.
1003 4435 1054 4477 21
1073 4433 1361 4479 minin-ibus
1380 4436 1441 4477 sb
1458 4436 1597 4481 Urbe.
