3308 5004
139 326 328 393 AUG.
384 328 472 393 28
1007 346 1088 393 nt.
1134 346 1193 395 s.
1241 343 1513 395 summo
1561 347 1853 396 narrar.
2476 333 2605 421 7Q3

137 428 439 510 veniam,
494 441 767 500 nostrae
805 430 1236 520 contagionis
1289 430 1651 512 medelam,
1689 431 2014 502 cellulam
2056 433 2334 523 expetiit
2369 435 2694 523 martyris

138 518 449 610 gloriosi.
503 522 693 619 'l'unc
747 517 890 600 ille,
936 520 1057 606 qui
1115 522 1577 607 sequebatur,
1625 542 1786 590 cum
1832 520 1902 589 in
1955 521 2228 592 assultu
2266 522 2482 612 gladii
2530 545 2689 594 eum

137 629 277 677 non
341 620 675 699 potuisset
745 607 1191 698 contingere,
1262 621 1327 679 et
1387 608 1502 680 hic
1564 631 1777 699 super
1821 631 1896 679 se
1951 611 2205 682 ostium
2271 626 2687 696 reserasset,

135 710 341 784 atque
389 695 508 766 ille
546 710 821 787 arrepto
851 709 1142 784 utroque
1178 710 1368 786 poste
1406 698 1662 767 ostium
1698 712 2064 770 conaretur
2094 699 2494 791 infringere,
2535 701 2693 771 ilico

139 786 577 856 inhaerentes
628 807 878 857 manus
928 786 1206 868 tabuliS,
1243 787 1477 858 dolore
1513 787 1731 857 nimio
1769 788 2200 874 quatiuntur,
2253 802 2318 859 et
2358 802 2540 858 tanta
2591 789 2692 860 af·

140 875 443 945 flictione
484 874 695 944 miser
727 886 1104 961 torquetur,
1150 887 1227 945 ut
1268 876 1561 946 ubertim
1614 876 1986 965 lacrymae,
2025 877 2253 964 qualis
2285 890 2461 948 esset
2493 877 2691 955 dolor

141 964 580 1043 intrinsecus,
625 965 1059 1034 nunciarent.
1103 969 1370 1035 Interea
1400 977 1720 1054 stupente
1769 965 1997 1058 vulgo,
2041 966 2356 1036 inclusus
2388 966 2506 1053 qui
2549 965 2695 1036 fue-

140 1066 267 1132 rat,
316 1051 756 1142 progreditur
801 1052 1022 1121 liber:
1079 1065 1394 1143 parentes
1426 1076 1703 1142 quoque
1740 1053 1953 1136 illius,
2007 1056 2128 1143 qui
2179 1056 2424 1124 virtute
2471 1055 2691 1126 sancti

137 1140 585 1221 retinebatur,
616 1154 1109 1242 cognoscentes
1137 1143 1462 1234 martyris
1491 1143 1945 1234 sepulturam,
1976 1144 2238 1214 devotis
2270 1143 2505 1214 multis
2541 1167 2694 1214 mu-

135 1229 428 1300 neribus
459 1252 583 1319 pro
625 1230 768 1299 fillo
806 1230 1199 1301 exorabant.
1766 1298 1775 1307 .
2660 1294 2671 1307 .

140 1382 147 1386 ,
229 1322 266 1407 ξ
318 1325 470 1391 ss).
526 1323 803 1388 Factum
858 1332 960 1390 est
1016 1331 1245 1389 autem
1296 1319 1464 1389 dum
1527 1320 1696 1390 haec
1744 1333 2111 1422 agerentur
2144 1376 2160 1402 ,
2213 1333 2290 1391 ut
2343 1321 2693 1410 presbyter

130 1408 422 1496 quidam
459 1408 565 1476 via
600 1405 719 1476 illa
753 1407 1220 1479 descenderet.
1253 1410 1382 1491 Qui
1418 1430 1575 1480 cum
1609 1409 1969 1480 didicisset
1997 1431 2176 1496 quae
2207 1423 2357 1479 acta
2388 1409 2682 1492 fuerant,
2753 1461 2770 1478 .

129 1496 502 1588 pollicetur
537 1496 965 1586 parentibuS,
1011 1496 1071 1566 si
1110 1518 1149 1566 a
1190 1496 1572 1586 gentilitate
1619 1499 2097 1580 discederent,
2152 1499 2373 1568 filium
2429 1499 2692 1589 recipe-

130 1599 290 1657 rent
320 1607 594 1656 sanum.
642 1590 797 1675 Ipse
845 1608 1120 1673 quoque
1153 1586 1475 1657 sacerdos
1524 1587 1838 1675 sequenti
1888 1601 2083 1656 nocte
2132 1587 2319 1656 videt
2354 1609 2473 1677 per
2504 1610 2693 1657 som-

129 1675 330 1744 nium
366 1673 743 1746 simulacra
780 1673 922 1755 illa,
954 1697 1134 1763 quae
1165 1698 1205 1744 a
1239 1675 1615 1766 gentilibus
1648 1676 2080 1756 colebantur,
2129 1676 2417 1745 numine
2455 1676 2690 1746 divino

132 1763 576 1845 comminui,
630 1777 836 1850 atque
884 1764 952 1833 in
1011 1764 1355 1852 pulverem
1409 1765 1683 1836 redacta
1718 1820 1734 1846 ,
1803 1766 1949 1835 solo
2067 1764 2380 1835 rosterni.
2435 1770 2692 1848 Quarta
2753 1771 2756 1772 *

132 1866 365 1922 autem
426 1851 538 1921 die
584 1875 744 1948 cum
808 1852 1158 1942 gentilitas
1203 1852 1405 1923 vellet
1454 1854 1699 1924 iterum
1752 1854 1890 1924 diis
1935 1788 2257 1924 exbibere
2304 1853 2640 1924 libamina
2668 1909 2684 1936 ,

136 1953 447 2011 moestus
496 1939 854 2030 presbyter
901 1941 988 2010 ad
1025 1941 1420 2032 sepulcrum
1478 1943 1699 2012 sancti
1740 1942 2220 2031 prosternitur,
2267 1955 2333 2011 et
2379 1965 2538 2013 cum
2596 1942 2692 2012 la-

136 2029 400 2118 crymis
432 2044 685 2110 exorat,
739 2043 815 2098 ut
851 2032 1141 2118 tandem¹
1184 2030 1632 2121 gentilitatem
1681 2034 1883 2113 lianc,
1919 2053 2123 2118 ⁴quae
2172 2031 2549 2122 Jacebatin
2595 2046 2692 2102 te-

145 2117 431 2199 nebris»,
486 2117 815 2209 splendor
874 2118 1149 2189 divinae
1214 2122 1555 2210 potentiae
1620 2121 1970 2200 visitaret,
2028 2143 2154 2190 nec
2212 2121 2462 2190 sineret
2508 2120 2691 2190 ultra

141 2219 407 2297 martyr
452 2205 696 2278 beatus
743 2205 1068 2278 alumnos
1118 2209 1432 2299 proprios
1480 2210 1611 2279 ista
1659 2210 1957 2299 caligine
2005 2208 2320 2289 detineri,
2364 2231 2520 2277 cum
2577 2210 2692 2279 ille

143 2309 515 2386 perpetuae
562 2296 894 2365 claritatis
943 2296 1199 2387 gaudia
1248 2297 1649 2389 possideret.
1705 2297 2069 2368 Confestim
2122 2296 2400 2386 adejus
2438 2299 2690 2369 oratio-

140 2406 297 2453 nem
350 2398 872 2454 commoventur
920 2385 1221 2455 tonitrua
1248 2429 1277 2464 ,·
1320 2386 1636 2456 renident
1682 2386 1960 2477 fulgura
1993 2439 2009 2465 ,
2062 2384 2421 2455 descendit
2469 2386 2691 2456 imber

131 2473 295 2565 igne
327 2474 608 2556 mixtus,
661 2486 727 2544 et
773 2475 1115 2566 grandine
1164 2475 1534 2546 turbantur
1578 2476 1836 2545 omnia.
1892 2474 2250 2545 Concurrit
2302 2473 2553 2564 vulgus
2599 2475 2684 2545 ad

126 2563 483 2646 cellulam,
541 2563 1001 2655 prosternitur
1046 2587 1276 2633 coram
1330 2564 1682 2635 sacerdote
1730 2565 1959 2634 omnis
1988 2577 2250 2633 caterva
2288 2564 2681 2653 gentilium,

123 2667 195 2724 et
246 2654 456 2724 mixto
516 2675 676 2723 cum
731 2652 1059 2743 lacrymis
1108 2652 1429 2734 ululatu,
1496 2654 1729 2722 cuncti
1798 2652 2066 2722 Domini
2135 2652 2683 2722 misericordiam

123 2742 641 2830 deprecantur,
710 2741 1261 2831 pollicenturque
1309 2742 1698 2821 sacerdoti,
1774 2742 1830 2812 si
1887 2740 2154 2831 grando
2203 2740 2567 2822 recederet,
2621 2754 2688 2811 et

125 2844 501 2918 martyrem
549 2844 913 2919 patronum
946 2843 1361 2920 expeterent,
1419 2844 1485 2900 et
1532 2830 1615 2899 ad
1673 2835 1885 2900 Deum
1918 2829 2115 2918 ·ejuS,
2162 2829 2417 2900 relictis
2467 2831 2686 2902 simu-

122 2918 476 2988 lacrorum
519 2918 847 2999 cultibus,
900 2919 1167 3010 integro
1213 2919 1419 2988 corde
1468 2919 1863 2988 transirent.
1916 2925 2124 2989 Porro
2174 2918 2289 2988 ille
2337 2918 2489 2988 fusa
2533 2941 2686 2990 ora·

124 3007 340 3087 tione,
376 3021 626 3077 cuncta
656 3030 835 3095 quae
868 3008 1085 3098 petiit,
1115 3008 1367 3077 meruit
1395 3008 1728 3078 obtinere.
1761 3007 2140 3078 Recedente
2166 3020 2392 3078 autem
2428 3022 2555 3076 tem
2569 3031 2682 3099 pe-

121 3108 322 3173 state,
360 3117 533 3185 puer
565 3118 724 3167 cum
765 3096 1166 3186 parentibus
1190 3096 1503 3178 credens,
1544 3096 1693 3186 ipsa
1721 3097 1833 3166 die
1859 3119 1899 3165 a
1927 3096 2288 3167 doloribus
2320 3096 2676 3167 liberatur:

121 3181 422 3276 gentiles
456 3185 526 3254 in
567 3185 919 3257 Trinitatis
969 3185 1247 3255 nomine
1301 3185 1672 3276 baptizati,
1736 3196 1998 3256 statuas
2056 3208 2231 3273 quas
2279 3184 2678 3267 coluerant,

118 3270 662 3363 confringentes,
700 3274 767 3342 in
814 3274 1040 3344 lacum
1079 3274 1227 3344 vico
1259 3274 1587 3362 amnique
1626 3275 2016 3365 proximum
2071 3275 2534 3366 projecerunt,
2581 3276 2678 3346 Ab

118 3384 203 3432 eo
252 3361 439 3429 enim
493 3371 797 3451 tempore
834 3364 906 3431 in
942 3361 1089 3433 loco
1123 3362 1265 3446 illo,
1304 3375 1370 3433 et
1398 3363 1572 3435 fides
1619 3360 1968 3434 catholica
1999 3378 2066 3433 et
2096 3364 2423 3453 martyris
2458 3364 2674 3434 virtus

120 3462 227 3524 est
260 3449 568 3538 amplius
600 3449 967 3521 declarata.

207 3540 248 3628 ξ
298 3544 434 3613 11.
487 3538 711 3624 Hujus
757 3538 1142 3610 festivitatis
1189 3552 1464 3629 tempus
1514 3541 1845 3631 ignorans
1892 3540 2090 3631 plebs
2123 3594 2140 3622 ,
2197 3553 2453 3611 moesta
2507 3562 2673 3631 pen·

117 3628 354 3710 debat,
410 3628 726 3699 nesciens
764 3628 973 3711 diem,
1029 3629 1098 3698 in
1131 3651 1270 3717 quo
1320 3643 1581 3719 martyr
1621 3630 1865 3700 beatus
1912 3630 2190 3699 deberet
2231 3652 2353 3720 pro
2395 3630 2677 3702 virtutis

118 3740 199 3787 ac
231 3715 582 3809 passionis
626 3716 849 3808 gloria
896 3716 1243 3788 honorari.
1284 3724 1361 3788 Et
1393 3718 1561 3789 haec
1587 3720 1979 3810 ignorantia
2019 3740 2243 3807 usque
2276 3719 2360 3788 ad
2395 3719 2672 3789 beatum

122 3805 1212 3878 Germanum-Antisiodorensem
1262 3808 1634 3878 antistitem
1686 3820 1789 3879 est
1838 3821 2202 3898 protracta.
2257 3811 2537 3877 Factum
2573 3820 2676 3878 est

123 3908 355 3965 autem
388 3949 404 3975 ,
458 3907 533 3965 ut
577 3895 969 3966 antedictus
1017 3896 1318 3967 Pontifex
1365 3897 1631 3967 Brivate
1677 3896 2077 3967 adveniret:
2144 3896 2676 3982 sciscitatusque

124 3984 212 4053 ab
260 3982 506 4056 incolis
536 4039 552 4067 ,
604 4005 743 4071 quo
804 3998 1110 4076 tempore
1164 3984 1380 4077 hujus
1427 4008 1619 4057 sacra
1674 3986 2232 4067 celebrarentur,
2286 4006 2359 4055 se
2406 3984 2675 4054 nescire

126 4073 566 4162 respondent.
619 4078 812 4144 Tunc
843 4072 1011 4143 ille:
1062 4077 1400 4156 OremuS‚
1455 4074 1731 4163 inquit,
1782 4087 1850 4146 et
1895 4074 2206 4146 fortassis
2253 4073 2453 4144 nobis
2502 4074 2672 4143 haec

128 4161 401 4231 Domini
449 4162 753 4252 potentia
799 4162 1150 4233 revelabit.
1202 4164 1394 4247 Quod
1442 4187 1602 4235 cum
1656 4164 1999 4246 fecissent,
2053 4184 2258 4233 mane
2301 4175 2474 4244 orto,
2509 4183 2674 4232 con-

126 4250 381 4321 vocatis
428 4252 820 4331 senioribus
868 4250 1026 4334 loci,
1078 4253 1197 4333 ait,
1239 4253 1483 4341 quinto
1532 4253 1874 4324 Kalendas
1926 4253 2186 4323 mensis
2234 4275 2308 4323 se
2362 4250 2511 4321 timi
2557 4273 2673 4322 ce-

124 4335 527 4411 lebrandam
592 4362 744 4415 esse
796 4340 1326 4413 solemnitatem.
1377 4346 1473 4413 Ex
1519 4343 1649 4413 hoc
1698 4364 1885 4413 nunc
1915 4340 2202 4413 devotus
2248 4363 2285 4412 a
2344 4339 2665 4423 veniens,
