3308 5004
205 331 397 401 AUG.
449 331 535 397 30
1070 345 1150 393 nx
1198 342 1255 392 s,
1308 340 1473 393 Rosa
1521 339 1695 393 nno.
1747 344 1881 392 ιιι.
2552 330 2683 398 ’769

207 434 552 503 immanes
599 428 782 500 tauri
829 428 902 498 in
932 437 1307 499 extremam
1357 425 1644 496 aliunde
1680 425 1956 517 ,rabiem
1988 426 2378 500 extimulati
2424 431 2768 518 revereri3

206 540 397 602 nam,
439 517 978 609 adstupentibus
1006 525 1346 605 quotquot
1369 514 1798 607 spectabant,
1838 514 1923 584 ad
1960 515 2257 587 invictae
2288 518 2580 610 virginis
2610 543 2774 591 con·

210 621 556 700 spectum,
592 607 872 695 eminus
897 618 967 675 et
1004 616 1284 696 repente
1315 603 1808 675 innocentibus
1846 625 2128 695 parcere
2153 604 2571 679 didicerunt.
2603 615 2772 681 Cum

208 698 395 768 enim
445 710 625 768 esset
663 694 1035 766 duodecim
1085 713 1432 764 annorum
1484 692 1555 763 in
1604 693 1911 781 quodam
1970 715 2147 785 pago
2195 694 2477 766 obvium
2530 697 2775 771 habuit

207 784 721 857 ferocissimum
773 797 1050 854 taurum
1085 782 1256 853 illuc
1289 794 1632 864 ruentem;
1686 794 1776 863 et,
1828 781 2067 874 fugam
2118 783 2620 857 meditantibus
2664 788 2776 858 his

208 876 333 963 qui
379 895 540 944 cum
589 876 670 943 ea
702 885 921 952 erant,
985 871 1143 943 fixis
1191 872 1261 942 in
1311 869 1581 942 coelum
1627 871 1875 953 oculiS,
1933 871 2295 972 dehortata
2339 885 2444 943 est
2491 896 2533 944 a
2579 873 2770 977 fuga,

208 962 512 1035 Necdum
541 962 748 1032 verba
786 961 1082 1042 finierat,
1119 982 1283 1031 cum
1325 958 1512 1030 ferox
1542 959 1806 1030 animal
1846 960 2144 1031 terrifico
2182 962 2457 1053 mugitu
2476 963 2555 1032 'in
2602 963 2775 1036 alias

261 1051 451 1123 rocul
502 1072 834 1141 personas
904 1051 1243 1141 impetum
1307 1048 1507 1131 fecit,
1561 1051 1743 1119 Rosa
1790 1070 1952 1119 cum
2024 1068 2154 1120 suo
2201 1051 2535 1122 comitatu
2584 1052 2777 1123 inco-

210 1076 389 1211 fumi
437 1151 781 1221 manente;
834 1159 1013 1227 quae
1044 1137 1276 1209 adhuc
1326 1150 1478 1229 post
1526 1137 1918 1227 periculum
1978 1151 2303 1239 paventes
2350 1140 2577 1213 socias
2625 1163 2776 1212 mo·-

210 1231 366 1300 nuit
404 1228 830 1319 sperandum
881 1227 1158 1298 firmius
1183 1227 1254 1296 in
1304 1225 1730 1317 adjutorium
1769 1226 2128 1310 Altissimi,
2166 1240 2233 1299 et
2258 1242 2425 1299 tunc
2473 1230 2776 1301 maxime

212 1340 373 1389 cum
424 1316 716 1408 periculi
747 1315 1068 1387 vicinitas
1114 1337 1319 1386 omne
1366 1315 1704 1405 effugium
1752 1314 2166 1387 interclusit.
2197 1316 2308 1387 Sic
2354 1329 2421 1389 et
2466 1318 2605 1389 alia
2630 1319 2775 1390 vice

212 1421 455 1478 taurus
502 1405 678 1477 alter
724 1408 908 1476 recta
954 1406 1065 1476 via
1116 1406 1189 1474 in
1250 1404 1692 1496 quadrigam,
1756 1426 1896 1492 qua
1960 1408 2140 1476 Rosa
2186 1405 2565 1479 vehebatur
2609 1429 2773 1478 cum

213 1507 432 1566 matre
477 1507 543 1565 et
588 1494 771 1575 aliis,
825 1516 1112 1564 cursum
1163 1493 1803 1579 liberaviaceteris
1850 1492 2089 1584 fugam
2126 1496 2576 1578 tentantibus,
2628 1496 2777 1568 sola

211 1590 414 1665 Rosa,
460 1582 686 1654 oculis
724 1584 797 1652 in
845 1582 1118 1654 coelum
1140 1582 1372 1672 jactis,
1409 1581 1750 1672 praedixit
1780 1593 2056 1653 taurum
2085 1604 2309 1671 usque
2355 1583 2445 1654 ad
2482 1584 2771 1656 rhedam

211 1695 349 1744 non
387 1672 1262 1762 praecursurum.Dixerat;
1291 1682 1358 1740 et
1398 1670 1757 1760 respondit
1783 1683 2094 1752 eventus,
2136 1673 2581 1764 stupentibus
2611 1674 2775 1745 uni·

212 1761 427 1833 versis
460 1782 597 1832 non
651 1773 787 1830 tam
836 1760 1138 1831 reditum
1186 1759 1392 1842 tauri,
1426 1781 1638 1848 quam
1690 1758 1982 1849 virginis
2006 1761 2322 1832 animum
2355 1763 2550 1833 omni
2583 1776 2773 1833 metu

213 1849 666 1940 superiorem,
699 1870 880 1937 quae
917 1849 989 1918 in
1041 1849 1339 1919 summis
1386 1846 1719 1939 periculis
1746 1848 2026 1920 coelesti
2067 1871 2327 1941 sponso
2375 1851 2768 1922 occinebat:

213 1945 359 2009 Non
397 1940 635 2009 timebo
667 1942 857 2009 mala
886 1940 1207 2031 quoniam
1239 1949 1314 2008 tu
1344 1960 1605 2008 mecum
1632 1960 1726 2008 es.

290 2029 337 2184 ἒ
384 2033 527 2101 41.
581 2028 802 2098 Minor
852 2049 984 2098 non
1017 2038 1163 2098 erat
1208 2027 1362 2117 ejus
1407 2026 1670 2097 fiducia
1715 2026 1789 2095 in
1824 2026 2186 2116 sperandis
2241 2048 2282 2097 a
2330 2027 2566 2098 divina
2617 2051 2776 2121 pro-

219 2116 282 2184 vi
338 2117 524 2187 entia
573 2117 752 2187 vitae
830 2116 1240 2188 necessariis
1297 2115 1662 2211 subsidiis.
1714 2113 2059 2185 Defecerat
2103 2115 2271 2186 olim
2338 2117 2408 2186 in
2469 2120 2778 2209 paternis

215 2204 510 2275 aedibus
558 2227 970 2278 numerosae
1024 2203 1329 2276 familiae
1392 2204 1617 2295 panis,
1672 2226 1797 2275 nec
1840 2216 1988 2274 erat
2039 2204 2230 2275 unde
2264 2220 2593 2277 emerent.
2647 2208 2777 2278 Illa

219 2293 413 2362 brevi
461 2292 806 2364 labiorum
880 2305 1073 2363 motu
1118 2316 1265 2363 rem
1316 2298 1449 2363 Deo
1495 2291 2046 2374 commendavit;
2101 2314 2258 2362 mox
2322 2297 2577 2385 magna
2638 2295 2777 2366 fide

213 2404 447 2452 arcam
501 2383 859 2473 panariam
900 2382 1238 2473 aperiens,
1294 2382 1570 2472 plenam
1626 2381 1889 2471 azymis
1925 2402 2006 2450 ac
2063 2382 2415 2472 saporosis
2471 2383 2773 2475 panibus

215 2471 493 2562 reperit,
539 2483 828 2543 testante
868 2470 1144 2542 illorum
1205 2471 1433 2573 figura
1482 2470 1846 2562 peregrina
1910 2491 1952 2539 a
1997 2467 2378 2542 domestico
2442 2473 2771 2563 panificio

215 2583 350 2630 non
392 2560 752 2652 prodiisse.
807 2566 1407 2631 Pernecessarium
1458 2561 1528 2629 in
1579 2581 1653 2629 re
1705 2557 1982 2630 ionibus
2030 2558 2173 2630 illis
2240 2561 2768 2632 condimentum

215 2650 350 2719 mel
399 2649 591 2720 domi
647 2650 934 2720 omnino
978 2648 1314 2731 defuerat;
1383 2583 1742 2720 descendit
1793 2648 1947 2738 ipsa
1999 2646 2069 2716 in
2119 2650 2402 2722 nomine
2468 2651 2768 2732 Domini,

215 2739 678 2809 secretissimo
735 2739 1070 2810 instinctu
1104 2738 1297 2828 jussa
1334 2738 1594 2830 optime
1662 2758 1941 2828 sperare
1988 2736 2075 2807 de
2121 2738 2241 2807 Dei
2349 2740 2770 2823 rotectione;

211 2847 512 2919 cuppam
565 2828 825 2898 invenit
868 2849 1092 2917 usque
1138 2826 1225 2897 ad
1290 2825 1764 2897 summitatem
1835 2825 2096 2896 recenti
2161 2826 2364 2897 mele
2434 2828 2712 2920 plenam
2750 2883 2767 2911 ‚

213 2917 353 2984 tota
398 2915 604 2985 domo
653 2929 995 3008 stupente,
1025 2937 1243 3004 eoque
1269 2915 1517 3006 magis,
1607 2937 1698 2985 uo
1739 2936 1913 2985 novo
1943 2913 2265 3016 prodigio
2300 2916 2435 2986 mel
2478 2917 2774 2989 caelitus

212 3002 456 3073 datum
495 3004 783 3095 integris
830 3019 980 3076 octo
1030 3004 1390 3075 mensibus
1431 3003 1553 3074 toti
1604 3003 1884 3074 amiliae
1931 3015 2038 3074 sat
2082 3002 2214 3073 fuit
2245 3004 2315 3074 in
2360 3027 2569 3076 usum
2601 3027 2773 3094 quo-

217 3090 585 3163 tidianum.
631 3093 1129 3164 Infirmabatur
1159 3098 1423 3184 Gaspar
1470 3092 1723 3172 FloreS,
1761 3091 2053 3182 virginis
2101 3093 2393 3183 genitor,
2457 3116 2776 3165 moerens

212 3180 420 3250 etiam
447 3182 536 3251 ob
569 3182 1078 3272 quinquaginta
1110 3181 1447 3253 librarum
1476 3181 1814 3262 debitum,
1837 3181 1955 3250 cui
1983 3203 2144 3270 prae
2179 3182 2416 3273 inopia
2446 3183 2773 3254 solvendo

79 3297 92 3306 ·
213 3289 357 3338 non
415 3280 596 3350 erat;
654 3272 1057 3342 tristabatur
1104 3270 1428 3362 perplexa
1487 3282 1742 3351 mater,
1827 3269 2352 3361 importunitate
2411 3271 2775 3343 creditoris

212 3379 306 3426 au
358 3371 511 3429 ente
538 3360 923 3450 angustias;
969 3359 1113 3429 filia
1145 3360 1480 3451 templum
1504 3359 1673 3440 adit,
1706 3379 1943 3449 preces
1975 3357 2232 3442 fundit,
2254 3361 2457 3448 eique
2486 3361 2774 3431 domum

215 3468 291 3515 re
341 3446 533 3517 eunti
575 3447 678 3516 vir
698 3448 903 3538 plane
932 3449 1211 3540 ignotus
1230 3448 1554 3531 occurrit,
1591 3447 1948 3536 simulque
1972 3448 2361 3520 involutum
2394 3449 2774 3552 strophiolo

214 3547 581 3626 argentum
616 3537 927 3629 porrigit,
980 3550 1048 3608 et
1082 3538 1340 3628 jubens
1390 3549 1818 3629 praesentem
1869 3548 2235 3628 parentum
2297 3551 2775 3612 necessitatem

215 3622 340 3693 illo
389 3623 759 3708 sublevari,
796 3627 1028 3697 statim
1061 3627 1417 3698 abscessit.
1473 3629 1653 3696 Rosa
1683 3625 2121 3697 involucrum
2160 3625 2570 3717 explicante,
2624 3627 2777 3718 ipsa

216 3712 557 3785 librarum
605 3736 1126 3817 quinquagena,
1180 3717 1385 3807 cujus
1415 3727 1607 3806 pater
1642 3714 1912 3786 debitor
1956 3727 2124 3796 erat,
2178 3717 2528 3807 apparuit;
2580 3714 2773 3804 quod

219 3803 506 3894 Gaspari
555 3816 909 3875 narratum
948 3806 1376 3875 insomnium
1412 3804 1795 3887 videbatur,
1839 3803 2060 3874 donec
2094 3804 2240 3874 filia
2274 3826 2627 3883 nummos,
2669 3804 2777 3876 uti

219 3904 596 3982 acceperat,
648 3891 1152 3964 adnumeravit.
1191 3897 1372 3964 Haec
1411 3905 1575 3963 sunt
1607 3891 1924 3963 subsidia
1947 3914 2125 3981 quae
2156 3915 2456 3985 sponsus
2483 3892 2773 3964 divinus

221 3980 626 4067 parentibus
677 3981 899 4072 ipsius
971 3982 1104 4053 sub
1153 3982 1380 4074 specie
1439 3981 1754 4053 coelestis
1828 3980 2170 4072 lapicidae
2236 3982 2400 4052 huic
2466 3982 2777 4054 novellae

222 4087 512 4156 sponsae
545 4068 723 4139 inter
764 4069 1233 4172 parafernalia
1278 4093 1352 4143 se
1391 4070 1951 4142 ministraturum
1981 4070 2151 4141 olim
2194 4070 2553 4162 pollicitus
2599 4085 2770 4153 erat.

311 4156 348 4255 ξ
394 4163 553 4230 118.
604 4159 1019 4230 'testimonio
1067 4160 1274 4230 etiam
1323 4159 1596 4231 Domini
1647 4159 1867 4231 nostri
1912 4165 2083 4230 Jesu
2130 4160 2406 4242 Christi,
2443 4159 2631 4249 quod
2676 4173 2782 4231 est

222 4243 512 4333 spiritus
559 4247 982 4340 prophetiae,
1022 4247 1150 4320 fuit
1186 4248 1505 4320 illustris.
1560 4253 1727 4320 Nam
1761 4249 2026 4339 integro
2066 4248 2205 4319 fere
2243 4249 2581 4320 decennio
2614 4261 2779 4319 ante

222 4330 721 4418 fundationem,
773 4336 1192 4426 quandoque
1238 4360 1363 4428 per
1408 4336 1724 4428 symbola
1755 4349 1821 4407 et
1850 4338 2135 4428 figuraS,
2182 4337 2359 4409 alias
2406 4337 2775 4409 manifeste

219 4433 286 4491 et
341 4420 413 4490 in
467 4428 742 4516 proprio
791 4439 976 4519 typo,
1031 4449 1168 4497 non
1219 4426 1447 4498 solum
1500 4425 1630 4498 suit
1676 4425 1780 4497 illi
1828 4425 2160 4497 divinitus
2209 4427 2771 4516 demonstratum

383 4542 622 4600 surius
652 4575 674 4587 -
707 4544 879 4628 ‚Vitae
921 4542 1027 4607 ss.
1059 4577 1084 4590 -
1105 4543 1418 4608 v01.v1u.
2532 4546 2612 4604 49
