<?xml version="1.0" encoding="UTF-8"?>
<!DOCTYPE html PUBLIC "-//W3C//DTD XHTML 1.0 Transitional//EN"
    "http://www.w3.org/TR/xhtml1/DTD/xhtml1-transitional.dtd">
<html xmlns="http://www.w3.org/1999/xhtml" xml:lang="en" lang="en">
 <head>
  <title>
</title>
<meta http-equiv="Content-Type" content="text/html;charset=utf-8" />
  <meta name='ocr-system' content='tesseract 3.04.00' />
  <meta name='ocr-capabilities' content='ocr_page ocr_carea ocr_par ocr_line ocrx_word'/>
</head>
<body>
  <div class='ocr_page' id='page_1' title='image "./historiaeseuvit01lippgoog_0706.png"; bbox 0 0 3308 5004; ppageno 0'>
   <div class='ocr_carea' id='block_1_1' title="bbox 685 295 3154 367">
    <p class='ocr_par' dir='ltr' id='par_1_1' title="bbox 685 295 3154 367">
     <span class='ocr_line' id='line_1_1' title="bbox 685 295 3154 367; baseline -0.001 -2"><span class='ocrx_word' id='word_1_1' title='bbox 685 298 817 365; x_wconf 73' lang='lat'><strong>662</strong></span> <span class='ocrx_word' id='word_1_2' title='bbox 1303 313 1384 364; x_wconf 72' lang='lat' dir='ltr'><strong>nn</strong></span> <span class='ocrx_word' id='word_1_3' title='bbox 1431 317 1488 367; x_wconf 91' lang='lat' dir='ltr'><strong>s.</strong></span> <span class='ocrx_word' id='word_1_4' title='bbox 1539 315 1851 367; x_wconf 58' lang='lat' dir='ltr'><strong>cusano</strong></span> <span class='ocrx_word' id='word_1_5' title='bbox 1898 315 2095 366; x_wconf 68' lang='lat' dir='ltr'><strong>unse.</strong></span> <span class='ocrx_word' id='word_1_6' title='bbox 2145 315 2410 363; x_wconf 66' lang='lat' dir='ltr'><strong>Anxur.</strong></span> <span class='ocrx_word' id='word_1_7' title='bbox 2815 295 3014 364; x_wconf 67' lang='lat' dir='ltr'><strong>Ano.</strong></span> <span class='ocrx_word' id='word_1_8' title='bbox 3067 298 3154 363; x_wconf 73' lang='lat'><strong>27</strong></span> 
     </span>
    </p>
   </div>
   <div class='ocr_carea' id='block_1_2' title="bbox 575 398 3168 4494">
    <p class='ocr_par' dir='ltr' id='par_1_2' title="bbox 595 398 3168 1028">
     <span class='ocr_line' id='line_1_2' title="bbox 596 398 3164 560; baseline -0.001 -87"><span class='ocrx_word' id='word_1_9' title='bbox 596 402 699 474; x_wconf 88' lang='lat' dir='ltr'><strong>eis</strong></span> <span class='ocrx_word' id='word_1_10' title='bbox 742 423 826 472; x_wconf 86' lang='lat' dir='ltr'><strong>ex</strong></span> <span class='ocrx_word' id='word_1_11' title='bbox 870 401 1126 472; x_wconf 82' lang='lat' dir='ltr'><strong>divinis</strong></span> <span class='ocrx_word' id='word_1_12' title='bbox 1160 402 1603 482; x_wconf 82' lang='lat' dir='ltr'><strong>munusculis</strong></span> <span class='ocrx_word' id='word_1_13' title='bbox 1649 403 2069 475; x_wconf 84' lang='lat' dir='ltr'><strong>subveniret.</strong></span> <span class='ocrx_word' id='word_1_14' title='bbox 2121 400 2456 560; x_wconf 56' lang='lat' dir='ltr'><strong>fflmdem</strong></span> <span class='ocrx_word' id='word_1_15' title='bbox 2507 421 2647 471; x_wconf 89' lang='lat' dir='ltr'><strong>non</strong></span> <span class='ocrx_word' id='word_1_16' title='bbox 2698 412 2863 491; x_wconf 90' lang='lat' dir='ltr'><strong>puto</strong></span> <span class='ocrx_word' id='word_1_17' title='bbox 2909 398 2996 470; x_wconf 86' lang='lat' dir='ltr'><strong>id</strong></span> <span class='ocrx_word' id='word_1_18' title='bbox 3046 399 3164 470; x_wconf 86' lang='lat' dir='ltr'><strong>in-</strong></span> 
     </span>
     <span class='ocr_line' id='line_1_3' title="bbox 597 489 3166 582; baseline -0.001 -22"><span class='ocrx_word' id='word_1_19' title='bbox 597 503 872 582; x_wconf 84' lang='lat' dir='ltr'><strong>gratum</strong></span> <span class='ocrx_word' id='word_1_20' title='bbox 921 509 1071 562; x_wconf 64' lang='lat' dir='ltr'><strong>mse</strong></span> <span class='ocrx_word' id='word_1_21' title='bbox 1118 494 1252 562; x_wconf 88' lang='lat' dir='ltr'><strong>Deo</strong></span> <span class='ocrx_word' id='word_1_22' title='bbox 1282 545 1298 573; x_wconf 90' lang='lat'><strong>,</strong></span> <span class='ocrx_word' id='word_1_23' title='bbox 1359 489 1444 561; x_wconf 92' lang='lat' dir='ltr'><strong>de</strong></span> <span class='ocrx_word' id='word_1_24' title='bbox 1491 491 2050 563; x_wconf 85' lang='lat' dir='ltr'><strong>suo-ministerio</strong></span> <span class='ocrx_word' id='word_1_25' title='bbox 2097 513 2133 561; x_wconf 90' lang='lat' dir='ltr'><strong>r</strong></span> <span class='ocrx_word' id='word_1_26' title='bbox 2220 490 2642 582; x_wconf 72' lang='lat' dir='ltr'>emptionem</span> <span class='ocrx_word' id='word_1_27' title='bbox 2693 489 2974 580; x_wconf 84' lang='lat' dir='ltr'><strong>parari,</strong></span> <span class='ocrx_word' id='word_1_28' title='bbox 3034 490 3166 577; x_wconf 86' lang='lat' dir='ltr'><strong>qui</strong></span> 
     </span>
     <span class='ocr_line' id='line_1_4' title="bbox 598 577 3166 670; baseline -0 -20"><span class='ocrx_word' id='word_1_29' title='bbox 598 580 909 670; x_wconf 90' lang='lat' dir='ltr'><strong>seipsum</strong></span> <span class='ocrx_word' id='word_1_30' title='bbox 965 600 1090 670; x_wconf 86' lang='lat' dir='ltr'><strong>pro</strong></span> <span class='ocrx_word' id='word_1_31' title='bbox 1153 578 1560 651; x_wconf 89' lang='lat' dir='ltr'><strong>hominibus</strong></span> <span class='ocrx_word' id='word_1_32' title='bbox 1605 579 2030 652; x_wconf 79' lang='lat' dir='ltr'><strong>redimendis</strong></span> <span class='ocrx_word' id='word_1_33' title='bbox 2091 579 2303 650; x_wconf 89' lang='lat' dir='ltr'><strong>dedit.</strong></span> <span class='ocrx_word' id='word_1_34' title='bbox 2346 603 2383 647; x_wconf 85' lang='lat'><strong>»</strong></span> <span class='ocrx_word' id='word_1_35' title='bbox 2434 579 2546 650; x_wconf 89' lang='lat' dir='ltr'><strong>Sic</strong></span> <span class='ocrx_word' id='word_1_36' title='bbox 2592 577 2753 653; x_wconf 86' lang='lat' dir='ltr'><strong>ille:</strong></span> <span class='ocrx_word' id='word_1_37' title='bbox 2806 583 2945 648; x_wconf 87' lang='lat' dir='ltr'><strong>Nos</strong></span> <span class='ocrx_word' id='word_1_38' title='bbox 3001 600 3166 649; x_wconf 83' lang='lat' dir='ltr'><strong>vero</strong></span> 
     </span>
     <span class='ocr_line' id='line_1_5' title="bbox 596 667 3165 771; baseline 0 -34"><span class='ocrx_word' id='word_1_39' title='bbox 596 668 915 739; x_wconf 83' lang='lat' dir='ltr'><strong>videmus</strong></span> <span class='ocrx_word' id='word_1_40' title='bbox 967 667 1308 757; x_wconf 89' lang='lat' dir='ltr'><strong>quosdam</strong></span> <span class='ocrx_word' id='word_1_41' title='bbox 1359 668 1647 739; x_wconf 87' lang='lat' dir='ltr'><strong>laudare</strong></span> <span class='ocrx_word' id='word_1_42' title='bbox 1694 670 1764 740; x_wconf 89' lang='lat' dir='ltr'><strong>in</strong></span> <span class='ocrx_word' id='word_1_43' title='bbox 1816 682 2055 741; x_wconf 89' lang='lat' dir='ltr'><strong>sancto</strong></span> <span class='ocrx_word' id='word_1_44' title='bbox 2104 670 2275 752; x_wconf 84' lang='lat' dir='ltr'><strong>viro,</strong></span> <span class='ocrx_word' id='word_1_45' title='bbox 2315 668 2500 771; x_wconf 82' lang='lat' dir='ltr'><strong>quod</strong></span> <span class='ocrx_word' id='word_1_46' title='bbox 2549 668 2646 739; x_wconf 91' lang='lat' dir='ltr'><strong>ita</strong></span> <span class='ocrx_word' id='word_1_47' title='bbox 2693 667 2959 748; x_wconf 80' lang='lat' dir='ltr'><strong>fecerit,</strong></span> <span class='ocrx_word' id='word_1_48' title='bbox 3034 689 3165 738; x_wconf 86' lang='lat' dir='ltr'><strong>nec</strong></span> 
     </span>
     <span class='ocr_line' id='line_1_6' title="bbox 597 753 3168 849; baseline 0 -21"><span class='ocrx_word' id='word_1_49' title='bbox 597 771 826 828; x_wconf 87' lang='lat' dir='ltr'><strong>tamen</strong></span> <span class='ocrx_word' id='word_1_50' title='bbox 874 753 1019 828; x_wconf 82' lang='lat' dir='ltr'><strong>ullo</strong></span> <span class='ocrx_word' id='word_1_51' title='bbox 1055 770 1253 849; x_wconf 87' lang='lat' dir='ltr'><strong>pacto</strong></span> <span class='ocrx_word' id='word_1_52' title='bbox 1292 756 1472 828; x_wconf 84' lang='lat' dir='ltr'><strong>·velle</strong></span> <span class='ocrx_word' id='word_1_53' title='bbox 1519 758 1803 830; x_wconf 87' lang='lat' dir='ltr'><strong>imitari.</strong></span> <span class='ocrx_word' id='word_1_54' title='bbox 1853 762 1949 829; x_wconf 78' lang='lat' dir='ltr'><strong>An</strong></span> <span class='ocrx_word' id='word_1_55' title='bbox 1999 779 2135 827; x_wconf 90' lang='lat' dir='ltr'><strong>non</strong></span> <span class='ocrx_word' id='word_1_56' title='bbox 2191 758 2262 827; x_wconf 90' lang='lat' dir='ltr'><strong>in</strong></span> <span class='ocrx_word' id='word_1_57' title='bbox 2296 771 2469 829; x_wconf 78' lang='lat' dir='ltr'><strong>vitro</strong></span> <span class='ocrx_word' id='word_1_58' title='bbox 2516 756 2809 828; x_wconf 88' lang='lat' dir='ltr'><strong>habetur</strong></span> <span class='ocrx_word' id='word_1_59' title='bbox 2852 756 3168 847; x_wconf 85' lang='lat' dir='ltr'><strong>sanguis</strong></span> 
     </span>
     <span class='ocr_line' id='line_1_7' title="bbox 598 845 3168 939; baseline 0 -22"><span class='ocrx_word' id='word_1_60' title='bbox 598 845 900 918; x_wconf 76' lang='lat' dir='ltr'>Christi?</span> <span class='ocrx_word' id='word_1_61' title='bbox 945 850 1042 917; x_wconf 78' lang='lat' dir='ltr'><strong>An</strong></span> <span class='ocrx_word' id='word_1_62' title='bbox 1094 868 1229 917; x_wconf 90' lang='lat' dir='ltr'><strong>non</strong></span> <span class='ocrx_word' id='word_1_63' title='bbox 1280 869 1321 916; x_wconf 89' lang='lat' dir='ltr'><strong>a</strong></span> <span class='ocrx_word' id='word_1_64' title='bbox 1368 845 1559 938; x_wconf 85' lang='lat' dir='ltr'><strong>ligno</strong></span> <span class='ocrx_word' id='word_1_65' title='bbox 1592 869 2012 939; x_wconf 91' lang='lat' dir='ltr'><strong>suspensum</strong></span> <span class='ocrx_word' id='word_1_66' title='bbox 2046 845 2177 918; x_wconf 82' lang='lat' dir='ltr'><strong>fuit</strong></span> <span class='ocrx_word' id='word_1_67' title='bbox 2207 847 2363 938; x_wconf 85' lang='lat' dir='ltr'><strong>ejus</strong></span> <span class='ocrx_word' id='word_1_68' title='bbox 2393 846 2958 918; x_wconf 86' lang='lat' dir='ltr'><strong>sacratissimum</strong></span> <span class='ocrx_word' id='word_1_69' title='bbox 3001 850 3168 917; x_wconf 83' lang='lat' dir='ltr'><strong>Cor·</strong></span> 
     </span>
     <span class='ocr_line' id='line_1_8' title="bbox 595 935 1681 1028; baseline -0.001 -21"><span class='ocrx_word' id='word_1_70' title='bbox 595 958 753 1028; x_wconf 89' lang='lat' dir='ltr'><strong>pus,</strong></span> <span class='ocrx_word' id='word_1_71' title='bbox 807 948 1080 1007; x_wconf 88' lang='lat' dir='ltr'><strong>nostrae</strong></span> <span class='ocrx_word' id='word_1_72' title='bbox 1119 935 1368 1007; x_wconf 88' lang='lat' dir='ltr'><strong>salutis</strong></span> <span class='ocrx_word' id='word_1_73' title='bbox 1407 939 1619 1008; x_wconf 73' lang='lat' dir='ltr'><strong>causa</strong></span> <span class='ocrx_word' id='word_1_74' title='bbox 1648 940 1681 1006; x_wconf 67' lang='lat' dir='ltr'><strong>t</strong></span> 
     </span>
    </p>

    <p class='ocr_par' dir='ltr' id='par_1_3' title="bbox 575 1023 3168 2541">
     <span class='ocr_line' id='line_1_9' title="bbox 683 1023 3164 1116; baseline -0.002 -18"><span class='ocrx_word' id='word_1_75' title='bbox 683 1027 720 1113; x_wconf 71' lang='grc' dir='ltr'>ἓ</span> <span class='ocrx_word' id='word_1_76' title='bbox 766 1029 899 1098; x_wconf 73' lang='lat' dir='ltr'><strong>n.</strong></span> <span class='ocrx_word' id='word_1_77' title='bbox 953 1030 1141 1096; x_wconf 80' lang='lat' dir='ltr'><strong>Inter</strong></span> <span class='ocrx_word' id='word_1_78' title='bbox 1177 1025 1347 1094; x_wconf 88' lang='lat' dir='ltr'><strong>haec</strong></span> <span class='ocrx_word' id='word_1_79' title='bbox 1394 1038 1625 1096; x_wconf 89' lang='lat' dir='ltr'><strong>autem</strong></span> <span class='ocrx_word' id='word_1_80' title='bbox 1681 1025 2130 1116; x_wconf 87' lang='lat' dir='ltr'><strong>praecipuum</strong></span> <span class='ocrx_word' id='word_1_81' title='bbox 2166 1024 2340 1095; x_wconf 90' lang='lat' dir='ltr'><strong>illud</strong></span> <span class='ocrx_word' id='word_1_82' title='bbox 2393 1023 2926 1104; x_wconf 86' lang='lat' dir='ltr'><strong>monasterium,</strong></span> <span class='ocrx_word' id='word_1_83' title='bbox 2973 1023 3164 1111; x_wconf 88' lang='lat' dir='ltr'><strong>quod</strong></span> 
     </span>
     <span class='ocr_line' id='line_1_10' title="bbox 595 1113 3168 1206; baseline 0 -23"><span class='ocrx_word' id='word_1_84' title='bbox 595 1114 815 1184; x_wconf 83' lang='lat' dir='ltr'><strong>sorori</strong></span> <span class='ocrx_word' id='word_1_85' title='bbox 853 1136 1020 1185; x_wconf 89' lang='lat' dir='ltr'><strong>suae</strong></span> <span class='ocrx_word' id='word_1_86' title='bbox 1057 1113 1354 1185; x_wconf 90' lang='lat' dir='ltr'><strong>condere</strong></span> <span class='ocrx_word' id='word_1_87' title='bbox 1397 1126 1737 1206; x_wconf 88' lang='lat' dir='ltr'><strong>coeperat,</strong></span> <span class='ocrx_word' id='word_1_88' title='bbox 1789 1115 2009 1184; x_wconf 89' lang='lat' dir='ltr'><strong>instar</strong></span> <span class='ocrx_word' id='word_1_89' title='bbox 2048 1113 2297 1204; x_wconf 84' lang='lat' dir='ltr'><strong>prioris</strong></span> <span class='ocrx_word' id='word_1_90' title='bbox 2337 1113 2744 1184; x_wconf 79' lang='lat' dir='ltr'><strong>instauravit</strong></span> <span class='ocrx_word' id='word_1_91' title='bbox 2768 1136 2802 1180; x_wconf 89' lang='lat'><strong>:·</strong></span> <span class='ocrx_word' id='word_1_92' title='bbox 2837 1126 2914 1183; x_wconf 90' lang='lat' dir='ltr'><strong>et</strong></span> <span class='ocrx_word' id='word_1_93' title='bbox 2955 1113 3168 1202; x_wconf 86' lang='lat' dir='ltr'><strong>quasi</strong></span> 
     </span>
     <span class='ocr_line' id='line_1_11' title="bbox 594 1203 3162 1296; baseline -0 -23"><span class='ocrx_word' id='word_1_94' title='bbox 594 1203 768 1273; x_wconf 89' lang='lat' dir='ltr'><strong>alter</strong></span> <span class='ocrx_word' id='word_1_95' title='bbox 810 1203 1095 1292; x_wconf 89' lang='lat' dir='ltr'><strong>quidam</strong></span> <span class='ocrx_word' id='word_1_96' title='bbox 1147 1203 1361 1274; x_wconf 84' lang='lat' dir='ltr'><strong>nostri</strong></span> <span class='ocrx_word' id='word_1_97' title='bbox 1412 1205 1742 1294; x_wconf 87' lang='lat' dir='ltr'><strong>temporis</strong></span> <span class='ocrx_word' id='word_1_98' title='bbox 1787 1206 1923 1274; x_wconf 84' lang='lat' dir='ltr'><strong>No&#39;e‘</strong></span> <span class='ocrx_word' id='word_1_99' title='bbox 1954 1258 1970 1286; x_wconf 91' lang='lat'><strong><em>‚</em></strong></span> <span class='ocrx_word' id='word_1_100' title='bbox 2030 1217 2306 1296; x_wconf 90' lang='lat' dir='ltr'><strong>propter</strong></span> <span class='ocrx_word' id='word_1_101' title='bbox 2368 1215 2804 1293; x_wconf 86' lang='lat' dir='ltr'><strong>tempestates</strong></span> <span class='ocrx_word' id='word_1_102' title='bbox 2852 1215 2932 1272; x_wconf 85' lang='lat' dir='ltr'><strong>et</strong></span> <span class='ocrx_word' id='word_1_103' title='bbox 3007 1225 3162 1293; x_wconf 89' lang='lat' dir='ltr'><strong>pro·</strong></span> 
     </span>
     <span class='ocr_line' id='line_1_12' title="bbox 592 1291 3158 1375; baseline -0 -13"><span class='ocrx_word' id='word_1_104' title='bbox 592 1292 828 1375; x_wconf 80' lang='lat' dir='ltr'><strong>cellaS,</strong></span> <span class='ocrx_word' id='word_1_105' title='bbox 886 1291 957 1362; x_wconf 90' lang='lat' dir='ltr'><strong>in</strong></span> <span class='ocrx_word' id='word_1_106' title='bbox 1006 1291 1216 1362; x_wconf 90' lang='lat' dir='ltr'><strong>latere</strong></span> <span class='ocrx_word' id='word_1_107' title='bbox 1260 1291 1611 1374; x_wconf 88' lang='lat' dir='ltr'><strong>ecclesiae,</strong></span> <span class='ocrx_word' id='word_1_108' title='bbox 1651 1292 2114 1364; x_wconf 86' lang='lat' dir='ltr'><strong>foeminarum</strong></span> <span class='ocrx_word' id='word_1_109' title='bbox 2161 1291 2458 1362; x_wconf 84' lang='lat' dir='ltr'><strong>extruxit</strong></span> <span class='ocrx_word' id='word_1_110' title='bbox 2486 1291 2944 1374; x_wconf 78' lang='lat' dir='ltr'><strong>coenobium,</strong></span> <span class='ocrx_word' id='word_1_111' title='bbox 2989 1301 3158 1361; x_wconf 69' lang='lat' dir='ltr'><strong>tam·</strong></span> 
     </span>
     <span class='ocr_line' id='line_1_13' title="bbox 596 1379 3156 1470; baseline -0.001 -18"><span class='ocrx_word' id='word_1_112' title='bbox 596 1403 807 1470; x_wconf 89' lang='lat' dir='ltr'><strong>quam</strong></span> <span class='ocrx_word' id='word_1_113' title='bbox 847 1404 1106 1465; x_wconf 89' lang='lat' dir='ltr'><strong>arcam,</strong></span> <span class='ocrx_word' id='word_1_114' title='bbox 1148 1395 1425 1452; x_wconf 88' lang='lat' dir='ltr'><strong>evocata</strong></span> <span class='ocrx_word' id='word_1_115' title='bbox 1472 1404 1562 1453; x_wconf 91' lang='lat' dir='ltr'><strong>ue</strong></span> <span class='ocrx_word' id='word_1_116' title='bbox 1593 1404 1633 1453; x_wconf 94' lang='lat' dir='ltr'><strong>e</strong></span> <span class='ocrx_word' id='word_1_117' title='bbox 1659 1381 2067 1453; x_wconf 82' lang='lat' dir='ltr'><strong>Massiliensi</strong></span> <span class='ocrx_word' id='word_1_118' title='bbox 2097 1381 2444 1452; x_wconf 81' lang='lat' dir='ltr'><strong>&#39;coenobio</strong></span> <span class='ocrx_word' id='word_1_119' title='bbox 2483 1379 2856 1450; x_wconf 88' lang='lat' dir='ltr'><strong>venerabili</strong></span> <span class='ocrx_word' id='word_1_120' title='bbox 2921 1402 3156 1452; x_wconf 88' lang='lat' dir='ltr'><strong>sorore</strong></span> 
     </span>
     <span class='ocr_line' id='line_1_14' title="bbox 596 1467 3158 1562; baseline -0 -23"><span class='ocrx_word' id='word_1_121' title='bbox 596 1492 725 1540; x_wconf 90' lang='lat' dir='ltr'><strong>sua</strong></span> <span class='ocrx_word' id='word_1_122' title='bbox 755 1471 1067 1542; x_wconf 75' lang='lat' dir='ltr'><strong>caesaria</strong></span> <span class='ocrx_word' id='word_1_123' title='bbox 1109 1471 1350 1562; x_wconf 86' lang='lat' dir='ltr'><strong>(quarn</strong></span> <span class='ocrx_word' id='word_1_124' title='bbox 1403 1471 1422 1539; x_wconf 93' lang='lat' dir='ltr'><strong>i</strong></span> <span class='ocrx_word' id='word_1_125' title='bbox 1476 1471 1661 1542; x_wconf 86' lang='lat' dir='ltr'><strong>circo</strong></span> <span class='ocrx_word' id='word_1_126' title='bbox 1705 1493 1786 1542; x_wconf 92' lang='lat' dir='ltr'><strong>eo</strong></span> <span class='ocrx_word' id='word_1_127' title='bbox 1834 1471 2137 1551; x_wconf 90' lang='lat' dir='ltr'><strong>miserat,</strong></span> <span class='ocrx_word' id='word_1_128' title='bbox 2188 1482 2268 1541; x_wconf 93' lang='lat' dir='ltr'><strong>ut</strong></span> <span class='ocrx_word' id='word_1_129' title='bbox 2297 1469 2591 1540; x_wconf 80' lang='lat' dir='ltr'><strong>disceret</strong></span> <span class='ocrx_word' id='word_1_130' title='bbox 2619 1468 2804 1558; x_wconf 89' lang='lat' dir='ltr'><strong>quod</strong></span> <span class='ocrx_word' id='word_1_131' title='bbox 2837 1467 3158 1552; x_wconf 66' lang='lat' dir='ltr'><strong>doceret,</strong></span> 
     </span>
     <span class='ocr_line' id='line_1_15' title="bbox 594 1557 3152 1660; baseline -0 -32"><span class='ocrx_word' id='word_1_132' title='bbox 594 1570 661 1629; x_wconf 91' lang='lat' dir='ltr'><strong>et</strong></span> <span class='ocrx_word' id='word_1_133' title='bbox 693 1559 887 1649; x_wconf 89' lang='lat' dir='ltr'><strong>prius</strong></span> <span class='ocrx_word' id='word_1_134' title='bbox 931 1574 1109 1631; x_wconf 89' lang='lat' dir='ltr'><strong>esset</strong></span> <span class='ocrx_word' id='word_1_135' title='bbox 1153 1559 1525 1651; x_wconf 90' lang='lat' dir='ltr'><strong>discipula,</strong></span> <span class='ocrx_word' id='word_1_136' title='bbox 1561 1582 1772 1649; x_wconf 89' lang='lat' dir='ltr'><strong>quam</strong></span> <span class='ocrx_word' id='word_1_137' title='bbox 1817 1561 2199 1652; x_wconf 85' lang='lat' dir='ltr'><strong>magistra),</strong></span> <span class='ocrx_word' id='word_1_138' title='bbox 2238 1559 2753 1660; x_wconf 63' lang='lat' dir='ltr'><strong>in‘praeparata</strong></span> <span class='ocrx_word' id='word_1_139' title='bbox 2787 1557 3152 1629; x_wconf 82' lang='lat' dir='ltr'><strong>domicilia</strong></span> 
     </span>
     <span class='ocr_line' id='line_1_16' title="bbox 594 1647 3149 1731; baseline -0.001 -14"><span class='ocrx_word' id='word_1_140' title='bbox 594 1668 755 1718; x_wconf 90' lang='lat' dir='ltr'><strong>cum</strong></span> <span class='ocrx_word' id='word_1_141' title='bbox 805 1648 1080 1720; x_wconf 90' lang='lat' dir='ltr'><strong>duabus</strong></span> <span class='ocrx_word' id='word_1_142' title='bbox 1130 1662 1253 1720; x_wconf 90' lang='lat' dir='ltr'><strong>aut</strong></span> <span class='ocrx_word' id='word_1_143' title='bbox 1291 1650 1513 1719; x_wconf 89' lang='lat' dir='ltr'><strong>tribus</strong></span> <span class='ocrx_word' id='word_1_144' title='bbox 1551 1648 1946 1731; x_wconf 78' lang='lat' dir='ltr'><strong>sodalibuS,</strong></span> <span class='ocrx_word' id='word_1_145' title='bbox 1988 1670 2141 1719; x_wconf 91' lang='lat' dir='ltr'><strong>eam</strong></span> <span class='ocrx_word' id='word_1_146' title='bbox 2192 1648 2595 1719; x_wconf 73' lang='lat' dir='ltr'><strong>introduxit.</strong></span> <span class='ocrx_word' id='word_1_147' title='bbox 2650 1647 3149 1717; x_wconf 83' lang='lat' dir='ltr'><strong>Confluxerunt</strong></span> 
     </span>
     <span class='ocr_line' id='line_1_17' title="bbox 596 1735 3147 1818; baseline 0 -12"><span class='ocrx_word' id='word_1_148' title='bbox 596 1751 827 1807; x_wconf 87' lang='lat' dir='ltr'><strong>autem</strong></span> <span class='ocrx_word' id='word_1_149' title='bbox 876 1738 963 1807; x_wconf 89' lang='lat' dir='ltr'><strong>ad</strong></span> <span class='ocrx_word' id='word_1_150' title='bbox 1012 1738 1203 1808; x_wconf 90' lang='lat' dir='ltr'><strong>illam</strong></span> <span class='ocrx_word' id='word_1_151' title='bbox 1253 1737 1510 1809; x_wconf 87' lang='lat' dir='ltr'><strong>multae</strong></span> <span class='ocrx_word' id='word_1_152' title='bbox 1557 1739 1663 1807; x_wconf 83' lang='lat' dir='ltr'><strong>vir</strong></span> <span class='ocrx_word' id='word_1_153' title='bbox 1716 1738 1909 1809; x_wconf 88' lang='lat' dir='ltr'><strong>inum</strong></span> <span class='ocrx_word' id='word_1_154' title='bbox 1943 1751 2273 1818; x_wconf 82' lang='lat' dir='ltr'><strong>catervae,</strong></span> <span class='ocrx_word' id='word_1_155' title='bbox 2317 1739 2526 1808; x_wconf 83' lang='lat' dir='ltr'><strong>rebus</strong></span> <span class='ocrx_word' id='word_1_156' title='bbox 2566 1737 2714 1807; x_wconf 88' lang='lat' dir='ltr'><strong>suis</strong></span> <span class='ocrx_word' id='word_1_157' title='bbox 2745 1748 2812 1805; x_wconf 91' lang='lat' dir='ltr'><strong>et</strong></span> <span class='ocrx_word' id='word_1_158' title='bbox 2857 1735 3147 1806; x_wconf 82' lang='lat' dir='ltr'><strong>faculta-</strong></span> 
     </span>
     <span class='ocr_line' id='line_1_18' title="bbox 575 1762 3144 1919; baseline -0 -25"><span class='ocrx_word' id='word_1_159' title='bbox 575 1825 785 1896; x_wconf 69' lang='lat' dir='ltr'><strong>tibus</strong></span> <span class='ocrx_word' id='word_1_160' title='bbox 828 1839 1033 1914; x_wconf 88' lang='lat' dir='ltr'><strong>atque</strong></span> <span class='ocrx_word' id='word_1_161' title='bbox 1089 1827 1260 1916; x_wconf 89' lang='lat' dir='ltr'><strong>ipsis</strong></span> <span class='ocrx_word' id='word_1_162' title='bbox 1309 1827 1514 1897; x_wconf 89' lang='lat' dir='ltr'><strong>etiam</strong></span> <span class='ocrx_word' id='word_1_163' title='bbox 1565 1762 1993 1898; x_wconf 52' lang='lat' dir='ltr'><strong>duffiissimis</strong></span> <span class='ocrx_word' id='word_1_164' title='bbox 2041 1827 2446 1919; x_wconf 87' lang='lat' dir='ltr'><strong>parentibus</strong></span> <span class='ocrx_word' id='word_1_165' title='bbox 2494 1825 3044 1902; x_wconf 71' lang='lat' dir='ltr'><strong>renunciantes,</strong></span> <span class='ocrx_word' id='word_1_166' title='bbox 3089 1838 3144 1893; x_wconf 87' lang='lat' dir='ltr'><strong>et</strong></span> 
     </span>
     <span class='ocr_line' id='line_1_19' title="bbox 594 1913 3134 2005; baseline 0 -21"><span class='ocrx_word' id='word_1_167' title='bbox 594 1936 831 1985; x_wconf 90' lang='lat' dir='ltr'><strong>rerum</strong></span> <span class='ocrx_word' id='word_1_168' title='bbox 892 1915 1270 1996; x_wconf 84' lang='lat' dir='ltr'><strong>labentium</strong></span> <span class='ocrx_word' id='word_1_169' title='bbox 1335 1916 1539 1986; x_wconf 87' lang='lat' dir='ltr'><strong>flores</strong></span> <span class='ocrx_word' id='word_1_170' title='bbox 1587 1929 1731 1986; x_wconf 92' lang='lat' dir='ltr'><strong>tum</strong></span> <span class='ocrx_word' id='word_1_171' title='bbox 1781 1914 2106 1997; x_wconf 82' lang='lat' dir='ltr'><strong>fallaces,</strong></span> <span class='ocrx_word' id='word_1_172' title='bbox 2157 1929 2304 1987; x_wconf 89' lang='lat' dir='ltr'><strong>tum</strong></span> <span class='ocrx_word' id='word_1_173' title='bbox 2353 1913 2653 1986; x_wconf 88' lang='lat' dir='ltr'><strong>caducos</strong></span> <span class='ocrx_word' id='word_1_174' title='bbox 2711 1928 3134 2005; x_wconf 55' lang='lat' dir='ltr'><strong>respuentes.</strong></span> 
     </span>
     <span class='ocr_line' id='line_1_20' title="bbox 599 2003 3133 2095; baseline 0 -23"><span class='ocrx_word' id='word_1_175' title='bbox 599 2004 897 2073; x_wconf 87' lang='lat' dir='ltr'><strong>Caesarii</strong></span> <span class='ocrx_word' id='word_1_176' title='bbox 950 2003 1162 2094; x_wconf 89' lang='lat' dir='ltr'><strong>patris</strong></span> <span class='ocrx_word' id='word_1_177' title='bbox 1207 2018 1273 2073; x_wconf 89' lang='lat' dir='ltr'><strong>et</strong></span> <span class='ocrx_word' id='word_1_178' title='bbox 1321 2005 1671 2074; x_wconf 88' lang='lat' dir='ltr'><strong>Caesariae</strong></span> <span class='ocrx_word' id='word_1_179' title='bbox 1720 2005 1962 2075; x_wconf 89' lang='lat' dir='ltr'><strong>matris</strong></span> <span class='ocrx_word' id='word_1_180' title='bbox 2008 2004 2412 2095; x_wconf 85' lang='lat' dir='ltr'><strong>expetebant</strong></span> <span class='ocrx_word' id='word_1_181' title='bbox 2457 2003 2835 2094; x_wconf 87' lang='lat' dir='ltr'><strong>gremium,</strong></span> <span class='ocrx_word' id='word_1_182' title='bbox 2881 2017 2965 2073; x_wconf 88' lang='lat' dir='ltr'><strong>ut</strong></span> <span class='ocrx_word' id='word_1_183' title='bbox 2992 2025 3133 2072; x_wconf 86' lang='lat' dir='ltr'><strong>cum</strong></span> 
     </span>
     <span class='ocr_line' id='line_1_21' title="bbox 597 2091 3128 2185; baseline -0.001 -24"><span class='ocrx_word' id='word_1_184' title='bbox 597 2092 723 2173; x_wconf 90' lang='lat' dir='ltr'><strong>eis,</strong></span> <span class='ocrx_word' id='word_1_185' title='bbox 777 2094 1095 2165; x_wconf 73' lang='lat' dir='ltr'><strong>accensis</strong></span> <span class='ocrx_word' id='word_1_186' title='bbox 1138 2091 1578 2184; x_wconf 87' lang='lat' dir='ltr'><strong>lampadibus</strong></span> <span class='ocrx_word' id='word_1_187' title='bbox 1624 2093 1713 2164; x_wconf 90' lang='lat' dir='ltr'><strong>ad</strong></span> <span class='ocrx_word' id='word_1_188' title='bbox 1762 2093 2074 2164; x_wconf 91' lang='lat' dir='ltr'><strong>coelestis</strong></span> <span class='ocrx_word' id='word_1_189' title='bbox 2123 2093 2319 2185; x_wconf 86' lang='lat' dir='ltr'><strong>regni</strong></span> <span class='ocrx_word' id='word_1_190' title='bbox 2354 2104 2794 2182; x_wconf 80' lang='lat' dir='ltr'><strong>expectarent</strong></span> <span class='ocrx_word' id='word_1_191' title='bbox 2817 2092 3128 2182; x_wconf 80' lang='lat' dir='ltr'><strong>januam,</strong></span> 
     </span>
     <span class='ocr_line' id='line_1_22' title="bbox 595 2181 3128 2274; baseline -0.001 -23"><span class='ocrx_word' id='word_1_192' title='bbox 595 2195 663 2251; x_wconf 92' lang='lat' dir='ltr'><strong>et</strong></span> <span class='ocrx_word' id='word_1_193' title='bbox 719 2181 788 2250; x_wconf 91' lang='lat' dir='ltr'><strong>in</strong></span> <span class='ocrx_word' id='word_1_194' title='bbox 848 2204 997 2251; x_wconf 91' lang='lat' dir='ltr'><strong>eam</strong></span> <span class='ocrx_word' id='word_1_195' title='bbox 1062 2182 1413 2273; x_wconf 86' lang='lat' dir='ltr'><strong>ingressae</strong></span> <span class='ocrx_word' id='word_1_196' title='bbox 1448 2237 1464 2264; x_wconf 93' lang='lat'>‚</span> <span class='ocrx_word' id='word_1_197' title='bbox 1519 2183 1770 2253; x_wconf 86' lang='lat' dir='ltr'><strong>Christi</strong></span> <span class='ocrx_word' id='word_1_198' title='bbox 1820 2183 2170 2274; x_wconf 85' lang='lat' dir='ltr'><strong>perpetuis</strong></span> <span class='ocrx_word' id='word_1_199' title='bbox 2234 2195 2660 2251; x_wconf 83' lang='lat' dir='ltr'><strong>mererentur</strong></span> <span class='ocrx_word' id='word_1_200' title='bbox 2707 2181 3128 2271; x_wconf 80' lang='lat' dir='ltr'><strong>amplexibus</strong></span> 
     </span>
     <span class='ocr_line' id='line_1_23' title="bbox 597 2266 3124 2364; baseline -0.001 -26"><span class='ocrx_word' id='word_1_201' title='bbox 597 2269 981 2340; x_wconf 89' lang='lat' dir='ltr'><strong>inhaerere.</strong></span> <span class='ocrx_word' id='word_1_202' title='bbox 1034 2276 1243 2341; x_wconf 86' lang='lat' dir='ltr'><strong>Erant</strong></span> <span class='ocrx_word' id='word_1_203' title='bbox 1289 2283 1516 2340; x_wconf 90' lang='lat' dir='ltr'><strong>autem</strong></span> <span class='ocrx_word' id='word_1_204' title='bbox 1569 2272 1637 2341; x_wconf 91' lang='lat' dir='ltr'><strong>in</strong></span> <span class='ocrx_word' id='word_1_205' title='bbox 1691 2271 1809 2341; x_wconf 89' lang='lat' dir='ltr'><strong>illo</strong></span> <span class='ocrx_word' id='word_1_206' title='bbox 1857 2271 2004 2341; x_wconf 89' lang='lat' dir='ltr'><strong>loco</strong></span> <span class='ocrx_word' id='word_1_207' title='bbox 2053 2271 2227 2342; x_wconf 84' lang='lat' dir='ltr'><strong>adeo</strong></span> <span class='ocrx_word' id='word_1_208' title='bbox 2279 2269 2615 2351; x_wconf 87' lang='lat' dir='ltr'><strong>inclusae,</strong></span> <span class='ocrx_word' id='word_1_209' title='bbox 2669 2283 2751 2340; x_wconf 92' lang='lat' dir='ltr'><strong>ut</strong></span> <span class='ocrx_word' id='word_1_210' title='bbox 2798 2291 3017 2357; x_wconf 87' lang='lat' dir='ltr'><strong>usque</strong></span> <span class='ocrx_word' id='word_1_211' title='bbox 3047 2266 3124 2364; x_wconf 74' lang='lat' dir='ltr'><strong>ad</strong></span> 
     </span>
     <span class='ocr_line' id='line_1_24' title="bbox 596 2355 3112 2450; baseline -0.003 -21"><span class='ocrx_word' id='word_1_212' title='bbox 596 2381 1001 2450; x_wconf 89' lang='lat' dir='ltr'><strong>supremum</strong></span> <span class='ocrx_word' id='word_1_213' title='bbox 1070 2360 1245 2430; x_wconf 89' lang='lat' dir='ltr'><strong>vitae</strong></span> <span class='ocrx_word' id='word_1_214' title='bbox 1309 2359 1493 2430; x_wconf 91' lang='lat' dir='ltr'><strong>diem</strong></span> <span class='ocrx_word' id='word_1_215' title='bbox 1567 2360 2046 2432; x_wconf 76' lang='lat' dir='ltr'><strong>nulli‘earum</strong></span> <span class='ocrx_word' id='word_1_216' title='bbox 2112 2360 2213 2431; x_wconf 87' lang='lat' dir='ltr'><strong>fas</strong></span> <span class='ocrx_word' id='word_1_217' title='bbox 2280 2373 2458 2431; x_wconf 87' lang='lat' dir='ltr'><strong>esset</strong></span> <span class='ocrx_word' id='word_1_218' title='bbox 2514 2372 2704 2429; x_wconf 88' lang='lat' dir='ltr'><strong>extra</strong></span> <span class='ocrx_word' id='word_1_219' title='bbox 2754 2355 3112 2429; x_wconf 76' lang='lat' dir='ltr'><strong>monasterii</strong></span> 
     </span>
     <span class='ocr_line' id='line_1_25' title="bbox 595 2449 1247 2541; baseline -0.005 -22"><span class='ocrx_word' id='word_1_220' title='bbox 595 2449 845 2520; x_wconf 91' lang='lat' dir='ltr'><strong>ostium</strong></span> <span class='ocrx_word' id='word_1_221' title='bbox 902 2450 1247 2541; x_wconf 84' lang='lat' dir='ltr'><strong>progredi.</strong></span> 
     </span>
    </p>

    <p class='ocr_par' dir='ltr' id='par_1_4' title="bbox 590 2531 3153 4494">
     <span class='ocr_line' id='line_1_26' title="bbox 684 2531 3096 2630; baseline -0.005 -18"><span class='ocrx_word' id='word_1_222' title='bbox 684 2541 722 2625; x_wconf 69' lang='grc' dir='ltr'>ξ</span> <span class='ocrx_word' id='word_1_223' title='bbox 767 2542 906 2611; x_wconf 77' lang='grc'><strong>18.</strong></span> <span class='ocrx_word' id='word_1_224' title='bbox 961 2538 1089 2609; x_wconf 91' lang='lat' dir='ltr'><strong>Sed</strong></span> <span class='ocrx_word' id='word_1_225' title='bbox 1151 2540 1277 2610; x_wconf 89' lang='lat' dir='ltr'><strong>hoc</strong></span> <span class='ocrx_word' id='word_1_226' title='bbox 1321 2560 1595 2628; x_wconf 87' lang='lat' dir='ltr'><strong>quoque</strong></span> <span class='ocrx_word' id='word_1_227' title='bbox 1644 2537 1924 2609; x_wconf 89' lang='lat' dir='ltr'><strong>nomine</strong></span> <span class='ocrx_word' id='word_1_228' title='bbox 1972 2538 2040 2607; x_wconf 93' lang='lat' dir='ltr'><strong>in</strong></span> <span class='ocrx_word' id='word_1_229' title='bbox 2090 2538 2365 2610; x_wconf 89' lang='lat' dir='ltr'><strong>beatum</strong></span> <span class='ocrx_word' id='word_1_230' title='bbox 2418 2537 2641 2607; x_wconf 88' lang='lat' dir='ltr'><strong>virum</strong></span> <span class='ocrx_word' id='word_1_231' title='bbox 2698 2534 2966 2608; x_wconf 81' lang='lat' dir='ltr'><strong>invidiae</strong></span> <span class='ocrx_word' id='word_1_232' title='bbox 3005 2531 3096 2630; x_wconf 78' lang='lat' dir='ltr'><strong>fa·</strong></span> 
     </span>
     <span class='ocr_line' id='line_1_27' title="bbox 598 2616 3106 2721; baseline -0.003 -27"><span class='ocrx_word' id='word_1_233' title='bbox 598 2626 801 2696; x_wconf 89' lang='lat' dir='ltr'><strong>cibus</strong></span> <span class='ocrx_word' id='word_1_234' title='bbox 852 2627 1327 2699; x_wconf 90' lang='lat' dir='ltr'><strong>inflammatus</strong></span> <span class='ocrx_word' id='word_1_235' title='bbox 1377 2641 1623 2710; x_wconf 78' lang='lat' dir='ltr'><strong>satan„</strong></span> <span class='ocrx_word' id='word_1_236' title='bbox 1651 2628 1880 2698; x_wconf 92' lang='lat' dir='ltr'><strong>denuo</strong></span> <span class='ocrx_word' id='word_1_237' title='bbox 1927 2626 1996 2696; x_wconf 90' lang='lat' dir='ltr'><strong>in</strong></span> <span class='ocrx_word' id='word_1_238' title='bbox 2047 2649 2206 2698; x_wconf 91' lang='lat' dir='ltr'><strong>eum</strong></span> <span class='ocrx_word' id='word_1_239' title='bbox 2256 2627 2699 2697; x_wconf 87' lang='lat' dir='ltr'><strong>accusatione</strong></span> <span class='ocrx_word' id='word_1_240' title='bbox 2745 2616 3106 2721; x_wconf 77' lang='lat' dir='ltr'><strong>confictatd</strong></span> 
     </span>
     <span class='ocr_line' id='line_1_28' title="bbox 595 2715 3111 2806; baseline -0.003 -21"><span class='ocrx_word' id='word_1_241' title='bbox 595 2716 840 2797; x_wconf 84' lang='lat' dir='ltr'><strong>effecit,</strong></span> <span class='ocrx_word' id='word_1_242' title='bbox 898 2728 995 2786; x_wconf 88' lang='lat' dir='ltr'><strong>ut.</strong></span> <span class='ocrx_word' id='word_1_243' title='bbox 1023 2723 1417 2787; x_wconf 88' lang='lat' dir='ltr'><strong>Ravennam</strong></span> <span class='ocrx_word' id='word_1_244' title='bbox 1468 2738 1690 2804; x_wconf 90' lang='lat' dir='ltr'><strong>usque</strong></span> <span class='ocrx_word' id='word_1_245' title='bbox 1740 2717 1871 2788; x_wconf 92' lang='lat' dir='ltr'><strong>sub</strong></span> <span class='ocrx_word' id='word_1_246' title='bbox 1918 2716 2244 2787; x_wconf 81' lang='lat' dir='ltr'><strong>custodia.</strong></span> <span class='ocrx_word' id='word_1_247' title='bbox 2275 2715 2786 2806; x_wconf 88' lang='lat' dir='ltr'><strong>pertraheretur</strong></span> <span class='ocrx_word' id='word_1_248' title='bbox 2820 2770 2836 2795; x_wconf 92' lang='lat'><strong>‚</strong></span> <span class='ocrx_word' id='word_1_249' title='bbox 2885 2724 2955 2783; x_wconf 87' lang='lat' dir='ltr'><strong>ut</strong></span> <span class='ocrx_word' id='word_1_250' title='bbox 2992 2731 3111 2779; x_wconf 84' lang='lat' dir='ltr'><strong>un-</strong></span> 
     </span>
     <span class='ocr_line' id='line_1_29' title="bbox 596 2803 3115 2896; baseline -0.002 -23"><span class='ocrx_word' id='word_1_251' title='bbox 596 2804 901 2896; x_wconf 89' lang='lat' dir='ltr'><strong>pleretur</strong></span> <span class='ocrx_word' id='word_1_252' title='bbox 945 2807 1151 2876; x_wconf 86' lang='lat' dir='ltr'><strong>etiam</strong></span> <span class='ocrx_word' id='word_1_253' title='bbox 1200 2807 1268 2875; x_wconf 92' lang='lat' dir='ltr'><strong>in</strong></span> <span class='ocrx_word' id='word_1_254' title='bbox 1319 2805 1477 2885; x_wconf 90' lang='lat' dir='ltr'><strong>illo,</strong></span> <span class='ocrx_word' id='word_1_255' title='bbox 1541 2804 1724 2893; x_wconf 89' lang='lat' dir='ltr'><strong>quod</strong></span> <span class='ocrx_word' id='word_1_256' title='bbox 1788 2805 1993 2875; x_wconf 91' lang='lat' dir='ltr'><strong>habet</strong></span> <span class='ocrx_word' id='word_1_257' title='bbox 2045 2806 2390 2895; x_wconf 88' lang='lat' dir='ltr'><strong>scriptura</strong></span> <span class='ocrx_word' id='word_1_258' title='bbox 2438 2803 2717 2874; x_wconf 87' lang='lat' dir='ltr'><strong>divina:</strong></span> <span class='ocrx_word' id='word_1_259' title='bbox 2777 2811 3115 2896; x_wconf 80' lang='lat' dir='ltr'><strong>Tamquam</strong></span> 
     </span>
     <span class='ocr_line' id='line_1_30' title="bbox 599 2893 3124 2986; baseline -0.001 -23"><span class='ocrx_word' id='word_1_260' title='bbox 599 2917 847 2964; x_wconf 75' lang='lat' dir='ltr'><strong>aarum</strong></span> <span class='ocrx_word' id='word_1_261' title='bbox 888 2897 959 2964; x_wconf 81' lang='lat' dir='ltr'><strong>in</strong></span> <span class='ocrx_word' id='word_1_262' title='bbox 995 2898 1268 2985; x_wconf 81' lang='lat' dir='ltr'><strong>fornace</strong></span> <span class='ocrx_word' id='word_1_263' title='bbox 1313 2897 1627 2986; x_wconf 79' lang='lat' dir='ltr'><strong>probavit</strong></span> <span class='ocrx_word' id='word_1_264' title='bbox 1680 2898 1919 2965; x_wconf 81' lang='lat' dir='ltr'><strong>clectos</strong></span> <span class='ocrx_word' id='word_1_265' title='bbox 1974 2896 2290 2964; x_wconf 79' lang='lat' dir='ltr'><strong>Dominus</strong></span> <span class='ocrx_word' id='word_1_266' title='bbox 2325 2895 2518 2985; x_wconf 83' lang='lat' dir='ltr'><strong>(Sap.</strong></span> <span class='ocrx_word' id='word_1_267' title='bbox 2556 2900 2684 2980; x_wconf 87' lang='lat'><strong>111).</strong></span> <span class='ocrx_word' id='word_1_268' title='bbox 2739 2893 2939 2963; x_wconf 84' lang='lat' dir='ltr'><strong>Venit</strong></span> <span class='ocrx_word' id='word_1_269' title='bbox 2980 2910 3124 2980; x_wconf 77' lang='lat' dir='ltr'><strong>ergo</strong></span> 
     </span>
     <span class='ocr_line' id='line_1_31' title="bbox 595 2980 3124 3074; baseline -0.002 -24"><span class='ocrx_word' id='word_1_270' title='bbox 595 2982 667 3051; x_wconf 90' lang='lat' dir='ltr'><strong>in</strong></span> <span class='ocrx_word' id='word_1_271' title='bbox 719 2983 1052 3073; x_wconf 90' lang='lat' dir='ltr'><strong>palatium</strong></span> <span class='ocrx_word' id='word_1_272' title='bbox 1104 2983 1188 3053; x_wconf 91' lang='lat' dir='ltr'><strong>ad</strong></span> <span class='ocrx_word' id='word_1_273' title='bbox 1239 2983 1736 3054; x_wconf 78' lang='lat' dir='ltr'><strong>Theodericum</strong></span> <span class='ocrx_word' id='word_1_274' title='bbox 1790 2988 2076 3074; x_wconf 82' lang='lat' dir='ltr'><strong>Regem,</strong></span> <span class='ocrx_word' id='word_1_275' title='bbox 2128 3005 2287 3052; x_wconf 90' lang='lat' dir='ltr'><strong>eum</strong></span> <span class='ocrx_word' id='word_1_276' title='bbox 2342 3004 2426 3051; x_wconf 90' lang='lat' dir='ltr'><strong>ue</strong></span> <span class='ocrx_word' id='word_1_277' title='bbox 2474 2981 2817 3071; x_wconf 88' lang='lat' dir='ltr'><strong>intrepide</strong></span> <span class='ocrx_word' id='word_1_278' title='bbox 2866 2980 3124 3053; x_wconf 83' lang='lat' dir='ltr'><strong>salutat.</strong></span> 
     </span>
     <span class='ocr_line' id='line_1_32' title="bbox 597 3005 3127 3172; baseline -0.002 -31"><span class='ocrx_word' id='word_1_279' title='bbox 597 3075 897 3141; x_wconf 89' lang='lat' dir='ltr'><strong>Cernens</strong></span> <span class='ocrx_word' id='word_1_280' title='bbox 956 3077 1095 3142; x_wconf 86' lang='lat' dir='ltr'><strong>Rex</strong></span> <span class='ocrx_word' id='word_1_281' title='bbox 1141 3094 1298 3141; x_wconf 86' lang='lat' dir='ltr'><strong>eum</strong></span> <span class='ocrx_word' id='word_1_282' title='bbox 1351 3072 1528 3142; x_wconf 89' lang='lat' dir='ltr'><strong>nihil</strong></span> <span class='ocrx_word' id='word_1_283' title='bbox 1575 3071 2059 3142; x_wconf 85' lang='lat' dir='ltr'><strong>formidantem</strong></span> <span class='ocrx_word' id='word_1_284' title='bbox 2119 3084 2186 3141; x_wconf 91' lang='lat' dir='ltr'><strong>et</strong></span> <span class='ocrx_word' id='word_1_285' title='bbox 2245 3005 2581 3172; x_wconf 52' lang='lat' dir='ltr'><strong>adspectu</strong></span> <span class='ocrx_word' id='word_1_286' title='bbox 2627 3070 3127 3145; x_wconf 85' lang='lat' dir='ltr'><strong>venerabilem,</strong></span> 
     </span>
     <span class='ocr_line' id='line_1_33' title="bbox 596 3156 3134 3252; baseline -0.001 -24"><span class='ocrx_word' id='word_1_287' title='bbox 596 3172 984 3229; x_wconf 80' lang='lat' dir='ltr'><strong>reverenter</strong></span> <span class='ocrx_word' id='word_1_288' title='bbox 1028 3161 1090 3230; x_wconf 88' lang='lat' dir='ltr'><strong>ei</strong></span> <span class='ocrx_word' id='word_1_289' title='bbox 1140 3161 1466 3252; x_wconf 86' lang='lat' dir='ltr'><strong>assurgit,</strong></span> <span class='ocrx_word' id='word_1_290' title='bbox 1518 3182 1820 3248; x_wconf 85' lang='lat' dir='ltr'><strong>eumque</strong></span> <span class='ocrx_word' id='word_1_291' title='bbox 1867 3159 2196 3251; x_wconf 86' lang='lat' dir='ltr'><strong>depositis</strong></span> <span class='ocrx_word' id='word_1_292' title='bbox 2235 3160 2482 3251; x_wconf 81' lang='lat' dir='ltr'><strong>capitis</strong></span> <span class='ocrx_word' id='word_1_293' title='bbox 2514 3160 2975 3237; x_wconf 88' lang='lat' dir='ltr'><strong>ornamentis,</strong></span> <span class='ocrx_word' id='word_1_294' title='bbox 3009 3156 3134 3227; x_wconf 88' lang='lat' dir='ltr'><strong>cle·</strong></span> 
     </span>
     <span class='ocr_line' id='line_1_34' title="bbox 600 3246 3136 3341; baseline 0 -24"><span class='ocrx_word' id='word_1_295' title='bbox 600 3261 866 3317; x_wconf 88' lang='lat' dir='ltr'><strong>menter</strong></span> <span class='ocrx_word' id='word_1_296' title='bbox 912 3248 1264 3319; x_wconf 77' lang='lat' dir='ltr'><strong>resalutat.</strong></span> <span class='ocrx_word' id='word_1_297' title='bbox 1320 3250 1573 3319; x_wconf 89' lang='lat' dir='ltr'><strong>Deinde</strong></span> <span class='ocrx_word' id='word_1_298' title='bbox 1625 3248 1895 3341; x_wconf 87' lang='lat' dir='ltr'><strong>placide</strong></span> <span class='ocrx_word' id='word_1_299' title='bbox 1935 3249 2322 3324; x_wconf 88' lang='lat' dir='ltr'><strong>sciscitatur</strong></span> <span class='ocrx_word' id='word_1_300' title='bbox 2366 3271 2448 3319; x_wconf 85' lang='lat' dir='ltr'><strong>ex</strong></span> <span class='ocrx_word' id='word_1_301' title='bbox 2485 3270 2587 3330; x_wconf 90' lang='lat' dir='ltr'><strong>e0,</strong></span> <span class='ocrx_word' id='word_1_302' title='bbox 2626 3248 2714 3318; x_wconf 92' lang='lat' dir='ltr'><strong>de</strong></span> <span class='ocrx_word' id='word_1_303' title='bbox 2760 3248 3002 3318; x_wconf 89' lang='lat' dir='ltr'><strong>labore</strong></span> <span class='ocrx_word' id='word_1_304' title='bbox 3035 3246 3136 3316; x_wconf 89' lang='lat' dir='ltr'><strong>iti·</strong></span> 
     </span>
     <span class='ocr_line' id='line_1_35' title="bbox 596 3336 3140 3428; baseline 0 -24"><span class='ocrx_word' id='word_1_305' title='bbox 596 3336 784 3406; x_wconf 87' lang='lat' dir='ltr'><strong>neris</strong></span> <span class='ocrx_word' id='word_1_306' title='bbox 818 3391 834 3418; x_wconf 95' lang='lat'><strong>,</strong></span> <span class='ocrx_word' id='word_1_307' title='bbox 901 3337 985 3407; x_wconf 90' lang='lat' dir='ltr'><strong>de</strong></span> <span class='ocrx_word' id='word_1_308' title='bbox 1037 3338 1301 3409; x_wconf 85' lang='lat' dir='ltr'><strong>Gotthis</strong></span> <span class='ocrx_word' id='word_1_309' title='bbox 1362 3338 1507 3410; x_wconf 90' lang='lat' dir='ltr'><strong>suis</strong></span> <span class='ocrx_word' id='word_1_310' title='bbox 1569 3350 1635 3409; x_wconf 87' lang='lat' dir='ltr'><strong>et</strong></span> <span class='ocrx_word' id='word_1_311' title='bbox 1694 3337 2225 3408; x_wconf 81' lang='lat' dir='ltr'><strong>ArelatensibuS.</strong></span> <span class='ocrx_word' id='word_1_312' title='bbox 2292 3344 2530 3408; x_wconf 87' lang='lat' dir='ltr'><strong>Postea</strong></span> <span class='ocrx_word' id='word_1_313' title='bbox 2579 3358 2862 3428; x_wconf 85' lang='lat' dir='ltr'><strong>egresso</strong></span> <span class='ocrx_word' id='word_1_314' title='bbox 2913 3348 3140 3407; x_wconf 90' lang='lat' dir='ltr'><strong>sancto</strong></span> 
     </span>
     <span class='ocr_line' id='line_1_36' title="bbox 590 3425 3143 3517; baseline -0.001 -22"><span class='ocrx_word' id='word_1_315' title='bbox 590 3425 946 3507; x_wconf 84' lang='lat' dir='ltr'><strong>Pontifice‚</strong></span> <span class='ocrx_word' id='word_1_316' title='bbox 986 3431 1124 3496; x_wconf 87' lang='lat' dir='ltr'><strong>Rex</strong></span> <span class='ocrx_word' id='word_1_317' title='bbox 1171 3426 1256 3496; x_wconf 92' lang='lat' dir='ltr'><strong>ad</strong></span> <span class='ocrx_word' id='word_1_318' title='bbox 1308 3448 1471 3498; x_wconf 90' lang='lat' dir='ltr'><strong>suos</strong></span> <span class='ocrx_word' id='word_1_319' title='bbox 1517 3427 1647 3496; x_wconf 85' lang='lat' dir='ltr'><strong>ait:</strong></span> <span class='ocrx_word' id='word_1_320' title='bbox 1700 3432 1844 3497; x_wconf 88' lang='lat' dir='ltr'><strong>Non</strong></span> <span class='ocrx_word' id='word_1_321' title='bbox 1882 3441 2117 3517; x_wconf 89' lang='lat' dir='ltr'><strong>parcat</strong></span> <span class='ocrx_word' id='word_1_322' title='bbox 2151 3427 2290 3496; x_wconf 89' lang='lat' dir='ltr'><strong>illis</strong></span> <span class='ocrx_word' id='word_1_323' title='bbox 2324 3432 2526 3508; x_wconf 76' lang='lat' dir='ltr'><strong>Deus,</strong></span> <span class='ocrx_word' id='word_1_324' title='bbox 2561 3427 2684 3514; x_wconf 90' lang='lat' dir='ltr'><strong>qui</strong></span> <span class='ocrx_word' id='word_1_325' title='bbox 2719 3439 2960 3497; x_wconf 84' lang='lat' dir='ltr'><strong>tantae</strong></span> <span class='ocrx_word' id='word_1_326' title='bbox 2997 3448 3143 3496; x_wconf 84' lang='lat' dir='ltr'><strong>san·</strong></span> 
     </span>
     <span class='ocr_line' id='line_1_37' title="bbox 600 3514 3144 3607; baseline -0 -23"><span class='ocrx_word' id='word_1_327' title='bbox 600 3514 855 3584; x_wconf 88' lang='lat' dir='ltr'><strong>ctitatis</strong></span> <span class='ocrx_word' id='word_1_328' title='bbox 899 3526 962 3583; x_wconf 91' lang='lat' dir='ltr'><strong>et</strong></span> <span class='ocrx_word' id='word_1_329' title='bbox 1018 3515 1450 3584; x_wconf 87' lang='lat' dir='ltr'><strong>innocentiae</strong></span> <span class='ocrx_word' id='word_1_330' title='bbox 1496 3516 1721 3585; x_wconf 85' lang='lat' dir='ltr'><strong>virum</strong></span> <span class='ocrx_word' id='word_1_331' title='bbox 1771 3516 2026 3586; x_wconf 85' lang='lat' dir='ltr'><strong>frustra</strong></span> <span class='ocrx_word' id='word_1_332' title='bbox 2071 3515 2559 3607; x_wconf 88' lang='lat' dir='ltr'><strong>compulerunt</strong></span> <span class='ocrx_word' id='word_1_333' title='bbox 2608 3528 2746 3586; x_wconf 90' lang='lat' dir='ltr'><strong>tam</strong></span> <span class='ocrx_word' id='word_1_334' title='bbox 2799 3515 3144 3606; x_wconf 78' lang='lat' dir='ltr'><strong>prolixum</strong></span> 
     </span>
     <span class='ocr_line' id='line_1_38' title="bbox 598 3601 3141 3688; baseline 0 -16"><span class='ocrx_word' id='word_1_335' title='bbox 598 3602 730 3672; x_wconf 90' lang='lat' dir='ltr'><strong>iter</strong></span> <span class='ocrx_word' id='word_1_336' title='bbox 774 3602 1135 3673; x_wconf 85' lang='lat' dir='ltr'><strong>conficere.</strong></span> <span class='ocrx_word' id='word_1_337' title='bbox 1189 3610 1503 3688; x_wconf 84' lang='lat' dir='ltr'><strong>Quantus</strong></span> <span class='ocrx_word' id='word_1_338' title='bbox 1550 3604 1735 3673; x_wconf 88' lang='lat' dir='ltr'><strong>enim</strong></span> <span class='ocrx_word' id='word_1_339' title='bbox 1788 3604 1904 3673; x_wconf 90' lang='lat' dir='ltr'><strong>ille</strong></span> <span class='ocrx_word' id='word_1_340' title='bbox 1953 3606 2060 3684; x_wconf 90' lang='lat' dir='ltr'><strong>sit,</strong></span> <span class='ocrx_word' id='word_1_341' title='bbox 2116 3604 2217 3674; x_wconf 85' lang='lat' dir='ltr'><strong>vel</strong></span> <span class='ocrx_word' id='word_1_342' title='bbox 2264 3604 2428 3673; x_wconf 89' lang='lat' dir='ltr'><strong>hinc</strong></span> <span class='ocrx_word' id='word_1_343' title='bbox 2469 3601 3141 3683; x_wconf 79' lang='lat' dir='ltr'><strong>licetanimadverti.</strong></span> 
     </span>
     <span class='ocr_line' id='line_1_39' title="bbox 596 3691 3143 3784; baseline 0.002 -23"><span class='ocrx_word' id='word_1_344' title='bbox 596 3691 779 3779; x_wconf 93' lang='lat' dir='ltr'><strong>quod</strong></span> <span class='ocrx_word' id='word_1_345' title='bbox 829 3713 988 3762; x_wconf 90' lang='lat' dir='ltr'><strong>cum</strong></span> <span class='ocrx_word' id='word_1_346' title='bbox 1048 3691 1135 3761; x_wconf 91' lang='lat' dir='ltr'><strong>ad</strong></span> <span class='ocrx_word' id='word_1_347' title='bbox 1205 3692 1647 3764; x_wconf 89' lang='lat' dir='ltr'><strong>salutandum</strong></span> <span class='ocrx_word' id='word_1_348' title='bbox 1719 3715 1825 3763; x_wconf 89' lang='lat' dir='ltr'><strong>me</strong></span> <span class='ocrx_word' id='word_1_349' title='bbox 1874 3692 2393 3784; x_wconf 86' lang='lat' dir='ltr'><strong>ingrederetur,</strong></span> <span class='ocrx_word' id='word_1_350' title='bbox 2459 3704 2640 3764; x_wconf 90' lang='lat' dir='ltr'><strong>totus</strong></span> <span class='ocrx_word' id='word_1_351' title='bbox 2701 3691 3143 3766; x_wconf 76' lang='lat' dir='ltr'><strong>contremui.</strong></span> 
     </span>
     <span class='ocr_line' id='line_1_40' title="bbox 596 3780 3150 3873; baseline 0 -24"><span class='ocrx_word' id='word_1_352' title='bbox 596 3780 875 3868; x_wconf 86' lang='lat' dir='ltr'><strong>vidique</strong></span> <span class='ocrx_word' id='word_1_353' title='bbox 903 3780 972 3849; x_wconf 89' lang='lat' dir='ltr'><strong>in</strong></span> <span class='ocrx_word' id='word_1_354' title='bbox 1023 3802 1102 3851; x_wconf 93' lang='lat' dir='ltr'><strong>eo</strong></span> <span class='ocrx_word' id='word_1_355' title='bbox 1140 3781 1541 3873; x_wconf 77' lang='lat' dir='ltr'><strong>Angelicutn</strong></span> <span class='ocrx_word' id='word_1_356' title='bbox 1594 3781 1888 3863; x_wconf 87' lang='lat' dir='ltr'><strong>vultum,</strong></span> <span class='ocrx_word' id='word_1_357' title='bbox 1944 3782 2088 3851; x_wconf 72' lang='lat' dir='ltr'><strong>vidi</strong></span> <span class='ocrx_word' id='word_1_358' title='bbox 2131 3782 2354 3853; x_wconf 88' lang='lat' dir='ltr'><strong>virum</strong></span> <span class='ocrx_word' id='word_1_359' title='bbox 2407 3780 2904 3873; x_wconf 76' lang='lat' dir='ltr'><strong>Apostolicum‚</strong></span> <span class='ocrx_word' id='word_1_360' title='bbox 2955 3803 3150 3872; x_wconf 87' lang='lat' dir='ltr'><strong>pror·</strong></span> 
     </span>
     <span class='ocr_line' id='line_1_41' title="bbox 597 3869 3148 3961; baseline 0 -22"><span class='ocrx_word' id='word_1_361' title='bbox 597 3891 856 3958; x_wconf 87' lang='lat' dir='ltr'><strong>susque</strong></span> <span class='ocrx_word' id='word_1_362' title='bbox 904 3870 1093 3940; x_wconf 87' lang='lat' dir='ltr'><strong>neias</strong></span> <span class='ocrx_word' id='word_1_363' title='bbox 1142 3886 1307 3960; x_wconf 90' lang='lat' dir='ltr'><strong>puto</strong></span> <span class='ocrx_word' id='word_1_364' title='bbox 1341 3870 1424 3940; x_wconf 90' lang='lat' dir='ltr'><strong>de</strong></span> <span class='ocrx_word' id='word_1_365' title='bbox 1475 3884 1610 3940; x_wconf 90' lang='lat' dir='ltr'><strong>tam</strong></span> <span class='ocrx_word' id='word_1_366' title='bbox 1665 3871 2042 3942; x_wconf 87' lang='lat' dir='ltr'><strong>venerabili</strong></span> <span class='ocrx_word' id='word_1_367' title='bbox 2091 3872 2235 3941; x_wconf 87' lang='lat' dir='ltr'><strong>viro</strong></span> <span class='ocrx_word' id='word_1_368' title='bbox 2283 3871 2651 3961; x_wconf 82' lang='lat' dir='ltr'><strong>quicquam</strong></span> <span class='ocrx_word' id='word_1_369' title='bbox 2702 3869 2966 3942; x_wconf 88' lang='lat' dir='ltr'><strong>durius</strong></span> <span class='ocrx_word' id='word_1_370' title='bbox 3016 3884 3148 3940; x_wconf 85' lang='lat' dir='ltr'><strong>sta·</strong></span> 
     </span>
     <span class='ocr_line' id='line_1_42' title="bbox 598 3958 3150 4051; baseline 0 -24"><span class='ocrx_word' id='word_1_371' title='bbox 598 3972 786 4029; x_wconf 90' lang='lat' dir='ltr'><strong>tuere</strong></span> <span class='ocrx_word' id='word_1_372' title='bbox 820 4014 835 4041; x_wconf 89' lang='lat'><strong>‚</strong></span> <span class='ocrx_word' id='word_1_373' title='bbox 889 3970 1010 4030; x_wconf 87' lang='lat' dir='ltr'><strong>aut</strong></span> <span class='ocrx_word' id='word_1_374' title='bbox 1061 3959 1236 4029; x_wconf 90' lang='lat' dir='ltr'><strong>male</strong></span> <span class='ocrx_word' id='word_1_375' title='bbox 1284 3960 1368 4030; x_wconf 92' lang='lat' dir='ltr'><strong>de</strong></span> <span class='ocrx_word' id='word_1_376' title='bbox 1413 3982 1492 4029; x_wconf 90' lang='lat' dir='ltr'><strong>eo</strong></span> <span class='ocrx_word' id='word_1_377' title='bbox 1542 3960 1819 4029; x_wconf 84' lang='lat' dir='ltr'><strong>sentire.</strong></span> <span class='ocrx_word' id='word_1_378' title='bbox 1874 3960 2129 4029; x_wconf 90' lang='lat' dir='ltr'><strong>Deinde</strong></span> <span class='ocrx_word' id='word_1_379' title='bbox 2193 3960 2393 4030; x_wconf 91' lang='lat' dir='ltr'><strong>beato</strong></span> <span class='ocrx_word' id='word_1_380' title='bbox 2449 3960 2592 4028; x_wconf 84' lang='lat' dir='ltr'><strong>viro</strong></span> <span class='ocrx_word' id='word_1_381' title='bbox 2649 3958 2719 4027; x_wconf 89' lang='lat' dir='ltr'><strong>in</strong></span> <span class='ocrx_word' id='word_1_382' title='bbox 2764 3959 3150 4051; x_wconf 83' lang='lat' dir='ltr'><strong>hospitium</strong></span> 
     </span>
     <span class='ocr_line' id='line_1_43' title="bbox 596 4046 3150 4150; baseline 0 -35"><span class='ocrx_word' id='word_1_383' title='bbox 596 4047 933 4148; x_wconf 79' lang='lat' dir='ltr'><strong>ingressu,</strong></span> <span class='ocrx_word' id='word_1_384' title='bbox 990 4048 1179 4118; x_wconf 87' lang='lat' dir='ltr'><strong>misit</strong></span> <span class='ocrx_word' id='word_1_385' title='bbox 1229 4049 1466 4139; x_wconf 86' lang='lat' dir='ltr'><strong>magni</strong></span> <span class='ocrx_word' id='word_1_386' title='bbox 1515 4048 1717 4138; x_wconf 88' lang='lat' dir='ltr'><strong>pretii</strong></span> <span class='ocrx_word' id='word_1_387' title='bbox 1764 4046 2034 4117; x_wconf 87' lang='lat' dir='ltr'><strong>discum</strong></span> <span class='ocrx_word' id='word_1_388' title='bbox 2084 4062 2487 4139; x_wconf 89' lang='lat' dir='ltr'><strong>argenteum</strong></span> <span class='ocrx_word' id='word_1_389' title='bbox 2521 4103 2538 4129; x_wconf 91' lang='lat'><strong>,</strong></span> <span class='ocrx_word' id='word_1_390' title='bbox 2590 4047 2941 4118; x_wconf 87' lang='lat' dir='ltr'><strong>librarum</strong></span> <span class='ocrx_word' id='word_1_391' title='bbox 2993 4049 3150 4150; x_wconf 83' lang='lat' dir='ltr'><strong>plus</strong></span> 
     </span>
     <span class='ocr_line' id='line_1_44' title="bbox 597 4135 3148 4227; baseline 0 -24"><span class='ocrx_word' id='word_1_392' title='bbox 597 4158 834 4206; x_wconf 83' lang='lat' dir='ltr'><strong>mlnus</strong></span> <span class='ocrx_word' id='word_1_393' title='bbox 882 4138 1281 4227; x_wconf 87' lang='lat' dir='ltr'><strong>sexaginta,</strong></span> <span class='ocrx_word' id='word_1_394' title='bbox 1334 4151 1400 4207; x_wconf 90' lang='lat' dir='ltr'><strong>et</strong></span> <span class='ocrx_word' id='word_1_395' title='bbox 1445 4160 1604 4207; x_wconf 89' lang='lat' dir='ltr'><strong>cum</strong></span> <span class='ocrx_word' id='word_1_396' title='bbox 1657 4158 1749 4207; x_wconf 88' lang='lat' dir='ltr'><strong>eo·</strong></span> <span class='ocrx_word' id='word_1_397' title='bbox 1784 4135 2040 4207; x_wconf 89' lang='lat' dir='ltr'><strong>solidos</strong></span> <span class='ocrx_word' id='word_1_398' title='bbox 2089 4150 2448 4218; x_wconf 80' lang='lat' dir='ltr'><strong>trecentOS,</strong></span> <span class='ocrx_word' id='word_1_399' title='bbox 2493 4136 2849 4227; x_wconf 89' lang='lat' dir='ltr'><strong>jussitque</strong></span> <span class='ocrx_word' id='word_1_400' title='bbox 2898 4136 3014 4207; x_wconf 76' lang='lat' dir='ltr'><strong>illi</strong></span> <span class='ocrx_word' id='word_1_401' title='bbox 3061 4135 3148 4206; x_wconf 86' lang='lat' dir='ltr'><strong>sic</strong></span> 
     </span>
     <span class='ocr_line' id='line_1_45' title="bbox 595 4224 3149 4317; baseline -0.001 -23"><span class='ocrx_word' id='word_1_402' title='bbox 595 4224 784 4294; x_wconf 80' lang='lat' dir='ltr'><strong>dici:</strong></span> <span class='ocrx_word' id='word_1_403' title='bbox 837 4226 1082 4315; x_wconf 81' lang='lat' dir='ltr'><strong>Accipe</strong></span> <span class='ocrx_word' id='word_1_404' title='bbox 1145 4239 1376 4295; x_wconf 89' lang='lat' dir='ltr'><strong>sancte</strong></span> <span class='ocrx_word' id='word_1_405' title='bbox 1438 4226 1816 4316; x_wconf 88' lang='lat' dir='ltr'><strong>Episcope:</strong></span> <span class='ocrx_word' id='word_1_406' title='bbox 1871 4238 2200 4317; x_wconf 87' lang='lat' dir='ltr'><strong>rogatque</strong></span> <span class='ocrx_word' id='word_1_407' title='bbox 2252 4239 2313 4295; x_wconf 92' lang='lat' dir='ltr'><strong>te</strong></span> <span class='ocrx_word' id='word_1_408' title='bbox 2377 4226 2564 4295; x_wconf 85' lang='lat' dir='ltr'><strong>filius</strong></span> <span class='ocrx_word' id='word_1_409' title='bbox 2615 4238 2780 4296; x_wconf 90' lang='lat' dir='ltr'><strong>tuus</strong></span> <span class='ocrx_word' id='word_1_410' title='bbox 2830 4230 2969 4296; x_wconf 82' lang='lat' dir='ltr'><strong>Rex</strong></span> <span class='ocrx_word' id='word_1_411' title='bbox 3013 4281 3032 4307; x_wconf 85' lang='lat'><strong>,</strong></span> <span class='ocrx_word' id='word_1_412' title='bbox 3084 4236 3149 4293; x_wconf 88' lang='lat' dir='ltr'><strong>ut</strong></span> 
     </span>
     <span class='ocr_line' id='line_1_46' title="bbox 594 4312 3152 4405; baseline 0.001 -26"><span class='ocrx_word' id='word_1_413' title='bbox 594 4313 953 4383; x_wconf 82' lang='lat' dir='ltr'><strong>vasculum</strong></span> <span class='ocrx_word' id='word_1_414' title='bbox 1026 4314 1209 4383; x_wconf 89' lang='lat' dir='ltr'><strong>istud</strong></span> <span class='ocrx_word' id='word_1_415' title='bbox 1275 4337 1397 4405; x_wconf 86' lang='lat' dir='ltr'><strong>pro</strong></span> <span class='ocrx_word' id='word_1_416' title='bbox 1465 4336 1751 4385; x_wconf 89' lang='lat' dir='ltr'><strong>munere</strong></span> <span class='ocrx_word' id='word_1_417' title='bbox 1816 4328 1931 4384; x_wconf 90' lang='lat' dir='ltr'><strong>tua</strong></span> <span class='ocrx_word' id='word_1_418' title='bbox 1996 4314 2345 4384; x_wconf 89' lang='lat' dir='ltr'><strong>beatitudo</strong></span> <span class='ocrx_word' id='word_1_419' title='bbox 2410 4315 2735 4404; x_wconf 88' lang='lat' dir='ltr'><strong>dignetur</strong></span> <span class='ocrx_word' id='word_1_420' title='bbox 2796 4315 2948 4384; x_wconf 87' lang='lat' dir='ltr'><strong>suis</strong></span> <span class='ocrx_word' id='word_1_421' title='bbox 3012 4312 3152 4383; x_wconf 88' lang='lat' dir='ltr'><strong>usi·</strong></span> 
     </span>
     <span class='ocr_line' id='line_1_47' title="bbox 597 4400 3153 4494; baseline 0 -25"><span class='ocrx_word' id='word_1_422' title='bbox 597 4400 731 4471; x_wconf 89' lang='lat' dir='ltr'><strong>bus</strong></span> <span class='ocrx_word' id='word_1_423' title='bbox 783 4424 903 4492; x_wconf 91' lang='lat' dir='ltr'><strong>pro</strong></span> <span class='ocrx_word' id='word_1_424' title='bbox 953 4402 1177 4492; x_wconf 91' lang='lat' dir='ltr'><strong>ipsius</strong></span> <span class='ocrx_word' id='word_1_425' title='bbox 1227 4404 1555 4473; x_wconf 83' lang='lat' dir='ltr'><strong>memoria</strong></span> <span class='ocrx_word' id='word_1_426' title='bbox 1622 4425 1986 4474; x_wconf 81' lang='lat' dir='ltr'><strong>reservare.</strong></span> <span class='ocrx_word' id='word_1_427' title='bbox 2039 4408 2113 4474; x_wconf 82' lang='lat' dir='ltr'><strong>At</strong></span> <span class='ocrx_word' id='word_1_428' title='bbox 2172 4403 2275 4473; x_wconf 86' lang='lat' dir='ltr'><strong>vir</strong></span> <span class='ocrx_word' id='word_1_429' title='bbox 2323 4417 2648 4489; x_wconf 78' lang='lat' dir='ltr'><strong>sanctuS‚</strong></span> <span class='ocrx_word' id='word_1_430' title='bbox 2701 4403 2823 4491; x_wconf 88' lang='lat' dir='ltr'><strong>qui</strong></span> <span class='ocrx_word' id='word_1_431' title='bbox 2882 4417 3153 4494; x_wconf 82' lang='lat' dir='ltr'><strong>praeter</strong></span> 
     </span>
    </p>
   </div>
  </div>
 </body>
</html>
