3308 5004
243 334 434 401 AUG.
490 335 578 400 28
1113 352 1193 400 ns
1240 352 1299 401 s.
1347 349 1618 401 summo
1667 353 1958 402 manu
2582 338 2711 426 703

241 436 544 517 veniam,
600 448 875 506 nostrae
911 436 1343 527 contagionis
1395 435 1758 519 medelam,
1797 437 2120 508 cellulam
2162 439 2440 529 expetiit
2475 440 2800 529 martyris

243 525 555 617 gloriosi.
609 531 799 595 Tunc
855 524 995 607 ille,
1042 526 1163 612 qui
1221 527 1684 613 sequebatur,
1732 547 1891 595 cum
1937 526 2008 595 in
2061 527 2334 598 assultu
2372 528 2587 618 gladii
2636 550 2795 599 eum

243 637 382 685 non
447 614 782 705 potuisset
850 614 1296 704 contingere,
1367 628 1432 686 et
1493 614 1608 685 hic
1671 637 1883 704 super
1927 636 2002 685 se
2057 617 2311 687 ostium
2378 631 2793 701 reserasset,

240 717 447 791 atque
495 703 614 772 ille
651 717 925 793 arrepto
959 715 1249 790 utroque
1284 717 1474 794 poste
1513 703 1767 774 ostium
1804 716 2170 775 conaretur
2200 704 2601 796 infringere,
2641 706 2800 777 ilico

242 794 684 864 inhaerentes
736 815 984 863 manus
1033 792 1313 874 tabulis,
1349 793 1584 863 dolore
1619 793 1837 863 nimio
1874 793 2305 880 quatiuntur,
2359 807 2424 864 et
2465 807 2648 864 tanta
2697 795 2798 865 af·

243 883 548 952 flictione
591 880 801 951 miser
833 892 1210 968 torquetur,
1257 894 1333 952 ut
1374 882 1670 952 ubertim
1722 882 2093 971 lacrymae,
2131 883 2359 971 qualis
2391 896 2568 954 esset
2599 882 2798 960 dolor

248 972 687 1049 intrinsecus,
732 971 1165 1040 nunciarent.
1210 975 1476 1041 Interea
1506 983 1825 1059 stupente
1875 971 2103 1064 vulgo,
2146 971 2461 1042 inclusus
2493 972 2615 1059 qui
2657 972 2802 1042 fue-

247 1073 373 1140 rat,
421 1057 862 1149 progreditur
909 1058 1128 1128 liber:
1186 1072 1501 1149 parentes
1533 1082 1809 1148 quoque
1846 1058 2060 1143 iuius,
2114 1063 2232 1149 qui
2285 1062 2530 1130 virtute
2577 1061 2799 1132 sancti

246 1149 692 1228 retinebatur,
723 1160 1215 1248 cognoscentes
1243 1149 1569 1240 martyris
1598 1149 2052 1239 sepulturam,
2083 1149 2344 1220 devotis
2376 1148 2612 1219 multis
2648 1172 2801 1220 mu-

245 1236 534 1308 neribus
566 1259 690 1326 pro
732 1236 875 1306 filio
912 1236 1306 1308 exorabant.
1874 1304 1882 1313 ,
2768 1300 2777 1312 ,

336 1329 373 1414 ξ
425 1332 578 1398 ss).
633 1330 910 1395 Factum
965 1339 1066 1397 est
1123 1338 1352 1396 autem
1403 1325 1572 1395 dum
1634 1327 1803 1396 haec
1850 1338 2217 1417 agerentur
2250 1380 2265 1407 ‚
2319 1339 2398 1395 ut
2450 1326 2800 1415 presbyter

244 1415 529 1503 quidam
566 1415 672 1483 via
706 1412 826 1482 illa
860 1413 1327 1485 descenderet.
1360 1416 1490 1498 Qui
1525 1437 1683 1486 cum
1717 1415 2075 1486 didicisset
2104 1437 2281 1502 quae
2314 1429 2463 1484 acta
2495 1414 2789 1497 fuerant,
2861 1461 2878 1482 .

242 1503 610 1594 pollicetur
641 1503 1073 1594 parentibuS,
1118 1503 1178 1573 si
1215 1526 1255 1572 a
1297 1503 1680 1593 gentilitate
1726 1504 2204 1586 discederent,
2258 1504 2480 1573 filium
2536 1505 2799 1595 recipe-

244 1606 398 1663 rent
428 1614 701 1663 sanum.
749 1597 904 1681 lpse
952 1615 1227 1681 quoque
1260 1593 1581 1663 sacerdos
1631 1593 1944 1681 sequenti
1993 1607 2189 1663 nocte
2238 1593 2425 1662 videt
2461 1615 2582 1683 per
2611 1615 2800 1663 som-

242 1682 437 1751 nium
474 1680 850 1753 simulacra
887 1680 1029 1761 illa,
1062 1704 1242 1769 quae
1272 1704 1313 1751 a
1346 1681 1723 1772 gentilibus
1756 1682 2186 1763 colebantur,
2234 1682 2524 1751 numine
2562 1681 2798 1751 divino

243 1770 684 1852 comminui,
737 1782 943 1857 atque
991 1771 1060 1839 in
1162 1769 1462 1840 ulverem
1517 1770 1789 1842 redacta
1825 1825 1842 1853 ,
1910 1772 2055 1841 solo
2175 1770 2488 1841 rosterni.
2542 1776 2800 1854 Quarta

242 1873 473 1930 autem
534 1858 645 1928 die
692 1882 851 1954 cum
914 1860 1099 1949 genti
1136 1860 1265 1929 itas
1310 1858 1513 1929 vellet
1561 1860 1806 1931 iterum
1860 1859 1997 1929 diis
2042 1794 2168 1929 exii

245 1960 556 2018 moestus
606 1949 961 2037 presbyter
1008 1948 1093 2017 ad
1132 1947 1527 2038 sepulcrum
1586 1949 1804 2018 sancti
1847 1949 2329 2037 prosternitur,
2374 1961 2439 2017 et
2486 1970 2646 2018 cum
2701 1948 2799 2017 la·-

245 2036 509 2125 crymis
540 2050 793 2117 exorat,
846 2049 923 2105 ut
958 2038 1228 2106 tandem
1291 2037 1740 2127 gentilitatem
1788 2040 1990 2119 lianc,
2025 2060 2229 2125 ,quae
2279 2037 2656 2128 jacebatin
2704 2052 2799 2107 te-

253 2124 539 2207 nebris,
593 2125 922 2216 splendor
982 2126 1256 2195 divinae
1322 2128 1664 2216 potentiae
1728 2127 2077 2206 visitaret,
2135 2149 2261 2196 nec
2319 2126 2569 2195 sineret
2617 2125 2798 2196 ultra

249 2226 515 2304 martyr
560 2212 804 2286 beatus
851 2212 1176 2284 alumnos
1224 2215 1540 2306 proprios
1588 2217 1717 2285 ista
1766 2216 2064 2305 caligine
2111 2214 2427 2293 detineri,
2472 2236 2628 2283 cum
2683 2214 2799 2285 ille

251 2316 623 2393 perpetuae
670 2302 1002 2372 claritatis
1051 2303 1306 2394 gaudia
1356 2303 1757 2396 possideret.
1812 2303 2176 2374 Confestim
2229 2302 2508 2392 adejus
2546 2305 2798 2374 oratio-

250 2414 405 2461 nem
456 2404 979 2462 commoventur
1028 2393 1329 2462 tonitrua
1356 2434 1385 2470 ‚·
1427 2392 1744 2462 renident
1790 2392 2067 2483 fulgura
2100 2446 2116 2470 ,
2169 2390 2528 2461 descendit
2577 2392 2799 2461 imber

244 2481 404 2573 igne
434 2481 716 2562 mixtuS,
769 2493 835 2551 et
882 2480 1223 2571 grandine
1271 2482 1641 2553 turbantur
1688 2480 1944 2549 omnia.
2000 2480 2359 2551 Concurrit
2408 2478 2660 2569 vulgus
2708 2481 2792 2551 ad

240 2570 592 2653 cellulam,
648 2570 1108 2661 prosternitur
1154 2593 1384 2641 coram
1439 2569 1790 2640 sacerdote
1837 2571 2066 2639 omnis
2096 2583 2358 2639 caterva
2396 2570 2789 2659 gentilium,

237 2674 304 2729 et
354 2661 565 2730 mixto
625 2682 785 2729 cum
839 2658 1167 2749 lacrymis
1214 2659 1537 2738 ululatu,
1604 2658 1837 2727 cuncti
1906 2657 2174 2728 Domini
2243 2657 2789 2729 misericordiam

237 2748 749 2837 deprecantur,
819 2747 1368 2837 pollicenturque
1417 2746 1806 2827 sacerdoti,
1882 2747 1941 2817 si
1996 2746 2261 2838 grando
2311 2746 2675 2828 recederet,
2729 2761 2795 2817 et

239 2850 609 2925 martyrem
656 2850 1022 2925 patronum
1054 2848 1469 2927 expeterent,
1527 2849 1592 2906 et
1639 2834 1722 2905 ad
1781 2841 1993 2905 Deum
2026 2835 2223 2924 ejus,
2271 2835 2526 2906 relictis
2575 2836 2794 2907 simu-

236 2923 584 2995 lacrorum
628 2924 956 3005 cultibus,
1009 2925 1273 3015 integro
1321 2925 1527 2994 corde
1576 2926 1971 2995 transirent.
2026 2930 2232 2994 Porro
2283 2923 2397 2994 ille
2446 2923 2599 2994 fusa
2642 2947 2794 2994 ora-

239 3013 448 3094 tione,
484 3027 734 3083 cuncta
765 3036 944 3101 quae
977 3015 1193 3104 petiit,
1224 3015 1474 3084 meruit
1503 3015 1837 3085 obtinere.
1869 3013 2249 3084 Recedente
2275 3025 2500 3083 autem
2538 3026 2664 3083 tem
2677 3036 2790 3103 pe-

99 3110 119 3129 ·
238 3114 432 3179 state,
470 3124 643 3192 puer
674 3124 833 3173 cum
872 3103 1275 3193 parentibus
1298 3102 1611 3185 credens,
1652 3104 1802 3193 ipsa
1829 3103 1941 3172 die
1966 3125 2006 3172 a
2036 3101 2397 3172 doloribus
2427 3101 2785 3172 liberatur:

237 3188 531 3282 gentiles
565 3192 634 3260 in
677 3192 1028 3264 Trinitatis
1078 3192 1355 3262 nomine
1409 3192 1734 3283 baptizati
1766 3247 1782 3273 ,
1844 3205 2106 3263 statuas
2165 3213 2340 3278 quas
2388 3190 2787 3272 coluerant,

235 3278 772 3370 confringentes,
808 3281 876 3349 in
921 3280 1149 3351 lacum
1190 3281 1336 3351 vico
1367 3282 1557 3351 amni
1613 3303 1697 3351 ue
1735 3281 2125 3372 proximum
2181 3281 2643 3371 projecerunt,
2690 3282 2788 3351 Ab

236 3390 317 3439 eo
363 3368 548 3437 enim
602 3381 907 3458 tempore
943 3370 1014 3438 in
1053 3369 1199 3441 loco
1233 3369 1375 3452 ill0,
1414 3382 1480 3441 et
1509 3371 1555 3439 fi
1607 3392 1681 3441 es
1729 3366 2078 3440 Catholica
2109 3384 2177 3439 et
2205 3369 2531 3459 martyris
2566 3369 2783 3439 virtus

236 3469 341 3530 est
371 3456 677 3547 amplius
709 3457 1077 3529 declarata.

323 3548 362 3634 §
408 3552 544 3621 11.
596 3545 821 3631 Hujus
867 3545 1252 3618 festivitatis
1300 3559 1574 3635 tempus
1623 3547 1954 3637 ignorans
2004 3545 2199 3637 plebs
2234 3600 2250 3629 ,
2305 3560 2562 3617 moesta
2617 3568 2782 3636 pen·

234 3634 465 3717 debat,
520 3634 836 3706 nesciens
874 3635 1084 3717 diem,
1139 3635 1209 3705 in
1241 3658 1380 3723 quo
1430 3648 1693 3726 martyr
1733 3637 1973 3706 beatus
2022 3635 2300 3705 deberet
2341 3657 2464 3727 pro
2504 3636 2786 3707 virtutis

232 3746 314 3793 ac
346 3723 691 3815 passionis
737 3722 959 3814 gloria
1006 3722 1354 3796 honorari.
1394 3731 1472 3796 Et
1501 3724 1672 3796 haec
1698 3725 2089 3816 ignorantia
2129 3746 2353 3813 usque
2385 3724 2470 3793 ad
2504 3725 2782 3795 beatum

234 3811 1323 3884 Germanum-Antisiodorensem
1373 3814 1746 3885 antistitem
1797 3825 1900 3884 est
1951 3826 2312 3904 protracta.
2368 3817 2647 3882 Factum
2684 3825 2788 3883 est

233 3915 465 3972 autem
498 3956 515 3983 ,
568 3914 645 3973 ut
689 3901 1080 3973 antedictus
1127 3902 1430 3973 Pontifex
1474 3903 1742 3973 Brivate
1788 3902 2187 3972 adveniret:
2254 3902 2787 3988 sciscitatusque

234 3991 324 4060 ab
372 3989 617 4063 incolis
647 4047 663 4075 ,
715 4012 854 4078 quo
915 4004 1221 4082 tempore
1275 3991 1491 4084 hujus
1537 4014 1733 4063 sacra
1785 3990 2343 4075 celebrarentur,
2396 4013 2469 4062 se
2517 3990 2786 4061 nescire

235 4080 678 4169 respondent.
731 4085 923 4151 Tunc
954 4078 1122 4150 ille:
1174 4084 1465 4152 Oremus
1494 4135 1511 4163 ,
1566 4080 1793 4169 inquit
1824 4136 1841 4163 ,
1893 4093 1960 4152 et
2007 4080 2316 4152 fortassis
2363 4080 2564 4151 nobis
2613 4081 2783 4150 haec

236 4168 512 4238 Domini
561 4170 862 4259 potentia
910 4168 1260 4240 revelabit.
1312 4169 1505 4253 Quod
1552 4193 1713 4241 cum
1764 4169 2110 4253 fecissent,
2164 4191 2367 4240 mane
2411 4181 2585 4251 orto,
2620 4190 2786 4239 con-

232 4256 491 4329 vocatis
540 4258 931 4331 senioribus
980 4256 1137 4340 loci,
1190 4259 1307 4341 ait,
1349 4260 1595 4347 quinto
1643 4258 1984 4330 Kalendas
2037 4259 2296 4329 mensis
2345 4279 2418 4330 se
2472 4258 2620 4328 timi
2668 4279 2785 4328 ce-

229 4345 639 4419 lebrandam
704 4370 856 4422 esse
907 4347 1436 4420 solemnitatem.
1487 4352 1583 4419 Ex
1630 4348 1761 4419 hoc
1807 4370 1996 4419 nunc
2026 4346 2313 4419 devotus
2359 4369 2396 4418 a
2455 4346 2777 4427 veniens,

2182 1860 2364 1930 ibere
2412 1859 2791 1941 libamina,
2887 1903 2890 1910 ‹
