3308 5004
688 288 816 355 728
1211 304 1278 351 nv
1325 301 1519 351 rtsro
1566 301 1904 351 naconmr.
1960 304 2017 351 s.
2069 302 2295 352 somn.
2346 303 2528 350 narr.
2831 283 3052 351 ΑΗΕ.
3099 284 3171 349 29

598 390 736 459 nisi
771 388 1113 480 pugillum
1167 385 1454 467 farinae,
1491 386 1613 474 qui
1652 387 1761 456 vix
1809 388 1872 458 ei
1922 400 1988 459 et
2033 388 2184 477 ejus
2234 386 2376 457 filio
2427 385 2825 475 sufficiebat
2874 386 2985 473 in,
3017 397 3173 455 tem·

598 499 762 570 pore
814 476 1111 566 prandii.
1165 480 1244 546 Et
1280 475 1445 563 quid
1495 476 1557 544 ei
1587 475 1808 546 dicit?
1858 482 2063 546 Sume
2096 475 2272 546 mihi
2307 498 2548 566 parum
2585 497 2813 563 aquae
2858 476 2940 544 in
3000 495 3169 555 vase,

597 579 665 636 et
711 566 972 637 bibam.
1027 570 1195 636 Cum
1243 585 1324 634 ea
1372 577 1600 634 autem
1646 563 1794 645 iret,
1848 563 2171 635 clamavit
2205 578 2357 654 post
2402 587 2601 634 eam:
2656 569 2934 635 Sumes
2976 565 3170 632 etiam

594 655 767 726 mihi
803 657 1098 725 frustum
1145 654 1347 744 panis
1374 653 1443 721 in
1480 674 1694 722 manu
1726 665 1866 723 tua.
1929 652 2057 723 Illa
2105 668 2360 736 autem,
2416 652 2597 740 quod
2659 674 2801 723 non
2872 652 3174 722 habebat

594 743 876 831 quidem
917 742 1139 812 dixit:
1191 742 1373 830 quod
1426 762 1583 811 vero
1631 740 1922 822 habuit,
1974 754 2075 812 est
2122 741 2471 812 confessa:
2527 742 2697 810 Vivit
2752 743 3164 821 DominuS,

595 833 657 903 si
704 846 808 903 est
850 832 1021 903 mihi
1058 833 1285 922 panis,
1331 829 1821 931 nisipugillus
1857 829 2144 913 farinae,
2178 843 2245 900 et
2284 853 2527 921 parum
2560 830 2693 901 olei
2729 829 2807 899 in
2861 830 3164 920 lecytho.

595 920 985 992 Mirandum
1024 934 1151 999 est,
1181 918 1365 1007 quod
1405 918 1472 987 in
1512 918 1630 987 tall
1672 920 1985 990 ciborum
2024 920 2281 1011 inopia,
2322 941 2457 988 non
2491 919 2761 1010 negavit
2801 941 2967 1000 eaS,
3006 942 3168 1007 quae

597 1009 661 1079 ei
695 1009 1005 1091 aderant,
1061 1008 1393 1097 reliquias
1426 1008 1873 1097 paupertatis.
1918 1014 2135 1092 Quam
2193 1007 2394 1079 multi
2449 1030 2677 1089 nunc,
2723 1010 2863 1095 qui
2924 1031 3164 1077 aurum

603 1098 864 1170 habent
912 1111 977 1168 et
1024 1120 1102 1167 ar
1151 1112 1415 1177 entum‚
1471 1097 1528 1168 si
1580 1109 1930 1187 rogentur,
1972 1109 2274 1169 renuunt
2319 1096 2562 1166 amicis
2607 1097 3080 1168 benefacere:
3114 1110 3166 1164 et

567 1187 661 1262 si
701 1188 905 1257 etiam
937 1121 1295 1258 blanditiis
1325 1184 1774 1267 deliniantur,
1804 1185 2204 1257 inficiantur
2242 1208 2313 1256 se
2345 1185 2622 1257 habere.
2658 1191 2904 1269 Quam
2946 1185 3157 1263 multi,

600 1277 720 1363 qui
765 1276 822 1346 si
858 1276 1163 1367 rogando
1213 1275 1446 1346 inflexi
1486 1274 1744 1344 fuerint
1774 1275 1861 1343 ad
1895 1274 2231 1355 dandum,
2268 1274 2650 1344 conficiunt
2697 1275 2963 1345 literas
3004 1275 3159 1344 ferro

605 1364 1064 1435 valentiores:
1117 1377 1182 1433 et
1217 1386 1530 1445 manum,
1583 1384 1761 1450 quae
1808 1364 2123 1454 suscipit,
2175 1362 2464 1453 alligant
2504 1363 2908 1445 schedulis,
2976 1364 3159 1433 satis-

611 1452 885 1523 datores
931 1465 997 1522 et
1035 1452 1477 1539 fidejussores
1524 1452 1679 1521 auri
1726 1452 2171 1540 requirentes.
2225 1451 2349 1521 Illa
2383 1466 2608 1523 autern
2646 1475 2793 1522 una
2846 1475 3019 1522 voce
3052 1475 3155 1543 pu·

597 1541 847 1631 gillurn
885 1541 1146 1611 farinae
1183 1563 1316 1610 non
1362 1540 1651 1629 negavit.

689 1632 727 1718 ξ
776 1635 870 1702 9.
926 1630 1198 1717 Etoquid
1240 1630 1303 1699 ei
1364 1628 1531 1698 dicit
1572 1629 1961 1720 propheta?
2007 1631 2299 1710 Festina,
2351 1643 2420 1700 et
2471 1629 2579 1699 fac
2628 1629 2807 1699 mihi
2854 1630 3147 1720 primum

596 1741 845 1809 panem
891 1718 1484 1790 subcinericium:
1539 1731 1885 1809 postremo
1918 1733 2154 1788 autem.
2182 1718 2329 1799 tibi,
2375 1731 2442 1789 et
2489 1719 2632 1789 filio
2664 1732 2815 1798 tuo.
2860 1718 3147 1789 Tentatio

598 1820 747 1878 erat
793 1808 1077 1877 verbum
1130 1806 1525 1897 prophetae,
1583 1807 1892 1896 probatio
1947 1808 2221 1888 cordis,
2280 1808 2694 1878 examinatio
2748 1808 3136 1878 voluntatis.

599 1900 757 1966 Erat
805 1910 1037 1966 autem
1077 1918 1195 1966 cor
1249 1894 1441 1964 illius
1481 1897 1716 1965 beatae
1802 1895 2267 1967 nodammodo
2309 1898 2606 1986 positum
2653 1897 2728 1965 in
2772 1898 3060 1975 trutina,
3088 1908 3137 1963 et

601 1984 897 2056 dubium
949 2006 1248 2072 quonam
1302 1997 1653 2073 vergeret:
1707 1918 1795 2054 ad
1844 1985 1971 2054 filii
2023 2008 2108 2055 ne
2146 1985 2252 2055 sui
2296 1983 2883 2067 benevolentiam,
2938 2007 3022 2054 an
3066 1981 3135 2052 ad

595 2073 1132 2163 hospitalitatem
1169 2095 1332 2163 erga
1369 2073 1799 2173 prophetam.
1853 2073 1981 2144 Illa
2015 2096 2170 2144 vero
2207 2073 2412 2163 elegit
2453 2074 2682 2164 potius
2724 2096 2807 2144 se
2834 2088 2903 2144 et
2936 2074 3131 2143 filium

598 2161 943 2232 adducere
992 2163 1063 2232 in
1110 2174 1495 2251 angustiaS,
1537 2184 1747 2249 quam
1795 2162 2198 2253 prophetam
2251 2185 2385 2232 non
2444 2163 2834 2252 suscipere.
2891 2162 3125 2232 Sciebat

594 2251 806 2331 enim,
845 2251 1024 2338 quod
1062 2252 1186 2342 qui
1207 2253 1487 2340 suscipit
1514 2251 1913 2341 prophetam
1963 2254 2035 2320 in
2061 2254 2324 2322 nomine
2344 2253 2746 2343 prophetae,
2789 2252 3118 2322 mercedem

592 2341 962 2431 prophetae
993 2341 1297 2431 accipiet.
1342 2344 1424 2409 Et
1470 2342 1593 2430 qui
1636 2341 1754 2409 dat
1793 2344 2117 2432 poculum
2170 2364 2388 2432 aquae
2462 2341 2733 2430 riqidae
2778 2344 2847 2410 in
2890 2341 3115 2408 nomime

595 2430 940 2587 discffuli,
978 2452 1108 2498 non
1127 2429 1368 2521 perdet
1414 2430 1781 2499 mercedem
1833 2452 2030 2499 suam
2066 2430 2341 2520 (Mattlz.
2379 2452 2417 2498 x
2455 2484 2471 2498 .
2525 2428 2702 2512 Quid
2744 2442 2849 2498 est
2886 2440 3090 2501 autem,

647 2539 735 2586 uo
843 2517 1013 2588 dixit
1061 2517 1447 2608 Propheta:
1505 2519 1829 2588 Festina?
1876 2520 2146 2589 Adeone
2192 2519 2559 2598 esuriebat,
2613 2530 2694 2588 ut
2750 2540 2900 2608 opus
2934 2523 3081 2582 esset

625 2606 1089 2676 estinatione?
1134 2612 1276 2676 Non
1329 2607 1639 2676 omnino,
1695 2606 1821 2677 Sed
1876 2608 2074 2677 tacite
2121 2607 2557 2698 significabat
2614 2603 3087 2698 beneficentiam

594 2693 908 2765 hilariter
953 2707 1018 2764 et
1052 2709 1449 2784 spontanee,
1501 2708 1567 2764 et
1609 2718 1741 2765 non
1778 2718 1936 2765 cum
1990 2695 2223 2766 dolore
2269 2710 2334 2765 et
2381 2695 2791 2767 necessitate
2828 2691 3101 2782 impendt

594 2784 866 2854 debere.
908 2787 1218 2854 Hilarem
1249 2787 1424 2854 enim
1455 2785 1757 2854 datorem
1805 2786 2036 2876 dz‘liqit
2066 2791 2238 2855 Deus
2267 2785 2364 2874 (2.
2411 2789 2557 2856 Cor.
2594 2785 2717 2874 ιι).
2760 2783 3027 2860 Festina,
3054 2789 3110 2848 et

596 2872 703 2943 fac
755 2873 1059 2962 primum
1096 2873 1292 2954 mihi,
1345 2872 1695 2960 quomodo
1741 2874 2084 2944 Abraham
2137 2875 2205 2942 in
2256 2874 2556 2944 adventu
2600 2874 3009 2963 Angelorum
3039 2867 3111 2937 ie-

598 2961 875 3031 stinavit
900 2961 984 3030 ad
1015 2960 1244 3042 boveS,
1288 2975 1353 3031 et
1388 2961 1541 3030 tulit
1572 2961 1862 3031 vitulum
1893 2976 1968 3031 ut
1992 2963 2331 3052 acciperet
2363 2985 2650 3052 agnum.
2690 2968 2776 3032 Et
2808 2956 3111 3050 quomodo

595 3054 760 3120 Sara
794 3049 1139 3120 festinavit
1171 3049 1252 3119 ad
1294 3072 1510 3140 panes
1538 3051 2062 3124 subcinericios
2100 3063 2177 3121 ut
2209 3052 2550 3141 acciperet
2577 3074 2866 3141 panem,
2901 3050 3014 3137 qui
3036 3059 3116 3115 est

591 3137 904 3208 occultus
948 3139 1014 3207 in
1051 3139 1284 3208 coelis.
1337 3139 1606 3208 Festina
1656 3152 1722 3208 et
1757 3138 1888 3219 sac,
1950 3140 2130 3209 sicut
2167 3140 2535 3219 Abraham,
2592 3145 2723 3209 Deo
2779 3136 3117 3210 sacrificia.

593 3229 736 3294 Non
790 3228 986 3314 prius
1035 3227 1180 3300 tibi.
1229 3239 1294 3297 et
1341 3239 1507 3297 tunc
1558 3227 1754 3308 mihi,
1807 3228 1987 3298 sicut
2035 3229 2241 3310 Cain,
2292 3242 2358 3299 et
2406 3228 2629 3319 Ophni
2680 3240 2748 3298 et
2810 3231 3122 3303 Phinees.

592 3312 719 3383 filii
770 3314 873 3383 Eli
926 3316 1345 3398 sacerdotis,
1398 3316 1519 3402 qui
1571 3320 1783 3386 Deum
1834 3317 2409 3399 contemnebant,
2466 3316 2672 3408 primi
2721 3318 3129 3406 accipientes

593 3403 939 3493 primitias
972 3402 1311 3474 donorum
1347 3426 1523 3492 quae
1566 3409 1700 3474 Deo
1729 3406 2215 3476 offerebantur.
2271 3412 2460 3477 Tunc
2509 3406 2657 3496 ipsa
2708 3406 3006 3493 quidem
3056 3403 3139 3474 {e-

591 3492 928 3562 stinanter
959 3491 1114 3562 fecit
1163 3492 1344 3580 quod
1389 3492 1585 3579 jussa
1623 3493 1889 3563 fuerat:
1944 3494 2067 3564 Ille
2114 3506 2342 3568 autom
2392 3517 2549 3566 cum
2602 3493 2807 3564 illurn
2868 3495 3138 3565 divitem

586 3580 967 3682 accepisset
1003 3604 1250 3671 panem
1292 3581 1863 3665 subcinericium,
1915 3597 1980 3653 et
2027 3584 2349 3673 gustavit,
2388 3596 2452 3653 et
2483 3583 2637 3671 ejus
2676 3582 2983 3655 domum
3023 3582 3141 3652 im-

593 3669 803 3760 plevtt
850 3670 1074 3740 bonis.
1127 3677 1270 3743 Non
1321 3670 1591 3740 deficiet
1638 3672 1851 3752 enim,
1904 3673 2155 3759 inquit,
2212 3671 2522 3762 pugillus
2576 3671 2846 3742 farinae
2894 3697 2983 3744 ex
3029 3672 3143 3761 hy·

592 3758 767 3840 dria,
820 3771 886 3828 et
931 3758 1158 3828 oleum
1208 3782 1286 3828 ex
1330 3758 1621 3848 lecytho,
1661 3759 1879 3829 donec
1910 3761 2176 3831 dederit
2205 3761 2538 3831 Dominus
2589 3760 2907 3851 pluviam
2949 3781 3148 3852 super

575 3858 865 3923 terram.
918 3852 1142 3930 Quare
1171 3851 1525 3935 eousque?
1564 3852 1933 3938 Oportebat
1979 3851 2192 3930 enim,
2245 3873 2404 3920 cum
2461 3871 2633 3918 nova
2660 3850 2892 3937 gratia
2932 3850 3149 3922 venis-

590 3949 713 4016 set,
747 3948 1100 4024 tamquam
1140 3936 1395 4025 pluvia,
1444 3949 1733 4005 veterem
1770 3936 1988 4029 legem
2030 3939 2238 4007 finem
2292 3938 2627 4029 accipere.
2664 3937 2871 4007 Vides
2898 3960 3150 4026 quem-

591 4023 968 4095 admodum
1019 4024 1289 4096 fructus
1321 4025 1811 4117 hospitalitatis
1855 4026 2285 4116 perceperint
2333 4026 2550 4097 bonae
2602 4024 3003 4098 mulieres?
3034 4032 3152 4097 Bo-

591 4135 838 4183 norum
889 4114 1075 4184 enim
1128 4113 1441 4185 laborum
1493 4127 1657 4185 sunt
1704 4115 1989 4205 gloriosi
2027 4115 2338 4187 fructus:
2382 4128 2447 4186 et
2497 4137 2629 4185 non
2684 4127 2913 4206 potest
2964 4115 3152 4188 radix

589 4201 900 4271 excidere
1000 4202 1381 4273 rudentiae.
2582 4206 2589 4212 ’

676 4291 712 4376 ξ
743 4294 901 4362 10.
995 4289 1334 4373 udivistiS,
1377 4290 1725 4368 mulieres,
1769 4291 2109 4363 malarum
2142 4292 2512 4363 mulierum
2550 4293 2886 4374 actioneS,
2923 4306 2999 4364 et
3034 4294 3153 4366 bo—

591 4396 840 4448 narum
873 4379 1183 4452 virtutes.
1219 4379 1384 4450 Illas
1407 4402 1571 4471 ergo
1608 4381 1765 4452 odio
1794 4381 2056 4463 habete,
2096 4381 2220 4452 has
2261 4403 2417 4451 vero
2440 4380 2752 4471 diligite:
2795 4395 2881 4456 ut
2900 4404 3148 4454 earum
