3308 5004
714 355 803 421 92
1288 383 1299 398 ·
1411 372 1491 420 nn
1538 372 1592 421 s.
1649 371 1972 420 summo
2019 370 2181 418 um
2227 370 2418 418 ιΑιιτ.
2883 351 3055 419 AUG.
3096 352 3140 418 2

626 467 730 527 est
763 455 821 526 ⁴.
875 459 966 526 Ex
1014 455 1154 526 hoc
1196 467 1499 547 tempore
1542 456 1741 527 multi
1774 468 2148 547 coeperunt
2200 455 2285 524 ad
2331 453 2541 547 pedes
2590 454 2766 526 beati
2814 453 3138 525 Pontificis

628 545 955 636 Stephani
989 567 1063 615 se
1143 558 1540 626 rosternere,
1574 559 1640 614 et
1672 567 1832 616 cum
1864 545 2192 633 lacrymis
2230 544 2662 635 baptismum
2689 544 2775 614 ab
2799 564 2878 613 eo
2908 556 3137 634 petere.

628 633 758 703 Illo
799 634 1026 721 itaque
1114 633 1198 714 ie,
1235 655 1371 721 quo
1412 634 1669 704 Lucilla
1697 634 2038 725 baptizata
2068 647 2193 713 est,
2245 654 2469 702 mares
2508 645 2574 700 et
2607 630 2940 701 foeminae
2965 653 3144 701 sexa-

627 721 962 814 gintaduo
990 722 1310 814 baptizati
1339 736 1524 793 sunt.
1565 723 1674 793 Sic
1707 723 1941 813 igitur,
1986 722 2219 791 divina
2261 722 2480 812 gratia
2513 732 2581 791 et
2611 742 2740 811 ope
2771 719 3140 810 adjuvante,

629 810 829 880 multi
869 811 992 881 viri
1028 816 1239 882 Deum
1291 824 1674 881 metuentes
1718 834 1795 881 ex
1847 812 2193 902 gentibus,
2247 811 2523 880 beatum
2575 809 2968 879 Pontificem
3017 812 3148 878 Ste-

632 900 938 1001 phanum
989 900 1332 979 adierunt‚
1383 902 1577 970 utab
1612 900 1732 969 illo
1771 901 2017 970 Christi
2076 900 2497 989 baptismum
2550 898 2961 988 acciperent.
3014 902 3148 965 Mox

631 987 745 1057 ille
793 989 1276 1060 sanctissimus
1313 988 1639 1070 Pontifex,
1687 990 1986 1078 Spiritus
2032 989 2260 1059 Sancti
2309 987 2533 1078 gratia
2582 986 2892 1068 refertuS,
2944 985 3154 1074 coepit

629 1076 1169 1148 Christianorum
1202 1077 1714 1147 multitudinem
1752 1078 1818 1146 in
1852 1099 2068 1148 unum
2099 1077 2326 1146 locum
2357 1097 2760 1158 convocare,
2799 1074 3154 1162 divinaque

626 1164 853 1235 officia
885 1167 1275 1237 celebrabat
1306 1167 1374 1234 in
1412 1180 1791 1256 martyrum
1825 1166 2156 1246 latibulis,
2193 1187 2370 1253 quae
2397 1164 2656 1254 criptae
2687 1163 3149 1255 appellantur:

627 1276 765 1342 quo
805 1268 1109 1345 tempore
1147 1255 1534 1324 Nemesium
1581 1266 1840 1345 patrem
1891 1254 2192 1324 Lucillae
2230 1253 2575 1324 ordinavit
2614 1255 3013 1323 Diaconum.

717 1346 753 1431 ξ
800 1349 888 1416 5.
942 1343 1323 1434 Impietatis
1365 1365 1519 1412 vero
1558 1354 1924 1414 sectatores
1971 1344 2255 1430 quidam
2303 1365 2460 1412 cum
2509 1342 2675 1412 haec
2711 1341 3147 1419 audivissent,

625 1433 914 1522 insuper
967 1444 1031 1500 et
1077 1433 1465 1503 Nemesium
1517 1433 1898 1501 Tribunum
1939 1455 2098 1501 cum
2155 1445 2286 1500 tota
2335 1430 2598 1500 familia
2657 1430 2912 1501 Christi
2963 1428 3156 1498 fidem

628 1520 917 1603 sectari,
971 1520 1452 1610 baptismoque
1507 1535 1571 1590 et
1619 1520 1776 1590 fidei
1826 1520 2091 1589 lumine
2146 1520 2511 1609 adjutum,
2567 1520 2978 1590 caecitatem
3033 1517 3161 1607 pri-

626 1608 880 1678 stinam
932 1609 1306 1695 abjecisse,
1374 1631 1515 1679 rem
1566 1609 1961 1679 detulerunt
2020 1608 2104 1678 ad
2159 1608 2597 1678 Glabrionem
2663 1622 2734 1678 et
2796 1606 3157 1677 Maximum

629 1697 981 1779 Consules,
1021 1697 1336 1769 homines
1366 1698 1627 1768 scilicet
1667 1697 2037 1787 impietatis
2069 1695 2265 1766 valde
2304 1696 2680 1766 studiosos.
2720 1702 2918 1766 Tunc
2950 1693 3050 1764 illi
3088 1692 3167 1762 de

626 1809 702 1856 ea
745 1808 816 1855 re
853 1786 1345 1867 consultantes,
1385 1799 1902 1878 praeceperunt,
1943 1799 2017 1855 ut
2049 1807 2488 1873 quocumque
2521 1786 2588 1853 in
2629 1785 2784 1855 loco
2819 1783 3167 1856 Nemesius

629 1875 973 1945 Diaconus
1020 1875 1311 1944 inveniri
1366 1889 1630 1959 posset,
1688 1876 1972 1945 omnino
2013 1874 2448 1966 gravissimis
2493 1874 2870 1964 suppliciis
2918 1871 3167 1962 afflige-

628 1977 838 2034 retur.
893 1969 1059 2033 Cum
1099 1974 1326 2034 autem
1377 1965 1731 2034 Nemesius
1772 1964 1917 2052 ipse
1963 1963 2262 2050 quodam
2314 1962 2429 2032 die
2479 1984 2598 2053 per
2649 1964 2835 2033 viam
2890 1961 3170 2052 Appiam

627 2052 758 2122 iter
806 2051 1098 2133 faceret,
1158 2066 1223 2122 et
1275 2065 1452 2122 esset
1501 2075 1712 2143 prope
1761 2052 1991 2121 Martis
2045 2051 2377 2140 templum
2414 2105 2429 2133 ,
2483 2065 2548 2120 et
2596 2051 3048 2121 Valerianum
3095 2068 3172 2117 ac

628 2140 998 2210 Maximum
1049 2140 1302 2231 impios
1349 2141 1665 2212 homines
1714 2141 2013 2219 videret,
2065 2141 2189 2227 qui
2253 2152 2327 2208 ut
2384 2153 2584 2210 antea
2641 2149 3166 2236 consueverant,

626 2228 1023 2299 foedissima
1054 2229 1507 2299 daemonibus
1538 2230 1876 2300 sacrificia
1902 2229 2300 2310 offerebant,
2330 2228 2421 2298 ita
2460 2232 2665 2297 lteum
2704 2229 2726 2298 i
2786 2251 2946 2299 sum
2990 2228 3177 2296 flens

626 2318 920 2409 genibus
967 2318 1232 2387 oravit:
1287 2320 1569 2388 Domine
1618 2324 1804 2389 Deus.
1827 2332 2091 2387 creator
2127 2318 2302 2388 coeli
2329 2332 2395 2387 et
2425 2328 2667 2397 terrae,
2766 2317 2989 2408 issipa
3019 2335 3177 2386 con-

629 2406 787 2477 silia
833 2418 897 2477 et
948 2407 1348 2490 machinas,
1401 2407 1659 2495 quibus
1706 2407 2026 2478 diabolus
2077 2407 2420 2476 humanas
2478 2420 2746 2476 mentes
2848 2404 3168 2476 ervertit:

629 2495 891 2587 dissipa
943 2518 1081 2580 eas,
1142 2518 1419 2584 quaes0,
1477 2519 1598 2588 per
1645 2519 1891 2567 nomen
1946 2496 2213 2567 Domini
2269 2497 2475 2565 nostri
2525 2500 2696 2566 Jesu
2748 2500 2794 2567 C
2857 2495 3007 2566 risti
3059 2490 3180 2592 filit

630 2587 753 2666 tui,
805 2607 1007 2673 quem
1062 2585 1310 2656 misisti
1346 2587 1415 2655 in
1452 2586 1638 2656 hunc
1692 2586 2056 2655 mundum.
2111 2590 2391 2654 Contere
2439 2598 2784 2668 satanam,
2827 2598 2910 2655 ut
2950 2584 3178 2653 misert

625 2686 692 2745 et
728 2673 1035 2743 infelices
1084 2674 1194 2744 isti
1242 2676 1331 2746 ab
1376 2675 1529 2765 eJus
1577 2675 1864 2776 laqueis,
1917 2675 2174 2761 quibus
2224 2672 2459 2742 irretiti
2513 2686 2702 2755 sunt,
2761 2675 3177 2765 eripiantur,

626 2785 705 2831 ac
756 2763 1101 2832 humanis·
1135 2764 1459 2834 manibus
1506 2762 1837 2833 fabricata
1872 2761 2247 2832 simulacra
2294 2761 2867 2849 derelinquentes
2898 2818 2915 2843 ,
2972 2782 3184 2854 agno-

626 2862 822 2921 scant
871 2863 932 2919 te
980 2851 1292 2922 omnium
1338 2873 1564 2921 rerum
1616 2866 2015 2932 creatorem,
2075 2856 2281 2919 Deum
2333 2863 2400 2919 et
2435 2855 2704 2920 Patrem
2742 2852 3191 2942 omnipoten-

626 2951 787 3019 tem,
825 2951 891 3009 et
928 2939 1214 3009 unicum
1251 2939 1497 3010 Filium
1536 2951 1731 3010 tuum
1775 2939 2138 3009 Dominum
2170 2938 2402 3008 lesum
2447 2939 2833 3011 Christum.
2868 2941 3001 3010 Illa
3044 2940 3191 3030 ipsa

624 3026 794 3096 hora
860 3027 1120 3117 impius
1168 3029 1505 3098 Maximus
1551 3051 1585 3097 a
1638 3029 1974 3098 daemone
2021 3040 2404 3117 correptus,
2441 3050 2601 3098 voce
2652 3051 2928 3120 magna
2970 3027 3194 3119 coepit

627 3115 968 3185 clamare:
1023 3117 1383 3187 Nemesius
1428 3139 1614 3186 nunc
1654 3116 1877 3186 sactus
1930 3115 2556 3195 Christianu5,‘me
2613 3117 2967 3188 incendit.
3025 3122 3192 3187 Ecce

626 3203 820 3273 illius
875 3203 1092 3274 oratio
1156 3225 1266 3273 me
1317 3205 1601 3274 cruciat.
1657 3211 1748 3293 Ex
1811 3203 1929 3273 illa
1988 3204 2200 3294 igitur
2248 3205 2415 3274 hora
2464 3206 2731 3295 egressi
2783 3229 2827 3276 e
2879 3205 3189 3298 templo,

617 3292 983 3380 jusserunt
1020 3293 1407 3363 Nemesium
1450 3293 1767 3363 detineri.
1819 3297 1984 3363 Cum
2022 3315 2177 3362 vero
2216 3293 2334 3379 qui
2375 3315 2530 3361 eum
2578 3306 2992 3377 tenuerant,
3053 3316 3199 3364 ver-

626 3381 910 3452 beribus
962 3380 1336 3471 pulsarent,
1395 3394 1668 3471 repente
1703 3382 2037 3452 Maximus
2071 3381 2318 3451 Consul
2355 3380 2610 3450 efflavit
2652 3384 3019 3455 animam.

725 3478 762 3551 ἓ
812 3474 907 3540 θ.
960 3473 1195 3556 Itaque
1242 3470 1597 3540 Nemesius
1637 3470 1864 3540 statim
1917 3470 2169 3539 ductus
2214 3483 2315 3539 est
2345 3469 2430 3539 ad
2474 3470 2932 3541 Valerianum
2976 3474 3049 3542 in
3088 3493 3204 3562 pa·

641 3558 885 3628 latium
917 3612 933 3639 ,
984 3558 1163 3646 quod
1237 3557 1500 3628 Claudii
1550 3559 1832 3628 nomine
1887 3557 2296 3647 appellatur.
2364 3563 2579 3641 Quem
2630 3558 2735 3629 sic
2788 3561 3061 3633 affatus
3105 3571 3208 3632 est

625 3646 1076 3718 Valerianus:
1131 3651 1208 3716 Et
1254 3647 1539 3717 ubinam
1587 3661 1712 3732 est,
1766 3668 1806 3716 o
1854 3646 2148 3728 Nemesi,
2202 3646 2566 3737 prudentia
2617 3646 2737 3716 illa
2775 3663 2935 3732 tua,
2982 3672 3201 3739 quam

630 3757 906 3826 semper
950 3736 1020 3805 in
1075 3749 1137 3806 te
1196 3736 1640 3827 cognovimus
1681 3791 1696 3819 ,
1769 3749 1911 3806 tum
1972 3736 2040 3804 in
2101 3736 2408 3806 consiliis
2469 3736 2855 3821 ineundiS,
2924 3754 3081 3811 tum
3134 3736 3207 3808 in

626 3824 836 3896 rebus
882 3823 1207 3915 gerendis
1239 3824 1710 3895 firmissimam
1742 3828 1774 3893 ‘l
1821 3829 1915 3894 An
1959 3824 2363 3914 ignoramus
2401 3847 2547 3905 noS,
2589 3825 2767 3912 quid
2810 3831 3207 3919 optimum,

670 3914 877 3984 uidve
935 3913 1312 4004 pessimum
1365 3913 1494 3992 sit,
1547 3914 1807 4004 quippe
1854 3914 1974 4000 qui
2025 3935 2160 3983 non
2222 3912 2414 3983 aliud
2477 3926 2539 3982 te
2595 3912 3089 3988 adhortamur
3136 3928 3217 3986 ut

653 4003 884 4083 aciaS,
940 4001 1072 4072 nisi
1122 4001 1303 4089 quod
1357 4001 1719 4071 utilitatem
1774 4001 1895 4071 tibi
1950 4002 2193 4071 affirm
2240 4002 2498 4091 possit,
2553 4016 2628 4072 ut
2675 4004 2978 4077 scilicet
3028 4029 3218 4094 quae

624 4113 781 4160 vera
831 4103 992 4162 sunt
1040 4088 1487 4192 amplectens,
1542 4091 1707 4160 deos
1756 4091 1943 4179 ipsos
1995 4113 2127 4161 non
2177 4089 2478 4169 deseras,
2531 4111 2705 4177 quos
2757 4097 2977 4164 omni
3035 4110 3221 4165 tem-

623 4200 790 4269 pore
834 4200 875 4248 a
922 4179 1219 4271 pueritia
1250 4178 1524 4250 coluisti
1571 4193 1640 4249 et
1686 4192 2050 4249 veneratus
2095 4181 2225 4248 es?
2271 4177 2364 4247 Ad
2417 4180 2583 4248 haec
2624 4183 3019 4256 Nemesius
3057 4185 3224 4255 Dia·

623 4289 874 4337 conus:
914 4273 1128 4359 «Ego,
1170 4268 1417 4356 inquit,
1449 4268 1988 4339 scelestissimus
2010 4267 2355 4337 veritatem
2390 4266 2610 4358 ipsam
2636 4268 3221 4359 dereliqueram,

627 4368 694 4427 et
741 4356 1152 4446 sanguinem
1204 4356 1638 4427 innocentem
1706 4356 2083 4427 effuderam
2117 4411 2132 4437 ,
2184 4370 2251 4425 et
2296 4354 2380 4424 ad
2433 4356 2562 4426 hoc
2617 4378 2864 4443 usque
2931 4375 3230 4455 tempus

673 4483 697 4506 ⁶
725 4482 979 4524 Reme-luo
988 4488 1038 4525 et
1064 4483 1250 4524 Luctu-
1262 4481 1647 4527 momormturin
1667 4483 1909 4533 lun-tyrol.
1928 4494 2047 4526 xxxi
2067 4482 2168 4524 Oct.
