3308 5004
636 330 766 394 270
1457 345 1535 392 nr:
1584 345 1639 392 s.
1695 344 1895 394 cuna
1943 345 2199 393 vmcmss
2769 326 2958 395 AUG.
3016 328 3103 392 ⁴9.

629 435 667 520 ξ
713 438 791 504 1.
843 428 1285 500 Admirabilis
1333 428 1657 510 foemina,
1712 428 1905 501 Clara
1955 429 2290 500 vocabulo
2337 442 2402 499 et
2450 430 2695 499 virtute
2725 484 2741 511 ,
2793 429 2880 498 de
2926 429 3103 499 civi-

546 534 681 591 tate
717 519 956 591 Assisii
986 517 1171 588 claro
1202 517 1367 589 satis
1401 540 1652 609 genere
1683 520 1883 589 traxit
1911 519 2278 611 originem.
2324 523 2523 589 Beato
2556 539 2852 605 namque
2884 523 3104 587 Fran-

542 610 726 681 cisco
772 609 1080 711 primum
1121 605 1252 676 fuit
1304 606 1609 677 concivis
1647 607 1719 676 in
1774 609 1997 689 terri5‚
2046 605 2482 699 conregnans
2531 606 2968 698 postmodum
3022 607 3102 676 in

540 697 848 769 excelms.
902 702 1097 766 Pater
1142 696 1297 766 e’us
1346 696 1570 776 miles,
1626 708 1695 766 et
1742 707 1878 767 tota
1912 710 2204 785 utroque
2240 709 2520 788 parente
2563 695 2926 786 progenies
2960 695 3101 765 mi-

540 787 780 857 litaris.
838 791 1093 855 Domus
1139 807 1179 855 a
1232 784 1529 866 undanS,
1569 798 1634 855 et
1665 786 1987 873 copiosae
2021 787 2223 876 juxta
2270 806 2529 855 morem
2565 785 2826 875 patriae
2873 784 3104 854 facul-

541 889 730 946 tates.
771 880 980 946 Mater
1022 873 1176 961 ejus
1212 875 1491 944 nomine
1522 873 1926 955 Hortulana,
1961 874 2382 945 fructiferam
2417 875 2488 944 in
2524 874 2721 944 horto
2751 873 3101 944 Ecclesiae

537 963 922 1055 plantulam
963 964 1294 1052 paritura,
1333 961 1678 1033 fructibus
1708 962 1909 1036 bonis
1941 977 2006 1033 et
2044 964 2197 1054 ipsa
2229 985 2365 1033 non
2400 962 2836 1033 mediocriter
2862 963 3098 1032 abun-

538 1053 768 1123 dabat.
820 1058 989 1123 Nam
1040 1051 1359 1139 quamvis
1409 1051 1707 1122 maritali
1749 1052 1923 1143 jugo
1962 1053 2262 1133 subdita,
2300 1052 2621 1139 quamvis
2660 1052 2848 1122 curis
2889 1050 3097 1120 sami·

537 1141 828 1212 liaribus
875 1140 1180 1231 alligata,
1215 1138 1498 1210 vacabat
1545 1153 1772 1210 tamen
1813 1163 1936 1231 pro
1984 1163 2184 1232 posse
2213 1141 2470 1211 divinis
2501 1141 2880 1228 obsequiiS,
2921 1140 3102 1209 insi·

538 1232 758 1303 stebat
782 1230 1110 1319 operibus
1145 1228 1436 1319 pietatis.
1475 1229 1662 1299 Ultra
1689 1252 1875 1301 mare
1906 1229 2248 1318 siquidem
2283 1253 2445 1300 cum
2480 1228 3091 1320 peregrinantibus

537 1320 777 1389 devota
813 1317 1148 1397 transivit,
1204 1328 1269 1386 et
1311 1317 1461 1388 loca
1509 1318 1626 1387 illa
1669 1318 2123 1409 perlustranS,
2179 1340 2355 1406 quae
2394 1323 2572 1389 Deus
2616 1320 2820 1388 homo
2867 1319 3095 1388 sacris

533 1407 841 1564 vestigii?
888 1417 1427 1489 consecraverat,
1483 1407 1761 1477 tandem
1809 1430 1968 1478 cum
2004 1408 2260 1497 gaudio
2289 1407 2637 1477 remeavit.
2677 1412 2845 1477 Item
2887 1407 2975 1476 ad
3012 1412 3084 1477 S.

536 1497 797 1567 Michae
828 1517 932 1564 em
967 1495 1469 1596 Archangelum
1520 1499 1734 1566 causa
1781 1496 2109 1567 orationis
2141 1496 2453 1577 accessit,
2492 1508 2556 1566 et
2602 1495 3087 1586 Apostolorum

536 1586 782 1655 limina
807 1584 1119 1655 devotius
1145 1584 1462 1655 visitavit.
1503 1585 1680 1670 Quid
1716 1585 1961 1676 plura?
1992 1591 2084 1655 Ex
2117 1584 2347 1656 fructu
2376 1585 2582 1655 arbor
2610 1585 3084 1686 cognoscitur,

535 1686 601 1744 et
649 1672 917 1744 fructus
971 1694 1051 1742 ex
1105 1675 1350 1744 arbore
1396 1673 1948 1745 commendatur.
2019 1673 2395 1744 Praecessit
2461 1674 2531 1742 in
2583 1673 2813 1743 radice
2859 1673 3088 1743 divini

536 1763 736 1853 copia
769 1762 1099 1842 muneriS,
1133 1774 1212 1832 ut
1243 1762 1314 1831 in
1343 1763 1744 1834 ramusculo
1770 1765 2173 1851 sequeretur
2210 1762 2640 1833 abundantia
2673 1762 3089 1832 sanctitatis,

536 1851 784 1922 Mulier
819 1850 1119 1938 denique
1150 1853 1377 1941 partui
1416 1852 1563 1942 jam
1622 1852 1870 1931 vicina,
1924 1874 2086 1922 cum
2136 1865 2294 1922 ante
2325 1874 2599 1921 crucem
2660 1851 2729 1920 in
2782 1850 3094 1921 Ecclesia

537 1940 952 2011 Crucifixum
1012 1951 1263 2010 attente
1309 1952 1556 2020 oraret,
1614 1954 1690 2011 ut
1737 1963 1887 2010 eam
1938 1941 2024 2010 de
2073 1955 2314 2031 partus
2363 1939 2670 2031 periculo
2719 1939 3097 2010 salubriter

534 2027 907 2118 expediret,
963 2049 1194 2098 vocem
1244 2028 1509 2098 audivit
1554 2028 1896 2100 dicentem
1947 2029 2128 2099 sibi:
2182 2036 2273 2101 Ne
2314 2052 2559 2120 paveas
2593 2029 2874 2099 mulier:
2914 2029 3088 2115 quia

534 2116 886 2276 quoddam
936 2115 1169 2187 lumen
1222 2116 1409 2188 salva
1453 2119 1841 2207 parturies,
1913 2118 2096 2206 quod
2149 2118 2380 2209 ipsum
2434 2117 2773 2188 mundum
2824 2117 3092 2188 clarius

534 2205 934 2277 ilustrabit.
989 2209 1135 2289 Quo
1184 2206 1422 2276 edocta
1468 2206 1790 2288 oracu10‚
1854 2221 2085 2277 natam
2137 2206 2553 2277 infantulam
2609 2227 2807 2276 sacro
2856 2207 3089 2296 bapti·

535 2307 754 2367 smate
802 2306 1273 2365 renascentem
1305 2350 1320 2376 ‚
1375 2295 1642 2365 Claram
1693 2297 1921 2366 vocari
1964 2296 2209 2386 jussit,
2263 2317 2551 2387 sperans
2601 2295 2926 2396 promissi
2978 2294 3089 2364 lu-

536 2384 747 2455 minis
773 2382 1155 2454 claritatem
1188 2407 1311 2474 pro
1343 2384 1619 2465 divinae
1654 2384 2086 2476 beneplacito
2118 2386 2492 2456 voluntatis
2525 2383 2918 2471 aliqualiter
2944 2382 3091 2453 fore

533 2471 1046 2564 complendam.

618 2566 656 2651 ξ
707 2568 794 2634 ².
849 2562 1043 2632 Edita
1095 2584 1251 2632 mox
1297 2562 1366 2631 in
1425 2562 1647 2633 lucem
1701 2562 1986 2652 parvula
2036 2563 2229 2633 Clara
2261 2619 2276 2645 ‚
2331 2563 2732 2652 tempestive
2792 2562 2960 2631 satis
3010 2561 3083 2630 in

529 2653 781 2722 umbra
833 2651 1051 2721 seculi
1098 2673 1218 2721 coe
1272 2651 1324 2721 it
1373 2651 1634 2722 clarere
1683 2663 1919 2722 sancto
1970 2652 2276 2730 lumine,
2330 2665 2536 2739 atque
2583 2651 2763 2720 intra
2812 2663 3088 2720 teneros

534 2762 755 2809 annos
805 2761 1079 2810 morum
1132 2762 1210 2830 sp
1242 2739 1495 2810 endere
1542 2752 1780 2811 sancta
1834 2740 2192 2830 probitate.
2249 2739 2462 2810 Docili
2511 2739 2716 2809 corde
2771 2739 3083 2829 primum

529 2851 608 2899 ex
641 2829 883 2899 matris
917 2850 1032 2898 ore
1065 2828 1228 2898 fidei
1255 2827 1651 2899 rudimenta
1686 2829 2011 2918 suscepit,
2042 2841 2108 2899 et
2135 2830 2387 2920 spiritu
2417 2828 2711 2898 interius
2736 2830 3085 2898 conflante

534 2917 791 3008 pariter
828 2928 892 2986 et
950 2916 1291 2986 formante
1322 2971 1337 2997 ‚
1391 2939 1510 2987 vas
1564 2939 1799 2987 revera
1845 2918 2305 3007 purissimum
2338 2972 2354 2998 ,
2408 2939 2526 2986 vas
2582 2917 2884 2987 innotuit
2932 2939 3086 2986 esse

530 3005 937 3096 gratiarum.
984 3005 1399 3075 Extendebat
1429 3018 1667 3077 sancta
1714 3005 1909 3076 Clara
1948 3005 2238 3076 libenter
2270 3005 2355 3074 ad
2401 3028 2739 3097 pauperes
2788 3027 3081 3075 manum

532 3115 758 3174 suam,
810 3105 874 3163 et
921 3092 1006 3162 de
1053 3093 1482 3164 abundantia
1522 3094 1773 3164 domus
1808 3116 1975 3164 suae
2005 3095 2375 3185 supplebat
2422 3095 2692 3183 inopias
2744 3093 3080 3184 plurimo-

534 3203 718 3250 rum.
772 3186 852 3251 Et
896 3194 973 3251 ut
1020 3203 1226 3252 suum
1277 3182 1696 3253 sacrificium
1746 3183 2012 3273 gratius
2061 3197 2238 3255 esset
2290 3188 2442 3266 De0,
2499 3183 2777 3275 proprio
2824 3205 3082 3273 corpu-

532 3268 726 3340 sculo
786 3269 1078 3340 delicata
1143 3270 1590 3342 subtrahebat
1652 3271 1950 3352 cibaria,
2022 3271 2341 3360 clamque
2404 3295 2526 3362 per
2604 3271 3081 3342 internuncios

533 3357 856 3459 mittens,
932 3358 1282 3430 reficiebat
1341 3360 1599 3430 viscera
1672 3360 2124 3452 pupillorum.
2179 3363 2287 3432 Sic
2342 3362 2430 3431 ab
2493 3360 2780 3431 infantia
2838 3382 3081 3430 secum

531 3459 973 3517 miseratione
1020 3459 1390 3529 crescente,
1435 3460 1733 3519 mentem
1766 3450 2269 3540 compassivam
2309 3450 2588 3541 gerebat
2628 3450 3072 3520 miserorum.

532 3539 820 3606 Sanctae
878 3535 1209 3606 orationis
1271 3536 1578 3608 studium
1631 3538 1930 3609 habebat
1978 3539 2334 3610 amicum:
2387 3551 2452 3609 et
2497 3540 2662 3627 quia
2716 3537 3082 3628 signacula

529 3646 667 3695 non
719 3624 1015 3695 habebat
1047 3680 1062 3706 ‚
1116 3646 1415 3713 quorum
1464 3625 1850 3697 evolutione
1911 3627 2167 3699 diceret
2218 3628 2572 3699 Orationes
2633 3627 3026 3698 Dominicas
3058 3681 3074 3707 ,

527 3714 847 3805 congerie
876 3713 1274 3806 lapillorum
1309 3737 1474 3787 suas
1505 3716 1979 3787 oratiunculas
2031 3717 2316 3787 Domino
2364 3716 2909 3787 annumerabat:
2956 3715 3082 3785 ubi

524 3825 687 3895 ergo
736 3804 954 3874 sancti
1003 3803 1261 3874 amoris
1326 3804 1644 3876 stimulos
1708 3806 2032 3895 primitus
2087 3807 2341 3878 sentire
2402 3806 2674 3895 coepit,
2738 3803 3083 3874 mundani

525 3892 716 3963 floris
757 3893 1099 3983 picturam
1152 3893 1545 3964 instabilem
1577 3893 1850 3984 judicat
1877 3894 2479 3976 contemnendam,
2516 3906 2582 3964 et
2622 3893 2909 3995 spiritus
2943 3914 3081 3962 un-

523 3981 747 4051 ctione
795 3980 1184 4073 praedocta,
1237 3982 1492 4054 vilibus
1544 3984 1754 4054 rebus
1804 3983 2101 4075 pretium
2161 3985 2254 4054 im
2310 4004 2516 4054 onere
2571 3982 2876 4054 vilitatis.
2930 3983 3077 4051 Sub

525 4070 828 4141 vestibus
877 4090 1179 4159 namque
1242 4071 1559 4161 pretiosis
1613 4094 1694 4142 ac
1758 4072 2125 4155 mollibuS,
2188 4073 2252 4143 ci
2284 4071 2565 4143 iclolum
2628 4072 2906 4162 gerebat
2953 4069 3080 4140 ab-

525 4158 950 4242 sconditum,
1005 4159 1271 4231 mundo
1318 4161 1618 4233 exterius
1665 4162 1952 4244 florens,
2011 4161 2352 4232 Christum
2406 4159 2696 4231 interius
2744 4159 3073 4230 induens.

522 4247 828 4334 Denique
876 4250 1024 4320 suis
1080 4271 1234 4319 eam
1285 4249 1608 4320 nobiliter
1660 4251 1981 4320 maritare
2027 4249 2443 4331 volentibuS,
2504 4249 2904 4319 nullatenus
2958 4269 3079 4317 ac-

520 4334 828 4423 quievit:
879 4337 996 4409 sed
1046 4337 1487 4409 dissimulato
1535 4339 1608 4407 in
1661 4350 2012 4428 posterum
2064 4339 2338 4409 mortali
2376 4339 2726 4429 conjugio,
2785 4336 3076 4428 virgini-

522 4434 725 4494 tatem
778 4446 976 4494 suam
1010 4427 1300 4497 Domino
1349 4428 1809 4517 promittebat.
1852 4427 2039 4498 Talia
2086 4426 2367 4499 fuerunt
2399 4428 2469 4497 in
2507 4427 2713 4498 domo
2763 4438 3078 4496 materna
