3308 5004
707 313 844 381 ⁴⁴4
1628 329 1708 376 nn
1754 328 1813 376 s.
1863 322 2170 376 nomtco
2887 308 3068 377 Ano.
3108 311 3145 377 t

617 415 1043 489 Christianae
1078 413 1241 484 fidei
1281 412 1544 484 veritati
1588 411 2026 505 praeclarum
2074 408 2406 481 reddebat
2447 410 2952 483 testimonium.
3011 418 3149 485 Stu-

614 506 871 597 pebant
914 525 1195 575 omnes:
1249 503 1681 573 laetabantur
1731 501 1849 592 pii,
1905 500 2105 592 impii
2153 499 2361 570 corde
2407 502 3078 592 compungebantur.

700 598 738 684 ξ
786 598 925 669 u.
981 598 1188 664 Erant
1242 591 1381 663 illis
1428 593 1499 661 in
1556 590 1732 662 locis
1782 589 2050 661 nobiles
2102 588 2401 676 aliquot,
2438 589 2563 676 qui
2610 589 2850 682 inopia
2882 590 3145 674 adacti,

606 684 790 755 filias
838 705 1003 753 suas
1051 682 1409 753 tradebant
1457 679 1816 750 haereticis
1878 677 2285 749 nutriendas
2336 690 2403 747 et
2449 678 2896 762 erudiendas,
2944 681 3149 751 immo
3263 733 3264 752 l

611 795 773 844 vero
818 772 1171 843 erroribus
1230 768 1574 861 pestiferis
1633 766 2205 858 corrumpendas.
2256 771 2512 838 Earum
2560 766 2833 838 exitiale
2907 775 3150 861 oppro-
3263 789 3264 792 ’

609 862 843 933 brium
874 861 1237 933 miseratus
1272 860 1384 929 Dei
1411 879 1654 929 servus
1678 858 1920 927 beatus
1941 855 2371 936 DominicuS,
2416 857 2913 928 monasterium
2939 859 3153 946 quod-

610 952 798 1032 dam,
853 949 923 1019 in
956 949 1141 1037 quod
1190 948 1683 1037 reciperentur,
1738 945 2040 1016 instituit
2091 945 2162 1015 in
2219 943 2369 1015 loco
2416 967 2624 1032 quem
2674 945 3078 1018 Prulianum
3119 946 3152 984 ¹*
3263 977 3264 980 ¹

609 1052 896 1111 vocant:
931 1040 1055 1110 ubi
1102 1036 1398 1108 ancillae
1447 1034 1695 1106 Christi
1745 1047 2073 1125 perpetuo
2125 1033 2462 1115 inclusae,
2513 1033 2964 1106 admirandas
2995 1058 3153 1108 con·

610 1128 1002 1200 stitutiones
1033 1141 1099 1198 et
1144 1123 1639 1206 observantias,
1711 1136 2121 1209 arctumque
2177 1122 2531 1193 silentium
2584 1136 3045 1207 sectarentur,
3093 1136 3154 1195 et

609 1217 1002 1288 laborantes
1051 1214 1377 1284 manibus
1424 1213 1612 1296 suiS,
1680 1212 1749 1281 in
1798 1211 2261 1282 conscientiae
2328 1211 2628 1301 puritate
2674 1213 2969 1284 Creatori
3033 1236 3155 1284 suo

615 1304 1000 1378 'ucundum
1049 1303 1445 1374 exhiberent
1492 1300 1932 1372 famulatum.
1985 1305 2231 1371 Exacto
2284 1300 2450 1370 inde
2505 1302 2577 1370 in
2629 1302 3155 1392 praedicationis

598 1328 845 1466 labore
880 1393 1185 1474 biennio,
1243 1389 1713 1461 memorabilis
1754 1389 2029 1478 praesul
2081 1388 2406 1471 DidacuS,
2458 1411 2656 1460 suam
2706 1390 2942 1461 volens
2988 1391 3156 1461 revi-

606 1506 756 1555 sere
801 1481 1189 1562 ecclesiam‚
1228 1480 1434 1550 sociis
1458 1479 1543 1549 ad
1598 1477 2141 1569 praedicandum
2184 1478 2710 1549 remanentibus
2760 1479 3153 1569 piissimum
3263 1541 3264 1550 ,

608 1573 727 1642 Dei
768 1570 1191 1643 sacerdotem
1242 1568 1681 1640 Dominicum
1728 1565 2072 1655 praefecit,
2124 1578 2202 1650 ut
2257 1567 2344 1637 ad
2403 1565 2604 1637 illum
2665 1568 2901 1638 omnia
2949 1570 3156 1639 refer-

606 1673 868 1731 rentur.
924 1665 1247 1750 Magnum
1288 1658 1474 1728 enim
1516 1655 1780 1742 aliquid
1817 1656 1889 1724 in
1923 1677 2003 1726 eo
2030 1655 2378 1736 cernebat,
2416 1677 2595 1743 quae
2625 1656 2728 1725 illi
2775 1679 2989 1729 causa
3016 1669 3157 1728 erat

603 1749 800 1819 illum
835 1750 1085 1818 eximie
1133 1746 1497 1837 diligendi.
1527 1744 1931 1815 valedicens
1964 1743 2216 1814 deinde
2252 1744 2608 1826 omnibuS,
2649 1744 2869 1816 multo
2926 1744 3158 1817 labore
3263 1747 3264 1752 ’

603 1838 902 1929 pedibus
948 1838 1097 1907 suis
1144 1837 1271 1907 iter
1299 1857 1533 1927 agenS,
1581 1833 1857 1903 tandem
1888 1834 2219 1903 Oxoniam
2271 1833 2600 1923 pervenit,
2641 1833 2760 1904 ubi
2801 1848 3160 1926 correptus

604 1928 868 2008 morbo,
898 1926 1177 2016 jactura
1226 1925 1399 1994 vitae
1438 1923 1917 2013 temporariae,
1971 1922 2236 1993 aditum
2285 1920 2544 1992 invenit
2591 1922 2662 1990 in
2721 1922 2928 1995 vitam
2979 1947 3158 1995 sem·
3263 1929 3264 1946 ³

605 2015 971 2106 piternam‚
1023 2014 1364 2085 fruiturus
1396 2012 1725 2103 deinceps
1755 2011 1976 2112 gloria
2022 2010 2326 2081 coelesti:
2371 2009 2756 2099 claruitque
2807 2024 2960 2103 post
3003 2014 3158 2085 obi·
3263 2029 3264 2086 4

605 2117 748 2175 tum
804 2103 1184 2184 miraculiS,
1231 2103 1352 2190 qui
1393 2103 1463 2171 in
1513 2102 1648 2171 vita
1699 2122 1827 2170 sua
1873 2101 2174 2191 insignis
2221 2096 2445 2170 fuerat
2503 2099 2832 2189 operibus
2892 2103 3155 2175 sanctis
3263 2103 3264 2130 ³

605 2205 672 2263 et
713 2192 1085 2262 virtutibus
1119 2191 1380 2262 multis.
3263 2249 3264 2256 ,

691 2283 728 2369 ἓ
769 2285 910 2354 15.
964 2282 1418 2351 constituerat
1466 2276 1760 2348 dilectus
1793 2282 1922 2347 Deo
1968 2288 2033 2347 et
2086 2275 2495 2347 hominibus
2529 2277 2828 2348 Didacus
2870 2280 3156 2370 Episco-
3263 2303 3264 2310 ¹

604 2392 762 2461 puS,
807 2370 894 2439 ad
943 2382 1344 2460 susceptum
1407 2366 1628 2436 redire
1680 2365 2211 2456 praedicationis
2260 2365 2775 2448 ministerium,
2838 2367 3160 2439 institue·
3263 2401 3264 2406 ¹

601 2480 811 2548 reque
857 2459 942 2530 de
976 2458 1235 2530 summi
1282 2455 1633 2529 Pontificis
1681 2478 1971 2528 assensu
2012 2455 2214 2537 viros,
2267 2455 2389 2543 qui
2444 2455 2672 2527 verbis
2717 2467 2784 2526 et
2816 2458 3155 2550 exemplis

602 2548 985 2620 haereticae
1015 2547 1331 2640 pravitati
1366 2547 1796 2616 resisterent:
1854 2558 1997 2615 tum
2047 2545 2254 2615 etiam
2316 2544 2731 2615 monasterio
2780 2545 2907 2625 illi,
2964 2547 3156 2633 quod

600 2651 882 2709 sanctus
917 2637 1319 2708 Dominicus
1352 2636 1422 2705 in
1453 2634 1776 2704 Pruliano
1805 2645 2301 2715 construxerat,
2339 2633 2781 2715 absolvendo,
2807 2634 3156 2722 quaedam

601 2726 917 2798 subsidia
965 2725 1257 2795 adferre.
1309 2724 1435 2795 Sed
1465 2725 1575 2793 his
1624 2721 1918 2809 aliisque
1943 2723 2075 2812 piis
2122 2722 2375 2792 ardens
2406 2721 2794 2805 desideriis,
2832 2724 3160 2814 migravit

600 2838 641 2885 a
688 2836 995 2905 corpore,
1057 2815 1363 2885 victurus
1411 2833 1685 2903 semper
1733 2811 1802 2879 in
1852 2811 2142 2880 Christo.
2201 2812 2367 2900 Ejus
2424 2821 2651 2880 autem
2698 2823 2916 2882 morte
2964 2834 3162 2883 com-

600 2916 814 2995 perta,
881 2925 1120 2974 omnes
1167 2901 1287 2990 qui
1336 2902 1405 2969 in
1458 2900 1574 2970 illa
1625 2899 1903 2990 regione
1947 2898 2476 2989 praedicationis
2535 2902 2749 2971 causa
2797 2922 3160 2973 remanse-

603 3004 779 3072 rant,
820 3004 1173 3078 tamquam
1211 3012 1347 3061 non
1393 2990 1721 3060 habentes
1759 2987 2006 3058 ducem
2067 2999 2189 3057 aut
2243 2987 2628 3077 principem
2655 3043 2672 3070 ,
2715 2988 2799 3059 ad
2866 2992 3160 3080 propria

601 3093 765 3153 sunt
797 3080 1072 3149 reversi.
1106 3084 1274 3148 Tum
1305 3100 1461 3149 vero
1492 3077 1845 3148 confessor
1874 3076 2122 3147 Christi
2156 3098 2384 3157 veruS,
2423 3076 2665 3146 beatus
2715 3079 3146 3161 bominicus,

598 3169 750 3260 ejus
812 3169 883 3238 in
933 3167 1222 3238 Domino
1277 3166 1490 3248 filius,
1543 3167 1613 3235 in
1674 3166 1828 3254 ejus
1874 3165 2206 3236 successit
2262 3165 2518 3246 locum,
2586 3166 3156 3256 adjuvabantque

598 3279 759 3327 eum
811 3257 1073 3327 meritis
1119 3268 1184 3325 et
1225 3255 1544 3346 precibus
1594 3254 1839 3324 fratres
1886 3255 2062 3346 ejus,
2114 3267 2180 3325 et
2229 3253 2746 3357 praeliabantur
2802 3256 3152 3346 praelium

597 3346 759 3416 fidei
790 3368 950 3415 cum
993 3344 1270 3415 laetitia.
1317 3344 1577 3416 Similis
1605 3342 1828 3412 factus
1864 3355 1966 3413 est
1994 3342 2177 3414 leoni
2224 3365 2297 3413 1n
2327 3344 2655 3444 operibus
2689 3345 2862 3424 suis,
2911 3359 3155 3416 erant-

595 3455 731 3523 que
768 3456 962 3504 arma
994 3433 1281 3504 militiae
1326 3433 1476 3523 ejus
1517 3454 1653 3502 non
1691 3432 2017 3514 carnalia,
2047 3433 2181 3503 -sed
2220 3432 2636 3523 spiritualia.
2667 3437 3152 3524 congregatus

593 3537 695 3595 est
740 3523 827 3593 ad
875 3545 1034 3592 eum
1082 3536 1319 3594 coetus
1374 3521 1569 3593 fortis
1619 3521 1883 3592 viribus
1932 3525 2142 3592 Cruce
2204 3523 2633 3612 signatorum
2662 3576 2678 3603 ,
2742 3535 2808 3592 et
2852 3531 3140 3605 eorum,

594 3613 715 3700 qui
744 3611 1102 3714 fugiebant
1137 3634 1179 3681 a
1229 3610 1467 3681 malis:
1519 3610 1735 3681 additi
1790 3632 1877 3680 ue
1910 3624 2073 3680 sunt
2128 3611 2268 3683 illis
2319 3609 2648 3682 Catholici
2704 3632 2973 3693 omnes,
3030 3634 3152 3681 vo-

594 3700 883 3772 luntarii
929 3701 998 3770 in
1032 3700 1168 3771 fide
1202 3700 1608 3781 Christiana,
1651 3712 1719 3769 et
1773 3700 1909 3771 acti
1939 3710 2102 3769 sunt
2149 3699 2290 3769 illis
2337 3701 2408 3769 in
2448 3699 2996 3770 firmamentum.
3050 3705 3154 3770 Ex

593 3790 921 3862 mandato
957 3791 1140 3860 enim
1193 3789 1451 3860 summi
1491 3788 1843 3861 Pontificis
1890 3789 2275 3859 Innocentii
2323 3793 2419 3859 III
2468 3800 2707 3858 contra
2756 3787 2916 3861 illos
2960 3789 3155 3860 Albi-

590 3902 837 4039 gepses
888 3879 1266 3949 haereticos
1324 3883 1499 3949 Crux
1548 3877 2101 3969 praedicabatur,
2170 3880 2388 3965 eaque
2436 3876 3036 3968 consignabantur
3066 3878 3157 3948 fi-

638 3992 674 4040 e
704 3992 801 4040 es.
1369 3992 1379 4002 ·
2017 4000 2020 4003 1

677 4060 714 4145 ξ
760 4064 910 4131 1⁸.
945 4056 1240 4128 Accessit
1267 4056 1353 4126 ad
1389 4056 1557 4125 haec
1584 4054 2217 4127 christianissimus
2239 4067 2306 4125 et
2334 4052 2758 4127 fortissimus
2787 4055 3142 4147 princepS,

591 4145 918 4217 dominus
965 4147 1225 4226 Simon,
1252 4149 1489 4216 Comes
1516 4142 2018 4226 Montis-fortis,
2059 4158 2251 4237 pater
2288 4142 2787 4234 orphanorum,
2819 4144 3154 4214 defensor

593 4233 985 4316 viduarum,
1038 4234 1461 4326 pupillorum
1507 4246 1713 4316 tutor,
1748 4256 2136 4335 pauperum
2180 4244 2620 4334 sustentator,
2656 4246 2996 4334 protector
3032 4254 3148 4304 ec·

592 4322 987 4405 elesiarum,
1015 4336 1080 4393 et
1126 4324 1457 4394 adversus
1505 4323 1884 4396 haereticos
1917 4323 2297 4395 catholicae
2322 4320 2489 4393 fidei
2534 4322 3155 4394 constantissimus

645 4450 672 4476 ³
708 4449 892 4489 Pronum
913 4450 1035 4498 apud
1053 4448 1345 4499 praedictum
1372 4451 1555 4492 Fanum
1572 4452 1722 4492 Jovis.
