3308 5004
727 357 857 423 670
1329 374 1407 422 ns
1454 375 1511 422 s.
1558 373 1837 423 sosnrno
1883 372 2264 424 catasmcr.
2317 373 2504 422 conr.
2866 355 3068 424 AUG.
3113 356 3196 421 27

637 481 719 530 ex
768 458 964 529 vultu
1010 458 1162 549 ipso
1200 469 1406 547 atque
1435 480 1552 529 ore
1578 460 1944 541 emicabat,
1988 471 2066 529 ut
2103 458 2174 527 in
2208 457 2738 528 admirationem
2787 458 2900 528 sui
2949 458 3202 531 oculos

637 549 1056 619 intuentium
1107 559 1398 637 raperet.
1453 547 1682 619 Pudor
1725 561 1957 618 autem
2057 568 2294 618 rorsus
2355 546 2424 616 in
2487 567 2570 617 eo
2626 546 3017 638 singularis
3050 603 3067 630 ,
3130 561 3205 618 ut

637 636 742 708 vel
792 636 864 706 in
916 649 1149 707 tenera
1194 635 1424 707 adhuc
1454 648 1694 719 aetate,
1735 636 1974 707 morbo
2039 636 2170 707 icet
2198 648 2510 728 urgente,
2549 635 2812 705 nemini
2841 657 3196 725 unquam,

634 748 723 886 ge
774 725 977 883 mirtri
1022 723 1307 827 quidem
1357 725 1756 818 corpusculi
1808 725 2032 817 ipsius
2080 738 2344 817 partem
2394 724 2611 795 ullam
2661 724 3038 816 adspicere
3073 748 3202 795 nu-

685 836 796 886 am
877 827 1146 885 nouerit.
2225 829 2260 860 ³*
2580 875 2590 887 .

722 906 761 992 ξ
806 908 893 977 4.
946 903 1212 974 Ilerdae
1259 925 1396 975 non
1445 903 1654 974 aliam
1706 904 1967 992 utique,
2019 924 2232 991 quam
2281 902 2573 973 eximiae
2620 924 2789 972 suae
2833 923 3200 974 commen·

636 992 911 1063 datione
960 993 1255 1074 virtutis,
1284 994 1555 1064 cunctis
1588 1015 1751 1064 cum
1793 993 2307 1083 magistrorum,
2347 1004 2494 1062 tum
2542 990 3201 1081 condiscipulorum

634 1081 989 1173 suffragiis
1036 1081 1398 1153 universae
1428 1081 1774 1153 studiosae
1795 1081 2146 1172 juventuti
2179 1080 2561 1183 praefectus
2601 1102 2679 1151 ac
2719 1081 3072 1172 princeps
3106 1103 3202 1150 re·

641 1170 1039 1251 nunciatus,
1066 1171 1412 1260 ejusmodi
1438 1171 1698 1242 honore
1726 1193 1806 1240 ac
1832 1191 2120 1241 munere
2145 1169 2554 1241 sie‘functus
2578 1181 2701 1250 est,
2733 1182 2812 1239 ut
2831 1192 2988 1257 qua
3016 1190 3193 1250 voce,

633 1280 771 1348 qua
798 1258 1115 1349 exemplo
1135 1259 1349 1350 (quod
1392 1260 1676 1349 quidem
1712 1261 2230 1341 suavissimum,
2275 1258 2595 1346 idemque
2619 1258 3194 1330 efficacissimum

638 1346 964 1417 monendi
1012 1370 1235 1439 genus
1260 1349 1414 1439 est)
1448 1371 1698 1441 segnes
1727 1349 1813 1419 ad
1851 1349 2104 1431 studia,
2144 1347 2560 1419 dissidentes
2588 1346 2672 1417 ad
2709 1349 3189 1427 concordiam,

634 1436 991 1527 improbos
1036 1437 1124 1507 ad
1175 1438 1493 1508 virtutem
1544 1438 2050 1508 adhortaretur.
2104 1442 2182 1507 Et
2228 1436 2512 1523 quidem
2563 1435 2967 1508 industriae
3036 1458 3189 1518 suae

635 1526 938 1597 fructum
992 1525 1169 1608 tulit,
1221 1547 1428 1615 quem
1483 1527 1782 1597 maxime
1827 1538 2117 1617 optarat.
2171 1525 2316 1596 Alia
2362 1525 2549 1595 enim
2587 1526 2737 1627 jam
2772 1524 3006 1595 facies
3036 1526 3188 1596 exti-

635 1615 716 1685 tit
754 1615 1142 1704 juventutis
1191 1616 1260 1684 in
1312 1616 1593 1698 scholis,
1647 1616 1719 1685 in
1772 1616 2070 1706 templi3‚
2111 1615 2181 1684 in
2225 1614 2664 1695 nosocomiis,
2703 1626 2782 1684 ut
2823 1628 3186 1706 propterea

636 1704 757 1791 qui
811 1717 946 1775 tam
999 1703 1348 1794 praeclare
1399 1706 1720 1776 meritum
1773 1703 1858 1775 de
1906 1703 2208 1784 scholiS,
2260 1704 2634 1795 josephum
2699 1703 3180 1796 susciperent,

631 1792 953 1863 eumdem
1007 1792 1215 1863 veluti
1264 1793 1626 1884 delapsum
1679 1816 1715 1862 e
1763 1794 1953 1864 coelo
1999 1792 2323 1884 angelum
2376 1805 2900 1862 venerarentur.

719 1883 758 1968 ξ
800 1885 890 1954 5.
942 1885 1181 1970 Itaque
1226 1903 1457 1952 coram
1509 1904 1590 1952 eo
1639 1904 1842 1953 nemo
1889 1896 2055 1960 erat,
2107 1882 2229 1969 qui
2279 1880 2718 1971 impudenter
2763 1880 3015 1953 dicere
3066 1880 3178 1951 ali·

631 1969 825 2059 quid,
879 1969 984 2038 vel
1034 1970 1355 2041 indecore
1402 1971 1624 2041 facere
1671 1972 1978 2042 auderet.
2030 1977 2618 2060 Tam-spectatam
2671 1969 3058 2052 virtutem,
3109 1991 3176 2039 ac
3275 1993 3276 2008 ¹

684 2059 1034 2129 raesertim
1086 2059 1306 2130 animi
1340 2061 1833 2136 ‚castimoniam
1886 2060 2278 2131 teterrimus
2328 2058 2617 2129 humani
2656 2060 2948 2148 generis
2981 2059 3171 2129 bostis

658 2168 807 2217 erre
856 2169 993 2217 non
1047 2159 1330 2238 poterat.
1384 2153 1623 2237 Itaque
1670 2150 1756 2220 ad
1804 2172 1955 2219 eam
2008 2147 2553 2218 labefactandam
2599 2170 2772 2218 usus
2814 2163 2925 2218 est
2965 2150 3170 2238 impu·

632 2236 867 2306 dentia
916 2236 1172 2308 nobilis
1219 2238 1587 2328 cujusdam
1636 2237 1999 2320 foeminae,
2052 2259 2259 2326 quam
2300 2235 2642 2325 Josephus
2679 2249 2983 2307 veterem
3023 2256 3164 2305 suae

630 2348 787 2395 cum
839 2325 1103 2396 familia
1152 2325 1343 2396 illius
1376 2327 1952 2398 necessitudinem
1991 2326 2316 2405 retinens,
2358 2324 2652 2394 invisere
2690 2326 2995 2397 subinde
3022 2346 3161 2394 con·

632 2425 969 2484 sueverat.
1024 2414 1150 2484 Sed
1202 2415 1638 2487 castissimus
1667 2416 1947 2507 juvenis
1984 2414 2406 2484 blandientis
2445 2412 2794 2483 foeminae
2833 2413 3155 2485 illecebras

633 2515 817 2575 tanta
863 2504 1080 2573 animi
1128 2505 1674 2576 exhorrescentis
1722 2505 2107 2575 constantia
2153 2502 2361 2574 elusit
2407 2525 2486 2572 ac
2536 2505 2852 2593 respuit,
2898 2516 2963 2571 ut
3014 2499 3138 2569 nod

629 2593 797 2662 satis
842 2592 1148 2675 haberet,
1200 2593 1383 2680 quod
1434 2616 1471 2664 e
1517 2594 1724 2664 domo
1756 2594 1902 2675 illa,
1950 2606 2277 2681 tanquam
2319 2614 2399 2662 ex
2438 2590 2682 2661 infami
2720 2590 3135 2695 scopulosese

632 2680 1125 2773 proripuisset;
1180 2682 1314 2752 nisi
1360 2684 1566 2753 etiam
1616 2705 1694 2752 ex
1744 2683 1915 2753 urbe
1963 2682 2137 2772 ipsa,
2190 2679 2299 2752 uti'
2342 2680 2706 2773 praestitit,
2759 2683 2899 2753 alio
2947 2679 3141 2777 demt-

629 2783 878 2860 graret,
931 2781 1009 2840 ut
1055 2771 1350 2842 ulterius
1401 2771 1645 2863 magis»,
1700 2771 1801 2841 vel
1851 2771 2075 2841 famae
2124 2770 2225 2840 vel
2279 2769 2679 2861 pudicitiae,
2728 2792 2943 2860 quam
2974 2779 3149 2838 casu·

628 2859 900 2929 moniae
948 2881 1117 2929 suae
1168 2860 1554 2951 periculum
1604 2860 2006 2931 declinaret.
2064 2865 2220 2930 Post
2279 2858 2537 2952 gratias
2590 2858 2817 2949 igitur
2873 2861 3157 2951 impense

610 2960 812 3018 wactas
862 2947 1189 3037 Deiparae
1235 2949 1439 3039 cujus
1488 2961 1624 3019 tam
1678 2961 2103 3040 praesentem
2158 2950 2226 3018 in
2265 2970 2345 3021 eo
2377 2947 2793 3018 discrimine
2834 2971 3032 3041 opem
3063 2967 3157 3016 ex-

629 3050 861 3129 pertus
907 3050 1074 3118 erat,
1128 3037 1510 3109 instaurato
1556 3038 1764 3108 etiam
1801 3038 2215 3128 virginitatis
2252 3051 2426 3120 voto,
2464 3036 2698 3107 statim
2734 3038 3161 3130 Complutum

629 3125 973 3226 profectus
1018 3138 1156 3207 est,
1209 3127 1333 3197 ubi
1384 3148 1634 3197 novum
1686 3128 1962 3199 innoxio
2022 3127 2471 3216 quantumvis
2526 3129 2835 3215 corpori,
2905 3126 3159 3205 ciliciis,

626 3214 882 3296 inedia,
919 3214 1197 3306 vigiliis,
1238 3215 1497 3286 bellum
1533 3215 1803 3286 indixit.

713 3304 749 3391 ξ
798 3309 891 3375 6.
944 3308 1223 3374 Peracto
1259 3304 1561 3392 denique
1593 3305 1981 3376 studiorum
2019 3303 2393 3386 curriculO,
2434 3303 2671 3375 laurea
2711 3304 3050 3385 donatus,
3079 3314 3172 3373 ta·
3275 3390 3276 3395 ἵ

628 3391 822 3461 metsi
877 3393 1186 3463 nondum
1237 3394 1453 3465 sacris
1504 3395 1885 3484 majoribus
1918 3393 2253 3473 initiatus,
2297 3394 2462 3464 abE
2517 3393 2755 3484 iscopo
2785 3400 3046 3464 Jaccae
3079 3412 3173 3462 so-
3275 3398 3276 3409 ’

623 3478 777 3550 cius
824 3479 1142 3551 laborum
1193 3482 1502 3553 adscitus
1548 3495 1697 3565 est,
1753 3504 1887 3552 non
1939 3482 2089 3552 sine
2137 3503 2390 3573 magna
2497 3482 2784 3553 ioecesis
2858 3484 3172 3554 utilitate.

622 3575 942 3640 Jamvero
993 3584 1261 3641 mortuo
1308 3570 1517 3641 fratre
1562 3572 1714 3641 sine
1761 3570 2022 3653 liberiS,
2076 3592 2116 3640 a
2165 3583 2446 3661 parente
2493 3571 2564 3640 in
2618 3593 2817 3662 spem
2876 3570 3178 3643 familiae
3275 3594 3276 3601 ¹

622 3657 1008 3729 destinatus
1054 3659 1142 3729 ad
1193 3660 1495 3750 nuptiaS,
1552 3660 1793 3730 morbo
1839 3660 2332 3731 interveniente
2381 3660 2773 3749 periculoso
2823 3674 3182 3750 atquean-

621 3748 840 3840 cipiti‚
892 3749 980 3819 ab
1029 3749 1115 3817 iis
1164 3770 1313 3820 sese
1348 3749 1711 3840 expedivit.
1757 3755 1984 3833 Quum
2021 3748 2205 3818 enim
2247 3748 2334 3818 ad
2372 3761 2659 3819 mortem
2685 3748 3176 3829 decumberet,

624 3837 695 3907 in
742 3860 822 3908 eo
870 3838 1199 3929 temporis
1245 3836 1537 3908 articulo
1584 3837 1786 3909 facile
1832 3860 1873 3907 a
1915 3849 2195 3929 parente
2224 3838 2572 3929 Josepbus
2611 3837 2954 3921 obtinuit,
2991 3852 3099 3922 ut,
3129 3839 3184 3910 si
3275 3910 3276 3925 ,

623 3926 1146 4007 convalesceret,
1189 3926 1518 3997 coelibem
1556 3949 1594 3996 a
1645 3949 1757 3998 ere
1785 3927 1993 3996 vitam
2028 3925 2284 3997 liceret.
2320 3933 2558 4014 Itaque
2597 3940 2873 4018 praeter
2906 3948 3180 4000 omnem
3275 3984 3276 3993 2

622 4015 1018 4106 opinionem
1068 4029 1469 4107 recuperata
1516 4038 1597 4086 va
1627 4015 1933 4097 etudine,
1972 4037 2328 4086 sacrorum
2360 4016 2701 4086 Ordinum
2733 4020 2954 4088 susce
3010 4018 3184 4090 tione

622 4115 700 4174 ut
741 4103 1046 4194 primum
1099 4104 1342 4194 potuit,
1396 4116 1615 4176 totum
1666 4127 1737 4177 se
1786 4110 1921 4175 Deo
1969 4105 2415 4196 mancipavit.
2459 4110 2690 4192 Neque
2728 4127 2895 4177 vero
2998 4107 3082 4179 iu
3111 4104 3184 4176 ti-

621 4191 768 4262 cuit
791 4192 1102 4282 Josepho
1132 4193 1269 4263 sibi
1300 4194 1427 4264 uni
1459 4216 1723 4264 vacare.
1763 4196 2044 4296 Cognita
2077 4194 2260 4264 enim
2297 4193 2490 4265 illius
2573 4194 2771 4276 ictas,
2811 4195 3181 4297 sapientia,

621 4280 979 4370 integritas
1025 4279 1182 4352 fecit
1228 4294 1306 4352 ut
1351 4306 1392 4353 a
1424 4283 1747 4373 pluribus
1775 4284 2121 4375 episcopis
2157 4284 2227 4352 in
2264 4296 2534 4375 pastora
2569 4283 2629 4352 is
2672 4283 3185 4355 sollicaudinis

622 4382 883 4454 partem
933 4369 1403 4441 advocaretur.
1454 4373 1723 4455 Quibus
1773 4372 1889 4443 ille
1943 4372 2227 4461 quidem
2278 4394 2413 4442 non
2464 4371 2802 4442 mediocri
2851 4371 3182 4447 laborum

622 4456 856 4527 fructu
899 4477 1179 4547 operam
1229 4462 1502 4551 egregie
1543 4462 1837 4547 navavit,
1874 4461 2281 4555 praesertim
2314 4462 2389 4533 in
2427 4459 2815 4553 urgellensi
2847 4460 3182 4541 aiom.
