3308 5004
130 368 292 434 AUG.
349 367 426 433 ⁴4
949 381 1031 430 ms
1080 384 1135 432 s.
1189 381 1609 431 weassnrmno
1659 382 1873 430 rasse.
2422 363 2549 429 323

128 468 538 562 gemebunda
584 468 941 539 devoverat
986 468 1373 548 infirmum,
1418 468 1566 558 jam
1606 466 1915 557 jocunda
1957 489 2250 559 pergens
2286 468 2372 537 ad
2422 466 2639 537 eccle-

129 560 305 641 siam,
343 559 557 628 sancti
606 557 820 649 patris
851 556 1101 627 obtulit
1138 555 1508 626 famulatui
1537 577 1815 625 sanum.

202 651 234 734 ξ
276 652 427 721 1⁰.
479 646 623 716 Alio
669 666 944 747 quoque
991 659 1298 736 tempore
1354 644 1424 713 in
1489 666 1666 735 pago
1698 643 1922 744 'Felva
1987 644 2360 733 quemdam
2408 645 2636 715 virum

128 748 325 806 tantae
369 735 756 826 asperitat1s
790 734 979 825 lepra
1012 733 1471 813 discoloravit,
1526 746 1603 803 ut
1649 755 1760 803 vix
1807 731 2017 803 alicui
2058 755 2220 824 prae
2250 733 2481 804 scabie
2530 733 2641 802 ni-
2743 755 2747 760 ·

127 824 266 906 mia,
295 825 524 895 vultus
552 824 742 896 illius
773 845 860 924 ap
914 834 1155 905 areret,
1194 822 1385 892 labes
1423 822 1713 913 insuper
1749 822 1973 911 ipsam
2003 822 2367 892 oculorum
2400 843 2641 892 excae-

130 914 283 984 cavit
308 914 548 994 aciem,
596 911 783 1000 quod
826 912 870 982 11
903 934 941 982 e
980 933 1417 1000 nequaquam
1448 909 1602 980 visu
1633 931 2003 1001 agnoscere
2051 911 2273 1002 potuit
2303 910 2634 998 aliquem,

130 1002 267 1086 quia
308 1013 495 1072 tanta
536 1001 813 1071 miseria
845 1001 1196 1072 cruciatus
1235 998 1674 1070 solummodo
1721 998 1854 1068 sibi
1887 1000 2229 1090 superfuit
2259 998 2636 1069 anhelitus,

132 1091 392 1182 Contigit
457 1101 687 1160 autem
750 1089 953 1161 illum
1000 1088 1301 1178 quadarn
1378 1100 1573 1159 nocte
1627 1087 1962 1158 visionem
2013 1089 2146 1158 sibi
2193 1087 2464 1168 videre,
2518 1108 2640 1178 per

130 1199 308 1264 quam
355 1179 873 1271 obstupefactus
920 1201 961 1248 a
1014 1201 1140 1249 suo
1201 1177 1449 1248 cecidit
1510 1175 1885 1259 stramine,
1941 1199 2010 1247 se
2061 1199 2148 1248 ue
2208 1177 2277 1246 in
2351 1175 2641 1246 modum

126 1269 323 1338 crucis
371 1268 760 1359 prostravit,
804 1268 1116 1338 clamans
1162 1289 1242 1336 ac
1289 1266 1697 1348 vociferanS,
1736 1199 2106 1336 clamando
2148 1266 2352 1356 Kyrie
2381 1264 2640 1335 eleison

128 1377 303 1447 saepe
351 1356 636 1427 iteravit.
691 1361 782 1425 Eo
830 1355 1130 1425 clamore
1179 1354 1288 1425 sui
1337 1367 1652 1445 parentes
1700 1355 2194 1447 expergefacti,
2266 1364 2645 1445 coeperunt

129 1443 520 1537 interrogare
567 1444 735 1532 quid
790 1443 1126 1515 evenisset
1172 1443 1275 1513 illi
1320 1442 1505 1531 quod
1566 1443 1723 1534 plus
1774 1443 1972 1513 solito
2022 1442 2391 1535 impatiens
2437 1452 2638 1514 esset.

124 1536 189 1601 At
229 1533 334 1603 ille
381 1535 714 1605 visionem
758 1533 932 1603 bene
979 1533 1312 1613 recolens,
1365 1545 1618 1602 cuncta
1662 1553 1840 1619 quae
1871 1533 2131 1603 viderat
2162 1533 2261 1602 eis
2295 1553 2417 1622 per
2462 1530 2646 1601 ordi-

125 1642 258 1689 nem
309 1624 577 1705 retulit,
632 1623 912 1692 dicens:
968 1623 1199 1691 Visum
1251 1634 1352 1691 est
1382 1621 1556 1699 mihi
1604 1641 1727 1710 per
1770 1622 2140 1709 quemdam
2182 1621 2494 1691 locorum
2541 1619 2643 1689 ire

122 1707 363 1795 debere,
413 1734 622 1799 quem
669 1732 961 1781 coenosa
1000 1709 1202 1802 palus
1246 1709 1729 1793 circumcinxit
1774 1710 2108 1798 undique,
2147 1723 2213 1779 et
2245 1708 2645 1779 nullatenus

123 1801 319 1885 patuit
364 1802 474 1871 via
508 1800 935 1881 transeundi,
990 1821 1111 1901 per
1156 1820 1365 1886 quam
1413 1797 1576 1868 inde
1622 1797 1814 1868 abire
1911 1799 2077 1870 otui.
2133 1799 2258 1869 Hic
2306 1798 2472 1868 dum
2517 1796 2641 1866 ad-

121 1887 375 1958 modum
439 1890 758 1959 anxiarer
797 1902 1046 1958 mentis
1092 1910 1371 1978 expers,
1425 1887 1722 1957 obviavit
1771 1888 1865 1956 mi
1921 1888 1943 1956 i
1992 1888 2313 1958 sacerdos
2360 1908 2639 1957 venera-

121 1972 261 2047 bilis
304 1978 658 2069 adspectu,
699 1977 1242 2064 sacerdotalique
1289 1975 1770 2046 venerabiliter
1810 1976 2098 2049 indutus
2138 1977 2404 2058 habitu,
2439 1975 2643 2064 quasi

122 2082 550 2149 processurus
595 2080 772 2137 esset
842 2066 927 2137 ad
990 2067 1354 2136 Missarum
1406 2064 1783 2145 solemnia,
1844 2080 2384 2156 praeparatoque
2432 2077 2638 2154 ponte

120 2172 306 2241 supra
354 2156 677 2245 paludem
729 2178 840 2225 me
887 2154 1276 2226 transduxit
1324 2154 1770 2236 incolumem,
1809 2167 1875 2223 et
1906 2154 2041 2224 ait:
2080 2160 2283 2225 Estne
2317 2155 2440 2224 tibi
2473 2174 2644 2223 cura

121 2243 375 2312 sanari?
421 2245 602 2314 Scito
660 2266 768 2313 me
826 2242 1326 2313 werenfridum
1377 2265 1416 2311 a
1467 2241 1713 2343 pellari
1747 2297 1763 2323 ‚
1826 2256 1891 2314 et
1943 2266 2064 2333 per
2113 2265 2222 2312 me
2272 2242 2556 2311 mereris
2603 2262 2645 2310 a

120 2326 287 2420 lepra
332 2334 587 2403 curari.
643 2337 808 2403 Cum
862 2344 1091 2402 autem
1141 2332 1408 2401 celebra
1463 2343 1601 2402 itur
1634 2331 2034 2402 solemnitas
2063 2330 2471 2421 Archangeli
2518 2329 2644 2397 Mi-

122 2417 377 2502 chaelis,
426 2435 504 2492 tu
543 2421 628 2492 ad
661 2422 802 2492 Elst
850 2421 1204 2514 pervenire
1243 2419 1549 2502 debebis,
1587 2420 1822 2509 ibique
1852 2420 2018 2491 dum
2068 2420 2303 2489 divina
2336 2443 2374 2487 a
2409 2418 2637 2511 ponti-

120 2505 228 2577 fice
257 2513 616 2581 Missarum
656 2511 1093 2582 celebrantur
1139 2510 1501 2590 solemnia,
1544 2523 1617 2579 tu
1667 2510 2117 2580 mundaberis
2175 2533 2214 2580 a
2258 2508 2410 2578 labe
2464 2528 2645 2576 mor-

121 2594 311 2668 tifera.
356 2602 481 2670 His
534 2600 833 2680 auditis⁸,
899 2612 1215 2690 parentes
1276 2600 1387 2668 sui
1440 2599 1639 2668 solito
1696 2599 2009 2669 laetiores
2056 2598 2275 2668 effecti
2325 2607 2530 2675 sunt,
2578 2607 2644 2664 et

120 2704 255 2755 eum
303 2690 483 2759 sicut
557 2691 703 2780 ipse
764 2689 1067 2759 voluerat
1121 2688 1207 2757 ad
1273 2688 1453 2757 Elste
1518 2687 2008 2778 perduxerunt.
2071 2692 2203 2756 Nec
2268 2686 2390 2755 diu
2470 2684 2644 2753 visio
2728 2755 2741 2768 ,

124 2778 626 2859 promissionem
677 2778 968 2848 distulit.
1020 2782 1186 2847 Nam
1245 2789 1324 2847 ut
1374 2777 1674 2866 pontifex
1718 2777 1839 2863 qui
1900 2786 2066 2845 tunc
2124 2774 2453 2864 temporis
2502 2772 2646 2841 illic

120 2864 409 2948 praefuit,
474 2867 607 2937 sub
669 2867 908 2937 eodem
964 2866 1077 2936 die
1122 2888 1326 2953 quem
1443 2866 1843 2944 raedixerat‚
1898 2865 2263 2935 Missarum
2312 2862 2647 2933 libamina

123 2951 380 3024 Domino
435 2955 813 3038 libaverat,
865 2956 960 3025 ita
1018 2955 1297 3024 evanuit
1352 2976 1390 3022 a
1492 2953 1606 3023 illo
1670 2954 1879 3044 pestis
1944 2952 2199 3022 torrida
2233 3007 2248 3033 ,
2306 2964 2384 3022 ut
2445 2952 2514 3020 in
2565 2972 2645 3020 eo

121 3044 465 3114 veneniferi
512 3044 766 3114 coloris
828 3067 964 3115 non
1019 3042 1484 3135 comparuerit
1550 3041 1848 3112 macula.
1912 3046 2066 3132 Ipse
2126 3063 2281 3111 vero
2347 3062 2485 3110 non
2535 3061 2646 3109 so-

121 3121 244 3195 lum
290 3154 359 3202 se
406 3157 446 3203 a
505 3133 697 3223 lepra
744 3132 1158 3203 mundatum
1224 3153 1372 3201 esse
1438 3131 1822 3222 persensit,
1878 3130 1996 3201 sed
2058 3131 2261 3200 etiam
2313 3129 2645 3199 amissam

120 3217 450 3291 oculorum
489 3221 716 3292 lucem
767 3222 1117 3312 percipere
1166 3220 1441 3291 meruit.
1495 3221 1721 3310 Hujus
1768 3219 2093 3309 stupendi
2150 3218 2472 3288 miraculi
2519 3216 2643 3286 de·

122 3301 398 3403 claratio,
456 3333 594 3380 non
644 3311 858 3381 unius
908 3311 1010 3381 vel
1058 3311 1358 3380 duorum
1406 3307 1811 3378 'affirmatur
1861 3308 2250 3378 testimonio
2285 3363 2300 3394 ,
2365 3328 2643 3376 verum-

125 3403 299 3490 etiam
350 3401 561 3469 totius
612 3400 872 3490 populi,
925 3399 1048 3487 qui
1097 3411 1262 3469 tunc
1310 3399 1396 3467 ad
1447 3397 1810 3469 ecclesiam
1860 3397 2306 3477 confluxerat,
2353 3395 2644 3464 manife-

127 3486 400 3558 sussima
446 3488 824 3560 declaratio
871 3509 1108 3558 verum
1177 3508 1327 3556 esse
1374 3486 1821 3557 demonstrat.
1877 3492 2055 3556 Haec
2111 3498 2176 3555 et
2230 3484 2447 3554 multa
2506 3483 2645 3553 alia

59 3629 62 3642 ,
127 3569 451 3660 miracula,
478 3599 657 3664 quae
683 3577 1094 3668 perlongum
1122 3589 1225 3646 est
1249 3589 1498 3645 cuncta
1525 3597 1807 3645 narrare
1834 3598 1956 3666 per
1975 3573 2276 3666 singula,
2310 3572 2642 3642 Dominus

131 3673 324 3732 noster
357 3672 566 3736 Jesus
597 3667 904 3735 Christus
934 3666 1000 3734 di
1060 3678 1262 3735 natus
1293 3676 1393 3734 est
1432 3664 1688 3733 ibidem
1725 3664 2104 3745 ostendere,
2144 3675 2487 3751 quatenus
2519 3682 2643 3750 per

130 3740 266 3818 haec
295 3754 789 3824 miraculorum
823 3755 996 3823 bene
1027 3754 1181 3834 icia,
1235 3767 1532 3841 quantae
1576 3753 1934 3844 dignitatis
1973 3774 2210 3822 servus
2252 3772 2421 3821 suus
2452 3747 2639 3838 apud

131 3852 191 3900 se
229 3837 628 3925 haberetur,
704 3843 904 3913 nobis
953 3843 1279 3913 omnibus
1347 3855 1578 3932 aperte
1631 3854 2145 3912 monstraretur.
2216 3844 2362 3922 Qua
2422 3837 2506 3905 de
2570 3843 2691 3903 re'

131 3939 532 4023 summopere
594 3931 1017 4002 credendum
1079 3942 1227 4009 est,
1297 3931 1480 4018 quod
1536 3932 1751 4020 possit
1817 3931 1964 4000 suis
2029 3928 2290 3998 meritis
2356 3925 2643 4023 vulnera

133 4029 530 4094 peccatorum
574 4043 854 4103 sanare,
909 4020 1032 4107 qui
1091 4018 1372 4089 totidem
1426 4019 1650 4089 modis
1699 4040 2067 4108 corporum
2122 4016 2489 4104 languores
2537 4011 2641 4079 d1-

122 4116 343 4186 gnatus
374 4124 475 4180 est
508 4109 976 4180 subveniendo
1010 4108 1390 4178 medicare:
1446 4113 1837 4177 Praestante
1890 4105 2177 4174 Domino
2220 4116 2451 4173 nostro
2479 4101 2642 4170 Jesu

125 4187 382 4280 Christo,
436 4200 549 4269 cui
588 4212 689 4270 est
727 4200 949 4270 honor
981 4211 1044 4268 et
1076 4197 1294 4289 gloria
1334 4218 1453 4288 per
1493 4194 1917 4266 immortalia
1959 4191 2190 4264 secula
2220 4190 2638 4263 seculorum.
