3308 5004
113 367 304 433 AUG.
355 368 442 433 28
686 386 765 432 m:
813 383 869 433 s.
925 383 1283 436 Ancnsrmo
1330 388 1529 437 amsc.
1586 385 1664 436 m·
1712 373 1886 436 acci..
1940 385 2120 436 noer.
2330 407 2345 424 ·
2443 371 2575 436 689

114 464 392 535 inventa
440 464 784 534 describat
829 475 894 536 et
939 466 1210 550 habeat,
1262 480 1328 538 et
1378 469 1631 560 petenti
1671 467 1755 537 ad
1789 467 2266 550 scribendum,
2305 468 2456 539 sine
2489 467 2668 539 invi·

112 553 235 623 dia
266 555 471 624 etiam
506 555 654 643 ipse
688 554 949 625 tribuat
978 555 1110 645 (a).

205 645 242 731 ξ
287 647 441 715 28.
497 643 893 713 Secundum
944 645 1241 735 Apostoli
1285 645 1382 735 (ll.
1440 649 1585 717 Gor.
1640 644 2041 734 v1)quoque
2083 646 2528 729 sententiam,
2567 646 2672 718 di-

113 733 359 802 centis:
392 733 609 814 Audet
631 734 990 837 quisquam
1014 745 1309 804 vestram
1339 735 1662 804 adversas
1691 737 1985 804 alterum
2013 737 2360 825 neyotium
2393 736 2662 817 habens,

102 822 420 912 judicari
461 823 543 891 ab
593 824 868 914 iniquas,
921 834 985 892 et
1029 846 1160 912 non
1192 824 1379 914 apud
1411 824 1727 893 sanctos?
1754 836 1974 893 etc....
2016 829 2082 909 (a
2126 846 2188 893 v,
2227 827 2253 892 l
2305 823 2389 893 ad
2425 824 2518 916 6).
2542 827 2672 917 ‚In-
2711 856 2719 866 ·

124 911 522 1000 terpellatus
568 929 732 1001 ergo
762 911 1003 990 beatus
1042 913 1467 1003 Augustinus
1500 933 1542 981 a
1575 912 2005 992 Christianis,
2050 911 2149 981 vel
2191 934 2232 982 a
2270 913 2672 1003 cujuscum-

118 1020 254 1087 que
280 1013 502 1069 sectae
527 1000 953 1082 hominibus,
988 1023 1237 1071 causas
1263 1000 1588 1071 audiebat
1617 1000 1985 1092 diligenter
2017 1021 2096 1071 ac
2135 1003 2264 1090 pie:
2297 1000 2666 1089 cujusdam

120 1090 528 1158 sententiam
571 1101 729 1158 ante
767 1089 1005 1160 oculos
1042 1089 1325 1170 habens,
1363 1089 1659 1160 dicentis
1695 1112 1765 1160 se
1802 1090 2007 1160 malle
2044 1091 2222 1159 inter
2258 1090 2663 1180 incognitos,

112 1196 325 1265 quam
362 1179 540 1247 inter
570 1179 829 1248 amicos
863 1199 1111 1250 causas
1145 1179 1423 1248 audire:
1459 1202 1538 1249 eo
1577 1179 1762 1268 quod
1796 1177 1880 1248 de
1923 1178 2318 1282 incognitis,
2369 1200 2489 1268 pro
2525 1199 2666 1267 quo

112 1266 447 1336 arbitrata
473 1267 810 1354 aequitate
826 1267 1282 1357 judicaretur,
1310 1269 1615 1338 amicum
1646 1282 1874 1369 posset
1899 1289 2280 1356 acquirere:
2313 1267 2397 1338 de
2423 1269 2670 1338 amicis

114 1375 277 1424 vero
321 1377 545 1426 unum
592 1367 792 1437 esset,
844 1369 1083 1427 contra
1121 1377 1327 1446 quem
1371 1369 1707 1428 sententia
1745 1355 2183 1445 proferretur,
2234 1356 2660 1448 perditurus.

114 1450 196 1515 Et
243 1465 358 1514 eas
407 1445 782 1532 aliquando
829 1465 1050 1532 usque
1099 1446 1169 1515 in
1221 1447 1461 1515 boram
1523 1445 1949 1527 refectionis,
2007 1445 2384 1534 aliquando
2438 1459 2667 1516 autem

113 1546 257 1605 tota
289 1534 400 1604 die
424 1535 777 1624 jejunans,
819 1555 1093 1625 semper
1125 1549 1347 1605 tamen
1385 1536 1731 1617 noscebat,
1772 1547 1838 1605 et
1869 1534 2261 1616 dirimebat,
2303 1535 2669 1605 intendens

117 1624 192 1692 in
242 1621 345 1691 eis
393 1624 938 1694 Christianorum
990 1637 1333 1694 momenta
1384 1625 1802 1702 animorum,
1856 1635 2195 1713 quantum
2230 1625 2525 1711 quisque
2565 1622 2668 1692 vel

118 1713 193 1781 in
245 1711 381 1781 fide
431 1713 768 1800 bonisque
815 1713 1141 1802 operibus
1192 1713 1583 1803 proficeret.
1634 1713 1732 1782 vel
1783 1714 1870 1782 ab
1925 1714 2010 1782 iis
2058 1712 2417 1783 deficeret:
2465 1725 2670 1802 atque

114 1801 493 1890 compertis
542 1822 769 1870 rerum
819 1802 1491 1891 opportunitatibus,
1547 1801 1822 1872 divinae
1869 1802 1930 1871 le
1986 1802 2042 1871 is
2105 1803 2381 1871 veritate
2444 1813 2670 1894 partes

120 1891 436 1969 docebat,
492 1911 782 1976 eamque
822 1889 961 1959 illis
994 1890 1413 1971 inculcabat,
1456 1903 1519 1960 et
1549 1911 1666 1961 eos
1703 1912 1842 1979 quo
1876 1913 1915 1960 a
1972 1891 2426 1981 ipiscerentur
2461 1892 2667 1960 vitam

118 1992 496 2056 aeternam,
550 1978 877 2048 edocebat
921 1992 987 2047 et
1034 1978 1488 2050 admonebat:
1548 1980 1719 2049 nihil
1770 1979 1960 2050 aliud
2018 2001 2357 2068 quaerens
2410 1980 2497 2049 ab
2553 1980 2664 2062 iis,

115 2066 383 2153 quibus
430 2067 514 2136 ad
567 2067 692 2137 hoc
742 2068 1049 2148 vacabat,
1105 2069 1239 2138 nisi
1290 2081 1553 2139 tantum
1612 2069 2072 2139 obedientiam
2123 2082 2189 2140 et
2238 2069 2669 2139 devotionem

124 2155 609 2230 Christianam.
665 2178 841 2244 quae
887 2169 954 2226 et
1002 2163 1132 2227 Deo
1179 2158 1469 2228 debetur
1512 2171 1578 2227 et
1632 2158 2071 2228 hominibus:
2141 2171 2499 2249 peccantes
2559 2179 2668 2227 co-

125 2265 275 2312 ram
325 2246 651 2315 omnibus
699 2267 1023 2336 arguens,
1078 2260 1153 2316 ut
1200 2247 1451 2316 caeteri
1501 2248 1815 2317 timorem
1869 2247 2220 2316 haberent.
2275 2253 2352 2316 Et
2382 2245 2671 2316 faciebat

123 2331 257 2401 hoc
306 2347 631 2422 tanquam
683 2335 1075 2425 speculator
1102 2358 1141 2403 a
1178 2335 1464 2405 Domino
1493 2336 1908 2405 constitutus
1936 2334 2176 2404 domui
2208 2335 2442 2416 Israe‘l,
2479 2356 2671 2424 prae-

121 2422 367 2494 dicans
415 2426 729 2506 verbum,
782 2436 987 2511 atque
1037 2425 1305 2493 instans
1352 2438 1773 2516 opportune,
1843 2425 2280 2515 importune,
2335 2435 2666 2515 arguenS,

120 2510 429 2593 hortans,
475 2515 866 2604 increpanS,
908 2514 976 2591 in
1010 2514 1199 2582 om'ni
1232 2514 1755 2605 longanimitate
1785 2526 1849 2582 et
1878 2513 2215 2592 doctrina,
2257 2512 2669 2615 praecipue—

114 2621 259 2687 que
305 2624 581 2693 operam
634 2603 811 2672 dans
857 2604 1200 2672 instruere
1246 2626 1362 2674 eos
1401 2603 1522 2690 qui
1555 2613 1783 2672 essent
1825 2601 2052 2670 idonei
2086 2613 2152 2671 et
2187 2600 2357 2672 alios
2395 2601 2665 2670 docere.

118 2695 432 2761 novatus
478 2713 753 2779 quoque
802 2715 836 2760 a
890 2691 1271 2772 nonnullis,
1311 2694 1380 2760 in
1424 2712 1662 2760 eorum
1703 2689 2197 2780 temporalibus
2232 2690 2486 2771 causiS,
2522 2690 2669 2780 epi-

114 2792 226 2847 sto
262 2801 334 2847 as
383 2779 466 2849 ad
518 2780 824 2851 diversos
870 2780 1102 2850 dabat.
1159 2780 1285 2850 Sed
1338 2781 1516 2849 hanc
1548 2800 1746 2849 suam
1789 2800 1825 2847 a
1873 2778 2274 2848 melioribus
2311 2778 2517 2848 rebus
2556 2800 2672 2848 oc-

113 2867 561 2956 cupationem
591 2882 942 2957 tamquam
975 2870 1331 2959 angariam
1361 2867 1755 2959 deputabat:
1795 2889 2072 2938 suavem
2104 2888 2377 2957 semper
2413 2867 2673 2938 habens

114 2956 207 3025 de
260 2956 345 3023 iis
390 2978 566 3043 quae
617 2959 730 3027 Dei
781 2971 964 3037 sunt,
1022 2958 1120 3027 vel
1172 2957 1658 3027 allocutionem
1710 2956 1809 3027 vel
1853 2955 2288 3027 collationem
2325 2952 2670 3025 fraternae·

117 3058 187 3114 et
227 3044 643 3115 domesticae
683 3046 1199 3118 familiaritatis.
2593 3122 2606 3139 ,

209 3136 249 3221 ξ
302 3138 455 3207 84.
510 3136 835 3208 Novimus
883 3156 1157 3222 quoque
1204 3154 1387 3216 eum,
1441 3156 1481 3204 a
1525 3133 1670 3205 suis
1710 3133 2141 3204 charissimis
2172 3130 2525 3204 literarum
2568 3134 2672 3202 in-

118 3236 498 3294 tercessum
551 3224 737 3312 apud
789 3224 1002 3295 seculi
1035 3234 1401 3324 potestates
1435 3222 1883 3315 postulatum,
1927 3244 2059 3292 non
2097 3221 2393 3303 dedisse,
2432 3222 2666 3292 dicen-

118 3327 285 3392 tem,
339 3310 705 3400 cujusdam
757 3313 1090 3402 sapientis
1123 3311 1527 3381 servandam
1568 3333 1717 3381 esse
1758 3312 2193 3393 sententiam,
2231 3309 2316 3381 de
2342 3334 2479 3399 quo
2506 3310 2673 3383 scri-

120 3413 323 3492 ptum
373 3412 571 3480 esset,
625 3401 810 3487 quod
864 3399 1079 3469 multa
1127 3423 1294 3471 suae
1342 3399 1563 3470 famae
1609 3400 2184 3490 contemplatione
2234 3400 2480 3470 amicis
2530 3420 2665 3469 non

122 3489 612 3580 praestitisset:
650 3488 829 3558 Illud
862 3488 1316 3559 nibilominus
1352 3512 1557 3559 suum
1590 3488 1877 3567 addens,
1909 3489 2236 3576 quoniam
2268 3489 2675 3580 plerumque

122 3591 450 3668 potestas,
507 3599 683 3664 quae
721 3590 1038 3668 praestat,
1089 3578 1357 3670 premit.
1397 3583 1561 3648 Cum
1598 3599 1754 3647 vero
1788 3577 2351 3648 intercedendum
2387 3601 2537 3649 esse
2569 3598 2674 3648 ro—

170 3680 330 3737 atus
380 3666 673 3744 videbat,
731 3680 867 3736 tam
931 3667 994 3735 id
1062 3667 1343 3737 honeste
1405 3688 1483 3735 ac
1544 3679 1916 3757 temperate
1973 3666 2247 3757 agebat,⁸
2286 3680 2529 3737 utnon
2567 3686 2677 3735 so—

154 3777 271 3826 um
332 3776 667 3825 onerosus
714 3776 793 3825 ac
847 3756 1174 3828 molestus
1223 3779 1358 3826 non
1409 3755 1779 3839 videretur,
1833 3757 2280 3827 verumetiam
2332 3754 2677 3825 mirabilis

181 3938 243 3982 (nt
271 3937 500 3983 Libellus.
527 3935 577 3977 in
604 3944 699 3986 qno
729 3937 818 3977 nub
848 3937 1034 3977 Mento·
1058 3935 1200 3978 tinne
1220 3935 1418 3988 diget-it
1435 3930 1679 3977 Poltsidlu·
1699 3937 1949 3987 Epistola.
1967 3938 2211 3987 opusculo..
2228 3936 2413 3981 Libros.
2430 3935 2680 3975 Tractatio

130 3989 177 4030 8.
206 3990 469 4039 Augustini,
498 3987 740 4040 egregium
769 4001 791 4030 s
828 3991 1031 4031 bsidlum
1059 3991 1152 4031 ruit
1180 3992 1479 4031 secernendis
1512 3989 1731 4040 genuinis
1759 3992 1879 4031 tanti
1907 3993 2121 4033 Dect-oris
2151 3991 2342 4040 scriptu
2374 4001 2403 4029 a
2429 3990 2606 4038 spurii·
2634 3992 2682 4029 et

132 4040 467 4092 supponimus,
496 4041 610 4083 licet
637 4045 767 4093 aliqu
821 4042 1020 4085 minoris
1048 4045 1272 4084 momenti
1293 4041 1670 4093 praetermisisse
1691 4049 1980 4094 compertum
2000 4042 2087 4089 sita
2107 4046 2335 4094 quaedam
2356 4050 2467 4083 vcro
2487 4038 2538 4082 ln
2554 4043 2681 4081 lndi-
2765 4063 2768 4071 ν

132 4095 242 4135 culo
275 4095 507 4138 recensita
534 4098 730 4147 periero.
762 4098 980 4138 Omnium
1009 4100 1053 4138 S.
1081 4095 1333 4147 Augustini
1366 4098 1569 4158 Operum
1591 4099 1810 4139 collectio
1834 4099 1993 4139 lnboro
2010 4102 2061 4139 et
2081 4096 2238 4139 studio
2257 4095 2386 4139 editt
2406 4096 2678 4156 congregat.

90 4174 101 4187 .
132 4145 387 4195 Mam-inu.
414 4148 632 4190 undecim
659 4152 848 4191 constat
874 4161 1068 4200 magnae
1090 4152 1229 4192 molta
1247 4152 1570 4191 voluminlbus
1592 4150 1639 4192 in
1661 4150 1789 4193 folio.
1813 4152 1913 4193 Non
1934 4150 2046 4200 styli
2068 4153 2256 4201 quidem
2276 4152 2524 4191 venustate
2543 4151 2593 4188 et
2612 4158 2682 4189 m-

133 4203 256 4245 toro.
284 4203 367 4263 ned
393 4210 551 4245 rernm
581 4203 715 4254 copta
743 4206 792 4245 et
820 4202 1117 4245 tuot-tioni-
1145 4203 1469 4254 amplitudine.
1499 4203 1903 4256 interpretationis
1923 4202 2152 4250 acumine.
2171 4204 2512 4246 sententiarum
2531 4196 2682 4251 gravt-

136 4258 249 4299 tote.
278 4265 319 4295 οι
348 4256 461 4297 baec
489 4260 645 4299 omnia
664 4259 807 4299 simul
827 4260 1063 4310 expendas
1082 4261 1130 4298 et
1149 4259 1379 4305 contet-u,
1397 4268 1557 4300 omnen
1579 4259 1785 4300 onoco-
1803 4262 1852 4299 et
1869 4256 2064 4299 Latino·
2085 4260 2246 4299 Patres
2267 4259 2404 4307 longe
2425 4256 2683 4297 antecellit.

132 4311 207 4350 Du
224 4302 432 4351 nunnae
451 4314 729 4360 prunetum
747 4306 1198 4361 dogmatstummus
1219 4307 1267 4353 ln
1288 4308 1496 4353 Ecclesia
1514 4313 1739 4362 mugister
1757 4312 2017 4357 mutatui-3
2037 4310 2382 4363 Theologorum
2399 4309 2537 4369 facua
2557 4307 2684 4358 prin·

130 4371 267 4412 ecps.
294 4361 617 4421 &huomini-0
648 4364 782 4407 nidu-
808 4366 1125 4416 ptnfflgens.
1141 4368 1393 4406 univero-0
1413 4363 1521 4407 fidei
1540 4368 1589 4406 et
1609 4375 1798 4407 morum
1827 4364 2084 4412 doctrin-e.
2102 4364 2386 4415 eloquentia.
2403 4363 2687 4410 eruditione.

130 4417 419 4458 auctoritate
440 4418 623 4460 obtinet
640 4416 918 4469 primatumz
936 4416 1191 4461 haereticis
1210 4420 1586 4469 quibuscumque
1605 4416 1901 4461 debellandis
1920 4416 2136 4460 victricis
2154 4429 2286 4460 armo
2303 4415 2560 4459 ministrat..

302 4502 582 4559 surius·
608 4500 769 4562 Vitae
793 4502 904 4564 SS.
923 4531 951 4548 ·
970 4502 1096 4562 Vol.
1138 4499 1292 4561 vm.
2441 4498 2523 4560 44
