<?xml version="1.0" encoding="UTF-8"?>
<!DOCTYPE html PUBLIC "-//W3C//DTD XHTML 1.0 Transitional//EN"
    "http://www.w3.org/TR/xhtml1/DTD/xhtml1-transitional.dtd">
<html xmlns="http://www.w3.org/1999/xhtml" xml:lang="en" lang="en">
 <head>
  <title>
</title>
<meta http-equiv="Content-Type" content="text/html;charset=utf-8" />
  <meta name='ocr-system' content='tesseract 3.04.00' />
  <meta name='ocr-capabilities' content='ocr_page ocr_carea ocr_par ocr_line ocrx_word'/>
</head>
<body>
  <div class='ocr_page' id='page_1' title='image "./historiaeseuvit01lippgoog_0815.png"; bbox 0 0 3308 5004; ppageno 0'>
   <div class='ocr_carea' id='block_1_1' title="bbox 151 357 2604 426">
    <p class='ocr_par' dir='ltr' id='par_1_1' title="bbox 151 357 2604 426">
     <span class='ocr_line' id='line_1_1' title="bbox 151 357 2604 426; baseline -0.001 -1"><span class='ocrx_word' id='word_1_1' title='bbox 151 359 336 425; x_wconf 77' lang='lat' dir='ltr'>AUG.</span> <span class='ocrx_word' id='word_1_2' title='bbox 392 359 481 425; x_wconf 81' lang='lat'>29</span> <span class='ocrx_word' id='word_1_3' title='bbox 745 377 814 425; x_wconf 79' lang='lat' dir='ltr'>m</span> <span class='ocrx_word' id='word_1_4' title='bbox 859 377 1054 425; x_wconf 77' lang='lat' dir='ltr'>mro</span> <span class='ocrx_word' id='word_1_5' title='bbox 1099 375 1445 426; x_wconf 61' lang='lat' dir='ltr'>uncorum.</span> <span class='ocrx_word' id='word_1_6' title='bbox 1498 376 1554 424; x_wconf 85' lang='lat' dir='ltr'>S.</span> <span class='ocrx_word' id='word_1_7' title='bbox 1597 373 1826 423; x_wconf 66' lang='lat' dir='ltr'>somn.</span> <span class='ocrx_word' id='word_1_8' title='bbox 1877 373 2058 422; x_wconf 58' lang='lat' dir='ltr'>narr.</span> <span class='ocrx_word' id='word_1_9' title='bbox 2486 357 2604 423; x_wconf 71' lang='lat'>73⁴</span> 
     </span>
    </p>
   </div>
   <div class='ocr_carea' id='block_1_2' title="bbox 133 456 2707 4525">
    <p class='ocr_par' dir='ltr' id='par_1_2' title="bbox 145 456 2707 1863">
     <span class='ocr_line' id='line_1_2' title="bbox 145 456 2697 551; baseline -0.001 -20"><span class='ocrx_word' id='word_1_10' title='bbox 145 475 209 531; x_wconf 92' lang='lat' dir='ltr'>et</span> <span class='ocrx_word' id='word_1_11' title='bbox 261 462 477 532; x_wconf 88' lang='lat' dir='ltr'>nubes</span> <span class='ocrx_word' id='word_1_12' title='bbox 507 459 815 547; x_wconf 89' lang='lat' dir='ltr'>quidem,</span> <span class='ocrx_word' id='word_1_13' title='bbox 870 482 1047 548; x_wconf 89' lang='lat' dir='ltr'>quae</span> <span class='ocrx_word' id='word_1_14' title='bbox 1098 461 1490 551; x_wconf 87' lang='lat' dir='ltr'>interjectae</span> <span class='ocrx_word' id='word_1_15' title='bbox 1520 458 1829 528; x_wconf 89' lang='lat' dir='ltr'>animam</span> <span class='ocrx_word' id='word_1_16' title='bbox 1880 456 2297 548; x_wconf 87' lang='lat' dir='ltr'>impediunt,</span> <span class='ocrx_word' id='word_1_17' title='bbox 2351 458 2509 547; x_wconf 87' lang='lat' dir='ltr'>ejus</span> <span class='ocrx_word' id='word_1_18' title='bbox 2552 457 2697 541; x_wconf 88' lang='lat' dir='ltr'>illa,</span> 
     </span>
     <span class='ocr_line' id='line_1_3' title="bbox 147 547 2699 641; baseline -0 -22"><span class='ocrx_word' id='word_1_19' title='bbox 147 571 322 637; x_wconf 88' lang='lat' dir='ltr'>quae</span> <span class='ocrx_word' id='word_1_20' title='bbox 371 550 825 641; x_wconf 67' lang='lat' dir='ltr'>intelligentia</span> <span class='ocrx_word' id='word_1_21' title='bbox 875 549 1279 639; x_wconf 81' lang='lat' dir='ltr'>percipitur,</span> <span class='ocrx_word' id='word_1_22' title='bbox 1317 548 1835 619; x_wconf 81' lang='lat' dir='ltr'>illuminatione</span> <span class='ocrx_word' id='word_1_23' title='bbox 1880 547 2208 617; x_wconf 89' lang='lat' dir='ltr'>discutiat</span> <span class='ocrx_word' id='word_1_24' title='bbox 2245 559 2311 617; x_wconf 89' lang='lat' dir='ltr'>et</span> <span class='ocrx_word' id='word_1_25' title='bbox 2344 547 2699 618; x_wconf 78' lang='lat' dir='ltr'>dissolvat:</span> 
     </span>
     <span class='ocr_line' id='line_1_4' title="bbox 151 635 2706 727; baseline 0 -19"><span class='ocrx_word' id='word_1_26' title='bbox 151 638 360 709; x_wconf 78' lang='lat' dir='ltr'>alacri</span> <span class='ocrx_word' id='word_1_27' title='bbox 407 650 635 708; x_wconf 87' lang='lat' dir='ltr'>autem</span> <span class='ocrx_word' id='word_1_28' title='bbox 693 638 862 727; x_wconf 90' lang='lat' dir='ltr'>pede</span> <span class='ocrx_word' id='word_1_29' title='bbox 890 650 956 708; x_wconf 89' lang='lat' dir='ltr'>et</span> <span class='ocrx_word' id='word_1_30' title='bbox 1002 638 1349 709; x_wconf 87' lang='lat' dir='ltr'>exultante</span> <span class='ocrx_word' id='word_1_31' title='bbox 1383 660 1416 707; x_wconf 91' lang='lat' dir='ltr'>s</span> <span class='ocrx_word' id='word_1_32' title='bbox 1472 637 1661 718; x_wconf 91' lang='lat' dir='ltr'>iritu,</span> <span class='ocrx_word' id='word_1_33' title='bbox 1693 635 1777 706; x_wconf 90' lang='lat' dir='ltr'>ad</span> <span class='ocrx_word' id='word_1_34' title='bbox 1822 657 1924 717; x_wconf 90' lang='lat' dir='ltr'>ea,</span> <span class='ocrx_word' id='word_1_35' title='bbox 1969 657 2147 723; x_wconf 90' lang='lat' dir='ltr'>quae</span> <span class='ocrx_word' id='word_1_36' title='bbox 2185 647 2350 706; x_wconf 81' lang='lat' dir='ltr'>sunt</span> <span class='ocrx_word' id='word_1_37' title='bbox 2395 635 2496 706; x_wconf 84' lang='lat' dir='ltr'>vel</span> <span class='ocrx_word' id='word_1_38' title='bbox 2532 637 2706 727; x_wconf 89' lang='lat' dir='ltr'>ipsis</span> 
     </span>
     <span class='ocr_line' id='line_1_5' title="bbox 151 724 2707 819; baseline -0.002 -22"><span class='ocrx_word' id='word_1_39' title='bbox 151 728 422 819; x_wconf 78' lang='lat' dir='ltr'>Angelis</span> <span class='ocrx_word' id='word_1_40' title='bbox 469 727 1008 807; x_wconf 89' lang='lat' dir='ltr'>desiderabilia,.</span> <span class='ocrx_word' id='word_1_41' title='bbox 1041 728 1365 817; x_wconf 85' lang='lat' dir='ltr'>mysteria</span> <span class='ocrx_word' id='word_1_42' title='bbox 1442 727 1712 796; x_wconf 87' lang='lat' dir='ltr'>estinet.</span> <span class='ocrx_word' id='word_1_43' title='bbox 1748 730 1891 794; x_wconf 90' lang='lat' dir='ltr'>Hoc</span> <span class='ocrx_word' id='word_1_44' title='bbox 1938 736 2040 794; x_wconf 86' lang='lat' dir='ltr'>est</span> <span class='ocrx_word' id='word_1_45' title='bbox 2085 725 2270 794; x_wconf 91' lang='lat' dir='ltr'>enim</span> <span class='ocrx_word' id='word_1_46' title='bbox 2312 724 2563 794; x_wconf 90' lang='lat' dir='ltr'>festum</span> <span class='ocrx_word' id='word_1_47' title='bbox 2597 746 2707 795; x_wconf 79' lang='lat' dir='ltr'>cc-</span> 
     </span>
     <span class='ocr_line' id='line_1_6' title="bbox 154 812 2705 907; baseline -0.001 -21"><span class='ocrx_word' id='word_1_48' title='bbox 154 817 436 896; x_wconf 89' lang='lat' dir='ltr'>lebrare,</span> <span class='ocrx_word' id='word_1_49' title='bbox 491 829 767 907; x_wconf 87' lang='lat' dir='ltr'>paratos</span> <span class='ocrx_word' id='word_1_50' title='bbox 828 837 976 886; x_wconf 90' lang='lat' dir='ltr'>esse</span> <span class='ocrx_word' id='word_1_51' title='bbox 1025 814 1109 885; x_wconf 89' lang='lat' dir='ltr'>ad</span> <span class='ocrx_word' id='word_1_52' title='bbox 1146 828 1466 906; x_wconf 88' lang='lat' dir='ltr'>prompto</span> <span class='ocrx_word' id='word_1_53' title='bbox 1512 827 1579 884; x_wconf 86' lang='lat' dir='ltr'>et</span> <span class='ocrx_word' id='word_1_54' title='bbox 1625 813 1840 884; x_wconf 85' lang='lat' dir='ltr'>alacri</span> <span class='ocrx_word' id='word_1_55' title='bbox 1889 812 2126 883; x_wconf 90' lang='lat' dir='ltr'>animo</span> <span class='ocrx_word' id='word_1_56' title='bbox 2190 812 2705 883; x_wconf 90' lang='lat' dir='ltr'>occurrendum</span> 
     </span>
     <span class='ocr_line' id='line_1_7' title="bbox 156 901 2706 992; baseline -0.001 -19"><span class='ocrx_word' id='word_1_57' title='bbox 156 907 240 976; x_wconf 86' lang='lat' dir='ltr'>iis</span> <span class='ocrx_word' id='word_1_58' title='bbox 282 926 459 992; x_wconf 89' lang='lat' dir='ltr'>quae</span> <span class='ocrx_word' id='word_1_59' title='bbox 506 915 670 974; x_wconf 89' lang='lat' dir='ltr'>sunt</span> <span class='ocrx_word' id='word_1_60' title='bbox 718 904 1161 986; x_wconf 85' lang='lat' dir='ltr'>venerabilia,</span> <span class='ocrx_word' id='word_1_61' title='bbox 1214 917 1279 974; x_wconf 94' lang='lat' dir='ltr'>et</span> <span class='ocrx_word' id='word_1_62' title='bbox 1311 905 1739 974; x_wconf 87' lang='lat' dir='ltr'>extrinsecus</span> <span class='ocrx_word' id='word_1_63' title='bbox 1787 901 2035 992; x_wconf 85' lang='lat' dir='ltr'>figuris</span> <span class='ocrx_word' id='word_1_64' title='bbox 2081 913 2146 971; x_wconf 92' lang='lat' dir='ltr'>et</span> <span class='ocrx_word' id='word_1_65' title='bbox 2195 901 2497 972; x_wconf 88' lang='lat' dir='ltr'>motibus</span> <span class='ocrx_word' id='word_1_66' title='bbox 2543 901 2706 971; x_wconf 90' lang='lat' dir='ltr'>fidei</span> 
     </span>
     <span class='ocr_line' id='line_1_8' title="bbox 155 989 2706 1080; baseline -0.001 -18"><span class='ocrx_word' id='word_1_67' title='bbox 155 1007 218 1063; x_wconf 90' lang='lat' dir='ltr'>et</span> <span class='ocrx_word' id='word_1_68' title='bbox 263 993 644 1063; x_wconf 84' lang='lat' dir='ltr'>affectionis</span> <span class='ocrx_word' id='word_1_69' title='bbox 678 992 1028 1063; x_wconf 88' lang='lat' dir='ltr'>internum</span> <span class='ocrx_word' id='word_1_70' title='bbox 1078 992 1392 1063; x_wconf 90' lang='lat' dir='ltr'>ardorem</span> <span class='ocrx_word' id='word_1_71' title='bbox 1448 990 1828 1063; x_wconf 78' lang='lat' dir='ltr'>ostendere.</span> <span class='ocrx_word' id='word_1_72' title='bbox 1881 991 2008 1061; x_wconf 90' lang='lat' dir='ltr'>Hic</span> <span class='ocrx_word' id='word_1_73' title='bbox 2064 1012 2228 1080; x_wconf 86' lang='lat' dir='ltr'>ergo</span> <span class='ocrx_word' id='word_1_74' title='bbox 2284 990 2456 1060; x_wconf 90' lang='lat' dir='ltr'>mihi</span> <span class='ocrx_word' id='word_1_75' title='bbox 2523 989 2706 1060; x_wconf 90' lang='lat' dir='ltr'>adsit</span> 
     </span>
     <span class='ocr_line' id='line_1_9' title="bbox 149 1078 2696 1169; baseline -0.001 -19"><span class='ocrx_word' id='word_1_76' title='bbox 149 1083 374 1160; x_wconf 87' lang='lat' dir='ltr'>omnis</span> <span class='ocrx_word' id='word_1_77' title='bbox 422 1081 592 1152; x_wconf 92' lang='lat' dir='ltr'>ordo</span> <span class='ocrx_word' id='word_1_78' title='bbox 639 1103 903 1164; x_wconf 88' lang='lat' dir='ltr'>eorum,</span> <span class='ocrx_word' id='word_1_79' title='bbox 952 1081 1074 1169; x_wconf 91' lang='lat' dir='ltr'>qui</span> <span class='ocrx_word' id='word_1_80' title='bbox 1109 1095 1273 1152; x_wconf 90' lang='lat' dir='ltr'>sunt</span> <span class='ocrx_word' id='word_1_81' title='bbox 1321 1081 1701 1151; x_wconf 86' lang='lat' dir='ltr'>honorifice</span> <span class='ocrx_word' id='word_1_82' title='bbox 1734 1081 1803 1149; x_wconf 89' lang='lat' dir='ltr'>in</span> <span class='ocrx_word' id='word_1_83' title='bbox 1836 1078 2141 1161; x_wconf 71' lang='lat' dir='ltr'>excelsis</span> <span class='ocrx_word' id='word_1_84' title='bbox 2173 1079 2416 1150; x_wconf 89' lang='lat' dir='ltr'>remoti</span> <span class='ocrx_word' id='word_1_85' title='bbox 2463 1101 2504 1148; x_wconf 91' lang='lat' dir='ltr'>a</span> <span class='ocrx_word' id='word_1_86' title='bbox 2552 1100 2696 1148; x_wconf 89' lang='lat' dir='ltr'>ma-</span> 
     </span>
     <span class='ocr_line' id='line_1_10' title="bbox 154 1167 2704 1259; baseline -0.002 -19"><span class='ocrx_word' id='word_1_87' title='bbox 154 1171 344 1251; x_wconf 88' lang='lat' dir='ltr'>teria,</span> <span class='ocrx_word' id='word_1_88' title='bbox 388 1182 454 1241; x_wconf 92' lang='lat' dir='ltr'>et</span> <span class='ocrx_word' id='word_1_89' title='bbox 499 1192 736 1240; x_wconf 89' lang='lat' dir='ltr'>eorum</span> <span class='ocrx_word' id='word_1_90' title='bbox 796 1171 916 1257; x_wconf 89' lang='lat' dir='ltr'>qui</span> <span class='ocrx_word' id='word_1_91' title='bbox 966 1184 1129 1241; x_wconf 89' lang='lat' dir='ltr'>sunt</span> <span class='ocrx_word' id='word_1_92' title='bbox 1157 1170 1388 1240; x_wconf 87' lang='lat' dir='ltr'>adhuc</span> <span class='ocrx_word' id='word_1_93' title='bbox 1435 1170 1564 1241; x_wconf 87' lang='lat' dir='ltr'>hoc</span> <span class='ocrx_word' id='word_1_94' title='bbox 1594 1168 2008 1239; x_wconf 82' lang='lat' dir='ltr'>circumdati</span> <span class='ocrx_word' id='word_1_95' title='bbox 2059 1167 2375 1259; x_wconf 86' lang='lat' dir='ltr'>pulvere·</span> <span class='ocrx_word' id='word_1_96' title='bbox 2420 1180 2485 1238; x_wconf 92' lang='lat' dir='ltr'>et</span> <span class='ocrx_word' id='word_1_97' title='bbox 2515 1189 2704 1237; x_wconf 91' lang='lat' dir='ltr'>com-</span> 
     </span>
     <span class='ocr_line' id='line_1_11' title="bbox 149 1256 2703 1360; baseline -0.001 -32"><span class='ocrx_word' id='word_1_98' title='bbox 149 1261 347 1330; x_wconf 87' lang='lat' dir='ltr'>muni</span> <span class='ocrx_word' id='word_1_99' title='bbox 395 1271 708 1330; x_wconf 84' lang='lat' dir='ltr'>contexta</span> <span class='ocrx_word' id='word_1_100' title='bbox 754 1259 1053 1340; x_wconf 71' lang='lat' dir='ltr'>chorea,</span> <span class='ocrx_word' id='word_1_101' title='bbox 1110 1259 1538 1329; x_wconf 88' lang='lat' dir='ltr'>luminosum</span> <span class='ocrx_word' id='word_1_102' title='bbox 1589 1273 1657 1328; x_wconf 96' lang='lat' dir='ltr'>et</span> <span class='ocrx_word' id='word_1_103' title='bbox 1714 1278 2047 1360; x_wconf 83' lang='lat' dir='ltr'>perquam</span> <span class='ocrx_word' id='word_1_104' title='bbox 2114 1256 2382 1327; x_wconf 91' lang='lat' dir='ltr'>clarum</span> <span class='ocrx_word' id='word_1_105' title='bbox 2445 1256 2703 1326; x_wconf 91' lang='lat' dir='ltr'>consti—</span> 
     </span>
     <span class='ocr_line' id='line_1_12' title="bbox 150 1345 2703 1435; baseline -0.001 -18"><span class='ocrx_word' id='word_1_106' title='bbox 150 1362 428 1419; x_wconf 88' lang='lat' dir='ltr'>tuamus</span> <span class='ocrx_word' id='word_1_107' title='bbox 479 1349 846 1428; x_wconf 78' lang='lat' dir='ltr'>theatrum,</span> <span class='ocrx_word' id='word_1_108' title='bbox 876 1371 956 1418; x_wconf 92' lang='lat' dir='ltr'>eo</span> <span class='ocrx_word' id='word_1_109' title='bbox 1003 1347 1181 1418; x_wconf 88' lang='lat' dir='ltr'>duce</span> <span class='ocrx_word' id='word_1_110' title='bbox 1218 1360 1508 1428; x_wconf 89' lang='lat' dir='ltr'>utentes,</span> <span class='ocrx_word' id='word_1_111' title='bbox 1542 1348 1661 1435; x_wconf 89' lang='lat' dir='ltr'>qui</span> <span class='ocrx_word' id='word_1_112' title='bbox 1715 1361 1892 1416; x_wconf 79' lang='lat' dir='ltr'>inter</span> <span class='ocrx_word' id='word_1_113' title='bbox 1941 1361 2136 1416; x_wconf 91' lang='lat' dir='ltr'>natos</span> <span class='ocrx_word' id='word_1_114' title='bbox 2188 1345 2557 1416; x_wconf 87' lang='lat' dir='ltr'>mulierum</span> <span class='ocrx_word' id='word_1_115' title='bbox 2599 1357 2703 1415; x_wconf 89' lang='lat' dir='ltr'>est</span> 
     </span>
     <span class='ocr_line' id='line_1_13' title="bbox 149 1434 2704 1525; baseline -0.002 -18"><span class='ocrx_word' id='word_1_116' title='bbox 149 1438 518 1507; x_wconf 86' lang='lat' dir='ltr'>maximus.</span> <span class='ocrx_word' id='word_1_117' title='bbox 564 1441 731 1507; x_wconf 86' lang='lat' dir='ltr'>Nam</span> <span class='ocrx_word' id='word_1_118' title='bbox 781 1438 909 1506; x_wconf 90' lang='lat' dir='ltr'>etsi</span> <span class='ocrx_word' id='word_1_119' title='bbox 957 1436 1306 1506; x_wconf 79' lang='lat' dir='ltr'>humanae</span> <span class='ocrx_word' id='word_1_120' title='bbox 1346 1450 1630 1506; x_wconf 89' lang='lat' dir='ltr'>naturae</span> <span class='ocrx_word' id='word_1_121' title='bbox 1664 1435 2018 1525; x_wconf 79' lang='lat' dir='ltr'>superavit</span> <span class='ocrx_word' id='word_1_122' title='bbox 2065 1434 2396 1505; x_wconf 87' lang='lat' dir='ltr'>terminos</span> <span class='ocrx_word' id='word_1_123' title='bbox 2450 1454 2567 1523; x_wconf 87' lang='lat' dir='ltr'>per</span> <span class='ocrx_word' id='word_1_124' title='bbox 2601 1434 2704 1502; x_wconf 87' lang='lat' dir='ltr'>vi-</span> 
     </span>
     <span class='ocr_line' id='line_1_14' title="bbox 148 1524 2701 1614; baseline -0.001 -19"><span class='ocrx_word' id='word_1_125' title='bbox 148 1538 284 1596; x_wconf 87' lang='lat' dir='ltr'>tam</span> <span class='ocrx_word' id='word_1_126' title='bbox 335 1549 372 1596; x_wconf 89' lang='lat' dir='ltr'>a</span> <span class='ocrx_word' id='word_1_127' title='bbox 421 1547 629 1595; x_wconf 92' lang='lat' dir='ltr'>carne</span> <span class='ocrx_word' id='word_1_128' title='bbox 676 1539 741 1594; x_wconf 91' lang='lat' dir='ltr'>et</span> <span class='ocrx_word' id='word_1_129' title='bbox 788 1546 1073 1614; x_wconf 92' lang='lat' dir='ltr'>corpore</span> <span class='ocrx_word' id='word_1_130' title='bbox 1112 1524 1435 1605; x_wconf 87' lang='lat' dir='ltr'>alienam,</span> <span class='ocrx_word' id='word_1_131' title='bbox 1488 1537 1567 1596; x_wconf 91' lang='lat' dir='ltr'>ut</span> <span class='ocrx_word' id='word_1_132' title='bbox 1612 1524 1734 1612; x_wconf 91' lang='lat' dir='ltr'>qui</span> <span class='ocrx_word' id='word_1_133' title='bbox 1772 1538 1998 1594; x_wconf 88' lang='lat' dir='ltr'>tamen</span> <span class='ocrx_word' id='word_1_134' title='bbox 2050 1537 2443 1593; x_wconf 89' lang='lat' dir='ltr'>nostrarum</span> <span class='ocrx_word' id='word_1_135' title='bbox 2497 1536 2701 1592; x_wconf 89' lang='lat' dir='ltr'>natu-</span> 
     </span>
     <span class='ocr_line' id='line_1_15' title="bbox 148 1608 2700 1705; baseline -0.002 -21"><span class='ocrx_word' id='word_1_136' title='bbox 148 1615 398 1684; x_wconf 89' lang='lat' dir='ltr'>ralium</span> <span class='ocrx_word' id='word_1_137' title='bbox 437 1614 780 1705; x_wconf 82' lang='lat' dir='ltr'>particeps</span> <span class='ocrx_word' id='word_1_138' title='bbox 819 1614 949 1683; x_wconf 86' lang='lat' dir='ltr'>suit</span> <span class='ocrx_word' id='word_1_139' title='bbox 985 1614 1503 1704; x_wconf 81' lang='lat' dir='ltr'>proprietatum,</span> <span class='ocrx_word' id='word_1_140' title='bbox 1544 1613 1838 1683; x_wconf 89' lang='lat' dir='ltr'>laetatur</span> <span class='ocrx_word' id='word_1_141' title='bbox 1866 1613 2118 1683; x_wconf 89' lang='lat' dir='ltr'>nostris</span> <span class='ocrx_word' id='word_1_142' title='bbox 2148 1609 2232 1680; x_wconf 90' lang='lat' dir='ltr'>de</span> <span class='ocrx_word' id='word_1_143' title='bbox 2262 1633 2335 1680; x_wconf 92' lang='lat' dir='ltr'>se</span> <span class='ocrx_word' id='word_1_144' title='bbox 2375 1608 2700 1680; x_wconf 88' lang='lat' dir='ltr'>laudibus</span> 
     </span>
     <span class='ocr_line' id='line_1_16' title="bbox 146 1701 2698 1793; baseline -0.002 -20"><span class='ocrx_word' id='word_1_145' title='bbox 146 1718 210 1773; x_wconf 89' lang='lat' dir='ltr'>et</span> <span class='ocrx_word' id='word_1_146' title='bbox 256 1703 882 1784; x_wconf 80' lang='lat' dir='ltr'>celebrationibuS,</span> <span class='ocrx_word' id='word_1_147' title='bbox 936 1716 998 1772; x_wconf 89' lang='lat' dir='ltr'>et</span> <span class='ocrx_word' id='word_1_148' title='bbox 1070 1703 1319 1771; x_wconf 87' lang='lat' dir='ltr'>bonam</span> <span class='ocrx_word' id='word_1_149' title='bbox 1392 1702 1746 1793; x_wconf 89' lang='lat' dir='ltr'>accipiens</span> <span class='ocrx_word' id='word_1_150' title='bbox 1817 1701 2283 1781; x_wconf 85' lang='lat' dir='ltr'>voluntatem,</span> <span class='ocrx_word' id='word_1_151' title='bbox 2340 1701 2698 1788; x_wconf 83' lang='lat' dir='ltr'>copiosam</span> 
     </span>
     <span class='ocr_line' id='line_1_17' title="bbox 145 1791 1200 1863; baseline -0.004 0"><span class='ocrx_word' id='word_1_152' title='bbox 145 1796 504 1863; x_wconf 80' lang='lat' dir='ltr'>remetitur</span> <span class='ocrx_word' id='word_1_153' title='bbox 552 1791 1200 1862; x_wconf 86' lang='lat' dir='ltr'>remunerationem.</span> 
     </span>
    </p>

    <p class='ocr_par' dir='ltr' id='par_1_3' title="bbox 139 1876 2702 3213">
     <span class='ocr_line' id='line_1_18' title="bbox 233 1876 2690 1970; baseline -0.003 -17"><span class='ocrx_word' id='word_1_154' title='bbox 233 1884 269 1968; x_wconf 69' lang='grc' dir='ltr'>ξ</span> <span class='ocrx_word' id='word_1_155' title='bbox 317 1886 412 1953; x_wconf 75' lang='lat'>8.</span> <span class='ocrx_word' id='word_1_156' title='bbox 465 1885 812 1951; x_wconf 87' lang='lat' dir='ltr'>Caeterum</span> <span class='ocrx_word' id='word_1_157' title='bbox 864 1879 1018 1967; x_wconf 88' lang='lat' dir='ltr'>ejus</span> <span class='ocrx_word' id='word_1_158' title='bbox 1064 1878 1344 1967; x_wconf 89' lang='lat' dir='ltr'>quidem</span> <span class='ocrx_word' id='word_1_159' title='bbox 1408 1891 1821 1970; x_wconf 91' lang='lat' dir='ltr'>conceptum</span> <span class='ocrx_word' id='word_1_160' title='bbox 1871 1892 1942 1949; x_wconf 90' lang='lat' dir='ltr'>et</span> <span class='ocrx_word' id='word_1_161' title='bbox 1985 1890 2261 1957; x_wconf 91' lang='lat' dir='ltr'>ortum,</span> <span class='ocrx_word' id='word_1_162' title='bbox 2317 1888 2383 1945; x_wconf 91' lang='lat' dir='ltr'>et</span> <span class='ocrx_word' id='word_1_163' title='bbox 2433 1876 2690 1957; x_wconf 89' lang='lat' dir='ltr'>vitam,</span> 
     </span>
     <span class='ocr_line' id='line_1_19' title="bbox 145 1965 2702 2060; baseline -0.002 -21"><span class='ocrx_word' id='word_1_164' title='bbox 145 1992 360 2057; x_wconf 88' lang='lat' dir='ltr'>quam</span> <span class='ocrx_word' id='word_1_165' title='bbox 402 1970 541 2060; x_wconf 85' lang='lat' dir='ltr'>egit</span> <span class='ocrx_word' id='word_1_166' title='bbox 588 1971 656 2039; x_wconf 94' lang='lat' dir='ltr'>in</span> <span class='ocrx_word' id='word_1_167' title='bbox 710 1968 1126 2048; x_wconf 89' lang='lat' dir='ltr'>solitudine,</span> <span class='ocrx_word' id='word_1_168' title='bbox 1189 1980 1256 2038; x_wconf 90' lang='lat' dir='ltr'>et</span> <span class='ocrx_word' id='word_1_169' title='bbox 1318 1969 1469 2057; x_wconf 90' lang='lat' dir='ltr'>ejus</span> <span class='ocrx_word' id='word_1_170' title='bbox 1518 1968 1600 2039; x_wconf 90' lang='lat' dir='ltr'>ad</span> <span class='ocrx_word' id='word_1_171' title='bbox 1671 1968 1995 2038; x_wconf 73' lang='lat' dir='ltr'>Israelem</span> <span class='ocrx_word' id='word_1_172' title='bbox 2069 1965 2531 2037; x_wconf 86' lang='lat' dir='ltr'>ostensionem</span> <span class='ocrx_word' id='word_1_173' title='bbox 2565 2019 2580 2045; x_wconf 92' lang='lat'>,</span> <span class='ocrx_word' id='word_1_174' title='bbox 2634 1976 2702 2034; x_wconf 92' lang='lat' dir='ltr'>et</span> 
     </span>
     <span class='ocr_line' id='line_1_20' title="bbox 145 2053 2699 2148; baseline -0 -25"><span class='ocrx_word' id='word_1_175' title='bbox 145 2058 527 2128; x_wconf 86' lang='lat' dir='ltr'>veridicum</span> <span class='ocrx_word' id='word_1_176' title='bbox 579 2058 1077 2138; x_wconf 88' lang='lat' dir='ltr'>testimonium,</span> <span class='ocrx_word' id='word_1_177' title='bbox 1133 2078 1255 2146; x_wconf 92' lang='lat' dir='ltr'>per</span> <span class='ocrx_word' id='word_1_178' title='bbox 1282 2056 1464 2144; x_wconf 91' lang='lat' dir='ltr'>quod</span> <span class='ocrx_word' id='word_1_179' title='bbox 1509 2058 1621 2127; x_wconf 87' lang='lat' dir='ltr'>Dei</span> <span class='ocrx_word' id='word_1_180' title='bbox 1668 2062 1933 2148; x_wconf 81' lang='lat' dir='ltr'>Agnum</span> <span class='ocrx_word' id='word_1_181' title='bbox 1978 2054 2299 2135; x_wconf 85' lang='lat' dir='ltr'>ostendit,</span> <span class='ocrx_word' id='word_1_182' title='bbox 2351 2066 2417 2123; x_wconf 92' lang='lat' dir='ltr'>et</span> <span class='ocrx_word' id='word_1_183' title='bbox 2465 2053 2699 2143; x_wconf 91' lang='lat' dir='ltr'>ipsum</span> 
     </span>
     <span class='ocr_line' id='line_1_21' title="bbox 153 2143 2699 2241; baseline -0.002 -26"><span class='ocrx_word' id='word_1_184' title='bbox 153 2148 457 2235; x_wconf 89' lang='lat' dir='ltr'>primum</span> <span class='ocrx_word' id='word_1_185' title='bbox 515 2160 580 2216; x_wconf 92' lang='lat' dir='ltr'>et</span> <span class='ocrx_word' id='word_1_186' title='bbox 629 2159 858 2237; x_wconf 87' lang='lat' dir='ltr'>postea</span> <span class='ocrx_word' id='word_1_187' title='bbox 910 2146 1289 2217; x_wconf 90' lang='lat' dir='ltr'>venientem</span> <span class='ocrx_word' id='word_1_188' title='bbox 1342 2168 1464 2237; x_wconf 89' lang='lat' dir='ltr'>per</span> <span class='ocrx_word' id='word_1_189' title='bbox 1486 2146 1815 2241; x_wconf 26' lang='lat' dir='ltr'>„divinam</span> <span class='ocrx_word' id='word_1_190' title='bbox 1869 2145 2380 2223; x_wconf 88' lang='lat' dir='ltr'>auctoritatem,</span> <span class='ocrx_word' id='word_1_191' title='bbox 2451 2157 2516 2212; x_wconf 89' lang='lat' dir='ltr'>et</span> <span class='ocrx_word' id='word_1_192' title='bbox 2567 2143 2699 2212; x_wconf 90' lang='lat' dir='ltr'>hu-</span> 
     </span>
     <span class='ocr_line' id='line_1_22' title="bbox 145 2231 2694 2326; baseline -0.002 -22"><span class='ocrx_word' id='word_1_193' title='bbox 145 2243 422 2305; x_wconf 53' lang='lat' dir='ltr'>man‘ae&#39;</span> <span class='ocrx_word' id='word_1_194' title='bbox 467 2248 755 2305; x_wconf 86' lang='lat' dir='ltr'>naturae</span> <span class='ocrx_word' id='word_1_195' title='bbox 810 2235 1294 2326; x_wconf 82' lang='lat' dir='ltr'>pronunciavit</span> <span class='ocrx_word' id='word_1_196' title='bbox 1362 2235 1915 2324; x_wconf 88' lang='lat' dir='ltr'>susceptionem:</span> <span class='ocrx_word' id='word_1_197' title='bbox 1978 2246 2044 2302; x_wconf 89' lang='lat' dir='ltr'>et</span> <span class='ocrx_word' id='word_1_198' title='bbox 2106 2231 2694 2320; x_wconf 88' lang='lat' dir='ltr'>quemadmodum</span> 
     </span>
     <span class='ocr_line' id='line_1_23' title="bbox 147 2318 2700 2411; baseline -0.002 -17"><span class='ocrx_word' id='word_1_199' title='bbox 147 2346 231 2394; x_wconf 87' lang='lat' dir='ltr'>ex</span> <span class='ocrx_word' id='word_1_200' title='bbox 280 2324 419 2394; x_wconf 89' lang='lat' dir='ltr'>alto</span> <span class='ocrx_word' id='word_1_201' title='bbox 464 2336 745 2395; x_wconf 86' lang='lat' dir='ltr'>vocatus</span> <span class='ocrx_word' id='word_1_202' title='bbox 794 2324 977 2393; x_wconf 83' lang='lat' dir='ltr'>venit</span> <span class='ocrx_word' id='word_1_203' title='bbox 1013 2322 1109 2393; x_wconf 81' lang='lat' dir='ltr'>ad</span> <span class='ocrx_word' id='word_1_204' title='bbox 1158 2322 1562 2406; x_wconf 82' lang='lat' dir='ltr'>Jordanem‚</span> <span class='ocrx_word' id='word_1_205' title='bbox 1614 2336 1683 2393; x_wconf 95' lang='lat' dir='ltr'>et</span> <span class='ocrx_word' id='word_1_206' title='bbox 1727 2345 1886 2393; x_wconf 89' lang='lat' dir='ltr'>cum</span> <span class='ocrx_word' id='word_1_207' title='bbox 1925 2343 2208 2411; x_wconf 89' lang='lat' dir='ltr'>purum,</span> <span class='ocrx_word' id='word_1_208' title='bbox 2261 2333 2327 2388; x_wconf 89' lang='lat' dir='ltr'>et</span> <span class='ocrx_word' id='word_1_209' title='bbox 2373 2318 2460 2388; x_wconf 86' lang='lat' dir='ltr'>ab</span> <span class='ocrx_word' id='word_1_210' title='bbox 2507 2319 2700 2388; x_wconf 89' lang='lat' dir='ltr'>omni</span> 
     </span>
     <span class='ocr_line' id='line_1_24' title="bbox 142 2406 2690 2513; baseline -0.002 -32"><span class='ocrx_word' id='word_1_211' title='bbox 142 2413 300 2483; x_wconf 89' lang='lat' dir='ltr'>labe</span> <span class='ocrx_word' id='word_1_212' title='bbox 340 2413 668 2494; x_wconf 90' lang='lat' dir='ltr'>alienum,</span> <span class='ocrx_word' id='word_1_213' title='bbox 720 2427 784 2482; x_wconf 92' lang='lat' dir='ltr'>et</span> <span class='ocrx_word' id='word_1_214' title='bbox 814 2413 1055 2499; x_wconf 86' lang='lat' dir='ltr'>quavis</span> <span class='ocrx_word' id='word_1_215' title='bbox 1106 2413 1514 2502; x_wconf 85' lang='lat' dir='ltr'>purgatione</span> <span class='ocrx_word' id='word_1_216' title='bbox 1572 2411 1999 2513; x_wconf 85' lang='lat' dir='ltr'>superiorem</span> <span class='ocrx_word' id='word_1_217' title='bbox 2065 2409 2515 2498; x_wconf 85' lang='lat' dir='ltr'>baptizasset,</span> <span class='ocrx_word' id='word_1_218' title='bbox 2572 2406 2690 2477; x_wconf 89' lang='lat' dir='ltr'>illo</span> 
     </span>
     <span class='ocr_line' id='line_1_25' title="bbox 140 2494 2691 2588; baseline -0.002 -16"><span class='ocrx_word' id='word_1_219' title='bbox 140 2515 464 2574; x_wconf 85' lang='lat' dir='ltr'>contactu</span> <span class='ocrx_word' id='word_1_220' title='bbox 489 2501 786 2573; x_wconf 85' lang='lat' dir='ltr'>ostendit</span> <span class='ocrx_word' id='word_1_221' title='bbox 832 2501 1087 2572; x_wconf 86' lang='lat' dir='ltr'>sontem</span> <span class='ocrx_word' id='word_1_222' title='bbox 1141 2499 1730 2578; x_wconf 78' lang='lat' dir='ltr'>sanctificationis,</span> <span class='ocrx_word' id='word_1_223' title='bbox 1765 2512 1831 2569; x_wconf 90' lang='lat' dir='ltr'>et</span> <span class='ocrx_word' id='word_1_224' title='bbox 1867 2521 2046 2588; x_wconf 90' lang='lat' dir='ltr'>quae</span> <span class='ocrx_word' id='word_1_225' title='bbox 2094 2496 2178 2567; x_wconf 92' lang='lat' dir='ltr'>de</span> <span class='ocrx_word' id='word_1_226' title='bbox 2213 2497 2363 2587; x_wconf 91' lang='lat' dir='ltr'>ipso</span> <span class='ocrx_word' id='word_1_227' title='bbox 2390 2494 2691 2578; x_wconf 67' lang='lat' dir='ltr'>ludaeis,</span> 
     </span>
     <span class='ocr_line' id='line_1_26' title="bbox 139 2585 2695 2682; baseline -0.003 -22"><span class='ocrx_word' id='word_1_228' title='bbox 139 2593 226 2673; x_wconf 87' lang='lat' dir='ltr'>is,</span> <span class='ocrx_word' id='word_1_229' title='bbox 261 2593 383 2681; x_wconf 92' lang='lat' dir='ltr'>qui</span> <span class='ocrx_word' id='word_1_230' title='bbox 432 2592 673 2662; x_wconf 86' lang='lat' dir='ltr'>suitab</span> <span class='ocrx_word' id='word_1_231' title='bbox 704 2592 855 2682; x_wconf 92' lang='lat' dir='ltr'>ipso</span> <span class='ocrx_word' id='word_1_232' title='bbox 905 2591 1314 2682; x_wconf 91' lang='lat' dir='ltr'>baptizatus,</span> <span class='ocrx_word' id='word_1_233' title='bbox 1355 2611 1474 2679; x_wconf 88' lang='lat' dir='ltr'>per</span> <span class='ocrx_word' id='word_1_234' title='bbox 1512 2588 1881 2659; x_wconf 87' lang='lat' dir='ltr'>arundinis</span> <span class='ocrx_word' id='word_1_235' title='bbox 1929 2601 1994 2658; x_wconf 97' lang='lat' dir='ltr'>et</span> <span class='ocrx_word' id='word_1_236' title='bbox 2047 2586 2361 2657; x_wconf 88' lang='lat' dir='ltr'>mollium</span> <span class='ocrx_word' id='word_1_237' title='bbox 2404 2585 2695 2655; x_wconf 86' lang='lat' dir='ltr'>vestium</span> 
     </span>
     <span class='ocr_line' id='line_1_27' title="bbox 139 2675 2697 2768; baseline -0.002 -20"><span class='ocrx_word' id='word_1_238' title='bbox 139 2683 441 2752; x_wconf 88' lang='lat' dir='ltr'>amictus</span> <span class='ocrx_word' id='word_1_239' title='bbox 477 2679 1036 2761; x_wconf 85' lang='lat' dir='ltr'>similitudinem,</span> <span class='ocrx_word' id='word_1_240' title='bbox 1072 2677 1155 2748; x_wconf 89' lang='lat' dir='ltr'>ad</span> <span class='ocrx_word' id='word_1_241' title='bbox 1194 2679 1344 2768; x_wconf 87' lang='lat' dir='ltr'>ejus</span> <span class='ocrx_word' id='word_1_242' title='bbox 1371 2677 1541 2747; x_wconf 82' lang='lat' dir='ltr'>dixit</span> <span class='ocrx_word' id='word_1_243' title='bbox 1573 2675 2242 2747; x_wconf 88' lang='lat' dir='ltr'>commendationem</span> <span class='ocrx_word' id='word_1_244' title='bbox 2274 2697 2288 2742; x_wconf 96' lang='lat'>:</span> <span class='ocrx_word' id='word_1_245' title='bbox 2342 2675 2492 2765; x_wconf 87' lang='lat' dir='ltr'>ejus</span> <span class='ocrx_word' id='word_1_246' title='bbox 2523 2675 2697 2743; x_wconf 90' lang='lat' dir='ltr'>vitae</span> 
     </span>
     <span class='ocr_line' id='line_1_28' title="bbox 141 2763 2694 2860; baseline -0.002 -23"><span class='ocrx_word' id='word_1_247' title='bbox 141 2791 183 2837; x_wconf 93' lang='lat' dir='ltr'>a</span> <span class='ocrx_word' id='word_1_248' title='bbox 235 2791 467 2839; x_wconf 88' lang='lat' dir='ltr'>rerum</span> <span class='ocrx_word' id='word_1_249' title='bbox 543 2770 1058 2860; x_wconf 85' lang='lat' dir='ltr'>superfluarum</span> <span class='ocrx_word' id='word_1_250' title='bbox 1121 2789 1292 2837; x_wconf 88' lang='lat' dir='ltr'>cura</span> <span class='ocrx_word' id='word_1_251' title='bbox 1337 2766 1823 2837; x_wconf 89' lang='lat' dir='ltr'>abhorrentem</span> <span class='ocrx_word' id='word_1_252' title='bbox 1898 2764 2439 2855; x_wconf 89' lang='lat' dir='ltr'>simplicitatem,</span> <span class='ocrx_word' id='word_1_253' title='bbox 2509 2776 2575 2831; x_wconf 95' lang='lat' dir='ltr'>et</span> <span class='ocrx_word' id='word_1_254' title='bbox 2624 2763 2694 2832; x_wconf 91' lang='lat' dir='ltr'>in</span> 
     </span>
     <span class='ocr_line' id='line_1_29' title="bbox 139 2850 2689 2939; baseline -0.001 -17"><span class='ocrx_word' id='word_1_255' title='bbox 139 2855 390 2926; x_wconf 81' lang='lat' dir='ltr'>virtute</span> <span class='ocrx_word' id='word_1_256' title='bbox 440 2857 831 2926; x_wconf 84' lang='lat' dir='ltr'>firmitatem</span> <span class='ocrx_word' id='word_1_257' title='bbox 883 2872 948 2927; x_wconf 89' lang='lat' dir='ltr'>et</span> <span class='ocrx_word' id='word_1_258' title='bbox 980 2855 1464 2935; x_wconf 88' lang='lat' dir='ltr'>constantiam,</span> <span class='ocrx_word' id='word_1_259' title='bbox 1516 2867 1582 2925; x_wconf 91' lang='lat' dir='ltr'>et</span> <span class='ocrx_word' id='word_1_260' title='bbox 1627 2875 1787 2924; x_wconf 91' lang='lat' dir='ltr'>eum</span> <span class='ocrx_word' id='word_1_261' title='bbox 1831 2855 2039 2923; x_wconf 85' lang='lat' dir='ltr'>veteri</span> <span class='ocrx_word' id='word_1_262' title='bbox 2073 2853 2256 2924; x_wconf 83' lang='lat' dir='ltr'>Rliae</span> <span class='ocrx_word' id='word_1_263' title='bbox 2306 2850 2689 2939; x_wconf 89' lang='lat' dir='ltr'>aequalem,</span> 
     </span>
     <span class='ocr_line' id='line_1_30' title="bbox 141 2940 2697 3034; baseline -0.001 -22"><span class='ocrx_word' id='word_1_264' title='bbox 141 2957 210 3012; x_wconf 89' lang='lat' dir='ltr'>et</span> <span class='ocrx_word' id='word_1_265' title='bbox 253 2945 561 3015; x_wconf 89' lang='lat' dir='ltr'>moribus</span> <span class='ocrx_word' id='word_1_266' title='bbox 611 2945 908 3015; x_wconf 90' lang='lat' dir='ltr'>similem</span> <span class='ocrx_word' id='word_1_267' title='bbox 972 2945 1171 3015; x_wconf 91' lang='lat' dir='ltr'>tacite</span> <span class='ocrx_word' id='word_1_268' title='bbox 1218 2943 1663 3034; x_wconf 83' lang='lat' dir='ltr'>significans:</span> <span class='ocrx_word' id='word_1_269' title='bbox 1718 2953 1783 3011; x_wconf 87' lang='lat' dir='ltr'>et</span> <span class='ocrx_word' id='word_1_270' title='bbox 1828 2963 2313 3029; x_wconf 89' lang='lat' dir='ltr'>quaecumque</span> <span class='ocrx_word' id='word_1_271' title='bbox 2376 2952 2540 3009; x_wconf 89' lang='lat' dir='ltr'>sunt</span> <span class='ocrx_word' id='word_1_272' title='bbox 2588 2940 2697 3009; x_wconf 89' lang='lat' dir='ltr'>his</span> 
     </span>
     <span class='ocr_line' id='line_1_31' title="bbox 140 3028 2696 3125; baseline -0.002 -23"><span class='ocrx_word' id='word_1_273' title='bbox 140 3034 657 3120; x_wconf 87' lang='lat' dir='ltr'>consequentia,</span> <span class='ocrx_word' id='word_1_274' title='bbox 723 3035 1249 3125; x_wconf 82' lang='lat' dir='ltr'>Evangeliorum</span> <span class='ocrx_word' id='word_1_275' title='bbox 1299 3033 1662 3121; x_wconf 89' lang='lat' dir='ltr'>quaternio</span> <span class='ocrx_word' id='word_1_276' title='bbox 1708 3030 2020 3102; x_wconf 89' lang='lat' dir='ltr'>ostendet</span> <span class='ocrx_word' id='word_1_277' title='bbox 2064 3030 2375 3121; x_wconf 87' lang='lat' dir='ltr'>apertius</span> <span class='ocrx_word' id='word_1_278' title='bbox 2422 3028 2510 3099; x_wconf 88' lang='lat' dir='ltr'>iis</span> <span class='ocrx_word' id='word_1_279' title='bbox 2572 3029 2696 3115; x_wconf 92' lang='lat' dir='ltr'>qui</span> 
     </span>
     <span class='ocr_line' id='line_1_32' title="bbox 141 3122 1230 3213; baseline 0.001 -23"><span class='ocrx_word' id='word_1_280' title='bbox 141 3122 313 3190; x_wconf 89' lang='lat' dir='ltr'>haec</span> <span class='ocrx_word' id='word_1_281' title='bbox 356 3134 752 3191; x_wconf 83' lang='lat' dir='ltr'>scrutantur</span> <span class='ocrx_word' id='word_1_282' title='bbox 799 3122 1230 3213; x_wconf 79' lang='lat' dir='ltr'>diligentius,</span> 
     </span>
    </p>

    <p class='ocr_par' dir='ltr' id='par_1_4' title="bbox 133 3206 2696 4011">
     <span class='ocr_line' id='line_1_33' title="bbox 232 3206 2695 3300; baseline -0.003 -18"><span class='ocrx_word' id='word_1_283' title='bbox 232 3212 401 3297; x_wconf 57' lang='lat' dir='ltr'>§ck</span> <span class='ocrx_word' id='word_1_284' title='bbox 482 3215 668 3293; x_wconf 87' lang='lat' dir='ltr'>Quae</span> <span class='ocrx_word' id='word_1_285' title='bbox 715 3226 942 3281; x_wconf 88' lang='lat' dir='ltr'>autem</span> <span class='ocrx_word' id='word_1_286' title='bbox 1011 3210 1354 3300; x_wconf 88' lang='lat' dir='ltr'>praesenti</span> <span class='ocrx_word' id='word_1_287' title='bbox 1419 3210 1839 3280; x_wconf 83' lang='lat' dir='ltr'>conveniunt</span> <span class='ocrx_word' id='word_1_288' title='bbox 1905 3206 2333 3288; x_wconf 87' lang='lat' dir='ltr'>celebritati,</span> <span class='ocrx_word' id='word_1_289' title='bbox 2406 3227 2486 3275; x_wconf 92' lang='lat' dir='ltr'>ea</span> <span class='ocrx_word' id='word_1_290' title='bbox 2533 3217 2695 3275; x_wconf 89' lang='lat' dir='ltr'>sunt</span> 
     </span>
     <span class='ocr_line' id='line_1_34' title="bbox 136 3296 2694 3390; baseline -0.002 -22"><span class='ocrx_word' id='word_1_291' title='bbox 136 3298 582 3368; x_wconf 89' lang='lat' dir='ltr'>enuncianda</span> <span class='ocrx_word' id='word_1_292' title='bbox 628 3312 693 3369; x_wconf 93' lang='lat' dir='ltr'>et</span> <span class='ocrx_word' id='word_1_293' title='bbox 737 3299 1074 3381; x_wconf 87' lang='lat' dir='ltr'>docenda,</span> <span class='ocrx_word' id='word_1_294' title='bbox 1113 3312 1190 3369; x_wconf 92' lang='lat' dir='ltr'>ut</span> <span class='ocrx_word' id='word_1_295' title='bbox 1235 3321 1395 3368; x_wconf 90' lang='lat' dir='ltr'>cum</span> <span class='ocrx_word' id='word_1_296' title='bbox 1431 3312 1842 3390; x_wconf 86' lang='lat' dir='ltr'>argumento</span> <span class='ocrx_word' id='word_1_297' title='bbox 1871 3297 2023 3367; x_wconf 87' lang='lat' dir='ltr'>festi</span> <span class='ocrx_word' id='word_1_298' title='bbox 2077 3296 2188 3365; x_wconf 92' lang='lat' dir='ltr'>hic</span> <span class='ocrx_word' id='word_1_299' title='bbox 2238 3316 2491 3384; x_wconf 80' lang='lat' dir='ltr'>scopus</span> <span class='ocrx_word' id='word_1_300' title='bbox 2524 3316 2694 3363; x_wconf 90' lang='lat' dir='ltr'>con-</span> 
     </span>
     <span class='ocr_line' id='line_1_35' title="bbox 139 3382 2696 3477; baseline -0.002 -21"><span class='ocrx_word' id='word_1_301' title='bbox 139 3400 369 3477; x_wconf 82' lang='lat' dir='ltr'>gruat,</span> <span class='ocrx_word' id='word_1_302' title='bbox 430 3400 877 3475; x_wconf 88' lang='lat' dir='ltr'>nostrumque</span> <span class='ocrx_word' id='word_1_303' title='bbox 918 3388 986 3456; x_wconf 90' lang='lat' dir='ltr'>in</span> <span class='ocrx_word' id='word_1_304' title='bbox 1040 3388 1167 3457; x_wconf 94' lang='lat' dir='ltr'>hoc</span> <span class='ocrx_word' id='word_1_305' title='bbox 1216 3399 1395 3457; x_wconf 92' lang='lat' dir='ltr'>recte</span> <span class='ocrx_word' id='word_1_306' title='bbox 1442 3386 1754 3457; x_wconf 89' lang='lat' dir='ltr'>studium</span> <span class='ocrx_word' id='word_1_307' title='bbox 1811 3386 2226 3456; x_wconf 82' lang='lat' dir='ltr'>conferatur.</span> <span class='ocrx_word' id='word_1_308' title='bbox 2282 3382 2405 3453; x_wconf 93' lang='lat' dir='ltr'>Ille</span> <span class='ocrx_word' id='word_1_309' title='bbox 2452 3384 2520 3452; x_wconf 89' lang='lat' dir='ltr'>in</span> <span class='ocrx_word' id='word_1_310' title='bbox 2560 3388 2696 3453; x_wconf 88' lang='grc' dir='ltr'>Μο-</span> 
     </span>
     <span class='ocr_line' id='line_1_36' title="bbox 137 3472 2686 3564; baseline -0.002 -19"><span class='ocrx_word' id='word_1_311' title='bbox 137 3476 348 3546; x_wconf 88' lang='lat' dir='ltr'>saicis</span> <span class='ocrx_word' id='word_1_312' title='bbox 394 3476 727 3546; x_wconf 91' lang='lat' dir='ltr'>educatus</span> <span class='ocrx_word' id='word_1_313' title='bbox 776 3476 1235 3559; x_wconf 81' lang='lat' dir='ltr'>documentiS‚</span> <span class='ocrx_word' id='word_1_314' title='bbox 1272 3490 1338 3546; x_wconf 91' lang='lat' dir='ltr'>et</span> <span class='ocrx_word' id='word_1_315' title='bbox 1383 3475 1664 3547; x_wconf 88' lang='lat' dir='ltr'>assidue</span> <span class='ocrx_word' id='word_1_316' title='bbox 1713 3475 2055 3564; x_wconf 70' lang='lat' dir='ltr'>meditans</span> <span class='ocrx_word' id='word_1_317' title='bbox 2106 3474 2174 3542; x_wconf 81' lang='lat' dir='ltr'>&#39;rn</span> <span class='ocrx_word' id='word_1_318' title='bbox 2212 3473 2360 3564; x_wconf 86' lang='lat' dir='ltr'>lege</span> <span class='ocrx_word' id='word_1_319' title='bbox 2387 3472 2686 3553; x_wconf 88' lang='lat' dir='ltr'>Domini,</span> 
     </span>
     <span class='ocr_line' id='line_1_37' title="bbox 135 3561 2687 3656; baseline -0.002 -21"><span class='ocrx_word' id='word_1_320' title='bbox 135 3565 295 3649; x_wconf 88' lang='lat' dir='ltr'>ejus</span> <span class='ocrx_word' id='word_1_321' title='bbox 342 3565 693 3635; x_wconf 90' lang='lat' dir='ltr'>custodiae</span> <span class='ocrx_word' id='word_1_322' title='bbox 727 3579 790 3634; x_wconf 79' lang='lat' dir='ltr'>et</span> <span class='ocrx_word' id='word_1_323' title='bbox 829 3565 1286 3635; x_wconf 80' lang='lat' dir='ltr'>observationi</span> <span class='ocrx_word' id='word_1_324' title='bbox 1334 3565 1571 3635; x_wconf 91' lang='lat' dir='ltr'>omnia</span> <span class='ocrx_word' id='word_1_325' title='bbox 1619 3565 2109 3656; x_wconf 88' lang='lat' dir='ltr'>postponebat:</span> <span class='ocrx_word' id='word_1_326' title='bbox 2155 3561 2380 3632; x_wconf 88' lang='lat' dir='ltr'>solum</span> <span class='ocrx_word' id='word_1_327' title='bbox 2431 3572 2687 3647; x_wconf 82' lang='lat' dir='ltr'>autem,</span> 
     </span>
     <span class='ocr_line' id='line_1_38' title="bbox 133 3649 2687 3744; baseline -0.001 -22"><span class='ocrx_word' id='word_1_328' title='bbox 133 3666 216 3722; x_wconf 89' lang='lat' dir='ltr'>ut</span> <span class='ocrx_word' id='word_1_329' title='bbox 248 3654 318 3722; x_wconf 91' lang='lat' dir='ltr'>in</span> <span class='ocrx_word' id='word_1_330' title='bbox 346 3653 499 3741; x_wconf 89' lang='lat' dir='ltr'>ejus</span> <span class='ocrx_word' id='word_1_331' title='bbox 534 3667 994 3744; x_wconf 87' lang='lat' dir='ltr'>perseveraret</span> <span class='ocrx_word' id='word_1_332' title='bbox 1011 3654 1658 3744; x_wconf 84' lang='lat' dir='ltr'>justificationibus,</span> <span class='ocrx_word' id='word_1_333' title='bbox 1707 3653 2089 3744; x_wconf 90' lang='lat' dir='ltr'>plurimum</span> <span class='ocrx_word' id='word_1_334' title='bbox 2121 3651 2416 3741; x_wconf 88' lang='lat' dir='ltr'>ponebat</span> <span class='ocrx_word' id='word_1_335' title='bbox 2449 3649 2687 3719; x_wconf 88' lang='lat' dir='ltr'>studii.</span> 
     </span>
     <span class='ocr_line' id='line_1_39' title="bbox 136 3739 2694 3829; baseline -0.002 -18"><span class='ocrx_word' id='word_1_336' title='bbox 136 3747 304 3811; x_wconf 90' lang='lat' dir='ltr'>Cum</span> <span class='ocrx_word' id='word_1_337' title='bbox 359 3764 515 3811; x_wconf 90' lang='lat' dir='ltr'>vero</span> <span class='ocrx_word' id='word_1_338' title='bbox 574 3742 874 3813; x_wconf 87' lang='lat' dir='ltr'>Herodes</span> <span class='ocrx_word' id='word_1_339' title='bbox 922 3744 1024 3813; x_wconf 87' lang='lat' dir='ltr'>vir</span> <span class='ocrx_word' id='word_1_340' title='bbox 1092 3743 1760 3823; x_wconf 87' lang='lat' dir='ltr'>libidinosissimus,</span> <span class='ocrx_word' id='word_1_341' title='bbox 1828 3743 1948 3829; x_wconf 92' lang='lat' dir='ltr'>qui</span> <span class='ocrx_word' id='word_1_342' title='bbox 2015 3753 2160 3810; x_wconf 88' lang='lat' dir='ltr'>erat</span> <span class='ocrx_word' id='word_1_343' title='bbox 2207 3739 2545 3809; x_wconf 88' lang='lat' dir='ltr'>Galilaeae</span> <span class='ocrx_word' id='word_1_344' title='bbox 2597 3751 2694 3808; x_wconf 91' lang='lat' dir='ltr'>te-</span> 
     </span>
     <span class='ocr_line' id='line_1_40' title="bbox 136 3829 2690 3924; baseline -0.001 -25"><span class='ocrx_word' id='word_1_345' title='bbox 136 3831 437 3912; x_wconf 88' lang='lat' dir='ltr'>trarcha,</span> <span class='ocrx_word' id='word_1_346' title='bbox 491 3832 760 3901; x_wconf 91' lang='lat' dir='ltr'>decreta</span> <span class='ocrx_word' id='word_1_347' title='bbox 795 3832 967 3924; x_wconf 82' lang='lat' dir='ltr'>legis</span> <span class='ocrx_word' id='word_1_348' title='bbox 1000 3831 1536 3923; x_wconf 79' lang='lat' dir='ltr'>transgredienS,</span> <span class='ocrx_word' id='word_1_349' title='bbox 1571 3829 1807 3900; x_wconf 89' lang='lat' dir='ltr'>fratris</span> <span class='ocrx_word' id='word_1_350' title='bbox 1833 3829 2136 3920; x_wconf 89' lang='lat' dir='ltr'>Philippi</span> <span class='ocrx_word' id='word_1_351' title='bbox 2185 3850 2491 3907; x_wconf 83' lang='lat' dir='ltr'>uxorem,</span> <span class='ocrx_word' id='word_1_352' title='bbox 2528 3850 2690 3898; x_wconf 88' lang='lat' dir='ltr'>cum</span> 
     </span>
     <span class='ocr_line' id='line_1_41' title="bbox 137 3915 2693 4011; baseline -0 -24"><span class='ocrx_word' id='word_1_353' title='bbox 137 3919 276 3989; x_wconf 89' lang='lat' dir='ltr'>sibi</span> <span class='ocrx_word' id='word_1_354' title='bbox 324 3942 457 3989; x_wconf 91' lang='lat' dir='ltr'>non</span> <span class='ocrx_word' id='word_1_355' title='bbox 512 3920 766 4003; x_wconf 91' lang='lat' dir='ltr'>liceret,</span> <span class='ocrx_word' id='word_1_356' title='bbox 808 3932 1162 4011; x_wconf 86' lang='lat' dir='ltr'>propterea</span> <span class='ocrx_word' id='word_1_357' title='bbox 1212 3920 1393 4009; x_wconf 91' lang='lat' dir='ltr'>quod</span> <span class='ocrx_word' id='word_1_358' title='bbox 1439 3918 1805 4011; x_wconf 79' lang='lat' dir='ltr'>Philippus</span> <span class='ocrx_word' id='word_1_359' title='bbox 1852 3940 1932 3988; x_wconf 88' lang='lat' dir='ltr'>ex</span> <span class='ocrx_word' id='word_1_360' title='bbox 1983 3917 2099 3988; x_wconf 87' lang='lat' dir='ltr'>illa</span> <span class='ocrx_word' id='word_1_361' title='bbox 2149 3915 2405 3986; x_wconf 88' lang='lat' dir='ltr'>liberos</span> <span class='ocrx_word' id='word_1_362' title='bbox 2454 3937 2693 3986; x_wconf 91' lang='lat' dir='ltr'>susce—</span> 
     </span>
    </p>

    <p class='ocr_par' dir='ltr' id='par_1_5' title="bbox 135 4005 2692 4525">
     <span class='ocr_line' id='line_1_42' title="bbox 191 4005 2692 4093; baseline -0.001 -18"><span class='ocrx_word' id='word_1_363' title='bbox 191 4019 358 4090; x_wconf 88' lang='lat' dir='ltr'>erat‚</span> <span class='ocrx_word' id='word_1_364' title='bbox 412 4008 719 4079; x_wconf 81' lang='lat' dir='ltr'>duxisset</span> <span class='ocrx_word' id='word_1_365' title='bbox 767 4010 836 4078; x_wconf 91' lang='lat' dir='ltr'>in</span> <span class='ocrx_word' id='word_1_366' title='bbox 912 4010 1474 4079; x_wconf 89' lang='lat' dir='ltr'>matrimonium:</span> <span class='ocrx_word' id='word_1_367' title='bbox 1526 4021 1592 4077; x_wconf 92' lang='lat' dir='ltr'>et</span> <span class='ocrx_word' id='word_1_368' title='bbox 1650 4018 1828 4078; x_wconf 90' lang='lat' dir='ltr'>esset</span> <span class='ocrx_word' id='word_1_369' title='bbox 1877 4006 2051 4077; x_wconf 91' lang='lat' dir='ltr'>illud</span> <span class='ocrx_word' id='word_1_370' title='bbox 2118 4005 2398 4093; x_wconf 89' lang='lat' dir='ltr'>quidem</span> <span class='ocrx_word' id='word_1_371' title='bbox 2463 4005 2692 4074; x_wconf 88' lang='lat' dir='ltr'>scelus</span> 
     </span>
     <span class='ocr_line' id='line_1_43' title="bbox 171 4091 2691 4251; baseline 0 -89"><span class='ocrx_word' id='word_1_372' title='bbox 171 4096 315 4251; x_wconf 53' lang='grc' dir='ltr'>ρέἰε</span> <span class='ocrx_word' id='word_1_373' title='bbox 345 4100 628 4180; x_wconf 82' lang='lat' dir='ltr'>eversiO,</span> <span class='ocrx_word' id='word_1_374' title='bbox 685 4099 799 4167; x_wconf 92' lang='lat' dir='ltr'>Dei</span> <span class='ocrx_word' id='word_1_375' title='bbox 839 4112 1065 4169; x_wconf 88' lang='lat' dir='ltr'>autem</span> <span class='ocrx_word' id='word_1_376' title='bbox 1115 4097 1558 4188; x_wconf 89' lang='lat' dir='ltr'>contemptio,</span> <span class='ocrx_word' id='word_1_377' title='bbox 1616 4096 1978 4167; x_wconf 90' lang='lat' dir='ltr'>hominum</span> <span class='ocrx_word' id='word_1_378' title='bbox 2017 4116 2174 4164; x_wconf 85' lang='lat' dir='ltr'>vero</span> <span class='ocrx_word' id='word_1_379' title='bbox 2212 4093 2297 4163; x_wconf 98' lang='lat' dir='ltr'>ad</span> <span class='ocrx_word' id='word_1_380' title='bbox 2350 4091 2691 4164; x_wconf 89' lang='lat' dir='ltr'>deteriora</span> 
     </span>
     <span class='ocr_line' id='line_1_44' title="bbox 143 4183 2682 4274; baseline 0 -23"><span class='ocrx_word' id='word_1_381' title='bbox 143 4206 182 4252; x_wconf 90' lang='lat' dir='ltr'>a</span> <span class='ocrx_word' id='word_1_382' title='bbox 241 4184 528 4256; x_wconf 90' lang='lat' dir='ltr'>hortatio</span> <span class='ocrx_word' id='word_1_383' title='bbox 573 4198 637 4256; x_wconf 91' lang='lat' dir='ltr'>et</span> <span class='ocrx_word' id='word_1_384' title='bbox 686 4187 1035 4257; x_wconf 90' lang='lat' dir='ltr'>inductio:</span> <span class='ocrx_word' id='word_1_385' title='bbox 1086 4199 1276 4267; x_wconf 88' lang='lat' dir='ltr'>tunc,</span> <span class='ocrx_word' id='word_1_386' title='bbox 1333 4197 1686 4274; x_wconf 88' lang='lat' dir='ltr'>tamquam</span> <span class='ocrx_word' id='word_1_387' title='bbox 1750 4184 1945 4255; x_wconf 88' lang='lat' dir='ltr'>fortis</span> <span class='ocrx_word' id='word_1_388' title='bbox 2008 4183 2261 4254; x_wconf 90' lang='lat' dir='ltr'>athleta</span> <span class='ocrx_word' id='word_1_389' title='bbox 2331 4188 2682 4263; x_wconf 75' lang='lat' dir='ltr'>JoanneS,</span> 
     </span>
     <span class='ocr_line' id='line_1_45' title="bbox 139 4269 2690 4365; baseline 0 -23"><span class='ocrx_word' id='word_1_390' title='bbox 139 4283 323 4342; x_wconf 87' lang='lat' dir='ltr'>recte</span> <span class='ocrx_word' id='word_1_391' title='bbox 355 4274 734 4358; x_wconf 80' lang='lat' dir='ltr'>institutuS‚</span> <span class='ocrx_word' id='word_1_392' title='bbox 772 4288 836 4346; x_wconf 87' lang='lat' dir='ltr'>et</span> <span class='ocrx_word' id='word_1_393' title='bbox 885 4277 953 4345; x_wconf 91' lang='lat' dir='ltr'>in</span> <span class='ocrx_word' id='word_1_394' title='bbox 989 4275 1345 4346; x_wconf 87' lang='lat' dir='ltr'>laboribus</span> <span class='ocrx_word' id='word_1_395' title='bbox 1393 4276 1587 4365; x_wconf 89' lang='lat' dir='ltr'>prius</span> <span class='ocrx_word' id='word_1_396' title='bbox 1621 4274 2067 4353; x_wconf 89' lang='lat' dir='ltr'>exercitatus,</span> <span class='ocrx_word' id='word_1_397' title='bbox 2121 4271 2422 4342; x_wconf 85' lang='lat' dir='ltr'>veritatis</span> <span class='ocrx_word' id='word_1_398' title='bbox 2477 4269 2690 4342; x_wconf 80' lang='lat' dir='ltr'>armis</span> 
     </span>
     <span class='ocr_line' id='line_1_46' title="bbox 135 4361 2691 4452; baseline -0.001 -21"><span class='ocrx_word' id='word_1_399' title='bbox 135 4372 205 4431; x_wconf 91' lang='lat' dir='ltr'>et</span> <span class='ocrx_word' id='word_1_400' title='bbox 243 4361 393 4433; x_wconf 88' lang='lat' dir='ltr'>telis</span> <span class='ocrx_word' id='word_1_401' title='bbox 430 4364 763 4445; x_wconf 88' lang='lat' dir='ltr'>munitus,</span> <span class='ocrx_word' id='word_1_402' title='bbox 816 4365 1032 4436; x_wconf 89' lang='lat' dir='ltr'>aciem</span> <span class='ocrx_word' id='word_1_403' title='bbox 1069 4363 1348 4452; x_wconf 88' lang='lat' dir='ltr'>quidem</span> <span class='ocrx_word' id='word_1_404' title='bbox 1386 4364 1589 4433; x_wconf 89' lang='lat' dir='ltr'>struit</span> <span class='ocrx_word' id='word_1_405' title='bbox 1620 4361 1952 4433; x_wconf 89' lang='lat' dir='ltr'>adversus</span> <span class='ocrx_word' id='word_1_406' title='bbox 2000 4368 2427 4452; x_wconf 86' lang='lat' dir='ltr'>Tyrannum.</span> <span class='ocrx_word' id='word_1_407' title='bbox 2467 4365 2691 4443; x_wconf 88' lang='lat' dir='ltr'>Quae-</span> 
     </span>
     <span class='ocr_line' id='line_1_47' title="bbox 135 4449 2686 4525; baseline -0.001 -4"><span class='ocrx_word' id='word_1_408' title='bbox 135 4472 304 4521; x_wconf 90' lang='lat' dir='ltr'>nam</span> <span class='ocrx_word' id='word_1_409' title='bbox 357 4474 511 4522; x_wconf 90' lang='lat' dir='ltr'>vero</span> <span class='ocrx_word' id='word_1_410' title='bbox 543 4474 624 4523; x_wconf 90' lang='lat' dir='ltr'>ea</span> <span class='ocrx_word' id='word_1_411' title='bbox 667 4455 907 4524; x_wconf 78' lang='lat' dir='ltr'>erant?</span> <span class='ocrx_word' id='word_1_412' title='bbox 964 4459 1109 4525; x_wconf 87' lang='lat' dir='ltr'>Non</span> <span class='ocrx_word' id='word_1_413' title='bbox 1156 4453 1315 4524; x_wconf 91' lang='lat' dir='ltr'>licet</span> <span class='ocrx_word' id='word_1_414' title='bbox 1363 4451 1486 4523; x_wconf 90' lang='lat' dir='ltr'>tibi</span> <span class='ocrx_word' id='word_1_415' title='bbox 1536 4452 1790 4522; x_wconf 87' lang='lat' dir='ltr'>habere</span> <span class='ocrx_word' id='word_1_416' title='bbox 1837 4472 2120 4522; x_wconf 86' lang='lat' dir='ltr'>uxorem</span> <span class='ocrx_word' id='word_1_417' title='bbox 2170 4449 2403 4521; x_wconf 74' lang='lat' dir='ltr'>fratris</span> <span class='ocrx_word' id='word_1_418' title='bbox 2456 4449 2580 4520; x_wconf 88' lang='lat' dir='ltr'>tui.</span> <span class='ocrx_word' id='word_1_419' title='bbox 2634 4452 2686 4519; x_wconf 93' lang='grc' dir='ltr'><strong>Ο</strong></span> 
     </span>
    </p>
   </div>
  </div>
 </body>
</html>
