3308 5004
204 311 391 379 AUG.
446 312 530 379 30
1066 331 1145 378 nn:
1192 330 1244 377 s.
1301 329 1462 380 nost
1510 327 1684 377 vino.
1738 330 1866 377 uu.
2537 310 2666 376 765

204 428 271 486 et
330 414 765 506 spiritualem
838 435 1151 516 saporem
1231 436 1428 485 verae
1497 412 1931 496 dulcedinis»,
1984 434 2162 501 quae
2211 411 2403 484 nulla
2469 433 2756 504 prorsus

203 503 719 595 comparatione
764 502 1205 594 explicabilia
1251 515 1474 575 erant.

293 594 329 680 ἐ
377 597 523 665 81.
579 596 784 663 Sacra
831 592 1326 662 communione
1358 592 1631 674 refecta,
1659 591 1906 681 jejuna
1939 611 2162 678 usque
2209 588 2292 661 ad
2343 611 2700 680 vesperam
2736 643 2753 672 ,

207 680 508 754 subinde
536 702 759 769 usque
805 680 877 750 in
928 694 1325 770 sequentem
1374 681 1585 763 diem,
1637 680 2057 768 quandoque
2113 701 2234 770 per
2279 691 2591 750 octavam
2648 677 2759 747 in-

208 783 470 863 tegram
518 773 599 840 ea
647 769 794 841 sola
842 782 1162 840 contenta
1209 769 1295 840 ab
1345 769 1541 842 omni
1587 768 1726 839 alio
1777 769 1933 840 cibo
1987 766 2349 840 abstinuit.
2404 768 2762 839 veneratio

211 862 361 948 ejus
407 882 573 951 erga
630 857 1020 929 venerabile
1077 860 1485 961 mysterium
1535 857 1669 929 fuit
1715 858 1886 929 adeo
1942 857 2233 940 eximia,
2285 868 2363 928 ut
2428 855 2639 928 semel
2689 878 2762 926 se

211 949 584 1020 accinxerit
632 947 1024 1018 videntibus
1056 947 1213 1019 aliis
1253 949 1335 1018 ad
1380 946 1826 1019 subeundum
1894 948 2344 1038 martyrium,
2396 945 2579 1048 quod
2630 945 2764 1014 im-

212 1039 474 1108 minere
513 1057 752 1108 rumor
798 1048 1169 1128 sparserat,
1222 1036 1580 1125 defuitque
1629 1048 1794 1108 tunc
1829 1035 2090 1107 hostiae
2149 1046 2586 1125 martyrium,
2625 1054 2763 1103 non

208 1127 432 1198 hostia
482 1126 837 1216 martyriO.
875 1130 1163 1197 Summo
1208 1126 1416 1197 etiam
1455 1124 1654 1196 cultu
1688 1123 2236 1216 prosequebatur
2282 1129 2350 1194 S.
2405 1123 2643 1194 Crucis
2674 1123 2766 1192 si-

209 1238 427 1308 gnum
463 1213 745 1285 ubicum
801 1238 888 1284 ue
935 1213 1108 1285 illud
1148 1214 1539 1307 reperisset;
1579 1214 1673 1285 ita
1720 1225 1795 1285 ut
1841 1236 1922 1285 ex
1956 1211 2218 1316 plantis
2239 1212 2422 1283 horti
2472 1211 2767 1304 impres-

203 1306 478 1391 sionem
520 1302 710 1374 illius
783 1315 1105 1385 ormaret,
1158 1325 1456 1391 quarum
1506 1325 1648 1373 una
1702 1324 2107 1403 proreginae
2138 1302 2320 1372 dono
2359 1301 2518 1371 data
2558 1299 2767 1392 paulo

212 1406 367 1487 post
403 1394 694 1473 exaruit,
748 1398 967 1463 Rosae
1017 1392 1282 1464 reddita
1317 1403 1469 1494 post
1514 1403 1814 1480 quatuor
1851 1392 2000 1463 dies
2025 1391 2289 1471 revixit,
2327 1390 2511 1478 quod
2549 1400 2791 1461 toturn

213 1483 450 1554 virtuti
495 1481 810 1570 ejusdem
860 1486 927 1551 S.
982 1482 1219 1553 Crucis
1272 1504 1376 1550 vir
1424 1502 1465 1551 o
1513 1480 1778 1552 tribuit.
1833 1485 2011 1571 Erga
2064 1480 2407 1569 imagines
2457 1478 2772 1549 beatissi-

215 1594 368 1644 mae
417 1571 721 1661 Virginis
769 1570 943 1640 miro
1005 1571 1309 1641 fervebat
1402 1569 1736 1640 evotionis
1797 1569 2069 1639 affectu.
2123 1582 2190 1639 et
2239 1568 2540 1638 maxime
2585 1568 2772 1637 circa

214 1684 364 1731 eam
407 1681 588 1748 quae
633 1660 1206 1750 augustissimam
1243 1659 1510 1731 Rosa'rii
1546 1658 1857 1750 reginam
1906 1657 2254 1749 exprimit;
2306 1657 2378 1726 in
2418 1656 2628 1745 cujus
2660 1677 2771 1726 sa·

216 1749 393 1822 cello
453 1749 767 1819 habitum
820 1750 934 1820 sui
978 1747 1262 1819 Ordinis
1308 1747 1741 1838 suscipiens,
1792 1746 2094 1837 ploranti
2142 1745 2345 1817 matri
2420 1746 2567 1816 visa
2643 1744 2774 1814 fuit

217 1838 474 1910 blando
505 1836 734 1909 favore
769 1838 880 1908 Dei
893 1860 1100 1928 parae
1131 1837 1203 1907 in
1239 1836 1507 1907 coelum
1540 1836 1815 1908 elevari.
1841 1842 2048 1907 Fama
2076 1848 2223 1906 erat
2250 1835 2483 1905 Limae
2521 1840 2769 1905 Rosam

220 1929 593 2019 impetrare
619 1948 1105 2015 quaecumque
1122 1926 1312 2017 apud
1362 1938 1673 1996 sanctam
1709 1924 1902 1996 illam
1952 1925 2326 2015 imaginem
2369 1922 2769 2015 postularet.

223 2016 818 2103 ‘tranquillitatem
867 2015 1236 2175 cuijusdam
1301 2015 1847 2097 communitatis,
1889 2014 1991 2090 ,in
2040 2036 2179 2102 qua
2226 2011 2612 2083 invaluerat
2666 2009 2775 2080 di-

221 2104 525 2186 scordia,
580 2126 714 2173 non
760 2104 909 2174 sine
983 2104 1284 2194 acrymis
1330 2117 1397 2174 et
1443 2103 1741 2175 aliorum
1802 2103 2261 2173 admiratione
2307 2102 2523 2172 biduo
2570 2121 2778 2171 orans

225 2194 553 2276 obtinuit,
607 2191 1067 2284 plurimisque
1113 2192 1270 2263 aliis
1310 2192 1408 2264 ibi
1451 2192 1737 2284 dignata
1783 2193 1914 2263 fuit
1958 2190 2330 2272 favoribus,
2365 2189 2689 2278 alloquiis
2715 2199 2778 2257 et

228 2283 643 2362 visionibus,
687 2302 864 2367 quae
911 2283 981 2350 in
1031 2282 1346 2352 examine
1390 2281 1877 2371 obtemperans
1909 2280 2203 2370 aperuit.

316 2374 352 2460 ξ
401 2375 567 2444 82.
621 2370 850 2441 Electa
896 2384 976 2441 ut
1003 2371 1227 2460 aptior
1264 2384 1331 2441 et
1362 2371 1640 2461 dignior
1669 2369 1755 2439 ad
1802 2368 2280 2439 exornandum
2321 2366 2777 2437 simulacrum

227 2472 510 2532 sanctae
559 2459 967 2531 catharinae
1001 2460 1354 2543 Senensis,
1409 2481 1617 2547 quam
1668 2472 1748 2528 ut
1797 2469 2085 2528 matrem
2135 2478 2217 2527 ex
2270 2456 2537 2527 intimis
2585 2475 2781 2546 prae·

225 2550 487 2621 cordiis
535 2549 826 2632 colebat,
888 2573 928 2620 a
976 2549 1349 2641 lacrymiS,
1403 2547 1665 2619 osculis
1709 2559 1775 2616 et
1834 2546 2160 2634 alloquiis
2204 2547 2275 2616 in
2325 2567 2405 2617 eo
2452 2544 2781 2633 obsequio

229 2662 370 2709 non
422 2639 761 2720 cessabat,
820 2650 886 2710 et
923 2639 1102 2712 miro
1156 2638 1360 2710 modo
1427 2649 1657 2707 tantae
1708 2636 2061 2728 'pecuniae
2108 2634 2446 2706 litterulas
2491 2633 2776 2724 accepit,

228 2739 571 2816 quantum
624 2729 776 2831 ipsa
867 2752 940 2800 ro
974 2741 1155 2800 veste
1201 2728 1357 2799 e‘us
1399 2726 1608 2818 paulo
1647 2738 1810 2797 ante
1853 2736 2145 2816 optarat.
2198 2722 2539 2793 Praedixit
2584 2744 2784 2814 prae·

224 2818 567 2908 signatam
618 2839 818 2909 virgu
849 2840 959 2888 am
1003 2874 1018 2901 ,
1075 2817 1223 2888 null
1319 2814 1765 2886 fecunditatis
1826 2817 1985 2884 nota
2036 2826 2202 2884 tunc
2250 2812 2601 2903 turgidam
2631 2865 2653 2893 ,
2711 2811 2781 2881 in

227 2905 561 2977 honorem
614 2911 718 2977 ss.
772 2907 1125 2978 Trinitatis
1174 2921 1312 2977 tres
1356 2905 1561 2976 flores
1603 2902 2203 2995 gariophyllorum
2261 2901 2780 2993 producturam,

228 2996 489 3082 quibus
519 3017 787 3066 sacrani
839 2996 977 3065 ima
1035 2994 1215 3064 inem
1266 2993 1781 3075 condecoraret‚
1817 3014 1898 3062 eo
1936 3004 2261 3082 tempore·
2298 3013 2438 3077 quo
2481 2989 2602 3060 tali
2664 2989 2785 3058 sso-

229 3106 385 3154 rum
437 3106 687 3175 genere
726 3085 915 3175 regio
946 3019 1064 3172 iffa
1110 3096 1399 3164 careret,
1442 3082 1628 3170 quod
1657 3081 1915 3153 frustra
1939 3080 2064 3150 diu
2093 3081 2486 3168 quaesitum
2535 3077 2781 3158 fuerat3

229 3185 296 3243 et
341 3173 626 3244 oraculo
655 3171 1136 3262 correspondit
1163 3184 1473 3251 eventus,
1515 3170 1935 3242 mirantibus
1958 3182 2023 3239 et
2053 3167 2478 3238 diffidentiae
2518 3167 2788 3255 veniam

232 3261 625 3351 petentibus
658 3260 1039 3332 sodalibuS.
1076 3261 1442 3351 Adjuverat
1475 3281 1625 3330 eam
1678 3260 1749 3329 in
1786 3259 1916 3330 hoc
1965 3279 2252 3329 munere
2283 3256 2665 3347 Euphemia
2703 3255 2789 3325 de

230 3348 492 3438 Pareja‚
537 3351 747 3438 cujus
795 3349 1058 3420 famula
1105 3351 1471 3421 Francisca
1517 3349 1628 3419 sui
1669 3347 1957 3419 infantis
2005 3347 2288 3419 nutritia
2336 3346 2634 3437 graviter
2678 3367 2789 3415 ae-

92 3494 103 3501 .
229 3441 565 3530 grotabat.
619 3445 800 3510 Rosa
838 3440 1023 3529 apud
1075 3452 1388 3510 sanctam
1423 3437 1874 3539 catharinam·
1898 3448 2245 3528 precante,
2286 3436 2439 3518 ista,
2494 3433 2788 3526 depulso

232 3527 565 3619 periculo,
620 3528 717 3599 ita
743 3528 1116 3610 convaluit,
1147 3542 1227 3600 ut
1269 3525 1606 3630 postridie
1656 3548 1999 3618 permissa
2026 3524 2232 3597 fuerit
2277 3547 2319 3594 a
2353 3523 2621 3595 medico
2658 3546 2789 3593 nu-

234 3616 454 3687 tritias
503 3615 750 3687 infanti
788 3638 966 3704 quas
1012 3617 1361 3707 prohibita
1409 3615 1629 3687 fuerat
1688 3616 2017 3707 praebere
2065 3613 2511 3686 mammillas
2577 3617 2790 3682 Fran-

231 3706 417 3776 cisca
447 3727 724 3794 quoque
769 3705 856 3776 de
884 3712 1203 3797 Montoya
1250 3706 1338 3776 ab
1384 3704 1622 3776 eadem
1667 3709 1916 3776 Sancta
1947 3704 2268 3784 obtinuit,
2302 3714 2378 3773 ut
2409 3700 2516 3772 sul
2531 3700 2791 3791 phura·-

231 3808 379 3866 tum
431 3793 802 3865 missilium
845 3795 1117 3897 ignium
1167 3793 1697 3886 crepitaculum,
1757 3792 1942 3881 quod
1976 3792 2245 3864 vultum
2299 3791 2493 3882 petiit
2540 3801 2608 3859 et
2672 3812 2794 3860 su-

234 3883 601 3974 percilium
635 3884 946 3974 impegit,
1001 3905 1139 3955 non
1190 3896 1489 3964 noceret;
1539 3896 1688 3954 esto
1733 3882 1964 3954 adhuc
2004 3879 2320 3952 resiliens
2368 3878 2597 3950 valido
2649 3878 2790 3949 ictu

236 3972 520 4043 alterius
558 3970 856 4042 feminae
884 3986 1101 4044 vestes
1148 3972 1424 4045 laeserit
1452 3984 1521 4042 et
1568 3970 2030 4043 succenderit.

323 4064 360 4149 ξ
404 4065 568 4134 88.
621 4061 874 4131 Eadem
922 4065 1103 4134 Rosa
1149 4084 1334 4133 anno
1382 4061 1654 4133 Domini
1713 4081 1966 4140 mcxvi,
2023 4079 2260 4128 mense
2306 4057 2613 4149 augusti,
2679 4056 2793 4127 cui

237 4161 391 4240 post
423 4151 931 4241 processionem
980 4150 1209 4224 delata
1245 4149 1468 4222 fuerat
1500 4152 1731 4243 imago
1762 4145 2228 4230 devestienda,
2281 4146 2631 4218 horrenda
2677 4167 2792 4216 ar-

234 4236 427 4307 thriti
463 4240 532 4309 in
581 4238 856 4311 dextera
905 4237 1287 4321 laborabat,
1322 4262 1499 4329 quae
1528 4239 1821 4309 immani
1864 4235 2183 4308 cruciatu
2229 4236 2576 4307 invaserat
2621 4235 2793 4306 arti-

238 4325 434 4396 culos
477 4348 743 4412 omnes‚
797 4329 970 4400 itaut
1044 4328 1410 4420 praedicto·
1438 4327 1629 4417 operi
1682 4349 1967 4419 prorsus
2030 4325 2432 4397 redderetur
2493 4323 2790 4396 inutilis.

237 4416 610 4489 Procubuit
633 4431 790 4490 ante
815 4417 1194 4511 imaginem
1232 4428 1508 4490 sanctae
1529 4416 1933 4489 catharinae
1958 4417 2030 4487 in
2079 4416 2191 4487 die
2239 4414 2382 4485 divi
2412 4412 2789 4499 Laurentii,
