3308 5004
186 286 394 353 AUG.
449 286 534 352 30
1085 300 1167 350 »Ε
1214 301 1271 350 s.
1326 299 1600 350 Bononio
1647 301 1889 349 Annua
2539 284 2671 351 743

190 388 532 480 potuerit,
571 386 835 457 Lavabo
865 408 984 489 per
1017 385 1330 479 singulas
1361 398 1593 457 noctes
1639 386 1893 457 lectum
1929 406 2189 470 meum,
2225 386 2553 478 lacrymis
2586 385 2760 459 meis

192 490 503 549 stratum
543 498 772 546 meum
826 476 1088 566 rigabo,
1270 496 1274 500 ’

284 571 326 656 §
375 573 463 639 ὅ.
525 569 779 636 Graves
827 587 951 657 per
997 564 1119 635 illa
1169 576 1479 655 tempora
1526 562 1869 654 procellae
1933 569 2311 656 Aegyptum
2362 563 2759 636 universam

186 676 619 726 concussere
653 709 668 733 ,
725 654 1054 725 Romanis
1103 654 1469 745 Aegyptios
1515 653 1698 723 bello
1748 653 2321 743 persequentibus
2350 706 2372 734 ‚
2427 654 2759 724 commis-

191 765 420 831 soque
470 742 732 902 plraelio
779 765 938 814 cum
992 743 1320 845 utrinque
1368 763 1624 834 magna
1672 755 1935 833 strages
1982 741 2194 828 fieret,
2250 763 2473 829 neque
2511 743 2760 812 triurn-

189 833 389 926 phus
429 838 473 903 C
529 832 838 902 ristianis
886 832 1054 902 satis
1102 830 1392 901 feliciter
1438 830 1859 912 succederet,
1911 851 2151 900 eorum
2214 831 2419 900 etiam
2472 830 2762 922 plurimi

190 922 456 1013 captivi
504 921 695 992 ducti
755 934 918 991 sunt
953 976 969 1002 ,
1022 933 1088 991 et
1134 920 1313 990 inter
1358 941 1475 991 eos
1538 921 1747 991 etiam
1796 919 2072 990 divinae
2135 919 2509 989 memoriae
2555 941 2762 990 vene-

195 1010 468 1081 randus
501 1008 951 1080 vercellensis
999 1009 1342 1080 Ecclesiae
1375 1009 1669 1081 Antistes
1699 1014 1961 1078 Petrus.
2000 1007 2131 1091 Qui
2179 1009 2249 1077 in
2292 1020 2550 1078 tantam
2604 1029 2761 1100 per-

197 1113 466 1170 tractus
505 1099 884 1181 miseriam,
929 1098 1325 1187 inquirebat
1354 1097 1744 1189 diligenter,
1791 1098 1849 1169 si
1880 1097 2038 1185 quis
2065 1118 2188 1187 per
2211 1119 2362 1167 eam
2397 1098 2749 1189 regionem

197 1188 636 1260 Christianus
669 1200 870 1270 esset,
915 1188 1118 1289 cujus
1150 1187 1442 1258 consilio
1479 1200 1549 1256 at
1599 1208 1685 1257 ue
1736 1208 1866 1277 ope
1918 1185 2195 1257 liberari
2245 1199 2498 1277 posset.
2552 1184 2756 1256 Inde-

197 1279 514 1348 sinenter
546 1290 778 1347 autem
818 1277 1201 1367 suspiranti
1252 1298 1473 1364 neque
1513 1299 1559 1346 u
1596 1276 1739 1346 lum
1795 1275 2121 1366 precandi
2174 1275 2382 1344 finem
2426 1275 2752 1357 facienti,

200 1366 456 1447 adfuit,
491 1366 613 1454 qui
643 1366 710 1434 in
742 1387 814 1437 se
844 1378 1199 1457 sperantes
1231 1387 1593 1452 nunquam
1633 1364 1890 1435 deserit
1928 1369 2130 1446 Deus,
2168 1378 2233 1434 et
2264 1369 2329 1434 S.
2364 1363 2753 1435 Bononium

200 1458 278 1525 in
333 1456 475 1525 illis
525 1455 929 1556 regionibus
992 1455 1198 1524 vitam
1256 1475 1458 1544 agere
1511 1453 1898 1525 admonuit.
1962 1452 2094 1537 Qui
2141 1453 2516 1523 accersitus
2580 1451 2755 1523 nihil

202 1544 697 1636 praetermisit,
750 1565 929 1631 quae
976 1543 1063 1612 ad
1126 1565 1284 1612 eum
1345 1555 1784 1631 caeterosque
1838 1543 1959 1630 qui
2006 1543 2401 1613 carceribus
2447 1540 2762 1612 conclusi

205 1634 625 1703 tenebantur
672 1630 1132 1703 consolandos
1180 1654 1260 1701 ac
1322 1631 1719 1701 liberandos
1774 1631 2157 1722 excogitare
2219 1640 2467 1722 posset.
2524 1635 2762 1717 Itaque

207 1734 278 1793 et
309 1722 607 1792 carceris
633 1721 976 1803 custodes,
1011 1733 1088 1790 ut
1119 1720 1202 1790 ad
1241 1741 1358 1790 eos
1396 1720 1529 1790 sibi
1572 1720 1746 1791 liber
1770 1720 2001 1791 aditus
2031 1721 2308 1811 pateret,
2348 1721 2758 1789 muneribus

210 1812 348 1883 sibi
383 1811 726 1880 devinxit:
777 1822 844 1880 et
895 1809 1153 1912 regiam
1197 1808 1533 1879 familiam
1599 1810 1963 1910 ipsamque
2024 1809 2204 1900 regis
2265 1807 2635 1899 conjugem
2686 1806 2759 1876 in

214 1922 381 1971 suas
431 1913 655 1989 partes
705 1910 1073 1989 pertraxit,
1128 1910 1205 1969 ut
1252 1919 1374 1990 pro
1422 1921 1502 1968 ca
1555 1898 1710 1968 tivis
1759 1920 1905 1968 suis
1954 1896 2283 1968 fratribus
2330 1895 2750 1967 intercedere

217 1988 493 2058 vellent.
549 1993 799 2079 Regem
868 2009 1077 2079 ergo,
1129 2009 1288 2057 cum
1352 2009 1472 2078 per
1568 2000 1751 2058 ortos
1797 1986 2302 2058 odoratissimis
2366 1984 2756 2056 balsamitis

212 2078 515 2148 consitos
574 2077 791 2146 animi
832 2080 1043 2147 causa
1094 2089 1278 2147 certo
1333 2075 1633 2165 quodam
1696 2089 2000 2167 tempore
2039 2073 2540 2155 obambularet,
2585 2095 2762 2144 una-

215 2168 441 2235 nimes
486 2187 711 2236 unove
758 2174 897 2248 ore,
934 2164 1169 2235 divino
1218 2164 1424 2267 plane
1451 2165 1809 2247 instinctu,
1847 2165 2153 2256 aggressi
2194 2163 2377 2251 quod
2411 2161 2764 2254 supplices

214 2255 575 2346 rogabant,
620 2268 698 2325 ut
735 2255 1042 2346 captivos
1091 2255 1511 2324 Christianos
1558 2254 1864 2324 Bononio
1912 2253 2354 2334 condonaret,
2395 2251 2594 2322 facile
2628 2252 2764 2322 im-

260 2355 593 2414 etrarunt.

213 2366 255 2434 p
299 2435 452 2520 ξθ.
487 2433 646 2504 Navi
680 2455 844 2535 ergo
874 2432 1237 2523 impositos
1273 2444 1423 2522 post
1451 2451 1660 2519 quam
1712 2451 1901 2500 mare
1951 2431 2381 2511 transissent,
2419 2427 2763 2519 lerosoly-

209 2544 393 2592 mam
418 2523 749 2613 primum,
776 2522 938 2592 inde
964 2522 1033 2591 in
1067 2534 1364 2591 montem
1397 2519 1584 2590 Sinai
1619 2519 1959 2609 perduxit,
1987 2541 2195 2607 quam
2224 2519 2374 2609 ipse
2404 2519 2537 2590 sibi
2572 2518 2766 2589 habi-

209 2613 533 2682 tationem
559 2613 706 2703 jam
742 2624 888 2681 tum
938 2611 1172 2681 animo
1219 2609 1649 2700 designabat,
1705 2620 1782 2677 ut
1829 2608 1899 2676 in
1949 2629 2028 2678 eo
2077 2608 2256 2679 sicut
2288 2613 2554 2698 Moyses
2592 2607 2757 2678 olim

133 2771 142 2780 ,
210 2700 324 2769 Dei
352 2699 595 2790 legem,
636 2701 736 2770 sic
762 2700 909 2791 ipse
936 2699 1234 2791 Spiritus
1267 2698 1496 2768 Sancti
1523 2697 1814 2787 gratiam
1845 2696 2364 2788 adipisceretur.
2406 2701 2561 2767 Post
2590 2718 2764 2784 quae

213 2786 359 2857 loca
387 2788 802 2879 perlustrata
834 2785 1492 2877 Constantinopolim
1555 2785 1931 2867 contendit,
1968 2785 2092 2855 ubi
2131 2807 2291 2855 eum
2324 2785 2410 2854 ad
2451 2784 2618 2854 litus
2647 2807 2767 2875 ap·

213 2876 573 2967 pulissent,
605 2890 958 2964 tamquam
988 2900 1028 2948 a
1052 2875 1475 2964 quibusdam
1504 2874 1913 2945 metuendae
1939 2873 2234 2944 insidiae
2258 2886 2486 2944 essent
2511 2871 2595 2942 ad
2628 2878 2764 2943 Im-

213 2979 591 3056 peratorem
642 2965 874 3048 delati,
927 2966 1078 3057 ejus
1115 2965 1322 3053 jussu
1352 2963 1708 3034 custodiae
1740 2964 2117 3054 mancipati
2157 2975 2343 3046 sunt,
2379 2973 2756 3049 antequam

214 3054 591 3142 quiessent
635 3056 852 3143 etqui
887 3055 1254 3135 venissent,
1297 3052 1568 3123 edoceri
1617 3074 1692 3122 se
1737 3064 1916 3121 esset
1950 3073 2223 3142 passus,
2262 3072 2559 3139 quorum
2597 3072 2763 3120 cum

217 3142 461 3212 deinde
510 3144 976 3214 innocentiam
1029 3141 1484 3214 referentibus
1530 3142 1600 3211 in
1637 3163 1718 3211 ea
1765 3141 1937 3210 urbe
1985 3141 2100 3209 Dei
2151 3139 2536 3210 cultoribus
2582 3138 2769 3209 didi-

216 3232 439 3312 cisset,
484 3253 616 3301 non
670 3232 895 3303 solum
951 3230 1226 3312 liberos,
1279 3230 1398 3300 sed
1451 3230 1860 3300 muneribus
1907 3250 1987 3299 ex
2036 3228 2202 3299 fisco
2250 3229 2539 3320 insuper
2564 3227 2769 3299 vesti-

218 3321 483 3408 busque
552 3320 842 3392 donatos
877 3375 892 3402 ,
961 3341 1198 3390 eorum
1270 3331 1521 3389 sortem
1591 3319 1961 3388 miseratus
2027 3317 2315 3387 dimisit.
2380 3322 2768 3388 Conscensa
2860 3387 2867 3394 .

218 3409 430 3500 igitur
478 3425 722 3481 rursus
773 3408 978 3490 navi,
1040 3429 1201 3479 cum
1263 3407 1421 3478 laeti
1483 3408 1553 3477 in
1617 3430 1816 3478 suam
1859 3407 2118 3498 quippe
2166 3406 2462 3498 patriam
2512 3405 2793 3476 reversi·

221 3510 468 3581 essent,
520 3498 724 3568 etiam
752 3503 992 3568 Petrus
1031 3496 1413 3588 Episcopus
1447 3519 1612 3567 suae
1653 3496 1799 3569 sedi
1836 3508 1939 3567 est
1977 3496 2359 3578 restitutuS,
2397 3495 2512 3566 cui
2551 3494 2769 3566 multo

219 3600 367 3679 post
415 3601 720 3677 tempore
760 3586 1078 3678 praefuit.
1645 3617 1657 3618 ff

307 3679 342 3764 ξ
389 3682 468 3749 ⁷.
523 3680 875 3746 Caeterum
908 3675 1259 3746 Bononius
1285 3675 1412 3744 Dei·
1442 3697 1683 3745 servus
1716 3673 1803 3744 ad
1850 3686 2152 3743 montem
2189 3673 2378 3746 Sinai
2415 3694 2771 3762 regressus

219 3787 371 3835 cum
412 3777 629 3836 totum
668 3765 811 3835 illic
844 3765 1120 3835 divinae
1159 3787 1232 3835 se
1274 3763 1411 3866 legi
1447 3764 1936 3854 mancipasset,
1987 3778 2396 3853 magnarum
2435 3762 2770 3831 virtutum

222 3855 273 3923 si
329 3855 435 3924 nis
499 3854 594 3923 ita
640 3853 1018 3936 inclaruit,
1071 3865 1151 3924 ut
1196 3854 1593 3945 gratissimo
1659 3852 2143 3923 sanctissimae
2205 3872 2371 3922 suae
2418 3850 2773 3942 opinionis

226 3963 262 4011 o
309 3965 423 4014 ore
469 3942 970 4032 Jerosolymam
1021 3955 1088 4014 et
1132 3943 1360 4013 vicina
1408 3941 1554 4012 loca
1604 3941 1920 4031 repleret.
1960 3945 2128 4011 Cum
2179 3962 2316 4012 non
2369 3938 2588 4009 multo
2622 3951 2775 4029 post

223 4044 436 4101 autem
472 4031 913 4102 Lucediensis
943 4031 1339 4102 monasterii
1365 4031 1493 4190 zi),
1531 4030 1716 4119 quod
1748 4041 1851 4101 est
1891 4030 1965 4099 in
1999 4029 2296 4100 dioecesi
2327 4027 2769 4109 vercellensi,

226 4119 438 4191 Abbas
483 4121 810 4205 obiisset,
863 4120 985 4209 qui
1036 4142 1246 4211 supra
1296 4141 1386 4190 no
1440 4142 1498 4190 is
1562 4131 1983 4194 memoratus
2031 4130 2172 4199 est,
2235 4116 2774 4189 vercellensium

274 4260 334 4314 (a)
361 4266 510 4315 Prope
539 4265 894 4307 crescentianus
921 4264 1120 4304 vercell.
1153 4261 1392 4304 Dioecesin
1421 4263 1699 4314 oppidulum
1725 4261 1818 4303 tuit
1835 4259 2034 4304 Abbatia
2053 4262 2099 4302 S.
2114 4259 2375 4308 Michaelis,
2396 4271 2523 4301 nunc
2544 4261 2588 4300 S.
2606 4261 2779 4301 sanut-

224 4316 291 4362 rii,
317 4319 373 4358 de
403 4320 585 4360 Lucedco
612 4320 738 4360 dicta
764 4317 852 4368 (att
871 4318 1036 4358 Franc.
1055 4318 1113 4358 ab
1131 4314 1361 4368 Ecclesia)
1383 4327 1411 4356 a
1429 4316 1678 4364 repentina
1698 4313 1800 4357 luce
1820 4313 1870 4356 in
1891 4316 2012 4356 silva
2036 4313 2239 4355 finitima
2257 4316 2524 4364 conspecta.
2541 4315 2610 4354 Ex
2630 4314 2777 4354 Abba·

227 4370 289 4410 ti·
312 4374 444 4413 ortus
474 4383 622 4423 pagus
649 4374 723 4416 est
752 4373 804 4413 S.
825 4372 1057 4419 ‹Ianua-tl.
1084 4371 1174 4412 hoc
1191 4372 1383 4412 numne
1405 4371 1606 4411 don-tun
1629 4380 1659 4411 ι
1676 4380 1875 4420 corpore
1893 4371 2144 4420 cujusdam
2163 4370 2323 4409 Sancti
2340 4366 2488 4410 Βοιώ
2506 4369 2599 4409 huo
2618 4368 2777 4408 delato

226 4433 252 4465 ι
272 4426 471 4474 quodam
489 4427 667 4478 Nepote
688 4426 844 4468 Oai-ou
862 4423 1033 4476 Magni.
