3308 5004
168 368 356 436 AUG.
414 369 493 433 ⁴5
843 385 921 432 nr:
953 386 1023 433 ·s.
1078 385 1413 433 ,tuntinano
1461 383 1789 434 sussssron.
1843 386 2044 436 amsc.
2507 373 2634 439 379

172 471 601 557 modumque
630 469 724 538 im
782 469 1147 553 ositurum.
1192 471 1447 539 Annuit
1479 476 1719 540 eorum
1761 471 1933 541 votis
1972 472 2075 541 vir
2113 486 2417 556 sanctus,
2461 487 2526 545 et
2568 478 2725 564 qui-

167 559 326 629 dem
357 560 602 641 libenS,
626 579 739 627 cre
792 579 1003 646 roque
1030 559 1124 628 ait
1147 558 1231 628 ad
1263 559 1440 630 illos:
1478 583 1513 626 «
1536 559 1728 643 Quod
1764 582 1889 651 ego
1916 582 2127 642 nunc,
2158 562 2377 645 filioli,
2421 563 2490 632 in
2526 565 2725 636 Flan-

167 648 396 718 driam
434 647 857 739 proficiscor,
912 669 1048 717 non
1094 660 1230 717 tam
1272 661 1534 718 vestrae
1570 661 1673 718 est
1708 649 2078 719 voluntatis
2109 705 2125 733 ,
2168 673 2378 738 quam
2421 653 2725 743 disposi-

166 738 380 808 tionis
430 736 802 809 divinae.»
852 740 1018 805 Cum
1077 748 1305 806 autem
1357 738 1752 807 Atrebatum
1802 740 2170 821 venissent,
2224 740 2395 811 vidit
2455 743 2560 812 vir
2606 746 2725 814 Dei
2794 790 2801 797 ·

167 848 304 896 non
344 826 549 915 longe
587 826 675 895 ab
707 824 880 894 urbe
910 824 1212 915 agellum
1251 826 1609 909 virentem,
1649 826 1718 896 in
1753 849 1990 914 quo,se
2020 827 2114 897 ait
2145 850 2520 928 parumper
2552 832 2726 902 velle

168 915 549 1002 quiescere.
604 913 1131 1005 Celeriterergo
1192 915 1278 984 ab
1340 915 1539 1002 equis
1600 915 1933 986 desiliunt
1987 928 2315 999 comite3‚
2369 931 2433 988 et
2495 922 2725 994 stratis

168 1004 368 1074 humi
412 1002 740 1075 vestibus,
793 1003 1046 1089 quietis
1094 1003 1475 1093 captandae
1532 1003 1758 1073 locum
1811 1006 1871 1074 ei
1921 1017 2189 1096 parant.
2244 1010 2399 1077 Post
2436 1007 2719 1081 ‚brevem

163 1093 469 1248 gaietem
505 1091 729 1182 surgit
760 1090 912 1173 ille,
970 1092 1170 1161 solito
1203 1091 1503 1162 alacrius
1537 1104 1856 1162 sanctum
1908 1116 2157 1164 nomen
2196 1095 2467 1164 Domini
2514 1096 2723 1167 bene-

211 1182 354 1263 icit,
401 1180 696 1268 ejusque
743 1179 1121 1250 alacritatis
1158 1203 1439 1250 causam
1476 1202 1851 1271 exponenS‚
1907 1183 2046 1252 ait:
2113 1206 2150 1250 «
2195 1184 2523 1255 Noveritis
2558 1187 2719 1256 cha·

162 1269 468 1347 rissimi‚
524 1291 633 1338 me
696 1270 981 1371 posthac
1050 1291 1410 1357 nunquam
1473 1271 1545 1338 in
1601 1271 1956 1340 Franciam
2019 1293 2477 1342 reversurum.
2550 1280 2718 1344 Nam

163 1360 293 1429 sub
343 1358 478 1428 hoc
526 1358 716 1427 brevi
766 1358 1009 1448 spatio,
1056 1379 1193 1446 quo
1247 1379 1476 1428 coram
1523 1360 1716 1430 vobis
1764 1358 2150 1443 dormitavi,
2196 1361 2495 1432 ostendit
2544 1364 2719 1433 mihi

164 1447 525 1528 DominuS,
570 1447 689 1516 ubi
729 1447 1244 1537 Aldenburgum
1299 1469 1566 1529 venero,
1605 1469 1715 1518 me
1744 1449 1951 1539 paulo
1988 1462 2138 1539 post
2181 1449 2617 1531 moriturum,
2654 1465 2719 1522 et

162 1535 228 1604 in
283 1541 353 1605 S.
391 1535 570 1605 Petri
603 1535 890 1605 ecclesia
928 1536 1152 1605 locum
1205 1536 1624 1626 sepulturae,
1680 1560 1722 1606 a
1773 1537 2056 1607 Domino
2105 1537 2552 1621 destinatum,
2593 1540 2719 1609 ha-

161 1623 505 1694 biturum.
539 1647 576 1691 »
627 1629 756 1693 Eae
804 1646 1001 1693 voces
1051 1623 1270 1694 multo
1320 1637 1599 1714 stupore
1647 1638 1712 1695 et
1750 1627 2012 1716 gemitu
2060 1648 2199 1705 eos,
2253 1627 2374 1714 qui
2404 1628 2710 1712 aderant,

162 1712 733 1805 compleverunt:
788 1725 855 1782 at
906 1727 1130 1782 tamen
1181 1714 1302 1782 illo
1351 1727 1709 1803 praesente
1757 1714 1933 1784 nulli
1982 1715 2085 1784 fas
2131 1728 2276 1785 erat
2314 1729 2433 1785 aut
2467 1718 2717 1787 immo-

161 1800 312 1871 dico
349 1823 661 1871 moerore
693 1802 1029 1882 contrahi,
1083 1814 1205 1871 aut
1252 1803 1479 1892 inepta
1531 1802 1788 1873 laetitia
1835 1803 2141 1873 dissolvi.
2183 1811 2473 1873 Tantum
2527 1807 2712 1875 enim

164 1889 261 1959 illi
294 1891 564 1960 homini
605 1890 719 1959 Dei
749 1902 814 1959 et
852 1892 1277 1960 auctoritatis
1314 1904 1377 1960 et
1414 1892 1671 1980 gratiae
1719 1891 1960 1973 inerat,
2007 1905 2082 1962 ut
2117 1892 2315 1962 illum
2372 1893 2602 1963 videre
2650 1909 2715 1965 et

167 1979 424 2067 alloqui
476 2001 718 2048 omnes
750 1991 1170 2069 appeterent,
1224 2002 1384 2049 cum
1427 1992 1653 2050 tamen
1706 1979 1904 2050 illum
1957 1980 2187 2069 aliqua
2224 2002 2296 2051 re
2330 1983 2708 2066 offensisse‚

168 2068 450 2157 grandis
488 2067 746 2159 piaculi
781 2068 930 2138 loco
971 2068 1325 2137 haberent.
2452 2133 2461 2142 .

248 2159 283 2243 ξ
332 2161 497 2230 49.
554 2157 804 2226 Mensis
850 2157 1013 2226 Julii
1077 2156 1188 2225 die
1251 2157 1757 2227 decimooctavo
1828 2158 2203 2228 incolumis
2267 2172 2331 2228 et
2380 2159 2711 2230 virtutum

169 2241 342 2314 fama
390 2245 687 2315 celebris
749 2247 932 2315 venit
977 2243 1544 2334 Aldenburgum,
1597 2260 1662 2314 et
1722 2259 1978 2337 septem
2039 2247 2285 2316 diebus
2339 2247 2482 2318 illic
2540 2250 2715 2319 bene

175 2354 373 2404 sanus
422 2333 912 2424 evangelizavit
961 2354 1251 2435 regnum
1303 2333 1441 2403 Dei.
1483 2334 1650 2403 Inde
1685 2357 1840 2404 vero
1871 2336 2012 2404 acri
2049 2337 2286 2406 morbo
2324 2350 2705 2428 correptuS‚

175 2417 497 2493 decubuit
535 2445 674 2493 uno
706 2434 772 2491 et
819 2423 1061 2514 viginti
1094 2421 1362 2492 diebus,
1419 2427 1726 2512 Cumque
1764 2426 1909 2514 Jam
1955 2425 2025 2492 in
2073 2425 2394 2494 extremis
2446 2426 2711 2515 positus

174 2509 530 2594 videretur,
577 2525 1072 2613 suggesserunt
1119 2511 1384 2593 fratres,
1442 2525 1518 2582 ut
1565 2513 1779 2583 sacris
1813 2513 2060 2583 officiis
2093 2536 2165 2583 se
2212 2527 2483 2583 curaret
2518 2536 2713 2604 prae—

169 2601 445 2683 muniri,
498 2623 583 2671 ne
623 2623 771 2670 sine
820 2601 905 2670 iis
951 2623 988 2669 e
1037 2601 1173 2669 vita
1211 2601 1443 2670 exiret.
1497 2601 1764 2683 Quibus
1813 2602 1929 2672 ille
1979 2602 2343 2671 mitissima
2396 2624 2553 2673 voce
2604 2626 2709 2672 re-

175 2689 491 2777 spondit:
546 2711 582 2756 «
617 2695 756 2759 Non
803 2712 920 2759 vos
952 2690 1181 2759 isthuc
1216 2689 1520 2759 solicitos
1567 2690 1838 2772 habeat,
1882 2691 2277 2761 charissimi
2318 2690 2488 2760 filii:
2545 2693 2710 2762 satis

173 2777 343 2847 enim
388 2802 471 2848 ex
514 2779 627 2847 Dei
678 2779 1099 2869 benignitate
1148 2779 1389 2861 sentio,
1444 2778 1608 2865 quid
1669 2780 1768 2849 vel
1823 2780 2102 2867 quando
2147 2780 2316 2849 mihi
2367 2781 2701 2870 expediat.

170 2866 316 2933 Novi
362 2877 640 2956 tempus
686 2877 751 2936 et
801 2867 1067 2948 horam,
1105 2879 1172 2936 et
1202 2867 1354 2955 ejus
1403 2888 1517 2936 vos
1563 2881 1948 2958 opportune
1987 2869 2625 2938 commonefaciam.
2672 2893 2706 2937 »

171 2952 497 3024 Vicesimo
532 2956 693 3024 inde
725 2955 860 3037 die,
907 2967 1268 3047 postquam
1305 2956 1657 3039 decubuit,
1711 2957 1831 3044 qui
1885 2970 2026 3027 tum
2077 2971 2221 3027 erat
2276 2972 2461 3028 sexta
2507 2957 2702 3040 feria,

173 3041 290 3111 sub
340 3045 563 3114 noctis
612 3044 967 3125 medium,
1018 3043 1192 3114 cella
1239 3045 1309 3112 in
1359 3067 1498 3132 qua
1544 3046 1817 3135 jacebat
1852 3100 1867 3122 .
1948 3046 2252 3115 mirabili
2304 3060 2595 3116 tremore
2644 3060 2711 3116 et

172 3125 485 3202 horrifico
535 3133 803 3223 fragore
852 3133 1048 3202 tertio
1097 3154 1434 3202 concussa
1481 3147 1604 3215 est,
1661 3135 1753 3203 ita
1801 3147 1877 3204 ut
1924 3157 1962 3204 a
2011 3134 2460 3205 fundamento
2498 3138 2709 3206 everti

170 3216 523 3314 videretur,
563 3233 627 3290 et
669 3222 1182 3290 monachicum
1214 3220 1519 3303 famuliS,
1573 3223 1739 3311 quid
1784 3223 1967 3313 apud
2022 3223 2217 3293 illum
2250 3225 2701 3306 excubabant,

172 3308 578 3378 intolerabili
616 3310 914 3400 perculsi
949 3311 1214 3391 timore,
1271 3311 1620 3398 cellaeque
1672 3313 1945 3382 ruinam
1996 3312 2467 3395 formidanteS,
2502 3313 2708 3383 aufu-

173 3413 316 3482 gere
354 3411 836 3487 percuperent.
888 3403 963 3467 At
1002 3398 1157 3469 illos
1206 3399 1310 3467 vir
1356 3401 1467 3468 Dei
1501 3400 1779 3471 blandis
1831 3402 2057 3472 verbis
2104 3401 2493 3481 consolanS,
2547 3402 2707 3472 bor-

174 3482 431 3555 tabatur
477 3499 556 3556 ut
589 3508 660 3556 se
707 3488 913 3575 quieti
944 3488 1207 3568 darent,
1263 3488 1425 3557 certi
1465 3489 1635 3558 nihil
1673 3490 1862 3579 ipsos
1892 3491 2311 3560 incommodi
2354 3513 2697 3580 passuros.

172 3569 265 3638 Ait
307 3587 534 3644 autern
574 3575 658 3644 ad
694 3598 853 3645 eum
888 3577 1311 3668 Everolphus
1354 3578 1750 3668 presbyter:
1807 3579 2088 3648 Domine
2141 3580 2278 3660 mi,
2321 3592 2498 3649 terra
2543 3601 2706 3649 con·
2811 3614 2821 3623 -

175 3664 511 3745 tremiscit,
557 3664 730 3733 cella
767 3664 1139 3746 colliditur,
1178 3666 1430 3735 ostium
1476 3666 1619 3755 jam
1657 3668 1849 3737 tertio
1882 3690 1921 3737 a
1956 3689 2063 3736 me
2111 3667 2475 3758 diligenter
2512 3669 2702 3738 obse·

176 3758 382 3841 ratum
421 3754 731 3842 patescit,
772 3753 1132 3823 turbarum
1169 3776 1522 3824 murmure
1549 3755 1745 3826 locus
1777 3757 2276 3825 circumsonat:
2322 3770 2386 3825 et
2415 3756 2700 3843 quinam

182 3846 341 3935 mter
387 3851 482 3910 tot
539 3853 829 3911 terrores
885 3863 1009 3912 nos
1064 3843 1414 3931 possimus
1454 3866 1774 3915 somnum
1836 3849 2135 3934 capere?
2180 3843 2556 3935 Respondit
2604 3847 2707 3913 vir

177 3921 325 3991 Del:
378 3951 414 3995 ‹<
447 3935 540 4000 Ne
574 3952 861 4021 paveas,
916 3930 1161 4000 dilecte
1207 3930 1460 4014 frater,
1527 3946 1689 4003 sunt
1720 3934 1902 4002 enim
1958 3932 2125 4003 haec
2163 3934 2398 4001 omnia
2432 3932 2703 4001 divinae

177 4012 538 4101 majestatis
571 4019 792 4108 signa.
841 4023 1045 4089 Porro
1079 4031 1230 4108 post
1271 4020 1553 4111 paulum
1609 4022 1834 4090 dicam
1893 4021 2057 4104 tibi,
2100 4043 2277 4109 quae
2311 4022 2411 4091 vis
2457 4020 2701 4090 cellam

178 4109 584 4181 quassaverit
613 4123 678 4177 et
712 4108 895 4176 bunc
946 4120 1430 4178 terraemotum
1467 4111 1785 4181 effecerit.
1827 4132 1863 4176 »

257 4190 290 4272 ξ
334 4197 498 4267 50.
552 4197 865 4266 Proximo
904 4196 1066 4265 inde
1096 4196 1402 4278 sabbam,
1443 4199 1745 4268 sentiens
1780 4212 2066 4268 mortem
2108 4197 2493 4279 imminere,
2530 4197 2703 4267 dixit

187 4268 497 4353 fratribus
528 4307 543 4352 ε
597 4307 632 4352 «
663 4290 898 4355 Parate
920 4286 1067 4375 jam
1102 4284 1328 4354 funeri
1371 4289 1779 4367 necessaria,
1818 4309 1973 4356 nam
2010 4287 2139 4357 sub
2174 4286 2392 4356 noctis
2425 4287 2699 4357 initium

186 4355 518 4451 decedam,
557 4374 660 4443 uti
694 4374 865 4443 mihi
902 4375 1258 4455 Dominus,
1302 4376 1417 4442 cui
1451 4397 1571 4465 pro
1611 4376 1874 4446 viribus
1908 4376 2160 4446 servire
2192 4387 2477 4446 conatus
2513 4398 2696 4457 sum,

189 4441 485 4530 hesterna
526 4475 721 4533 nocte
763 4463 1101 4545 revelavit,
1141 4485 1301 4533 cum
1350 4462 1466 4533 ille
1520 4475 1970 4536 terraemotus
2002 4478 2065 4535 et
2115 4465 2292 4536 aeris
2339 4466 2701 4537 concussio
