3308 5004
670 329 799 394 624
1394 344 1475 391 υι
1518 341 1575 387 s.
1630 343 2017 391 nummu:
2063 341 2322 391 vinem
2805 323 3010 390 AUG.
3055 324 3149 392 25

556 431 923 502 suavitate
965 429 1501 520 complerentur.
1556 429 1992 517 Quicumque
2051 442 2281 498 autem
2330 449 2608 498 sacrum
2656 426 2831 498 illud
2880 449 3158 518 corpus

584 521 841 590 intueri
876 531 1212 610 poterant,
1255 539 1696 606 quocumque
1740 532 1973 589 essent
2016 518 2242 587 affecti
2285 519 2552 598 morbo,
2606 516 2765 586 ilico
2794 518 3160 587 curaban-

584 622 725 680 tur.
778 614 962 678 Inter
1006 621 1273 678 caetera
1328 620 1561 677 autem
1613 607 1976 688 miracula,
2033 608 2186 697 ipso
2231 606 2346 676 die
2398 606 2797 678 elevationis
2844 608 3163 678 sanctis-

583 698 802 768 simae
832 696 1146 789 virginis,
1177 719 1341 767 cum
1376 696 1825 767 saevissimus
1859 696 2144 766 morbus
2177 710 2396 767 totum
2435 696 2638 766 illum
2674 718 2930 786 pagum
2967 695 3162 766 adeo

584 801 988 878 occuparet,
1044 799 1121 856 ut
1168 788 1275 855 vix
1321 799 1502 855 esset
1561 785 1816 856 domus
1851 841 1869 866 ,
1925 785 1996 854 in
2066 809 2206 874 qua
2274 807 2412 855 non
2451 787 2712 877 jaceret
2784 798 3158 875 aegrotus,

585 898 829 947 omnes
877 875 980 945 illi
1026 897 1186 944 cum
1235 874 1497 944 elevato
1528 897 1726 944 sacro
1775 897 2063 965 corpore
2123 874 2335 944 simul
2387 897 2428 944 e
2476 876 2625 944 suis
2679 874 2958 945 lectulis
3000 876 3166 943 sani

586 986 966 1036 surrexere.
1004 963 1306 1033 Tandem
1339 965 1527 1033 enim
1581 965 1914 1033 accersito
1969 964 2357 1054 Rodulpho,
2409 963 2883 1035 Noviomensis
2913 964 3166 1033 Eccle-

585 1054 729 1124 siae
760 1052 1283 1132 Archidiaconm
1320 1065 1553 1143 postea
1580 1053 1894 1141 ejusdem
1944 1053 2142 1123 urbis
2188 1054 2552 1140 Episcopo,
2601 1066 2669 1122 et
2721 1075 2806 1122 ex
2851 1051 3165 1143 collegio

584 1142 968 1213 beatissimi
1029 1142 1356 1230 martyris
1416 1142 1733 1224 Quintini
1788 1141 2031 1211 accitis
2093 1142 2414 1212 Patribus
2474 1142 2822 1233 plurimiS,
2883 1164 3160 1233 magna

639 1233 838 1302 ietate
874 1232 1061 1314 viris,
1102 1231 1397 1322 peractis
1430 1232 1798 1301 Missamm
1838 1231 2222 1314 solemniis,
2265 1232 2439 1301 itum
2480 1245 2585 1301 est
2638 1230 2725 1301 ad
2764 1230 3160 1308 tumulum,

588 1254 1028 1408 fevatumque
1073 1334 1177 1390 est
1222 1321 1746 1390 sanctissimum
1797 1343 2056 1408 corpus
2101 1343 2140 1390 e
2199 1320 2567 1409 sepulcro,
2619 1320 2921 1412 septimo
2991 1320 3164 1390 Idus

588 1408 1013 1480 Novembris,
1068 1410 1257 1492 Libet
1296 1408 1407 1477 bis
1453 1409 1596 1479 duo
1642 1409 1857 1499 adjun
1953 1432 2024 1478 re
2067 1409 2432 1481 miracula.

677 1502 715 1586 ξ
761 1503 907 1573 14.
959 1499 1287 1567 Homines
1316 1498 1603 1585 quidam
1658 1499 1884 1588 impro
1938 1499 1982 1578 i,
2026 1499 2176 1569 suis
2223 1498 2487 1568 viribus
2536 1496 2712 1580 freti,
2756 1497 3030 1568 audaci
3077 1511 3159 1568 te-

591 1588 903 1657 meritate
954 1610 1197 1676 porcos
1221 1610 1389 1658 suos
1421 1588 1490 1655 in
1533 1587 1802 1677 sylvam
1837 1588 2238 1658 monasterii
2269 1600 2548 1658 sanctae
2587 1587 2883 1677 virginis
2919 1592 3162 1658 Hune-

589 1676 850 1767 gundis
904 1677 1304 1756 adduxere,
1355 1677 1541 1766 apud
1617 1699 1702 1766 pa
1812 1699 1878 1745 m
1949 1676 2398 1746 Dediniacum
2473 1677 2808 1768 ingressi:
2877 1689 2949 1746 et
3003 1700 3162 1748 cum

590 1787 839 1856 porcos
889 1765 1043 1835 illos
1152 1766 1497 1846 avissent,
1560 1764 1716 1834 nole
1814 1779 1886 1834 nt
1967 1765 2262 1854 pretium
2314 1766 2729 1836 monasterio
2779 1787 2913 1855 pro
2983 1766 3162 1836 datis

589 1854 868 1925 damnis
909 1876 1108 1944 perso
1142 1876 1317 1923 vere.
1369 1859 1539 1924 Ecce
1568 1867 1797 1923 autem
1850 1855 2020 1924 dum
2056 1855 2157 1925 sic
2213 1854 2425 1925 libere
2471 1867 2816 1944 vagantur
2849 1877 2980 1944 per
3029 1855 3159 1944 syl·

591 1965 774 2020 vam,
830 1957 1068 2013 sancta
1100 1942 1563 2032 Hunegundis
1610 1943 1752 2013 illis
1791 1947 2079 2033 apparet
2117 1944 2342 2013 forma
2392 1943 2704 2024 terribili,
2756 1957 2962 2034 rogat
2989 1943 3154 2032 quid

594 2031 687 2100 ita
723 2031 876 2101 ausi
928 2032 1066 2100 sint
1125 2031 1358 2118 sylvae
1404 2031 1630 2121 ipsius
1670 2032 1937 2102 fructus
1975 2034 2202 2122 porcis
2255 2033 2404 2102 suis
2450 2030 2891 2102 devorandos
2963 2056 3155 2123 prae-

590 2119 777 2200 bere,
829 2121 1135 2190 concutit
1163 2121 1454 2220 virgam,
1489 2143 1700 2206 quam
1737 2143 1953 2191 manu
2001 2122 2335 2212 gestabat,
2379 2134 2446 2191 et
2476 2123 2711 2192 omnis
2743 2121 2864 2191 ille
2919 2145 3150 2212 porco-

593 2231 750 2278 rum
794 2233 955 2298 grex
995 2211 1350 2300 praecipiti
1390 2232 1605 2280 cursu
1658 2210 1874 2281 fertur
1907 2210 1991 2280 ad
2045 2208 2572 2281 Humolariense
2623 2212 3142 2286 monasterium.

594 2313 797 2385 atque
848 2300 914 2367 in
972 2321 1227 2390 pagum
1282 2300 1600 2399 ingressi,
1659 2322 1778 2389 per
1826 2299 2089 2390 plateas
2133 2313 2201 2368 et
2252 2300 2524 2371 chortes
2580 2320 2732 2369 sese
2782 2303 3143 2390 separatim

594 2387 1039 2457 diffundunt:
1106 2407 1233 2458 nec
1278 2388 1406 2458 suit
1469 2389 1842 2475 quisquam
1900 2411 2256 2477 unquam,
2310 2388 2435 2475 qui
2479 2410 2597 2459 eos
2643 2402 2993 2489 repeteret
3045 2393 3137 2457 lta

596 2476 853 2561 factum
887 2491 1013 2556 est,
1060 2491 1139 2547 ut
1211 2478 1380 2557 orci,
1418 2499 1719 2565 quorum
1759 2492 2033 2569 pastum
2060 2479 2254 2569 justo
2305 2479 2523 2566 pretio
2556 2478 2832 2548 domini
2869 2475 3126 2546 illorum

594 2588 1044 2655 compensare
1076 2590 1163 2636 no
1193 2566 1422 2647 ebant,
1461 2568 1532 2635 in
1564 2567 1685 2656 jus
1724 2568 2045 2638 cederent
2091 2568 2396 2637 familiae
2444 2581 2724 2637 sanctae
2779 2572 3126 2657 Hunegun·

596 2655 728 2724 dis.
795 2656 962 2741 Ejus
1000 2657 1093 2724 rei
1136 2656 1475 2743 hodieque
1510 2656 1715 2725 multi
1764 2668 1964 2727 testes
1999 2669 2399 2746 supersunt.

685 2748 721 2828 ξ
768 2749 910 2817 15.
966 2746 1215 2814 Eodem
1268 2744 1406 2814 sere
1435 2758 1739 2834 tempore
1771 2746 2022 2816 nobilis
2056 2744 2370 2833 quidam,
2413 2750 2822 2835 magenerus
2850 2744 3136 2822 nomine,

596 2846 842 2922 captus
889 2856 1123 2902 amore
1154 2834 1521 2924 cujusdam
1560 2834 2110 2904 sanctimonialis
2147 2834 2458 2922 ejusdem
2505 2835 2938 2914 monasterii,
2973 2853 3150 2903 more

599 2943 726 2991 suo
756 2924 1046 2993 accessit
1077 2923 1160 2991 ad
1199 2924 1722 3001 monasterium,
1762 2938 1839 2993 ut
1870 2945 2070 2994 suam
2121 2945 2283 2992 cum
2339 2922 2461 2992 illa
2510 2922 2876 2993 libidinem
2929 2921 3157 3012 exple—

598 3023 721 3079 ret.
778 3015 853 3078 In
890 3010 1040 3101 ipso
1087 3024 1317 3081 autem
1366 3011 1679 3081 coenobii
1713 3013 1888 3081 atrio
1937 3011 2297 3082 visibiliter
2343 3013 2406 3082 ei
2465 3012 2796 3103 apparuit
2824 3017 2894 3081 S.
2933 3016 3160 3081 Hune·

598 3098 880 3255 {undis
915 3115 980 3169 et
1026 3102 1360 3170 acerrime
1397 3101 1593 3170 illum
1630 3100 2036 3192 objurgans,
2089 3102 2597 3182 sciscitabatur,
2632 3124 2776 3189 quo
2825 3101 3156 3171 tenderet.

654 3201 676 3255 t
718 3186 831 3256 ille
868 3188 951 3256 ad
998 3212 1226 3258 vocem
1259 3190 1412 3279 ejus
1523 3189 1912 3271 meracius,
1965 3190 2048 3259 ad
2108 3204 2381 3281 tempus
2428 3213 2500 3260 se
2547 3189 2636 3259 ab
2679 3189 2801 3260 illo
2849 3189 3163 3259 facinore

602 3275 937 3345 cohibuit.
976 3283 1052 3345 At
1101 3280 1438 3348 monacha
1508 3280 1737 3349 asciva
1775 3293 1840 3349 et
1874 3279 2216 3369 petulans,
2252 3291 2719 3369 contemptam
2763 3301 2838 3347 se
2875 3292 3180 3370 putans..

601 3363 849 3463 callide
891 3365 1238 3434 hominem
1291 3367 1372 3436 ad
1428 3388 1500 3436 se
1550 3370 1862 3437 revocat:
1928 3369 2022 3437 ait
2080 3389 2212 3437 non
2278 3380 2588 3437 sanctam
2644 3368 3172 3459 Huneguudem

605 3453 734 3542 ipffl
777 3455 1209 3542 apparuisse,
1264 3456 1382 3526 sed
1432 3456 1808 3544 quamdam
1842 3479 2038 3527 suam
2085 3457 2432 3526 aemulam
2475 3457 2544 3525 id
2586 3456 2990 3527 simulasse.
3049 3459 3175 3529 nis

603 3542 1077 3613 inflammatus
1109 3545 1211 3612 vir
1240 3546 1765 3634 spurcissimus,
1804 3545 1943 3615 alia
1980 3546 2080 3615 via
2106 3568 2229 3636 per
2266 3557 2578 3636 apertum
2615 3545 2797 3615 clam
2834 3547 3172 3619 ostiolum

603 3630 689 3699 ad
739 3653 888 3700 eam
942 3632 1211 3722 ingredi
1256 3648 1589 3704 conatur:
1645 3634 1764 3703 sed
1821 3657 2065 3705 rursus
2129 3634 2323 3707 adest
2381 3647 2620 3704 sancta
2667 3636 3172 3726 Hunegundis‚

603 3719 852 3789 haculo
897 3742 1053 3792 eum
1111 3724 1419 3794 verberat
1466 3724 1535 3792 in
1590 3723 1919 3814 inguine:
1962 3724 2038 3793 Iit
2088 3723 2296 3794 miser
2349 3724 2712 3823 exanguis,
2751 3737 2823 3793 et
2855 3727 3172 3797 corruit:

603 3808 848 3965 ἰιίἰθηίξ
885 3811 1209 3968 ¹⁰³⁰}qu
1255 3823 1672 3903 exportatus,
1717 3834 1878 3882 cum
1912 3815 2064 3903 ejus
2095 3835 2264 3883 coxa
2298 3813 2768 3894 intumuisset,
2817 3814 2888 3882 in
2927 3835 3015 3885 eo
3055 3814 3178 3887 do-

629 3919 744 3966 ore
780 3912 982 3969 vitam
1066 3913 1217 3971 init.
