3308 5004
162 332 337 398 AUG.
394 332 478 397 16
813 348 891 395 nn
937 345 1203 396 meme
1250 299 1569 396 messenii
1617 350 1678 395 n.
1730 349 1796 397 Ν.
1849 352 1901 397 J.
1955 349 2013 399 c.
2486 335 2611 400 383

161 433 533 505 custodiam
585 445 687 505 est
719 431 1084 511 translata,
1120 444 1196 501 ut
1240 452 1321 501 ex
1369 432 1455 501 iis
1506 454 1685 521 quae
1734 446 1898 505 sunt
1939 433 2227 525 pulchra
2274 449 2340 506 et
2386 435 2695 518 honesta,

160 521 326 591 nihil
374 522 438 592 ei
483 522 770 603 deesset,
809 543 968 591 cum
1003 519 1244 590 debeat
1291 542 1533 591 omnes
1561 522 1834 592 vincere
1882 523 1951 591 in
1993 524 2345 595 omnibus:
2383 526 2698 596 existimo

160 623 463 701 oportere
509 632 694 692 eum,
748 610 870 697 qui
915 621 1017 679 est
1068 609 1225 697 pius
1289 620 1354 679 et
1394 610 1630 698 justus
1695 611 1971 680 auditor
2015 624 2080 682 et
2128 626 2508 702 spectator,
2554 614 2699 685 sin-

158 700 475 791 gulorum
509 699 792 787 quidem
831 698 1192 769 historiam
1242 697 1645 789 singulatim
1696 712 1772 769 ut
1806 700 1998 780 sciat,
2055 702 2427 789 postulare,
2480 717 2545 773 et
2572 725 2698 773 an-

157 788 382 876 tiquae
416 788 830 859 narrationis
878 786 1046 856 velle
1093 798 1349 857 certam
1399 788 1712 877 accipere
1759 789 2193 860 sententiam.

236 880 272 965 ξ
322 883 413 949 ².
467 882 754 948 Causam
812 888 1069 958 autem,
1122 876 1469 963 quomodo
1522 899 1603 946 ex
1710 888 1849 948 utta
1883 876 2176 947 humida
2221 880 2483 967 absque
2516 880 2699 950 colo-

155 965 343 1038 ribus
386 978 455 1036 et
499 979 643 1036 arte
677 966 1026 1057 picturae,
1079 965 1172 1034 im
1232 986 1415 1035 ressa
1462 964 1593 1034 fuit
1642 900 1865 1036 {firma
1930 966 2162 1036 vultus
2217 968 2285 1036 in
2342 989 2569 1057 panno
2616 991 2698 1040 ex

157 1054 290 1126 lino
348 1067 684 1135 contexto,
730 1067 795 1126 et
842 1076 969 1123 cur
1013 1075 1149 1142 quo
1263 1065 1365 1123 est
1413 1066 1805 1124 contextum
1853 1076 1932 1124 ex
1996 1056 2302 1135 materia,
2361 1057 2429 1125 in
2482 1079 2693 1144 quam

155 1156 285 1214 tam
335 1143 538 1214 facile
583 1142 768 1214 cadit
819 1142 1156 1225 interituS,
1192 1141 1545 1213 interitum
1577 1156 1878 1234 tempore
1908 1165 2045 1213 non
2076 1146 2360 1234 accepit,
2396 1156 2697 1233 etquae—

153 1254 447 1320 cumque
498 1233 635 1303 alia
682 1232 741 1303 is
789 1232 910 1319 qui
960 1255 1066 1302 res
1128 1231 1531 1323 aggreditur
1605 1232 2045 1315 naturaliter,
2100 1233 2270 1303 solet
2327 1233 2697 1324 diligenter

155 1322 594 1412 perscrutari,
634 1320 1022 1409 relinquere
1053 1321 1167 1390 Dei
1202 1321 1601 1410 sapientiae,
1636 1320 1720 1392 ad
1759 1344 1970 1409 quam
2012 1343 2148 1392 non
2185 1334 2402 1412 potest
2429 1322 2689 1393 accedi:

151 1425 221 1479 ut
256 1410 377 1497 qui
419 1411 615 1491 sciat,
659 1411 843 1498 quod
895 1410 953 1479 si
1002 1410 1159 1497 quis
1206 1421 1525 1480 accurate
1563 1410 1799 1480 omnia
1829 1410 2258 1481 contenderit
2305 1410 2696 1501 apprehen-—

153 1498 327 1580 dere,
379 1499 785 1569 exturbatus
825 1500 894 1567 in
935 1497 1299 1588 perfectam
1354 1499 1894 1589 ignorationem,
1961 1510 2028 1569 et
2080 1500 2573 1591 praecipitatus
2620 1501 2691 1570 iu

152 1587 570 1676 profundum
624 1586 1492 1677 incomprehensibilitatis,
1531 1588 1751 1658 veniet
1781 1588 1849 1657 in
1901 1587 2287 1678 periculum
2315 1643 2330 1671 ,
2373 1611 2456 1659 ne
2505 1590 2573 1657 in
2609 1589 2696 1659 iis

149 1697 316 1763 quae
361 1689 530 1747 sunt
582 1676 974 1768 praecipua,
1013 1676 1312 1767 patiatur
1341 1676 1714 1765 jacturam,
1754 1699 1975 1766 pauca
2009 1677 2252 1748 nolens
2292 1677 2689 1748 concedere.

156 1770 492 1854 Quotquot
539 1787 702 1856 ergo
751 1766 819 1834 in
871 1764 1006 1834 fide
1056 1764 1243 1846 recti,
1295 1778 1358 1835 et
1422 1764 1811 1836 ardentiore
1874 1765 2013 1836 zelo
2063 1767 2200 1837 huc
2247 1766 2687 1849 convenistiS,

154 1855 322 1944 agite
368 1854 631 1937 adeste,
684 1867 748 1924 et
795 1854 1092 1924 narrabo
1119 1853 1309 1924 vobis
1356 1875 1458 1935 ea,
1504 1876 1681 1941 quae
1704 1877 1842 1942 qua
1878 1855 2182 1955 oportuit
2222 1868 2693 1945 perscrutatus

153 1944 672 2025 examinatione,
707 1954 773 2012 et
819 1964 955 2012 non
990 1942 1139 2011 sine
1178 1941 1410 2012 labore
1443 1956 1751 2014 versatus
1799 1943 1870 2012 in
1921 1944 2337 2032 inquirenda
2386 1945 2686 2026 veritate,

154 2044 278 2101 tam
317 2055 397 2103 ex
446 2033 538 2105 iis
584 2032 706 2121 qui
756 2031 1078 2101 historias
1112 2032 1607 2121 conscripsere,
1662 2054 1870 2119 quam
1933 2054 2014 2101 ex
2063 2032 2149 2102 iis
2204 2034 2327 2120 qui
2370 2033 2563 2103 illinc
2602 2033 2690 2102 ad

156 2141 267 2189 nos
313 2144 583 2203 venere,
636 2143 814 2208 quae
862 2136 1212 2207 tamquam
1266 2119 1335 2188 in
1403 2121 1676 2190 arcanis
1723 2120 2046 2192 dicebant
2109 2122 2295 2212 apud
2362 2144 2479 2193 eos
2525 2144 2692 2193 con-

158 2211 417 2291 servari,
481 2210 837 2291 memoria,
875 2222 1104 2278 exacte
1157 2209 1343 2298 potui
1378 2231 1814 2300 cognoscere.

233 2300 265 2384 ἓ
306 2306 395 2372 8.
452 2303 625 2369 Cum
671 2297 1002 2368 Dominus
1048 2311 1114 2367 et
1162 2302 1341 2367 Deus
1399 2312 1464 2368 et
1513 2297 1819 2368 Salvator
1868 2308 2097 2367 noster
2132 2297 2330 2368 Jesus
2382 2297 2693 2368 Christus

160 2385 236 2454 ad
278 2410 500 2477 genus
549 2398 860 2457 nostrum
912 2386 1317 2477 erigendum
1352 2386 1535 2477 apud
1583 2408 1707 2457 nos
1757 2397 2163 2467 versaretur,
2197 2400 2364 2467 erat,
2396 2399 2472 2455 ut
2518 2386 2687 2458 dicit

162 2477 504 2567 Propheta,
543 2475 912 2547 multitudo
954 2476 1144 2567 pacis
1171 2475 1240 2545 in
1279 2487 1478 2557 terra,
1531 2486 1596 2546 et
1625 2474 1846 2546 fuerat
1893 2474 2271 2566 dissipatus
2310 2474 2689 2546 multorum

158 2564 600 2658 principatus,
655 2577 722 2635 et
766 2565 1299 2647 administratiO,
1356 2588 1514 2634 cum
1569 2577 1920 2652 tamquam
1982 2564 2071 2634 ab
2125 2587 2267 2634 una
2313 2586 2506 2645 zona,
2561 2570 2691 2635 Ro-

157 2674 342 2724 mano
391 2654 696 2745 Imperio
729 2654 1002 2724 cinctus
1057 2666 1234 2724 esset
1280 2654 1650 2723 universus
1698 2654 1886 2724 orbis
1937 2665 2176 2735 terrae,
2229 2664 2295 2723 et
2336 2653 2689 2744 subjectus

157 2755 315 2814 esset
360 2744 491 2814 uni
539 2743 1010 2834 gubernatori.
1066 2743 1225 2812 Ideo
1287 2755 1431 2812 erat
1478 2743 1791 2812 omnium
1851 2764 2011 2811 cum
2060 2742 2389 2812 omnibus
2448 2764 2691 2812 secura

156 2832 581 2922 congressio:
633 2854 857 2920 neque
904 2831 1036 2901 sibi
1090 2831 1502 2902 videbantur
1548 2831 1867 2902 homines
1916 2831 2167 2901 terrain
2216 2830 2526 2901 habitare
2579 2830 2690 2901 di-

153 2919 376 3004 visam,
430 2921 554 2990 sed
622 2933 698 2991 ut
742 2943 919 3009 quae
967 2920 1054 2990 ab
1101 2942 1242 2990 uno
1299 2919 1587 2989 Domino
1635 2921 2144 3010 possideretur,
2198 2932 2264 2989 et
2309 2933 2487 2989 esset
2551 2932 2688 2989 tota

153 3008 347 3079 unius
377 3032 418 3080 o
473 3009 689 3081 ificis:
723 3022 789 3080 et
816 3008 1073 3079 collum
1108 3009 1330 3099 primo
1370 3007 1473 3077 illi
1520 3030 1714 3078 servo
1746 3009 2182 3091 inclinanteS,
2238 3030 2472 3098 pacem
2511 3009 2689 3077 inter

156 3117 218 3164 se
240 3099 418 3189 agita
473 3110 618 3168 ant.
657 3099 1115 3182 Quamobrem
1152 3097 1273 3185 qui
1324 3110 1487 3168 tunc
1518 3119 1795 3185 quoque
1835 3109 1980 3168 erat
2012 3097 2302 3167 Edessae
2336 3097 2689 3198 Toparclia

152 3183 518 3278 Abagarus,
558 3199 703 3257 erat
749 3187 1032 3278 Aegypti
1081 3186 1386 3258 Praesidi
1436 3199 1640 3257 notus
1688 3201 1754 3258 et
1799 3187 2104 3268 amicus,
2155 3199 2220 3256 et
2258 3185 2544 3256 alterius
2598 3185 2687 3256 ad

153 3272 429 3346 alterum
467 3276 835 3346 veniebant
867 3276 1192 3363 utrinque
1233 3275 1559 3346 ministri.

230 3365 263 3451 ἓ
307 3369 392 3438 4.
469 3365 804 3448 Quocirca
864 3364 983 3434 illo
1043 3386 1317 3452 quoque
1367 3377 1714 3455 tempore,
1778 3386 1917 3452 quo
1965 3363 2298 3434 Dominus
2346 3373 2576 3432 noster
2620 3375 2686 3433 et

154 3451 315 3524 Deus
363 3466 720 3544 paternam
791 3453 1090 3544 implens
1138 3454 1554 3524 voluntatem
1592 3508 1607 3535 ,
1662 3452 2033 3523 salutarem
2091 3452 2476 3522 doctrinam
2527 3473 2685 3541 pro-

196 3542 431 3612 onebat
462 3543 890 3624 hominibuS,
935 3555 1000 3612 et
1041 3565 1171 3701 fier
1221 3541 1524 3632 insignia
1572 3541 1952 3623 miracula,
2004 3540 2091 3610 ad
2140 3541 2351 3611 fidem
2400 3540 2469 3609 in
2501 3561 2683 3640 ,eui-n

197 3628 530 3702 abendam
562 3631 996 3702 convertebat
1091 3632 1390 3701 omines:
1444 3630 1695 3701 accidit
1742 3644 1817 3700 ut
1862 3629 2148 3718 quidam
2206 3652 2287 3698 ex
2346 3628 2683 3699 ministris

152 3715 447 3809 Abagari,
489 3721 766 3791 nomine
797 3719 1094 3790 Ananias
1138 3719 1496 3810 (Ananim),
1552 3720 1620 3788 in
1671 3724 2049 3809 Aegyptum
2099 3717 2355 3787 vadens
2451 3739 2525 3786 er
2556 3721 2682 3786 Pa-

153 3800 521 3891 laestinam,
558 3809 627 3878 in
679 3809 1022 3879 Christum
1073 3809 1426 3889 incideret,
1461 3819 1526 3878 et
1577 3830 1736 3877 eum
1777 3806 2014 3897 procul
2069 3819 2389 3896 contemp
2422 3818 2675 3885 aretur,

151 3894 357 3965 verbis
401 3899 492 3969 ab
540 3920 766 3968 errore
798 3898 1250 3967 attrahentem
1303 3896 1845 3978 multitudinem,
1897 3910 1984 3976 et,
2023 3918 2202 3983 quae
2248 3917 2524 3966 omnem
2561 3915 2681 3962 su-

152 3984 466 4067 perabant
522 3986 919 4076 opinionem
952 4041 968 4067 ,
1035 3983 1394 4055 facientem
1447 3983 1809 4055 miracula.
1889 3989 2255 4072 Postquam
2324 4004 2486 4073 ergo
2551 3982 2680 4051 iter

151 4088 342 4142 suurn
373 4074 778 4145 confecisset
839 4075 907 4143 in
959 4079 1339 4166 Aegyptum
1371 4128 1392 4155 ,
1465 4087 1530 4144 et
1594 4074 1683 4144 iis
1752 4094 1930 4161 quae
1978 4072 2303 4172 mandata
2351 4069 2625 4141 fuerant
2656 4124 2671 4151 ‚

150 4163 433 4233 tractatis
482 4163 755 4245 rediret,
808 4185 969 4235 cum
1019 4162 1494 4233 recordaretur
1541 4162 1901 4233 dominum
1942 4183 2149 4231 suum
2190 4161 2520 4230 diuturne
2570 4182 2676 4229 ar·

151 4243 403 4346 ticulari
451 4254 689 4323 morbo
739 4252 1095 4342 tyrannice
1143 4252 1392 4333 vexari,
1446 4264 1511 4322 et
1551 4252 1752 4342 nigra
1802 4251 1993 4341 lepra
2041 4249 2386 4330 consumi,
2440 4261 2504 4317 et
2544 4247 2676 4319 du-

151 4331 380 4419 plicem
405 4339 887 4424 calamitatem,
927 4342 1028 4411 vel
1059 4340 1511 4430 multiplicem
1557 4342 1784 4430 potius
1818 4339 2143 4409 morbum
2178 4337 2454 4419 sentire,
2489 4337 2674 4425 quod

150 4433 208 4490 et
247 4427 685 4502 articulorum
731 4430 1149 4524 affligeretur
1194 4429 1574 4513 doloribus,
1604 4442 1673 4500 et
1719 4428 1947 4520 leprae
1988 4426 2193 4500 malis
2241 4427 2671 4499 cruciaretur
