3308 5004
591 288 723 354 506
1211 304 1291 352 mr
1336 304 1395 353 s.
1444 303 1779 353 anuarino
1824 304 1970 354 Ana.
2020 303 2409 354 cunum,-
2724 285 2912 355 Ans.
2962 286 3052 354 20

502 389 740 460 minus
763 388 1096 481 neglecta,
1132 388 1367 458 minus
1396 387 1788 479 praeferens
1808 401 2310 481 paupertatem.
2339 393 2473 460 Nec
2497 387 2772 460 silentio
2805 389 3057 480 pressit

504 478 893 549 aemulator
947 477 1268 558 virtutis,
1323 477 1507 565 quod
1559 490 1787 549 mente
1831 491 2281 570 conceperat:
2344 476 2463 548 sed
2518 477 2794 548 locutus
2845 478 2971 548 uni
3014 498 3056 548 e

501 566 859 648 fratribus,
890 566 1329 655 aliquatenus
1361 567 1618 636 moveri
1650 588 1801 638 sese
1837 565 2198 643 confessus
2218 578 2325 638 est
2351 580 2420 636 et
2447 567 2711 637 mirari.
2742 571 3055 655 Cumque

502 656 622 725 ille
665 656 750 726 ad
802 669 1063 748 patrem
1113 668 1436 726 sanctum
1469 710 1486 737 ,
1537 656 1722 743 quod
1772 655 2084 727 audierat
2115 712 2130 739 ,
2183 654 2565 736 retulisset,
2622 676 2759 726 non
2812 657 3049 727 minus

500 745 652 846 ipse
701 746 1013 826 miratus,
1065 745 1294 831 qualis
1342 743 1463 814 illa
1509 759 1689 816 esset
1734 757 2058 828 stratura,
2095 745 2509 834 quaerebat:
2558 742 2745 833 quod
2786 745 2880 814 ita
2912 744 3052 814 sci-

466 834 661 905 -hcet
708 856 745 904 a
794 832 1167 905 claravalle
1221 833 1651 904 carthusiam
1704 855 1925 922 usque
1971 836 2313 916 venisset,
2365 845 2443 906 ut
2489 854 2849 922 nunquam
2896 853 3052 903 eam

498 923 804 1004 vidisset,
856 944 1219 1010 nunquam
1267 921 1795 1005 considerasset,
1832 936 1898 994 et
1929 944 2150 1013 usque
2182 924 2251 993 in
2285 924 2526 993 horam
2569 922 2784 1004 illam,
2868 921 3055 993 ualis

500 1024 703 1094 esset,
754 1013 1042 1082 omnino
1075 1011 1386 1081 nesciret.
1440 1017 1671 1099 Neque
1715 1013 1900 1082 enim
1951 1034 2155 1083 suum
2192 1023 2338 1083 erat
2373 1011 2631 1083 animal
2683 1010 2812 1081 illu
2870 1067 2885 1093 ,
2926 1010 3048 1080 sed

498 1123 537 1172 a
585 1100 886 1190 quodam
937 1099 1278 1171 monacho
1327 1100 1786 1182 cluniacensi,
1840 1100 2185 1172 avunculo
2219 1124 2369 1184 su0,
2420 1112 2487 1171 et
2532 1101 2601 1170 in
2636 1121 2764 1170 sua
2794 1100 3049 1171 vicinia

496 1190 910 1272 demoranti,
952 1188 1177 1260 fuerat
1222 1188 1782 1260 commodatum:
1834 1201 1900 1259 et
1945 1203 2111 1273 erat,
2165 1190 2347 1261 sicut
2394 1187 2528 1261 sibi
2581 1203 2886 1259 sternere
2931 1188 3051 1260 ille

499 1279 787 1350 solebat.
839 1279 1031 1362 Quod
1081 1278 1368 1348 verbum
1420 1301 1623 1369 saepe
1670 1278 1897 1349 dictus
1945 1281 2138 1349 Prior
2182 1279 2521 1361 audiens,
2573 1278 2645 1349 in
2705 1300 2786 1349 eo
2832 1278 3050 1368 potis-

497 1368 754 1438 simum
807 1367 1213 1448 mirabatur,
1252 1366 1438 1454 quod
1475 1368 1574 1439 sic
1625 1366 1740 1437 ille
1788 1368 1903 1437 Dei
1943 1367 2250 1439 famulus
2281 1368 2448 1439 foris
2474 1367 2715 1440 oculos
2745 1367 3045 1437 circum·

495 1456 801 1537 cidisset,
853 1457 1044 1527 intus
1081 1457 1395 1526 animum
1443 1469 1896 1547 occupasset,
1950 1469 2027 1527 ut
2073 1456 2254 1545 quod
2296 1458 2530 1560 ipsum
2578 1456 2805 1548 primo
2836 1455 3045 1525 offen·

495 1545 689 1615 derat
739 1546 914 1627 visu,
971 1546 1098 1616 hoc
1144 1545 1262 1614 ille
1314 1544 1483 1614 tanti
1523 1545 1791 1616 itineris
1838 1546 2061 1636 spatio
2109 1567 2245 1617 non
2287 1545 2590 1627 vidisset,
2644 1566 2780 1614 non
2820 1544 3050 1615 consi·-

497 1634 804 1705 derasset
849 1636 1160 1704 omnino.
1210 1639 1416 1704 Juxta
1464 1633 1692 1704 lacum
1728 1635 1933 1705 etiam
1974 1638 2366 1707 Lausanum
2402 1635 2609 1705 totius
2635 1633 2772 1703 diei
2804 1634 3051 1704 itinere

494 1743 826 1815 pergenS,
872 1723 1150 1813 penitus
1194 1744 1353 1793 eum
1407 1743 1543 1793 non
1593 1723 1808 1804 vidit,
1861 1736 1982 1793 aut
2028 1745 2101 1793 se
2164 1723 2392 1794 videre
2440 1745 2574 1793 non
2627 1722 2819 1792 vidit.
2873 1726 3045 1792 Cum

496 1813 683 1881 enim
728 1833 1006 1914 vespere
1035 1811 1213 1881 facto
1241 1810 1327 1880 de
1371 1812 1609 1882 eodem
1650 1812 1804 1882 lacu
1839 1813 2006 1882 socii
2056 1813 2523 1899 loquerentur,
2576 1811 3049 1902 interrogabat

494 1923 637 1980 eos,
684 1900 805 1972 ubi
852 1899 965 1969 ille
1008 1900 1199 1970 lacus
1232 1910 1454 1969 esset:
1506 1914 1572 1971 et
1604 1901 1833 1970 mirati
1876 1913 2040 1971 sunt
2084 1901 2417 1972 universi.

583 1991 621 2077 ξ
669 1995 763 2061 θ.
820 1989 1328 2059 Desideraverat
1382 2001 1607 2059 tamen
1662 1991 1751 2059 ab
1809 1989 2004 2061 initio
2049 1989 2473 2061 omnimodis
2519 1989 2926 2060 subtrahere
2970 2009 3048 2060 se

494 2078 830 2167 negotiis,
888 2090 954 2147 et
990 2098 1333 2166 nusquam
1388 2078 1648 2168 egredi,
1704 2078 1819 2149 sed
1874 2079 1941 2149 in
1995 2079 2413 2149 monasterio
2460 2078 2782 2149 residere.
2844 2076 3044 2161 Quod

494 2179 560 2237 et
608 2167 1046 2257 postmodum
1096 2188 1176 2237 ex
1222 2166 1491 2237 defectu
1537 2168 1848 2258 corporis
1905 2169 2339 2239 occasionem
2401 2167 2750 2237 invenisse
2810 2187 2888 2237 se
2935 2188 3044 2236 re·
3148 2225 3164 2240 .

486 2270 750 2415 ¹putans
779 2267 1268 2358 opportunam,
1307 2255 1685 2344 aliquando
1720 2258 1977 2338 statuit,
2006 2270 2072 2327 et
2100 2256 2511 2346 aliquandiu
2542 2258 2784 2335 tenuit,
2819 2255 3045 2325 donec

524 2344 691 2415 llum
742 2367 923 2415 exire
970 2345 1194 2436 coegit
1252 2345 1626 2415 necessitas
1685 2345 2026 2415 Ecclesiae
2075 2346 2215 2428 Dei,
2268 2357 2333 2415 et
2378 2345 2638 2415 summi
2691 2344 3046 2415 Pontificis

495 2446 702 2522 atque
746 2434 1057 2505 omnium
1111 2433 1447 2505 Abbatum
1513 2435 1623 2505 sui
1677 2434 1955 2506 Ordinis
1996 2435 2268 2524 jussio:
2321 2435 2579 2523 quibus
2627 2454 2750 2526 per
2801 2434 3042 2504 omnia

493 2536 849 2612 tamquam
915 2523 1228 2614 patribus
1288 2524 1632 2594 deferebat
1667 2579 1683 2604 ,
1729 2525 1877 2614 ipse
1936 2525 2253 2595 omnium
2303 2530 2521 2594 Pater.
2587 2527 2677 2593 Ex
2736 2543 3040 2611 quorum

491 2613 695 2683 etiam
767 2613 1093 2683 mandato
1123 2667 1138 2694 ‚
1191 2625 1460 2704 praeter
1522 2615 1828 2682 tunicam
1879 2625 1945 2683 et
1990 2613 2333 2683 cucullam
2372 2667 2388 2694 ,
2442 2612 2640 2683 laneo
2686 2632 2920 2704 panno
2968 2612 3042 2681 in

493 2701 777 2772 modum
845 2701 1233 2791 chlamydis
1294 2701 1734 2782 decurtatae,
1785 2714 1853 2773 et
1918 2702 2099 2794 pileo
2165 2701 2379 2772 simili
2427 2701 2792 2781 utebatur,
2860 2701 3048 2771 inter

495 2804 719 2862 tantos
767 2790 1139 2882 languores
1186 2791 1497 2893 corporis
1539 2804 1605 2861 et
1652 2790 1945 2867 labores,
2003 2789 2216 2860 nullis
2246 2812 2559 2879 unquam
2597 2791 2699 2860 uti
2735 2789 3042 2881 pellibus

493 2881 965 2967 acquiescens,
1019 2886 1097 2949 In
1162 2881 1466 2950 vestibus
1523 2880 1585 2948 ei
1659 2892 2031 2970 paupertas
2094 2900 2368 2970 semper
2428 2879 2740 2966 placuit,
2800 2879 3042 2949 sordes

492 2991 853 3055 nunquam
893 2969 952 3038 *.
1012 2970 1353 3040 Nimirum
1401 2968 1636 3061 animi,
1668 2968 1811 3037 fore
1877 2967 2215 3038 indicium
2253 3023 2269 3050 ‚
2320 2967 2599 3056 ajebat,
2651 2979 2773 3038 aut
2818 2967 3038 3058 negli-

492 3058 740 3148 gentis,
793 3068 914 3126 aut
959 3058 1258 3127 inaniter
1301 3057 1486 3148 apud
1537 3078 1609 3126 se
1657 3057 2042 3148 gloriantis,
2095 3070 2214 3127 aut
2260 3056 2427 3127 foris
2467 3057 2847 3127 humanam
2889 3056 3034 3146 glo-

491 3146 667 3214 riam
721 3146 1124 3216 afl'ectantiS.
1178 3151 1499 3216 Incessus
1561 3146 1714 3235 ejus
1775 3158 1842 3215 et
1888 3146 2169 3217 habitus
2232 3147 2461 3215 omnis
2498 3201 2514 3226 ,
2568 3145 2923 3216 modestus
2973 3156 3043 3215 et

494 3233 1023 3323 disciplinatus,
1077 3233 1468 3326 praeferens
1517 3234 2007 3314 humilitatem,
2062 3234 2379 3305 redolens
2478 3235 2791 3315 ietatem,
2845 3234 3041 3304 exhi·

490 3322 663 3392 bens
690 3324 1006 3412 gratiam,
1047 3324 1327 3414 exigens
1358 3324 1831 3404 reverentiam,
1886 3323 2032 3393 solo
2064 3325 2218 3393 visu
2255 3324 2410 3394 laeti
2466 3343 2634 3395 cans
2661 3324 3028 3394 intuentes.

493 3415 585 3480 De
634 3411 780 3481 risu
826 3411 1150 3493 dicimus,
1203 3411 1386 3498 quod
1434 3432 1515 3483 ex
1561 3433 1679 3480 ore
1724 3412 1878 3500 ejus
1935 3412 2326 3500 frequenter
2369 3413 2809 3493 audivimus,
2861 3410 3031 3480 dum

495 3499 877 3569 cachinnos
924 3499 1402 3590 religiosorum
1454 3499 1815 3571 hominum
1872 3502 2274 3583 miraretur,
2329 3522 2462 3571 non
2514 3500 2910 3571 meminisse
2958 3519 3035 3568 se

497 3610 534 3658 a
587 3589 831 3679 primis
877 3589 1081 3659 annis
1130 3609 1295 3659 suae
1340 3591 1809 3660 conversionis
1868 3589 2244 3677 aliquando
2293 3591 2392 3662 sic
2440 3591 2722 3672 risisse,
2770 3601 3036 3659 utnon

493 3679 723 3769 potius
763 3678 850 3746 ad
892 3677 1285 3758 ridendum,
1319 3699 1527 3764 quam
1564 3679 1646 3747 ad
1685 3677 2203 3770 reprimendum
2246 3680 2380 3749 sibi
2413 3679 2804 3749 vimfaeere
2830 3699 3043 3769 opor-

494 3779 686 3849 teret,
718 3779 783 3836 et
817 3766 988 3836 risui
1021 3787 1148 3836 suo
1190 3767 1411 3857 magis
1445 3768 1804 3838 stimulum
1838 3768 2191 3848 adhibere,
2222 3789 2433 3854 quam
2461 3767 2759 3838 frenum.
2792 3772 3040 3837 Vocem

492 3855 597 3924 illi
625 3857 692 3925 in
726 3855 1036 3925 invalido
1053 3877 1337 3946 corpore
1369 3856 1667 3926 validam
1707 3856 1895 3937 satiS,
1941 3856 2157 3926 intelli
2217 3857 2587 3945 ibilemque
2620 3855 3035 3938 contulerat,

489 3945 607 4033 qui
662 3945 729 4014 in
792 3967 970 4035 opus
1029 3945 1562 4047 praedicationis
1619 3958 2094 4035 segregaverat
2160 3878 2356 4015 filum
2412 3967 2492 4017 ex
2550 3957 2746 4016 utero
2794 3945 3043 4017 matris

495 4056 686 4103 suae.
725 4039 962 4104 Sermo
991 4056 1078 4115 el,
1121 4035 1389 4122 quoties
1436 4047 1826 4123 opportuna
1860 4034 2339 4105 inveniebatur
2373 4035 2666 4116 occasio,
2708 4034 2796 4104 ad
2829 4055 3045 4122 quas·

493 4142 790 4210 cumque
838 4144 1167 4214 personas
1230 4123 1315 4192 de
1362 4122 1840 4192 aedificatione
1885 4124 2303 4195 animarum.
2358 4135 2563 4215 prout
2606 4135 2838 4194 tamen
2889 4124 3041 4194 sin-

491 4210 811 4300 gulorum
868 4212 1415 4302 intelligentiam,
1455 4232 1680 4281 mores
1711 4224 1776 4281 et
1808 4211 2035 4281 studia
2072 4225 2370 4292 noverat,
2407 4214 2802 4301 quibusque
2836 4212 3043 4282 audi·

490 4300 756 4369 toribus
791 4321 1182 4390 congruens
1232 4301 1634 4371 habebatur.
1676 4300 1786 4370 Sic
1821 4303 2193 4373 rusticanis
2225 4302 2547 4392 plebibus
2595 4301 3032 4391 loquebatur,

543 4424 572 4472 ξ’
598 4424 770 4465 Recole
790 4434 911 4474 quae
928 4423 1147 4472 diximus,
1164 4434 1270 4467 cnm
1294 4429 1397 4467 Sur.
1417 4427 1518 4470 Vol.
1539 4437 1568 4473 t,
1583 4436 1632 4477 p.
1650 4428 1744 4476 695,
1760 4428 1850 4469 hoo
1868 4428 1918 4470 8.
1935 4428 2161 4469 Bet-nardi
2182 4422 2373 4470 stratum
2389 4428 2661 4472 retulimus.
