3308 5004
180 358 325 427 Aua.
374 358 398 421 ⁴
1001 377 1082 424 nn
1128 377 1185 426 s.
1237 375 1456 425 rstica
1501 377 1795 424 minnan
2493 362 2566 426 51

174 459 343 530 moris
382 460 728 530 actionum
774 459 1156 541 dissolutis,
1197 460 1284 530 ad
1336 473 1399 529 te
1423 482 1646 549 usque
1682 461 2098 552 perveniam.
2146 463 2664 532 Revertentibus

174 569 294 618 vero
333 548 623 629 nunciis,
675 562 741 619 et
786 549 916 619 ista
962 549 1377 631 dicentibus,
1412 570 1572 619 cum
1613 550 1763 639 jam
1814 550 2063 620 lectulo
2101 550 2495 632 decubaret,
2533 551 2654 621 ait:

175 642 501 727 surgamus
544 659 730 729 ergO,
783 652 848 708 et
885 639 1357 709 sustineamus
1395 636 1674 709 fratrem
1728 649 2064 709 nostrum.
2117 643 2168 709 Ο
2227 639 2449 710 virum
2502 662 2663 709 san·

175 725 350 794 etitate
405 725 864 809 ineffabilem,
916 727 1039 815 qui
1111 748 1536 815 quamquam
1613 727 1965 797 festinaret
2039 727 2328 800 dissolvi
2388 742 2456 798 et
2501 749 2664 798 cum

171 813 385 885 Christo
426 836 603 896 esse,
656 837 792 884 non
843 829 1070 885 tamen
1140 814 1398 886 oblitus
1444 815 1891 897 charitatem,
1944 816 2244 886 obtinuit
2289 817 2473 907 apud
2543 822 2666 887 Do·

171 903 387 972 minum
433 903 668 977 adhuc
711 925 863 975 esse
896 904 964 973 in
1028 904 1314 984 mundo,
1359 916 1435 974 ut
1484 903 1763 974 fratrem
1813 917 2121 976 cerneret
2165 906 2507 996 corporali
2557 905 2668 974 in-

166 991 327 1060 tuitul
374 991 500 1061 Sed
553 1013 678 1061 nec
727 992 924 1063 illum
963 992 1188 1062 infimi
1223 1014 1374 1063 reor
1418 991 1632 1063 fuisse
1669 995 1916 1075 meriti,
1958 1016 2080 1083 pro
2118 994 2324 1082 cujus
2368 994 2669 1068 adventu

166 1079 453 1150 Dominus
506 1080 721 1168 hujus
770 1081 990 1151 sancti
1038 1081 1327 1151 dilatare
1355 1081 1685 1172 dignatus
1732 1095 1834 1152 est
1876 1082 2086 1152 diem.
2142 1104 2301 1152 nam
2343 1082 2428 1152 de
2477 1082 2669 1154 illius

162 1167 433 1238 tarditate
461 1182 741 1260 accepto
771 1171 1054 1252 nunci0,
1093 1171 1409 1260 protinus
1437 1171 1831 1257 quiescente
1867 1171 2077 1251 febre,
2115 1193 2327 1240 sanus
2366 1172 2664 1242 surrexit

158 1277 190 1323 a
228 1255 479 1326 lectulo,
534 1263 689 1328 Post
723 1258 1017 1328 multum
1054 1281 1211 1329 vero
1246 1270 1520 1350 tempus
1566 1259 1969 1329 adveniente
2009 1260 2370 1351 EpiscopO,
2409 1282 2447 1328 a
2483 1259 2670 1330 febre

156 1345 489 1435 corripitur
523 1401 539 1428 ,
594 1346 1124 1438 ingressumque
1172 1347 1257 1417 ad
1309 1369 1382 1417 se
1431 1347 1725 1430 salutat,
1792 1361 1858 1418 et
1925 1348 2318 1431 osculatur,
2371 1348 2666 1418 dicens:

156 1435 424 1505 Grandes
472 1434 648 1504 mihi
702 1457 929 1505 moras
977 1435 1061 1505 de
1109 1435 1353 1506 itinere
1401 1435 1630 1507 debito
1678 1436 1889 1518 facis,
1937 1459 1978 1506 o
2021 1450 2254 1507 sancte
2320 1436 2663 1508 sacerdos.

102 1559 109 1565 ,
155 1521 385 1601 Quibus
425 1523 879 1623 vigilantibus
919 1536 1136 1607 nocte,
1180 1547 1360 1612 quae
1408 1538 1554 1595 erat
1588 1525 1968 1607 Dominica,
2026 1548 2227 1595 mane
2275 1525 2474 1608 fact0,
2529 1538 2670 1596 tra-

151 1609 298 1679 didit
358 1612 711 1701 spirttum.
772 1617 863 1682 Eo
924 1627 1150 1683 autem
1203 1615 1481 1694 emisso,
1534 1637 1689 1684 mox
1738 1613 1964 1685 omnis
2011 1613 2261 1683 cellula
2310 1615 2396 1683 ab
2459 1614 2670 1684 odore

151 1699 475 1770 suavitatis
529 1700 807 1791 repleta,
861 1715 997 1772 tota
1046 1702 1484 1772 contremuit.
1527 1704 1718 1772 Unde
1760 1701 2223 1772 indubitatum
2268 1714 2391 1783 est,
2450 1708 2671 1792 Ange-

149 1784 319 1856 licam
356 1788 449 1857 ibi
487 1789 770 1859 affuisse
804 1790 1147 1872 virtutem,
1186 1813 1363 1878 quae
1390 1790 1610 1860 sancti
1645 1792 1964 1861 meritum
1997 1791 2308 1881 signans,
2345 1790 2665 1860 cellulam

148 1873 374 1946 divinis
437 1877 691 1947 faceret
757 1880 1184 1949 aromatibus
1243 1880 1635 1970 effragrare.
1704 1880 1918 1968 Cujus
1966 1879 2343 1980 gloriosum
2417 1901 2670 1970 corpus

144 1965 435 2035 sacerdos
469 1965 786 2036 ablutum
839 1968 1223 2039 recondidit
1273 1969 1340 2036 in
1384 1968 1674 2049 tumulO,
1718 1981 1784 2037 et
1833 1968 2142 2038 Christus
2191 1968 2494 2037 animam
2549 1992 2667 2037 su-

147 2054 334 2144 scepit
379 2055 451 2123 in
487 2055 704 2137 coelo,
763 2055 1259 2143 relinquentem
1314 2057 1677 2147 terrigenis
1722 2056 2037 2147 exempla
2079 2057 2436 2127 virtutum.

785 2317 1403 2419 MARTYRlUM
1473 2318 1549 2418 S.
1618 2318 2014 2418 FELICIS

1036 2500 1245 2566 APUD
1293 2500 1569 2567 GERUN
1580 2500 1741 2565 ΒΑΜ

935 2660 1220 2708 AUCTORE
1265 2661 1471 2708 ADONE
1518 2661 1828 2708 TREVIREN
1839 2693 1853 2707 .

1042 2802 1242 2856 Anno
1282 2803 1418 2856 304
1446 2830 1523 2841 —
1550 2801 1747 2869 Hisp.

204 2941 237 3025 ξ
278 2947 351 3013 1.
408 2947 506 3011 De
559 2941 912 3011 Scillitana
958 2942 1229 3013 civitate
1275 2942 1641 3025 oriunduS,
1677 2966 1836 3013 cum
1890 2943 2403 3034 persecutiones
2436 2943 2503 3011 in
2547 2943 2663 3013 Hi-

142 3029 371 3116 spaniis
397 3030 745 3102 adversus
775 3030 1195 3100 Christianos
1223 3032 1333 3122 agi
1373 3032 1840 3122 comperisset,
1871 3054 2155 3102 ascensa
2207 3046 2661 3102 mercatorum

143 3117 302 3198 navi,
367 3141 616 3189 amore
673 3120 984 3210 martyrii
1038 3142 1255 3209 ocyus
1300 3121 1636 3190 accurrit:
1689 3133 1755 3189 et
1809 3144 1968 3191 cum
2019 3119 2427 3207 aliquandiu
2475 3120 2662 3210 apud
2709 3193 2714 3196 ,

143 3205 600 3288 Barcinbnam,
635 3208 1026 3298 Empurias,
1060 3222 1124 3278 et
1164 3208 1556 3278 Gerundam
1588 3209 1872 3279 verbum
1914 3210 2023 3278 Dei
2069 3208 2476 3298 praedicans
2509 3209 2663 3299 plu-

143 3292 316 3388 rimos
342 3297 413 3365 in
457 3296 609 3367 fide
641 3297 1110 3378 confortasset,
1159 3309 1224 3367 et
1256 3296 1435 3366 fama
1471 3298 1623 3388 ejus
1652 3297 1851 3387 longe
1879 3297 2145 3384 lateque
2176 3299 2657 3379 crebresceret,

137 3381 380 3466 jubente
414 3385 752 3466 Daciano,
817 3400 1093 3476 repente
1141 3408 1181 3455 a
1241 3385 1518 3456 Ruffino
1565 3385 1844 3455 officiali
1902 3399 2129 3456 tentus
2176 3399 2300 3455 est.
2353 3391 2663 3473 Cumque

144 3489 347 3542 nomen
402 3474 669 3545 Christi
715 3474 1303 3543 confidentissime
1343 3473 1709 3556 fateretur,
1765 3475 1989 3565 primo
2038 3474 2336 3545 fustibus
2384 3496 2655 3557 caeSUS‚

145 3561 284 3628 etin
333 3561 476 3633 ima
525 3563 831 3632 carceris
876 3575 1155 3633 trusus:
1209 3562 1455 3632 deinde
1506 3562 1831 3633 manibus
1891 3564 2321 3653 pedibusque
2385 3563 2656 3653 ligatiS,

144 3663 344 3735 negato
368 3651 534 3722 cibo
589 3663 656 3720 et
695 3662 890 3751 potu,
929 3652 996 3720 in
1052 3651 1199 3722 loco
1248 3651 1592 3738 squallido
1642 3653 2008 3742 projectus,
2051 3663 2204 3742 post
2244 3652 2409 3721 baec
2449 3652 2660 3721 etiam

145 3738 356 3809 catenis
394 3739 848 3832 gravioribus
897 3740 1192 3820 vinctus,
1235 3762 1356 3831 per
1405 3753 1576 3810 totas
1619 3740 1877 3830 plateas
1924 3741 2011 3811 ab
2061 3740 2414 3811 indomitis
2450 3740 2660 3809 mulis

148 3831 377 3909 tractus,
430 3841 500 3899 et
556 3849 736 3919 pene
784 3828 853 3897 in
888 3827 1110 3899 frusta
1140 3828 1531 3917 discerptus
1562 3841 1704 3898 est.
2393 3916 2405 3928 α

207 3914 361 3998 ἓῖ.
434 3916 709 3986 Deinde
759 3915 1013 3988 missus
1063 3917 1131 3986 in
1182 3939 1574 3997 carcerem,
1631 3930 1828 3987 nocte
1873 3917 1959 3986 ab
2018 3916 2271 4004 Angelo
2345 3916 2659 3986 visitatus

152 4010 302 4084 atque
344 4020 667 4087 sanatus,
706 4003 881 4074 facto
928 4006 1063 4085 die,
1118 4004 1205 4075 ad
1257 4007 1634 4076 certamina
1683 4019 2059 4076 revocatur.
2113 4012 2302 4075 Tunc
2371 4003 2658 4094 ungulis

156 4093 512 4176 excoriatus,
571 4115 655 4163 ca
712 4094 801 4162 ite
835 4094 1127 4176 inverso,
1166 4094 1252 4164 ab
1301 4095 1468 4164 hora
1516 4096 1714 4165 tertia
1745 4117 1966 4181 usque
2013 4094 2097 4163 ad
2150 4114 2502 4183 vesperam
2535 4115 2658 4162 su-

159 4193 442 4266 SpensuS‚
521 4115 802 4252 nulfum
876 4183 1150 4274 penitus
1210 4184 1424 4253 sensit
1468 4182 1800 4254 dolorem.
1857 4181 2110 4251 Deinde
2160 4182 2227 4250 in
2303 4202 2653 4252 carcerem

162 4263 413 4361 Ruffinus
459 4293 632 4340 eum
672 4270 857 4340 trudi
903 4273 1266 4362 praecepit,
1306 4273 1430 4342 ubi
1464 4294 1584 4363 per
1623 4285 1827 4342 totam
1869 4285 2134 4341 noctem
2172 4270 2501 4361 splendor
2541 4292 2659 4339 co-

169 4369 338 4445 piosus
382 4359 679 4430 effulsit.
735 4360 864 4429 Sed
896 4372 961 4429 et
999 4382 1195 4431 voces
1224 4366 1318 4430 An
1371 4361 1638 4431 elorum
1690 4360 2134 4452 psallentium
2172 4358 2656 4460 auditae-sunt

170 4449 420 4519 moneto.
462 4447 667 4533 Quod
703 4471 866 4518 cum
896 4450 1303 4520 nunciatum
1364 4450 1575 4522 uisset
1600 4449 1878 4520 Ruffino
1907 4473 1947 4519 a
1985 4448 2413 4531 custodibus,
2442 4459 2656 4538 Jusslt
