3308 5004
123 325 321 394 AUG.
378 325 464 392 25
886 343 967 390 nn
1014 343 1071 390 s.
1125 341 1390 392 arnusto
1437 343 1696 392 nonno
1744 344 1935 392 nar.
2469 328 2597 392 6⁴3

122 428 369 520 Angeli
415 427 501 529 ad
540 449 694 496 me:
747 427 1025 498 Noveris
1072 439 1136 498 te
1170 427 1259 498 ab
1303 429 1496 498 omni
1526 428 1736 518 culpa
1767 428 2227 499 mundatum:
2279 428 2435 499 vide
2471 451 2681 512 nunc,

122 530 205 590 ut
253 529 547 609 gratiam
600 529 988 606 perceptam
1026 538 1411 587 conserves.
1620 576 1631 585 .

215 609 254 709 ς
302 612 389 681 cl.
444 610 656 675 «Jam
708 617 783 676 tu
830 606 1044 706 igitur
1104 610 1486 695 Imperator
1541 618 1608 676 et
1667 627 1787 674 vos
1846 604 1964 675 alii
2012 626 2255 676 omnes
2311 605 2683 689 decernite,

121 698 296 784 quid
349 693 742 780 faciendum
797 694 966 763 mihi
1016 693 1126 764 sit.
1166 700 1304 785 Ego
1341 696 1528 764 enim
1561 695 1730 765 dum
1778 694 1926 764 volo
1958 694 2148 764 vobis
2197 696 2485 766 terrenis
2540 696 2689 786 pla-

125 807 284 854 cere
324 783 890 884 Imperatoribus,
929 781 1015 851 ad
1068 785 1272 873 Regis
1304 785 1616 854 coelestis
1665 784 1956 873 gratiam
1995 783 2273 873 perveni
2305 806 2321 852 :
2375 783 2685 871 dumque

128 873 539 943 hominibus
598 893 815 941 risum
877 870 1099 942 facere
1156 872 1446 953 studeo,
1508 873 1801 962 Angelos
1872 871 2127 943 laetitia
2195 871 2414 941 affeci.
2481 876 2678 944 Nunc

130 962 348 1054 igitur
407 963 496 1032 ab
555 959 685 1029 hac
736 960 886 1050 ipsa
935 960 1149 1043 hora,
1201 961 1792 1050 quemadmodum
1863 982 1980 1031 vos
2039 982 2282 1030 omnes
2349 960 2685 1030 hactenus

133 1052 327 1123 hisce
378 1049 747 1140 mysteriis,
803 1049 1088 1139 perinde
1117 1062 1194 1120 ut
1226 1071 1374 1142 ego,
1425 1050 1689 1120 nullam
1742 1049 1947 1119 fidem
1998 1047 2444 1129 adhibuistis,
2486 1049 2686 1150 igno-

132 1141 358 1210 rantia
407 1138 711 1209 seducti:
765 1138 859 1208 ita
900 1138 1046 1224 jam
1097 1161 1236 1209 una
1290 1161 1558 1209 mecum
1609 1138 1988 1219 credentes,
2046 1137 2375 1226 deinceps
2415 1160 2492 1207 ea
2532 1138 2688 1206 irri-

129 1229 294 1299 ‹lere
344 1250 427 1297 ne
475 1227 718 1309 velitis,
775 1227 1056 1313 quando
1097 1250 1178 1300 ex
1238 1249 1345 1297 me
1402 1228 1840 1329 cognoscitis,
1894 1239 2206 1317 apertum
2270 1247 2376 1295 me
2434 1226 2688 1298 vidisse

129 1318 430 1398 coelum,
486 1337 910 1402 manumque
956 1315 1250 1386 coelitus
1286 1317 1456 1387 mihi
1506 1317 1900 1406 lmpositam
1951 1337 2030 1385 ea
2079 1315 2272 1396 hora,
2316 1337 2455 1404 qua
2503 1320 2688 1403 aqua

141 1405 641 1497 perfundebar:
694 1404 1134 1494 conspexisse
1179 1405 1382 1475 etiam
1434 1405 1750 1506 Angelos,
1805 1418 2080 1495 peccata
2127 1404 2361 1474 omnia
2398 1425 2686 1494 prorsus

130 1495 515 1575 obliterata,
570 1492 858 1564 coeleste
907 1493 1170 1574 lumen,
1228 1493 1876 1587 adhortationesque
1905 1492 2255 1564 audivisse
2288 1498 2381 1563 An
2437 1491 2673 1574 elicas,

132 1585 254 1655 Dei
305 1584 599 1674 gloriam
647 1581 839 1652 cordi
909 1604 1059 1652 meo
1120 1583 1420 1653 sensisse
1477 1584 1937 1673 impressam,
1990 1603 2170 1669 quae
2236 1604 2344 1651 me
2442 1582 2680 1662 ocuit,

134 1695 373 1744 verum
412 1676 620 1741 Deum
671 1691 820 1745 esse
869 1671 1235 1742 Dominum
1285 1672 1527 1741 Jesum
1582 1671 1951 1751 Christum,
2004 1692 2161 1741 eum
2215 1692 2364 1742 esse
2416 1670 2678 1750 lumen,

93 1826 99 1830 .
137 1763 515 1841 veritatem,
567 1760 914 1861 pietatem,
952 1759 1244 1830 salutem
1288 1761 1628 1842 omnium,
1674 1760 1796 1848 qui
1842 1759 1995 1847 ejus
2095 1759 2334 1829 ratiam
2390 1780 2508 1849 per
2557 1757 2678 1828 ba-

140 1853 476 1942 ptismum
526 1863 664 1917 Slnl.
708 1847 1348 1930 assecuti.'Audite‚
1405 1869 1687 1937 quaeso,
1727 1870 1849 1918 me
1900 1869 2017 1919 vos
2110 1848 2226 1918 oni
2275 1847 2631 1939 Principes
2663 1903 2680 1928 ,

135 1954 202 2011 et
249 1960 367 2009 vos
414 1937 657 2027 optimi
707 1937 870 2019 viri,
926 1959 1296 2024 meumque
1356 1959 1519 2028 erga
1568 1960 1688 2009 vos
1741 1958 2045 2008 amorem
2098 1937 2191 2007 ita
2240 1937 2559 2027 probate,
2609 1949 2690 2006 ut
2769 1941 2772 1944 ’

136 2027 369 2099 studio
418 2025 661 2096 salutis
707 2025 1214 2116 comparandae
1260 2049 1299 2096 a
1350 2049 1458 2095 me
1505 2026 1753 2108 edocti,
1805 2025 2103 2097 credatis
2141 2027 2511 2096 Dominum
2562 2047 2689 2095 no-

143 2130 363 2187 strum
412 2115 656 2185 Jesum
708 2114 1053 2185 Christum
1104 2137 1253 2184 esse
1306 2120 1513 2185 Deum
1566 2138 1827 2185 verum.
1883 2115 2075 2198 Quod
2128 2127 2355 2184 tamen
2391 2114 2689 2203 experiri

144 2226 281 2274 non
318 2204 620 2294 potestis,
667 2203 799 2272 nisi
845 2226 960 2273 vos
1009 2203 1197 2273 unda
1248 2203 1364 2274 illa
1414 2204 1816 2295 perfuderit,
1853 2225 2063 2291 quam
2118 2209 2314 2273 Pater
2359 2216 2423 2273 et
2470 2203 2689 2273 Filius

142 2306 208 2364 et
242 2293 536 2383 Spiritus
568 2296 859 2362 Sanctus
907 2292 1212 2362 nominis
1246 2293 1355 2363 sui
1393 2293 1819 2364 invocatione
1860 2293 2251 2363 sacraverit.
2292 2315 2328 2357 »

227 2384 264 2469 ὅ
308 2388 396 2454 5.
448 2382 570 2450 His
618 2403 656 2449 a
708 2380 995 2450 Genesio
1042 2380 1287 2461 dictis,
1346 2382 1806 2452 Diocletianus
1853 2380 2228 2450 immodico
2285 2379 2515 2449 surore
2574 2401 2688 2448 ac-

138 2492 410 2552 census,
457 2470 657 2559 jubet
704 2491 932 2540 coram
985 2491 1057 2539 se
1106 2469 1255 2541 sisti
1304 2492 1420 2542 eos
1467 2493 1732 2550 omnes,
1785 2469 1906 2557 qui
1954 2467 2104 2558 ejus
2154 2468 2299 2538 ludi
2344 2468 2565 2539 socios
2614 2488 2688 2539 se

142 2560 242 2629 illi
290 2559 810 2648 adjunxissent,
866 2559 1076 2650 virgis
1127 2581 1214 2629 ue
1261 2560 1593 2630 acerrime
1646 2557 1891 2639 caedi,
1996 2558 2233 2627 utabat
2279 2558 2463 2627 enim
2528 2555 2686 2627 illos

135 2671 409 2737 quoque
466 2646 868 2717 credidisse.
914 2653 990 2718 At
1050 2648 1149 2717 ili
1200 2663 1515 2718 sanctum
1570 2656 1819 2717 nomen
1892 2646 1934 2716 b
1965 2647 2503 2737 asphemantes:
2563 2650 2688 2715 Do-

139 2738 327 2807 mine
368 2743 770 2824 Imperator,
825 2735 1175 2825 inquiunt,
1230 2758 1355 2807 nos
1404 2736 1606 2826 longe
1651 2736 1922 2806 diversa
1971 2757 2219 2806 sumus
2265 2734 2483 2803 animi
2533 2757 2688 2804 sen-

136 2826 369 2897 tentia.
422 2825 548 2894 Hic
598 2846 752 2894 vero
797 2826 1101 2895 amentia
1165 2838 1564 2914 correptu5‚
1619 2835 2014 2915 contempta
2081 2836 2227 2894 tum
2296 2846 2468 2905 sua,
2535 2836 2681 2893 tum

188 2914 411 2983 ietatis
444 2926 601 2983 tuae
639 2926 705 2982 et
738 2913 948 2984 totius
990 2913 1227 3004 populi
1259 2913 1690 3002 jucunditate
1720 2926 1784 2982 et
1818 2912 2098 2992 laetitia,
2135 2911 2680 2983 Christianorum

134 2937 403 3074 Factum
454 3000 956 3091 complectitur.
1011 3001 1203 3085 Quod
1255 3024 1416 3159 ergo
1465 3001 1616 3072 solu
1702 3000 2028 3085 admisit,
2080 3001 2226 3092 ipse
2274 3000 2468 3070 solus
2509 3000 2679 3070 luat.

135 3097 309 3162 Tum
362 3112 517 3160 vero
578 3095 959 3181 Imperator
1015 3090 1406 3160 incredibti
1470 3091 1538 3159 in
1666 3090 1975 3162 enesium
2041 3089 2274 3160 furore
2335 3089 2684 3180 percitus,

189 3201 387 3249 arum
438 3179 681 3260 abfuit,
733 3181 900 3268 quin
951 3179 1104 3266 ejus
1152 3179 1566 3270 sanguinem
1617 3180 1926 3263 biberet,
1981 3179 2055 3248 ni
2115 3179 2398 3248 horrore
2447 3178 2684 3268 prohi-

136 3204 442 3340 Eeretur.
492 3268 697 3337 Jubet
755 3290 955 3349 vero,
1007 3280 1084 3338 ut
1147 3268 1570 3359 inspectante
1634 3291 1721 3358 po
1774 3268 1890 3339 ulo
1956 3267 2285 3338 caedatur
2342 3266 2681 3347 fustibuS,

141 3357 360 3427 animi
409 3356 518 3427 sui
568 3378 808 3427 saevae
856 3356 1356 3448 perturbationi
1395 3291 1903 3428 obsecundans.
1939 3356 2162 3426 Altero
2209 3355 2320 3425 die
2351 3356 2688 3446 praecipit

138 3446 457 3517 Plutiano
504 3445 869 3529 Praefecto,
914 3458 991 3515 ut
1029 3445 1299 3519 tamdiu
1353 3446 1713 3517 tormentis
1757 3468 1915 3517 eum
1964 3444 2243 3529 afficiat,
2297 3444 2514 3514 donec
2566 3467 2689 3535 pa-

138 3547 332 3606 ratus
378 3534 467 3603 sit
513 3533 719 3604 idolis
757 3534 1170 3605 sacrificare.
2408 3601 2412 3604 ,

226 3627 263 3711 5
310 3629 403 3696 6.
457 3627 536 3693 In
584 3621 821 3692 eculeo
870 3623 1084 3712 igitur
1127 3645 1468 3714 suspenso
1514 3623 1684 3694 dicit
1722 3622 2124 3693 Plutianus:
2179 3628 2429 3692 Insane
2456 3634 2523 3692 et
2557 3621 2689 3690 mi-

139 3711 450 3793 serrime,
491 3711 806 3781 sacrifica
839 3710 998 3794 diis,
1050 3725 1128 3783 ut
1178 3714 1399 3803 possis
1448 3712 1671 3783 redire
1712 3713 1781 3781 in
1824 3714 2117 3803 gratiam
2167 3733 2327 3781 cum
2378 3709 2689 3780 dominis

143 3802 420 3871 nostris.
474 3800 806 3871 Genesius
854 3800 1266 3892 respondet:
1312 3825 1349 3868 «
1383 3802 1704 3873 Ambiant
1760 3800 2008 3871 horum
2074 3806 2337 3891 Regum
2391 3799 2685 3900 gratiam

139 3903 208 3959 et
252 3889 655 3970 amicitiam,
711 3888 831 3975 qui
867 3911 1001 3959 non
1053 3890 1296 3960 timent
1344 3889 1544 3971 illum
1578 3896 1829 3980 Regem
1865 3910 2072 3978 quern
2112 3911 2239 3980 ego
2275 3887 2439 3969 vidi,
2477 3908 2685 3975 quem

140 3989 207 4048 et
251 3977 551 4059 adoravi,
603 3991 669 4047 et
714 3977 950 4048 adoro.
1004 3978 1127 4048 Ille
1170 3979 1354 4049 enim
1409 4000 1610 4049 verus
1666 3985 1804 4049 Rex
1849 3992 1976 4060 est,
2019 3999 2223 4066 quem
2275 3998 2402 4068 ego
2454 3988 2691 4066 paten-

145 4063 329 4136 tibus
371 4066 582 4137 coelis
629 4069 974 4157 conspexi,
1029 4068 1150 4154 qui
1203 4068 1374 4137 mihi
1415 4067 1752 4158 dignatus
1782 4080 1884 4138 est
1917 4066 2254 4158 impertiri
2291 4064 2687 4135 misericor-

146 4153 330 4224 diam
378 4178 601 4237 suam,
663 4177 908 4243 meque
958 4155 1326 4246 indignum
1374 4168 1440 4226 et
1480 4156 1832 4226 irrisorem
1880 4168 1947 4226 et
1995 4154 2461 4233 incredulum,
2520 4153 2686 4223 illu-

146 4255 360 4314 strare
408 4245 752 4335 mysteriis
802 4245 998 4316 suis:
1051 4258 1131 4314 ut
1175 4245 1295 4331 qui
1345 4244 1548 4336 plane
1594 4266 1844 4315 caecus
1889 4265 2105 4328 eram,
2156 4265 2395 4314 verum
2449 4242 2682 4312 lumen

144 4330 594 4421 adspicerem,
639 4346 704 4403 et
731 4333 887 4422 ejus
917 4354 1403 4423 cognoscerem
1437 4333 1811 4402 veritatem.
1852 4332 2312 4416 Quamobrem
2353 4331 2681 4402 miserum

145 4442 258 4491 me
289 4419 514 4515 lugeo,
553 4420 738 4510 quod
770 4406 1496 4494 vobiscum'liactenus
1532 4422 1930 4504 erraverim,
1970 4434 2036 4493 et
2067 4434 2390 4493 sanctum
2435 4441 2687 4491 nomen
