3308 5004
648 320 779 386 576
1332 336 1410 385 nr
1458 337 1515 384 s.
1568 332 2075 385 aanrnononno
2118 331 2342 384 Arosr.
2783 315 2983 386 ΔΒΓ»
3036 316 3143 384 Ξι

560 422 930 493 draconem
979 422 1050 491 in
1099 420 1314 492 altum
1366 419 1717 502 demersit,
1753 420 1878 508 qui
1908 419 2238 491 salutaris
2267 441 2486 509 aquae
2517 419 2774 491 fontem
2806 420 3133 511 aperuit,

559 525 626 582 et
673 511 950 582 abunde
999 509 1322 581 coelestia
1370 510 1697 600 dogmata
1747 510 2155 581 hominibus
2203 509 2622 601 impertivit?
2676 509 2948 591 Venite,
3018 508 3142 579 iu-

558 601 833 689 quiunt,
889 598 1062 669 mari
1106 600 1512 670 obruamus,
1549 604 1815 670 Eumne
1849 621 1967 670 vos
1992 599 2333 680 obruens,
2369 599 2492 687 qui
2524 597 2877 670 veritatem
2912 611 3139 667 antea

561 689 878 760 obrutam
929 688 1203 769 detexit,
1254 701 1322 758 et
1367 686 1798 758 infidelitatis
1837 686 2252 758 salsedinem
2284 687 2811 759 exterminavit?
2850 686 3136 768 Venite,

561 778 912 866 inquiunt,
966 789 1034 846 et
1078 777 1521 863 temerarium
1573 775 1876 848 furorem
1923 776 2381 859 effundentes,
2432 776 2505 846 in
2549 776 2941 846 maritimas
2984 797 3139 846 un·

561 866 687 937 das
733 866 862 937 boc
891 888 1012 936 cor
1060 888 1147 938 us
1187 865 1662 956 projiciamus,
1712 887 1800 936 ne
1829 887 1909 935 ex
1938 886 2043 947 e0,
2088 879 2419 953 tanquam
2448 863 2840 936 erationali
2879 864 3141 952 aliquo

561 956 873 1037 flumine,
931 978 1007 1026 sa
1037 977 1123 1026 us
1178 954 1264 1024 ad
1313 976 1432 1025 eos
1481 952 1763 1037 defluat,
1819 955 1943 1043 qui
1992 954 2390 1026 morborum
2433 953 2777 1045 angustiis
2810 953 3142 1045 compri-

561 1057 874 1115 muntur.
2466 1097 2479 1116 .

648 1135 686 1221 ξ
723 1137 801 1205 ’1.
836 1137 1016 1203 Haec
1046 1154 1208 1203 cum
1240 1130 1598 1214 dixissent,
1635 1131 1820 1220 quod
1852 1132 2260 1223 cogitarant,
2297 1131 2609 1233 aggressi
2646 1139 2831 1212 sunt,
2867 1141 2939 1201 et
2978 1152 3139 1201 uua

564 1243 723 1292 cum
774 1236 1072 1310 quatuor
1118 1220 1411 1291 aliorum
1463 1234 1849 1312 martyrum
1899 1220 2170 1304 loculis,
2233 1221 2414 1291 beati
2461 1219 2969 1291 Bartholomaei
3020 1242 3139 1290 re-

561 1309 817 1398 liquias
864 1312 933 1380 in
987 1333 1177 1381 mare
1222 1310 1638 1397 dejecerunt.
1694 1316 2022 1400 Martyres
2068 1321 2296 1380 autem
2351 1308 2453 1380 illi
2492 1309 2802 1401 gloriosi,
2832 1312 3141 1398 Aposto-

564 1398 710 1469 lum
765 1399 1357 1471 Bartholomaeum
1407 1399 1607 1470 valde
1656 1398 2019 1488 inclytum,
2071 1398 2212 1470 duo
2259 1421 2300 1468 a
2329 1398 2630 1480 dextera,
2664 1410 2733 1468 et
2763 1397 2906 1468 duo
2946 1420 2993 1467 a
3030 1399 3135 1468 si-

561 1489 784 1559 nistra
816 1502 1028 1579 parte,
1068 1488 1376 1559 medium
1413 1487 1744 1558 habentes
1771 1488 1824 1569 “,
1863 1493 2153 1560 Pontum
2195 1489 2423 1579 ipsum
2460 1487 2611 1557 sine
2660 1487 3135 1558 fluctuatione

562 1576 794 1664 aliqua
847 1579 1421 1648 transmittebant.
1475 1583 1785 1665 Cumque
1831 1576 1917 1646 ad
1970 1576 2400 1668 Bosphorum
2442 1576 2813 1647 Thracium
2849 1576 2924 1645 in
2962 1580 3138 1647 Pro-

561 1666 915 1756 pontidem
967 1667 1358 1747 venissent,
1415 1665 1841 1756 Hellesponti
1903 1666 2264 1756 augustias
2334 1665 2795 1736 transierunt:
2864 1664 3137 1736 deinde

562 1756 974 1826 transmisso
1020 1759 1237 1845 Aegeo
1280 1767 1348 1826 et
1389 1755 1601 1826 Jonio
1650 1755 1873 1835 mari,
1926 1755 2013 1824 ad
2080 1754 2383 1826 Siciliam
2450 1753 2991 1856 applicuerunt:
3068 1768 3136 1825 et

570 1847 945 1932 Syracusas
991 1843 1075 1912 ad
1129 1843 1480 1914 sinistram
1529 1843 2110 1931 derelinquentes,
2166 1857 2372 1931 atque
2403 1843 2843 1914 Occidentem
2874 1864 3133 1914 versus

566 1931 946 2013 tendentes,
999 1932 1084 2002 ad
1134 1931 1438 2004 insulam
1488 1933 1789 2023 Liparim
1835 1946 2312 2022 pervenerunt.
2348 1937 2588 2033 Itaque
2619 1931 3133 2003 celeberrimus

563 2019 683 2090 ille
729 2020 1091 2110 Apostolus
1137 2020 1224 2091 ad
1272 2043 1424 2091 eam
1472 2022 1776 2091 insulam
1828 2020 2170 2092 deductus
2228 2034 2352 2093 est.
2424 2021 2647 2102 Divini
2709 2032 2947 2091 autem
3015 2020 3128 2090 illi

563 2120 904 2198 martyres
951 2109 1230 2179 cumvid
1281 2110 1836 2200 complevissent,
1889 2110 2074 2198 quod
2106 2116 2284 2180 Deus
2323 2109 2651 2191 voluerat,
2741 2108 3129 2180 uamceler-

563 2198 738 2267 rime
786 2198 1140 2268 redierunt
1174 2199 1242 2268 in
1282 2221 1431 2269 eam
1475 2200 1683 2280 viam,
1726 2200 1796 2269 in
1836 2221 2043 2287 quam
2087 2219 2660 2288 unumquemque
2742 2197 2932 2266 ivina
2963 2218 3127 2287 pro-

562 2287 867 2357 videntia
914 2287 1184 2357 direxit.
1239 2289 1478 2358 Statim
1528 2301 1759 2358 autem
1810 2286 1916 2369 is,
1965 2288 2086 2374 qui
2136 2287 2509 2358 Ecclesiam
2543 2287 2811 2377 Liparis
2846 2286 3126 2357 insulae

564 2376 1020 2466 gubernabat,
1075 2399 1198 2467 per
1236 2376 1542 2447 divinam
1585 2375 2067 2447 revelationem
2110 2376 2377 2457 didicit,
2425 2376 2673 2447 Christi
2713 2373 3120 2466 Apostolum

561 2464 647 2534 ad
685 2467 898 2536 maris
935 2464 1098 2536 litus
1130 2464 1509 2557 appulisse.

650 2557 688 2641 ξ
735 2559 820 2627 S.
875 2560 1034 2625 Erat
1078 2557 1229 2645 eJus
1278 2554 1622 2627 Ecclesiae
1674 2557 2099 2647 gubernator
2144 2555 2405 2646 Agatho
2473 2554 2588 2625 ille
2620 2610 2636 2631 ,
2696 2553 2906 2654 cujus
2979 2554 3123 2645 glo-

564 2642 666 2713 ria
718 2643 920 2736 longe
967 2644 1239 2732 lateque
1284 2644 1472 2736 apud
1520 2666 1766 2714 omnes
1813 2643 2312 2717 celebrabatur.
2367 2648 2532 2714 Cum
2567 2642 2683 2714 ille
2711 2642 2930 2733 igitur
2964 2665 3124 2733 pro·

562 2747 892 2823 parasset,
944 2747 1011 2804 et
1057 2732 1325 2804 loculos
1371 2733 1456 2804 ad
1508 2735 1973 2804 continentem
2023 2733 2356 2825 appulsos
2405 2733 2708 2813 vidisset,
2746 2744 3031 2822 stupore
3056 2744 3122 2800 et

562 2821 821 2911 gaudio
869 2821 1195 2913 repletus,
1250 2844 1528 2892 summa
1577 2844 1777 2892 voce:
1831 2828 2031 2902 Bene,
2087 2823 2348 2909 inquit,
2400 2820 2584 2909 quod
2643 2821 2780 2891 huc
2840 2820 3109 2897 venisti,

560 2923 639 2980 ut
686 2925 927 3001 portus
974 2910 1323 2991 salutariS,
1377 2909 1464 2980 ad
1512 2933 1651 2993 eoS,
1706 2913 1828 2998 qui
1880 2911 2106 3002 pelagi
2144 2911 2473 2982 fluctibus
2515 2908 2924 3002 periculosis
2957 2907 3104 2997 agi-

563 3011 815 3069 tamur.
871 3005 1049 3070 Bene
1094 2999 1279 3088 quod
1331 3000 1601 3080 venisti,
1656 3000 1971 3071 divinum
2015 3001 2314 3090 Spiritus
2355 2999 2681 3090 paracleti
2714 2998 2990 3077 flumen,
3021 3016 3104 3064 ex

563 3109 702 3175 quo
752 3089 1054 3158 veritatis
1100 3109 1320 3175 aquae
1352 3089 1765 3171 scaturiunt,
1808 3101 1875 3159 et
1910 3090 2125 3178 pietas
2159 3088 2377 3160 multa
2412 3087 2781 3160 redundat.
2817 3092 2895 3157 In
2925 3086 3109 3155 muri

562 3178 719 3245 viae
781 3189 961 3258 tuae,
1014 3188 1079 3246 et
1126 3180 1400 3247 semitae
1438 3188 1595 3249 tuae
1629 3180 1700 3248 in
1738 3180 1936 3280 aquis
1967 3180 2222 3258 multi&
2264 3188 2327 3248 et
2365 3179 2655 3268 vestiyia
2688 3188 2813 3246 tua
2854 3198 2980 3246 non
3008 3197 3113 3244 co-

562 3278 964 3355 qnoscentur
1006 3268 1145 3355 (Ps.
1179 3266 1317 3355 76).
1353 3267 1543 3347 Veni,
1595 3279 1663 3337 et
1708 3289 1980 3336 ammas
2021 3280 2289 3337 nostras
2316 3267 2552 3357 irriga,
2589 3266 2968 3337 affectuum
3002 3285 3119 3334 no·

564 3365 862 3423 strorum
914 3354 1244 3424 fervorem
1294 3356 1617 3446 reprime,
1673 3356 1989 3426 cordium
2032 3356 2289 3443 januas
2323 3354 2694 3456 patefactas
2732 3355 3119 3445 gratiarum

565 3455 840 3512 tuarum
894 3444 1303 3514 muneribus
1352 3445 1640 3536 repleas.
1686 3450 1827 3516 Hoc
1861 3467 1902 3514 a
1933 3459 1994 3514 te
2032 3445 2298 3535 Liparis
2331 3443 2562 3515 1nsula
2596 3466 2730 3536 sup
2784 3443 2893 3544 lex
2924 3442 3119 3542 petit,

563 3552 774 3618 quam
825 3533 1135 3603 habitare
1182 3533 1470 3604 feliciter
1517 3533 1820 3605 voluisti.
1875 3539 2079 3616 Haec,
2132 3534 2445 3621 inquam,
2485 3532 2715 3604 insula
2798 3554 2858 3605 ts
2893 3533 3124 3603 verbis

567 3633 631 3689 te
678 3620 1085 3709 alloquitur:
1139 3627 1262 3703 Tu,
1315 3624 1436 3711 qui
1487 3623 1706 3694 multo
1755 3623 2021 3694 lumine
2075 3621 2367 3694 illustris
2416 3646 2511 3705 es,
2559 3635 2627 3693 et
2676 3622 2870 3692 illius
2900 3620 3122 3691 divini

564 3709 862 3781 Orientis
911 3732 1065 3779 vere
1111 3712 1404 3793 amicus,
1455 3712 1806 3800 quomodo
1853 3711 2111 3782 factum
2161 3725 2299 3793 est,
2372 3725 2450 3783 ut
2525 3710 2681 3782 talis
2749 3723 3124 3798 tantusque

563 3799 750 3888 apud
806 3822 996 3869 meae
1045 3802 1470 3890 paupertatis
1518 3801 1957 3871 Occidentem
2006 3799 2589 3883 diversatussiS,
2665 3800 2754 3871 ab
2819 3800 3123 3870 Orientis

563 3888 881 3977 partibus
913 3902 1327 3970 commotus,
1362 3901 1429 3959 et
1461 3911 1582 3980 per
1621 3890 2007 3960 maritimos
2046 3891 2247 3960 sinus
2286 3889 2485 3960 nobis
2517 3892 2889 3961 ostensus?
2923 3889 3123 3959 Dives

561 3975 740 4047 facta
773 4001 953 4059 sum,
990 4000 1168 4065 quae
1196 3993 1395 4049 antea
1432 3991 1832 4071 paupertate
1864 3977 2292 4061 laborabam,
2339 3978 2740 4050 thesaurum
2778 3999 3119 4067 magnum

564 4065 769 4135 hodie
817 4087 974 4137 sum
1024 4075 1436 4139 consecuta:
1490 4089 1714 4156 neque
1760 4066 1905 4138 ulla
1954 4068 2024 4137 in
2077 4088 2149 4137 re
2186 4072 2403 4138 Roma
2452 4066 2571 4137 illa
2600 4068 2752 4158 ipsa
2791 4066 2965 4138 urbe
2997 4066 3123 4137 de-

563 4168 857 4237 cantata,
915 4156 1152 4227 beatos
1196 4155 1553 4247 Apostolos
1600 4162 1873 4228 Petrum
1924 4170 1990 4226 et
2037 4156 2329 4227 Paulum
2366 4156 2783 4228 habitatores
2816 4169 3116 4236 tenente,

566 4348 575 4359 ·
613 4300 640 4326 *
670 4301 793 4340 Haec
823 4302 979 4342 omnia
1008 4302 1065 4341 de
1093 4303 1368 4351 portentosa
1395 4303 1686 4347 devectione.
1714 4304 1771 4344 de
1801 4300 2137 4343 comitantibus
2164 4304 2428 4360 Martyrum
2457 4301 2732 4353 corporibus
2753 4313 2805 4343 ac
2823 4303 2882 4343 de
2902 4305 3121 4345 contecto

563 4353 747 4399 itinere,
777 4356 831 4393 ut.
858 4364 987 4395 mere
1014 4357 1219 4395 oratorie
1247 4357 1375 4397 dicta
1403 4358 1516 4397 sunt
1543 4355 1838 4407 accipienda:
1868 4358 1952 4397 sed
1979 4358 2037 4398 de
2066 4368 2227 4398 rerum
2257 4359 2497 4406 adjuncta
2524 4360 2709 4398 tuntum
2737 4358 2956 4397 dubitare
2977 4356 3120 4400 licen

562 4406 694 4445 nefas
723 4408 939 4455 profecto
967 4407 1330 4451 transvectiouis
1358 4408 1640 4450 miraculum
1669 4407 1881 4451 iuncturi.
1902 4411 1946 4452 8.
1969 4411 2182 4459 Apostoli
2205 4421 2378 4460 corpus
2397 4409 2572 4457 Siculi.
2590 4412 2780 4453 saeculo
2803 4419 2853 4451 tx
2875 4411 3120 4452 Beneven-

562 4460 666 4499 tum
685 4461 968 4502 translatum
987 4463 1084 4507 est.
1102 4464 1312 4510 Romam,
1330 4465 1378 4504 et
1399 4462 1446 4504 iu
1467 4460 1626 4505 insula
1644 4462 1867 4506 Tiberina
1885 4462 2169 4515 depositum,
2189 4466 2379 4506 saeculo
2403 4475 2446 4506 x.
