3308 5004
202 343 346 410 AUG.
385 343 418 408 t
1136 363 1218 411 mr
1264 363 1321 411 s.
1373 359 1677 412 nommco
2444 347 2584 413 427

196 438 508 530 impensius
552 461 711 510 eum
746 453 1081 524 amarent,
1118 454 1183 513 et
1207 442 1530 534 ampliori
1581 442 1840 513 honore
1875 456 2479 534 prosequerentur.
2511 448 2674 517 Om—

193 529 340 598 nium
371 527 560 598 etiam
612 528 908 600 aliorum
969 543 1158 602 tanta
1208 552 1375 621 erga
1436 532 1635 602 illum
1697 532 1916 602 extitit
1964 534 2364 616 reverentia,
2399 546 2476 604 ut
2522 546 2670 605 tum

183 630 476 707 magnates
513 629 581 686 et
628 639 964 709 procereS,
1018 631 1166 690 tum
1207 619 1459 711 plebeji
1507 619 1825 692 homines
1873 622 2048 691 mira
2090 622 2288 692 illum
2339 622 2672 694 charitate

180 705 442 785 colerent,
477 718 685 794 atque
733 729 859 779 ceu
906 708 1242 800 Angelum
1293 710 1409 779 Dei
1459 723 1933 798 sequerentur,
1988 711 2478 800 beatosque-se
2525 712 2670 782 exi—

175 794 498 875 stimarent,
540 796 663 883 qui
687 796 788 866 vel
829 798 1229 888 contingere
1256 820 1417 869 eum
1451 809 1754 889 possent,
1795 798 1896 868 vel
1935 799 2301 891 quippiam
2349 823 2429 871 ex
2462 801 2669 872 rebus

177 883 288 971 ejus
310 883 614 974 adipisci.
664 890 903 974 Itaque
939 887 1264 958 cucullus
1309 899 1375 958 et
1409 886 1747 977 capitium
1797 889 1950 979 ejus
1980 888 2152 958 adeo
2181 889 2269 960 ab
2316 889 2460 960 illis
2498 911 2669 961 con-

176 971 659 1057 scindebantur,
724 988 803 1045 ut
864 976 972 1046 vix
1042 975 1438 1046 sufficerent
1492 976 1790 1067 genibus
1866 977 2294 1068 obtegendis,
2358 983 2669 1067 Cumque

175 1059 364 1133 iratres
391 1083 506 1132 eos
543 1085 777 1133 arcere
814 1063 1088 1146 vellent,
1126 1086 1213 1135 ne
1241 1065 1343 1135 sic
1392 1079 1611 1136 vestes
1638 1065 1788 1154 ejus
1821 1078 2154 1148 secarent,
2225 1066 2327 1136 vir
2360 1066 2476 1136 Dei
2524 1069 2662 1137 ait:

173 1149 338 1219 Sinite
379 1149 534 1221 illos
594 1174 763 1223 suae
818 1152 1162 1224 devotioni
1218 1153 1636 1225 satisfacere.
1693 1153 1874 1224 Adeo
1910 1155 2096 1225 enim
2158 1154 2437 1225 illorum
2498 1155 2663 1225 fidei

170 1259 260 1307 con
308 1239 773 1324 ratulabatur,
825 1254 904 1312 ut
952 1254 1266 1313 truncato
1322 1243 1567 1314 habitu
1613 1242 2157 1334 contemptibilis
2219 1243 2482 1325 videri,
2542 1265 2666 1335 pro

169 1326 340 1398 nihio
432 1340 675 1400 utaret.
713 1330 1093 1403 Adfuerunt
1140 1332 1209 1400 in
1255 1331 1363 1403 his
1410 1345 1649 1401 sancto
1686 1333 1868 1401 Patri
1915 1344 2150 1403 nostro
2191 1332 2318 1402 viri
2369 1332 2660 1422 probati,

165 1418 302 1514 'lanc
422 1440 529 1494 us,
559 1419 779 1501 Ottho,
801 1421 1193 1511 Gregorius,
1223 1421 1565 1490 Henricus
1593 1433 1661 1490 et
1687 1420 2026 1491 Albertus:
2062 1442 2361 1507 quorum
2405 1419 2664 1492 idcirco

163 1501 245 1572 hic
287 1507 559 1576 nomina
621 1509 1111 1597 expressimus,
1153 1508 1336 1597 quod
1389 1509 1558 1578 tanti
1610 1510 1828 1580 Patris
1885 1510 2341 1580 contubernio
2388 1511 2657 1593 ornati,

157 1593 598 1666 Praedicatorii
637 1596 913 1668 Ordinis
962 1619 1157 1669 sacra
1203 1598 1541 1698 quaedam
1594 1597 2071 1680 fundamenta,
2109 1610 2173 1667 et
2222 1599 2354 1668 vivi
2414 1600 2666 1689 pretio-

156 1680 309 1768 sique
353 1683 623 1774 lapides
683 1684 894 1756 fuere.
959 1691 1062 1757 Ita
1117 1699 1181 1756 et
1228 1709 1300 1755 in
1348 1686 1625 1777 scriptis
1674 1686 1929 1757 divinis
1978 1688 2313 1777 Majorum
2378 1687 2663 1759 nomina

152 1772 480 1843 memoriae
529 1778 744 1844 causa
775 1776 1287 1867 exprimuntur.

216 1864 345 1939 52.
388 1866 469 1932 In
503 1862 743 1933 eodem
779 1877 1009 1935 autem
1059 1864 1209 1934 loco
1260 1863 1591 1935 fratribus
1636 1864 1710 1933 in
1761 1876 2110 1936 structura
2157 1863 2656 1946 laborantibus,

145 1947 555 2021 architectum
621 1953 992 2039 quemdam
1062 1952 1566 2023 conductitium
1626 1953 1699 2022 in
1764 1967 2004 2045 crypta
2069 1952 2288 2023 moles
2349 1973 2650 2044 superne

145 2033 439 2136 dissoluta
500 2041 846 2122 contrivit,
894 2054 966 2113 et.
1005 2043 1138 2113 sub
1193 2053 1381 2112 tanto
1442 2041 1746 2142 pondere
1803 2041 1927 2112 diu
1965 2043 2312 2133 jacentem
2382 2043 2659 2133 penitus

138 2128 404 2197 extmxit.
461 2132 900 2199 Concurrunt
932 2135 1198 2200 Fratres
1235 2130 1321 2200 ad
1375 2131 1769 2201 miserabile
1806 2130 2321 2221 spectaculum,
2383 2153 2661 2202 summo

139 2210 333 2284 dolore
357 2218 614 2287 affecti.
650 2223 728 2288 At
775 2219 932 2309 pius
967 2231 1158 2309 pater
1192 2219 1590 2290 Dominicus
1618 2232 1686 2288 et
1719 2219 2114 2311 inopinatae
2147 2218 2385 2289 mortis
2413 2240 2657 2291 casum

138 2301 544 2376 vehementer
591 2307 986 2387 miserans‚.
1023 2321 1089 2378 et
1143 2307 1444 2378 filiorum
1500 2309 1958 2380 moerentium
2030 2307 2466 2378 afflictionem
2519 2329 2658 2377 non

137 2387 347 2475 ferens,
383 2395 771 2465 extinctum
810 2395 1101 2466 cadaver
1127 2418 1165 2466 e
1197 2418 1486 2466 caverna
1526 2397 1613 2466 ad
1664 2419 1736 2468 se
1773 2398 1972 2469 'ussit
2021 2396 2393 2487 deportari,
2443 2396 2657 2465 fusis-

132 2498 233 2564 que
271 2483 625 2571 precibuS,
668 2506 823 2555 mox
876 2484 1076 2555 illum
1124 2496 1191 2555 et
1236 2486 1464 2557 vivum
1498 2498 1563 2557 et
1602 2486 1760 2557 inco
1794 2509 2024 2557 umem
2065 2485 2383 2568 restituit,
2435 2498 2502 2556 et
2533 2486 2653 2555 tri-

133 2580 237 2640 stes
264 2570 448 2642 filios
499 2573 762 2663 gaudio
817 2586 883 2645 et
913 2574 1385 2645 consolatione
1431 2575 1682 2645 affecit.

191 2658 223 2744 §
273 2663 354 2733 8.
390 2667 527 2732 Per
575 2661 645 2730 id
680 2674 979 2753 tempus,
1020 2665 1618 2745 consentientibus
1661 2661 2169 2743 CardinalibuS‚
2210 2662 2658 2734 constituerat

130 2745 436 2822 Honorius
486 2750 823 2833 Pontifex,
861 2773 1103 2822 omnes
1140 2753 1726 2835 sanctimoniales,
1784 2774 1905 2843 per
1943 2752 2215 2822 diversa
2262 2751 2464 2822 Urbis
2505 2751 2655 2822 loca

126 2830 458 2925 dispersas,
507 2839 717 2910 modo
747 2839 817 2909 id
866 2839 1016 2911 fieri
1068 2854 1317 2932 posset,
1356 2841 1427 2911 in
1467 2864 1693 2913 unum
1736 2841 2069 2942 redigere,
2108 2852 2186 2909 ut
2245 2852 2310 2909 et
2364 2839 2644 2910 facilius

291 2928 577 3020 ntregi,
615 2940 682 2998 et
714 2928 989 2999 cautius
1046 2930 1406 3001 custodiri.
1469 2931 1838 3000 Sintenim
1890 2952 1959 3000 1n
2018 2951 2241 2999 unum
2295 2928 2648 3012 collectae,

158 3014 499 3089 auddubio
537 3016 777 3087 minus
808 3017 1115 3089 difficilis
1146 3031 1250 3089 est
1276 3041 1516 3089 earum
1549 3019 1885 3090 custodia.
1922 3024 2128 3088 Porro
2159 3018 2317 3087 illas
2345 3018 2440 3087 ita
2479 3018 2655 3089 adu-

127 3113 280 3173 natas
314 3105 726 3178 decreverat
770 3106 958 3197 apud
996 3121 1313 3180 sanctum
1377 3108 1669 3189 Sixtum,
1710 3121 1983 3198 propter
2031 3108 2175 3177 anti
2227 3107 2301 3176 ui
2358 3106 2491 3178 loci
2544 3130 2651 3179 re-

128 3194 458 3265 verentiam
514 3206 585 3265 et
618 3195 1229 3286 opportunitatem,
1266 3197 1626 3268 collocare.
1663 3201 1960 3267 Cernens
1993 3217 2150 3266 vero
2256 3207 2486 3266 catum
2523 3202 2655 3268 Do-

126 3279 419 3371 minicum
483 3306 617 3374 per
670 3284 905 3354 omnia
959 3286 1181 3355 virum
1224 3286 1627 3376 religiosum
1676 3297 1742 3355 et
1800 3285 1887 3355 ad
1945 3305 2187 3354 omnes
2285 3285 2644 3369 ratiosum,

128 3363 198 3435 llli
223 3370 409 3460 pium
463 3372 607 3443 hoc
654 3394 832 3464 opus
860 3373 1432 3445 committendum
1482 3374 1777 3445 censuit.
1812 3378 1889 3444 At
1920 3373 2035 3443 ille
2082 3308 2281 3442 nihif
2300 3374 2652 3444 Pontificis

128 3455 415 3532 voluntati
496 3460 882 3543 resistens,
935 3462 1004 3531 id
1056 3485 1275 3533 unum
1343 3486 1385 3534 a
1447 3462 1776 3534 Pontifice
1847 3461 2353 3533 modestissime
2403 3463 2644 3553 petiit,

131 3550 663 3639 quandoquidem
716 3563 850 3621 tam
935 3552 1149 3621 rande
1185 3573 1363 3642 opus
1395 3552 1621 3642 ipsius
1650 3552 1867 3622 unius
1914 3551 2093 3620 vires
2137 3551 2478 3620 sustinere
2507 3573 2648 3622 non

131 3651 373 3728 mssent,
432 3639 803 3731 adjutores
849 3639 870 3709 i
924 3662 1133 3711 oneos
1162 3653 1239 3710 ut
1276 3641 1414 3731 ipsi
1463 3640 1854 3731 largiretur.
1890 3639 2211 3728 Adjuncti
2242 3651 2405 3709 sunt
2435 3640 2651 3730 igitur
2711 3695 2722 3706 .

136 3729 575 3798 aaPnntifice
617 3740 752 3798 tres
782 3729 1201 3811 CardinaIeS,
1254 3729 1646 3821 Hugolinus
1688 3729 2044 3809 Ostiensis,
2078 3728 2201 3817 qui
2252 3739 2482 3819 postea
2515 3728 2651 3798 fuit

138 3807 375 3888 Pontifex
410 3816 808 3899 maximuS‚
861 3819 1250 3908 Stephanus
1297 3818 1383 3888 de
1413 3823 1622 3890 Fossa
1656 3840 1853 3900 nova,
1879 3816 2199 3889 Nicolaus
2233 3815 2643 3898 CardinaliS,

138 3896 515 3977 Tusculanus
568 3905 999 4007 Episcopus:
1059 3929 1361 3995 quorum
1409 3907 1540 3978 hac
1590 3907 1660 3977 in
1712 3929 1785 3977 re
1859 3905 2259 3994 exequenda
2323 3904 2512 3975 fideli
2578 3916 2650 3975 et

141 3995 277 4073 Opera
318 4010 387 4067 et
434 3994 752 4067 consllio
784 4017 954 4065 usus
1000 4006 1126 4066 est.
1166 3996 1543 4066 Tentabant
1573 4017 1738 4086 ergo
1771 4017 2047 4066 summa
2094 4016 2256 4064 cum
2308 3992 2649 4065 modestia

145 4085 183 4139 et
203 4085 697 4175 moderatione,
739 4083 926 4171 quod
982 4083 1287 4156 Pontifex
1337 4085 1743 4155 mandarat:
1812 4083 1930 4155 sed
1980 4084 2389 4153 inveteratae
2438 4082 2649 4184 liber-

148 4170 239 4237 taus
274 4174 458 4245 mala
509 4173 1028 4244 consuetudine
1078 4174 1521 4244 transversim
1560 4185 1773 4253 actae,
1830 4172 2179 4243 Pontificis
2209 4170 2543 4242 voluntati
2572 4183 2645 4242 et

152 4262 492 4335 nunciorum
538 4262 704 4354 ejus
730 4262 1300 4353 persuasionibus
1325 4263 1468 4334 sive
1496 4260 2096 4334 adhortationibus
2132 4262 2395 4352 parere,
2430 4261 2650 4332 stulta

151 4347 365 4510 (ἔξ-Ψ
413 4351 735 4425 audacia
780 4362 846 4421 et
892 4351 1219 4422 muliebri
1315 4352 1695 4443 pertinacia
1723 4406 1739 4434 ,
1809 4371 2050 4421 omnes
2114 4350 2371 4442 pariter
2415 4349 2649 4422 detre-

316 4455 360 4512 l.
