<?xml version="1.0" encoding="UTF-8"?>
<!DOCTYPE html PUBLIC "-//W3C//DTD XHTML 1.0 Transitional//EN"
    "http://www.w3.org/TR/xhtml1/DTD/xhtml1-transitional.dtd">
<html xmlns="http://www.w3.org/1999/xhtml" xml:lang="en" lang="en">
 <head>
  <title>
</title>
<meta http-equiv="Content-Type" content="text/html;charset=utf-8" />
  <meta name='ocr-system' content='tesseract 3.04.00' />
  <meta name='ocr-capabilities' content='ocr_page ocr_carea ocr_par ocr_line ocrx_word'/>
</head>
<body>
  <div class='ocr_page' id='page_1' title='image "./historiaeseuvit01lippgoog_0277.png"; bbox 0 0 3308 5004; ppageno 0'>
   <div class='ocr_carea' id='block_1_1' title="bbox 213 346 2748 542">
    <p class='ocr_par' dir='ltr' id='par_1_1' title="bbox 213 346 2748 542">
     <span class='ocr_line' id='line_1_1' title="bbox 214 346 2666 416; baseline 0.001 -4"><span class='ocrx_word' id='word_1_1' title='bbox 214 347 401 414; x_wconf 82' lang='lat' dir='ltr'><strong>AUG.</strong></span> <span class='ocrx_word' id='word_1_2' title='bbox 454 347 525 413; x_wconf 79' lang='grc' dir='ltr'><strong><em>Μ</em></strong></span> <span class='ocrx_word' id='word_1_3' title='bbox 871 365 951 412; x_wconf 76' lang='lat' dir='ltr'><strong>ns</strong></span> <span class='ocrx_word' id='word_1_4' title='bbox 998 365 1055 414; x_wconf 88' lang='lat' dir='ltr'><strong>s.</strong></span> <span class='ocrx_word' id='word_1_5' title='bbox 1110 364 1466 415; x_wconf 63' lang='lat' dir='ltr'><strong>cmo-‚muco</strong></span> <span class='ocrx_word' id='word_1_6' title='bbox 1514 363 1828 415; x_wconf 64' lang='lat' dir='ltr'><strong>caussae.</strong></span> <span class='ocrx_word' id='word_1_7' title='bbox 1882 364 2084 415; x_wconf 77' lang='lat' dir='ltr'><strong>srisc.</strong></span> <span class='ocrx_word' id='word_1_8' title='bbox 2537 346 2666 416; x_wconf 77' lang='lat'><strong>263</strong></span> 
     </span>
     <span class='ocr_line' id='line_1_2' title="bbox 213 448 2748 542; baseline 0.002 -24"><span class='ocrx_word' id='word_1_9' title='bbox 213 450 432 519; x_wconf 88' lang='lat' dir='ltr'><strong>sacris</strong></span> <span class='ocrx_word' id='word_1_10' title='bbox 478 449 808 520; x_wconf 90' lang='lat' dir='ltr'><strong>manibus</strong></span> <span class='ocrx_word' id='word_1_11' title='bbox 857 451 1182 541; x_wconf 80' lang='lat' dir='ltr'><strong>suscepit,</strong></span> <span class='ocrx_word' id='word_1_12' title='bbox 1236 463 1301 521; x_wconf 89' lang='lat' dir='ltr'><strong>et</strong></span> <span class='ocrx_word' id='word_1_13' title='bbox 1350 461 1584 542; x_wconf 87' lang='lat' dir='ltr'><strong>postea</strong></span> <span class='ocrx_word' id='word_1_14' title='bbox 1618 449 1836 520; x_wconf 90' lang='lat' dir='ltr'><strong>literis</strong></span> <span class='ocrx_word' id='word_1_15' title='bbox 1867 448 2242 532; x_wconf 91' lang='lat' dir='ltr'><strong>imbutum,</strong></span> <span class='ocrx_word' id='word_1_16' title='bbox 2282 472 2574 522; x_wconf 92' lang='lat' dir='ltr'><strong>coronae</strong></span> <span class='ocrx_word' id='word_1_17' title='bbox 2613 451 2748 523; x_wconf 90' lang='lat' dir='ltr'><strong>fra-</strong></span> 
     </span>
    </p>
   </div>
   <div class='ocr_carea' id='block_1_2' title="bbox 213 537 2886 634">
    <p class='ocr_par' dir='ltr' id='par_1_2' title="bbox 213 537 2886 634">
     <span class='ocr_line' id='line_1_3' title="bbox 213 537 2886 634; baseline 0.003 -25"><span class='ocrx_word' id='word_1_18' title='bbox 213 550 395 609; x_wconf 90' lang='lat' dir='ltr'><strong>trum</strong></span> <span class='ocrx_word' id='word_1_19' title='bbox 448 537 929 629; x_wconf 87' lang='lat' dir='ltr'><strong>religiosorum</strong></span> <span class='ocrx_word' id='word_1_20' title='bbox 979 539 1284 609; x_wconf 89' lang='lat' dir='ltr'><strong>sociavit.</strong></span> <span class='ocrx_word' id='word_1_21' title='bbox 1340 538 1596 610; x_wconf 85' lang='lat' dir='ltr'><strong>Deinde</strong></span> <span class='ocrx_word' id='word_1_22' title='bbox 1645 538 2026 630; x_wconf 81' lang='lat' dir='ltr'>Episcopus</span> <span class='ocrx_word' id='word_1_23' title='bbox 2066 538 2311 622; x_wconf 88' lang='lat' dir='ltr'><strong>factus,</strong></span> <span class='ocrx_word' id='word_1_24' title='bbox 2359 562 2481 631; x_wconf 92' lang='lat' dir='ltr'><strong>per</strong></span> <span class='ocrx_word' id='word_1_25' title='bbox 2512 542 2752 634; x_wconf 82' lang='lat' dir='ltr'>singu-</span> <span class='ocrx_word' id='word_1_26' title='bbox 2871 605 2886 616; x_wconf 90' lang='lat'><strong>.</strong></span> 
     </span>
    </p>
   </div>
   <div class='ocr_carea' id='block_1_3' title="bbox 191 626 2752 4447">
    <p class='ocr_par' dir='ltr' id='par_1_3' title="bbox 209 626 2154 718">
     <span class='ocr_line' id='line_1_4' title="bbox 209 626 2154 718; baseline 0 -22"><span class='ocrx_word' id='word_1_27' title='bbox 209 626 315 697; x_wconf 84' lang='lat' dir='ltr'><strong>los</strong></span> <span class='ocrx_word' id='word_1_28' title='bbox 348 627 612 718; x_wconf 92' lang='lat' dir='ltr'><strong>gradus</strong></span> <span class='ocrx_word' id='word_1_29' title='bbox 642 648 865 716; x_wconf 87' lang='lat' dir='ltr'><strong>usque</strong></span> <span class='ocrx_word' id='word_1_30' title='bbox 896 627 981 697; x_wconf 88' lang='lat' dir='ltr'><strong>ad</strong></span> <span class='ocrx_word' id='word_1_31' title='bbox 1014 628 1377 698; x_wconf 87' lang='lat' dir='ltr'><strong>sacerdotii</strong></span> <span class='ocrx_word' id='word_1_32' title='bbox 1410 627 1689 698; x_wconf 89' lang='lat' dir='ltr'><strong>culmen</strong></span> <span class='ocrx_word' id='word_1_33' title='bbox 1722 648 1880 698; x_wconf 91' lang='lat' dir='ltr'><strong>eum</strong></span> <span class='ocrx_word' id='word_1_34' title='bbox 1914 628 2154 698; x_wconf 81' lang='lat' dir='ltr'><strong>evexit.</strong></span> 
     </span>
    </p>

    <p class='ocr_par' dir='ltr' id='par_1_4' title="bbox 195 716 2752 2315">
     <span class='ocr_line' id='line_1_5' title="bbox 295 716 2746 804; baseline 0.001 -18"><span class='ocrx_word' id='word_1_35' title='bbox 295 718 334 804; x_wconf 68' lang='grc' dir='ltr'><strong>ξ</strong></span> <span class='ocrx_word' id='word_1_36' title='bbox 379 719 466 786; x_wconf 76' lang='grc'><strong>4.</strong></span> <span class='ocrx_word' id='word_1_37' title='bbox 520 721 949 786; x_wconf 89' lang='lat' dir='ltr'><strong>Increscente</strong></span> <span class='ocrx_word' id='word_1_38' title='bbox 994 727 1224 787; x_wconf 92' lang='lat' dir='ltr'><strong>autem</strong></span> <span class='ocrx_word' id='word_1_39' title='bbox 1259 717 1440 788; x_wconf 88' lang='lat' dir='ltr'><strong>beati</strong></span> <span class='ocrx_word' id='word_1_40' title='bbox 1472 716 1603 786; x_wconf 85' lang='lat' dir='ltr'><strong>viri</strong></span> <span class='ocrx_word' id='word_1_41' title='bbox 1633 716 1841 797; x_wconf 64' lang='lat' dir='ltr'><strong>fame,</strong></span> <span class='ocrx_word' id='word_1_42' title='bbox 1875 728 1942 786; x_wconf 92' lang='lat' dir='ltr'><strong>et</strong></span> <span class='ocrx_word' id='word_1_43' title='bbox 1973 716 2182 787; x_wconf 93' lang='lat' dir='ltr'><strong>odore</strong></span> <span class='ocrx_word' id='word_1_44' title='bbox 2214 729 2490 788; x_wconf 89' lang='lat' dir='ltr'><strong>sanctae</strong></span> <span class='ocrx_word' id='word_1_45' title='bbox 2517 719 2746 789; x_wconf 88' lang='lat' dir='ltr'><strong>existi·</strong></span> 
     </span>
     <span class='ocr_line' id='line_1_6' title="bbox 211 803 2752 907; baseline 0.002 -34"><span class='ocrx_word' id='word_1_46' title='bbox 211 804 536 875; x_wconf 91' lang='lat' dir='ltr'><strong>mationis</strong></span> <span class='ocrx_word' id='word_1_47' title='bbox 583 806 734 895; x_wconf 91' lang='lat' dir='ltr'><strong>ejus</strong></span> <span class='ocrx_word' id='word_1_48' title='bbox 781 803 983 907; x_wconf 82' lang='lat' dir='ltr'><strong>longe</strong></span> <span class='ocrx_word' id='word_1_49' title='bbox 1030 804 1299 893; x_wconf 84' lang='lat' dir='ltr'><strong>lateque</strong></span> <span class='ocrx_word' id='word_1_50' title='bbox 1347 826 1495 876; x_wconf 91' lang='lat' dir='ltr'><strong>sese</strong></span> <span class='ocrx_word' id='word_1_51' title='bbox 1540 803 2011 886; x_wconf 86' lang='lat' dir='ltr'><strong>diffundente,</strong></span> <span class='ocrx_word' id='word_1_52' title='bbox 2062 805 2266 875; x_wconf 88' lang='lat' dir='ltr'><strong>etiam</strong></span> <span class='ocrx_word' id='word_1_53' title='bbox 2326 807 2565 897; x_wconf 87' lang='lat' dir='ltr'><strong>procul</strong></span> <span class='ocrx_word' id='word_1_54' title='bbox 2620 807 2752 877; x_wconf 88' lang='lat' dir='ltr'><strong>de·-</strong></span> 
     </span>
     <span class='ocr_line' id='line_1_7' title="bbox 213 892 2743 984; baseline 0.002 -23"><span class='ocrx_word' id='word_1_55' title='bbox 213 892 531 984; x_wconf 90' lang='lat' dir='ltr'><strong>gentibus</strong></span> <span class='ocrx_word' id='word_1_56' title='bbox 577 914 827 965; x_wconf 91' lang='lat' dir='ltr'><strong>nomen</strong></span> <span class='ocrx_word' id='word_1_57' title='bbox 875 915 1027 984; x_wconf 82' lang='lat' dir='ltr'><strong>eJus</strong></span> <span class='ocrx_word' id='word_1_58' title='bbox 1074 916 1234 964; x_wconf 90' lang='lat' dir='ltr'><strong>cum</strong></span> <span class='ocrx_word' id='word_1_59' title='bbox 1272 894 1492 964; x_wconf 89' lang='lat' dir='ltr'><strong>multa</strong></span> <span class='ocrx_word' id='word_1_60' title='bbox 1522 892 1726 964; x_wconf 91' lang='lat' dir='ltr'><strong>laude</strong></span> <span class='ocrx_word' id='word_1_61' title='bbox 1764 893 2087 976; x_wconf 89' lang='lat' dir='ltr'><strong>innotuit,</strong></span> <span class='ocrx_word' id='word_1_62' title='bbox 2131 893 2402 965; x_wconf 79' lang='lat' dir='ltr'>dicente</span> <span class='ocrx_word' id='word_1_63' title='bbox 2432 896 2743 978; x_wconf 92' lang='lat' dir='ltr'><strong>Domino,</strong></span> 
     </span>
     <span class='ocr_line' id='line_1_8' title="bbox 210 981 2745 1072; baseline 0.002 -21"><span class='ocrx_word' id='word_1_64' title='bbox 210 981 550 1052; x_wconf 89' lang='lat' dir='ltr'><strong>civitatem</strong></span> <span class='ocrx_word' id='word_1_65' title='bbox 584 1003 793 1071; x_wconf 88' lang='lat' dir='ltr'><strong>super</strong></span> <span class='ocrx_word' id='word_1_66' title='bbox 819 996 1116 1053; x_wconf 87' lang='lat' dir='ltr'><strong>montem</strong></span> <span class='ocrx_word' id='word_1_67' title='bbox 1150 985 1439 1072; x_wconf 82' lang='lat' dir='ltr'>positam</span> <span class='ocrx_word' id='word_1_68' title='bbox 1472 1004 1606 1054; x_wconf 92' lang='lat' dir='ltr'><strong>non</strong></span> <span class='ocrx_word' id='word_1_69' title='bbox 1644 1004 1844 1072; x_wconf 91' lang='lat' dir='ltr'><strong>posse</strong></span> <span class='ocrx_word' id='word_1_70' title='bbox 1872 982 2230 1053; x_wconf 80' lang='lat' dir='ltr'><strong>abscondi.</strong></span> <span class='ocrx_word' id='word_1_71' title='bbox 2274 988 2538 1055; x_wconf 77' lang='lat' dir='ltr'><strong>Interea</strong></span> <span class='ocrx_word' id='word_1_72' title='bbox 2564 984 2745 1055; x_wconf 90' lang='lat' dir='ltr'><strong>diem</strong></span> 
     </span>
     <span class='ocr_line' id='line_1_9' title="bbox 211 1070 2746 1173; baseline 0.002 -34"><span class='ocrx_word' id='word_1_73' title='bbox 211 1092 417 1140; x_wconf 88' lang='lat' dir='ltr'><strong>suum</strong></span> <span class='ocrx_word' id='word_1_74' title='bbox 466 1071 638 1141; x_wconf 93' lang='lat' dir='ltr'><strong>obiit</strong></span> <span class='ocrx_word' id='word_1_75' title='bbox 675 1070 1077 1162; x_wconf 85' lang='lat' dir='ltr'><strong>Vedulphus</strong></span> <span class='ocrx_word' id='word_1_76' title='bbox 1113 1072 1625 1142; x_wconf 80' lang='lat' dir='ltr'><strong>Cameracensis</strong></span> <span class='ocrx_word' id='word_1_77' title='bbox 1658 1071 2062 1173; x_wconf 77' lang='lat' dir='ltr'><strong>Episcopus,</strong></span> <span class='ocrx_word' id='word_1_78' title='bbox 2106 1084 2602 1162; x_wconf 85' lang='lat' dir='ltr'><strong>exemptusque</strong></span> <span class='ocrx_word' id='word_1_79' title='bbox 2641 1094 2746 1143; x_wconf 92' lang='lat' dir='ltr'><strong>re-</strong></span> 
     </span>
     <span class='ocr_line' id='line_1_10' title="bbox 209 1158 2748 1252; baseline 0.001 -24"><span class='ocrx_word' id='word_1_80' title='bbox 209 1158 343 1228; x_wconf 91' lang='lat' dir='ltr'><strong>bus</strong></span> <span class='ocrx_word' id='word_1_81' title='bbox 390 1159 744 1240; x_wconf 91' lang='lat' dir='ltr'><strong>humanis,</strong></span> <span class='ocrx_word' id='word_1_82' title='bbox 799 1160 885 1228; x_wconf 89' lang='lat' dir='ltr'><strong>ad</strong></span> <span class='ocrx_word' id='word_1_83' title='bbox 936 1159 1220 1231; x_wconf 87' lang='lat' dir='ltr'><strong>meliora</strong></span> <span class='ocrx_word' id='word_1_84' title='bbox 1265 1161 1772 1252; x_wconf 86' lang='lat' dir='ltr'><strong>commigravit.</strong></span> <span class='ocrx_word' id='word_1_85' title='bbox 1821 1166 2042 1251; x_wconf 75' lang='lat' dir='ltr'><strong>Igitur</strong></span> <span class='ocrx_word' id='word_1_86' title='bbox 2086 1181 2247 1251; x_wconf 82' lang='lat' dir='ltr'><strong>grex</strong></span> <span class='ocrx_word' id='word_1_87' title='bbox 2286 1162 2438 1252; x_wconf 91' lang='lat' dir='ltr'><strong>ejus</strong></span> <span class='ocrx_word' id='word_1_88' title='bbox 2477 1173 2748 1252; x_wconf 82' lang='lat' dir='ltr'><strong>pastore</strong></span> 
     </span>
     <span class='ocr_line' id='line_1_11' title="bbox 208 1245 2744 1350; baseline 0.002 -35"><span class='ocrx_word' id='word_1_89' title='bbox 208 1245 603 1330; x_wconf 89' lang='lat' dir='ltr'><strong>destitutus,</strong></span> <span class='ocrx_word' id='word_1_90' title='bbox 657 1246 991 1338; x_wconf 91' lang='lat' dir='ltr'><strong>spiritalis</strong></span> <span class='ocrx_word' id='word_1_91' title='bbox 1038 1249 1254 1350; x_wconf 89' lang='lat' dir='ltr'><strong>patris</strong></span> <span class='ocrx_word' id='word_1_92' title='bbox 1303 1248 1546 1321; x_wconf 87' lang='lat' dir='ltr'><strong>solatia</strong></span> <span class='ocrx_word' id='word_1_93' title='bbox 1591 1261 1658 1319; x_wconf 93' lang='lat' dir='ltr'><strong>et</strong></span> <span class='ocrx_word' id='word_1_94' title='bbox 1701 1249 2030 1321; x_wconf 89' lang='lat' dir='ltr'><strong>ecclesiae</strong></span> <span class='ocrx_word' id='word_1_95' title='bbox 2086 1250 2363 1319; x_wconf 80' lang='lat' dir='ltr'><strong>orbatae</strong></span> <span class='ocrx_word' id='word_1_96' title='bbox 2412 1262 2744 1320; x_wconf 91' lang='lat' dir='ltr'><strong>rectorem</strong></span> 
     </span>
     <span class='ocr_line' id='line_1_12' title="bbox 205 1335 2745 1429; baseline 0.002 -25"><span class='ocrx_word' id='word_1_97' title='bbox 205 1348 555 1426; x_wconf 83' lang='lat' dir='ltr'><strong>expetens,</strong></span> <span class='ocrx_word' id='word_1_98' title='bbox 610 1335 845 1407; x_wconf 83' lang='lat' dir='ltr'><strong>divino</strong></span> <span class='ocrx_word' id='word_1_99' title='bbox 892 1337 1249 1419; x_wconf 79' lang='lat' dir='ltr'><strong>instinctu,</strong></span> <span class='ocrx_word' id='word_1_100' title='bbox 1307 1350 1658 1429; x_wconf 89' lang='lat' dir='ltr'><strong>comperta</strong></span> <span class='ocrx_word' id='word_1_101' title='bbox 1700 1338 1848 1426; x_wconf 87' lang='lat' dir='ltr'><strong>jam</strong></span> <span class='ocrx_word' id='word_1_102' title='bbox 1904 1337 2033 1408; x_wconf 89' lang='lat' dir='ltr'><strong>viri</strong></span> <span class='ocrx_word' id='word_1_103' title='bbox 2072 1339 2288 1408; x_wconf 89' lang='lat' dir='ltr'><strong>sancti</strong></span> <span class='ocrx_word' id='word_1_104' title='bbox 2346 1338 2553 1419; x_wconf 75' lang='lat' dir='ltr'><strong>fama,</strong></span> <span class='ocrx_word' id='word_1_105' title='bbox 2603 1359 2745 1409; x_wconf 92' lang='lat' dir='ltr'><strong>uno</strong></span> 
     </span>
     <span class='ocr_line' id='line_1_13' title="bbox 205 1425 2746 1529; baseline 0.001 -35"><span class='ocrx_word' id='word_1_106' title='bbox 205 1425 445 1494; x_wconf 87' lang='lat' dir='ltr'><strong>animo</strong></span> <span class='ocrx_word' id='word_1_107' title='bbox 469 1438 535 1496; x_wconf 91' lang='lat' dir='ltr'><strong>et</strong></span> <span class='ocrx_word' id='word_1_108' title='bbox 562 1425 709 1516; x_wconf 92' lang='lat' dir='ltr'><strong>pari</strong></span> <span class='ocrx_word' id='word_1_109' title='bbox 734 1425 1083 1496; x_wconf 85' lang='lat' dir='ltr'><strong>voluntate</strong></span> <span class='ocrx_word' id='word_1_110' title='bbox 1108 1438 1254 1496; x_wconf 90' lang='lat' dir='ltr'><strong>tum</strong></span> <span class='ocrx_word' id='word_1_111' title='bbox 1284 1427 1541 1508; x_wconf 79' lang='lat' dir='ltr'><strong>CleruS,</strong></span> <span class='ocrx_word' id='word_1_112' title='bbox 1580 1438 1730 1497; x_wconf 89' lang='lat' dir='ltr'><strong>tum</strong></span> <span class='ocrx_word' id='word_1_113' title='bbox 1758 1427 2060 1529; x_wconf 89' lang='lat' dir='ltr'><strong>populus</strong></span> <span class='ocrx_word' id='word_1_114' title='bbox 2089 1449 2128 1496; x_wconf 91' lang='lat' dir='ltr'><strong>a</strong></span> <span class='ocrx_word' id='word_1_115' title='bbox 2162 1426 2746 1518; x_wconf 86' lang='lat' dir='ltr'><strong>Childeberto(11)</strong></span> 
     </span>
     <span class='ocr_line' id='line_1_14' title="bbox 202 1514 2746 1607; baseline 0.002 -25"><span class='ocrx_word' id='word_1_116' title='bbox 202 1514 716 1584; x_wconf 82' lang='lat' dir='ltr'><strong>Austrasiorum</strong></span> <span class='ocrx_word' id='word_1_117' title='bbox 768 1536 949 1604; x_wconf 88' lang='lat' dir='ltr'><strong>rege,</strong></span> <span class='ocrx_word' id='word_1_118' title='bbox 992 1514 1271 1585; x_wconf 89' lang='lat' dir='ltr'><strong>beatum</strong></span> <span class='ocrx_word' id='word_1_119' title='bbox 1313 1519 1772 1607; x_wconf 81' lang='lat' dir='ltr'><strong>Gaugerlcum</strong></span> <span class='ocrx_word' id='word_1_120' title='bbox 1808 1516 1940 1585; x_wconf 77' lang='lat' dir='ltr'><strong>sibi</strong></span> <span class='ocrx_word' id='word_1_121' title='bbox 1981 1515 2399 1606; x_wconf 83' lang='lat' dir='ltr'><strong>Episcopum</strong></span> <span class='ocrx_word' id='word_1_122' title='bbox 2434 1515 2746 1586; x_wconf 90' lang='lat' dir='ltr'><strong>ordinari</strong></span> 
     </span>
     <span class='ocr_line' id='line_1_15' title="bbox 202 1601 2746 1695; baseline 0 -23"><span class='ocrx_word' id='word_1_123' title='bbox 202 1601 671 1692; x_wconf 89' lang='lat' dir='ltr'><strong>postularunt.</strong></span> <span class='ocrx_word' id='word_1_124' title='bbox 728 1607 863 1674; x_wconf 81' lang='lat' dir='ltr'><strong>Rex</strong></span> <span class='ocrx_word' id='word_1_125' title='bbox 910 1603 1268 1674; x_wconf 87' lang='lat' dir='ltr'><strong>confestim</strong></span> <span class='ocrx_word' id='word_1_126' title='bbox 1320 1605 1552 1676; x_wconf 91' lang='lat' dir='ltr'><strong>missis</strong></span> <span class='ocrx_word' id='word_1_127' title='bbox 1601 1603 1816 1674; x_wconf 89' lang='lat' dir='ltr'><strong>literis</strong></span> <span class='ocrx_word' id='word_1_128' title='bbox 1863 1604 1952 1674; x_wconf 92' lang='lat' dir='ltr'><strong>ad</strong></span> <span class='ocrx_word' id='word_1_129' title='bbox 1997 1603 2357 1695; x_wconf 84' lang='lat' dir='ltr'><strong>Aegidium</strong></span> <span class='ocrx_word' id='word_1_130' title='bbox 2401 1604 2746 1675; x_wconf 86' lang='lat' dir='ltr'><strong>Rhemen-</strong></span> 
     </span>
     <span class='ocr_line' id='line_1_16' title="bbox 201 1691 2749 1784; baseline 0.001 -24"><span class='ocrx_word' id='word_1_131' title='bbox 201 1711 351 1760; x_wconf 86' lang='lat' dir='ltr'><strong>sem</strong></span> <span class='ocrx_word' id='word_1_132' title='bbox 404 1692 845 1782; x_wconf 84' lang='lat' dir='ltr'><strong>Episcopum,</strong></span> <span class='ocrx_word' id='word_1_133' title='bbox 897 1692 1114 1763; x_wconf 87' lang='lat' dir='ltr'><strong>voluit</strong></span> <span class='ocrx_word' id='word_1_134' title='bbox 1162 1693 1403 1784; x_wconf 90' lang='lat' dir='ltr'><strong>populi</strong></span> <span class='ocrx_word' id='word_1_135' title='bbox 1433 1693 1607 1765; x_wconf 86' lang='lat' dir='ltr'><strong>votis</strong></span> <span class='ocrx_word' id='word_1_136' title='bbox 1647 1691 1991 1773; x_wconf 81' lang='lat' dir='ltr'><strong>satisfieri,</strong></span> <span class='ocrx_word' id='word_1_137' title='bbox 2035 1706 2114 1762; x_wconf 90' lang='lat' dir='ltr'><strong>ut</strong></span> <span class='ocrx_word' id='word_1_138' title='bbox 2147 1693 2365 1763; x_wconf 91' lang='lat' dir='ltr'><strong>bonae</strong></span> <span class='ocrx_word' id='word_1_139' title='bbox 2395 1693 2749 1763; x_wconf 83' lang='lat' dir='ltr'><strong>existima-</strong></span> 
     </span>
     <span class='ocr_line' id='line_1_17' title="bbox 202 1779 2745 1872; baseline 0.001 -22"><span class='ocrx_word' id='word_1_140' title='bbox 202 1779 417 1850; x_wconf 85' lang='lat' dir='ltr'><strong>tionis</strong></span> <span class='ocrx_word' id='word_1_141' title='bbox 445 1779 644 1850; x_wconf 84' lang='lat' dir='ltr'><strong>levita</strong></span> <span class='ocrx_word' id='word_1_142' title='bbox 671 1780 918 1850; x_wconf 84' lang='lat' dir='ltr'><strong>Christi</strong></span> <span class='ocrx_word' id='word_1_143' title='bbox 953 1786 1098 1852; x_wconf 90' lang='lat' dir='ltr'><strong>Gau</strong></span> <span class='ocrx_word' id='word_1_144' title='bbox 1147 1785 1399 1864; x_wconf 83' lang='lat' dir='ltr'><strong>ericus,</strong></span> <span class='ocrx_word' id='word_1_145' title='bbox 1438 1783 1912 1852; x_wconf 77' lang='lat' dir='ltr'><strong>cameracensi</strong></span> <span class='ocrx_word' id='word_1_146' title='bbox 1946 1784 2371 1872; x_wconf 68' lang='lat' dir='ltr'><strong>(cambray)</strong></span> <span class='ocrx_word' id='word_1_147' title='bbox 2404 1781 2745 1852; x_wconf 85' lang='lat' dir='ltr'><strong>Ecclesiae</strong></span> 
     </span>
     <span class='ocr_line' id='line_1_18' title="bbox 199 1805 2749 1961; baseline 0.002 -24"><span class='ocrx_word' id='word_1_148' title='bbox 199 1868 486 1960; x_wconf 87' lang='lat' dir='ltr'><strong>praesul</strong></span> <span class='ocrx_word' id='word_1_149' title='bbox 536 1868 997 1940; x_wconf 88' lang='lat' dir='ltr'><strong>ordinaretur.</strong></span> <span class='ocrx_word' id='word_1_150' title='bbox 1051 1805 1146 1940; x_wconf 48' lang='lat' dir='ltr'><strong>If</strong></span> <span class='ocrx_word' id='word_1_151' title='bbox 1175 1870 1299 1940; x_wconf 91' lang='lat' dir='ltr'><strong>ubi</strong></span> <span class='ocrx_word' id='word_1_152' title='bbox 1346 1871 1665 1961; x_wconf 82' lang='lat' dir='ltr'><strong>cognovit</strong></span> <span class='ocrx_word' id='word_1_153' title='bbox 1722 1870 2007 1941; x_wconf 89' lang='lat' dir='ltr'><strong>antistes</strong></span> <span class='ocrx_word' id='word_1_154' title='bbox 2061 1856 2408 1961; x_wconf 73' lang='lat' dir='ltr'><strong>AegidiuS,</strong></span> <span class='ocrx_word' id='word_1_155' title='bbox 2477 1871 2749 1942; x_wconf 90' lang='lat' dir='ltr'><strong>cunctis</strong></span> 
     </span>
     <span class='ocr_line' id='line_1_19' title="bbox 197 1956 2748 2060; baseline 0.001 -33"><span class='ocrx_word' id='word_1_156' title='bbox 197 1956 758 2028; x_wconf 85' lang='lat' dir='ltr'><strong>acclamantibus</strong></span> <span class='ocrx_word' id='word_1_157' title='bbox 806 1960 1081 2029; x_wconf 86' lang='lat' dir='ltr'><strong>beatum</strong></span> <span class='ocrx_word' id='word_1_158' title='bbox 1133 1962 1593 2050; x_wconf 84' lang='lat' dir='ltr'><strong>Gaugerlcum</strong></span> <span class='ocrx_word' id='word_1_159' title='bbox 1644 1958 1966 2060; x_wconf 88' lang='lat' dir='ltr'><strong>Episcopi</strong></span> <span class='ocrx_word' id='word_1_160' title='bbox 2004 1959 2264 2029; x_wconf 91' lang='lat' dir='ltr'><strong>honore</strong></span> <span class='ocrx_word' id='word_1_161' title='bbox 2293 1980 2445 2030; x_wconf 93' lang='lat' dir='ltr'><strong>esse</strong></span> <span class='ocrx_word' id='word_1_162' title='bbox 2475 1957 2748 2051; x_wconf 87' lang='lat' dir='ltr'><strong>dignis·-</strong></span> 
     </span>
     <span class='ocr_line' id='line_1_20' title="bbox 198 2046 2752 2127; baseline 0.001 -11"><span class='ocrx_word' id='word_1_163' title='bbox 198 2046 492 2127; x_wconf 90' lang='lat' dir='ltr'><strong>simum,</strong></span> <span class='ocrx_word' id='word_1_164' title='bbox 549 2047 1031 2118; x_wconf 87' lang='lat' dir='ltr'><strong>incunctanter</strong></span> <span class='ocrx_word' id='word_1_165' title='bbox 1075 2047 1274 2118; x_wconf 88' lang='lat' dir='ltr'><strong>illum</strong></span> <span class='ocrx_word' id='word_1_166' title='bbox 1324 2048 1396 2117; x_wconf 92' lang='lat' dir='ltr'><strong>in</strong></span> <span class='ocrx_word' id='word_1_167' title='bbox 1447 2052 1957 2119; x_wconf 76' lang='lat' dir='ltr'><strong>Cameracensis</strong></span> <span class='ocrx_word' id='word_1_168' title='bbox 1990 2047 2318 2119; x_wconf 88' lang='lat' dir='ltr'><strong>ecclesiae</strong></span> <span class='ocrx_word' id='word_1_169' title='bbox 2347 2047 2508 2119; x_wconf 89' lang='lat' dir='ltr'><strong>sede</strong></span> <span class='ocrx_word' id='word_1_170' title='bbox 2539 2047 2752 2118; x_wconf 90' lang='lat' dir='ltr'><strong>collo-</strong></span> 
     </span>
     <span class='ocr_line' id='line_1_21' title="bbox 198 2134 2749 2227; baseline 0.001 -23"><span class='ocrx_word' id='word_1_171' title='bbox 198 2135 409 2204; x_wconf 84' lang='lat' dir='ltr'><strong>cavit.</strong></span> <span class='ocrx_word' id='word_1_172' title='bbox 465 2134 755 2205; x_wconf 89' lang='lat' dir='ltr'><strong>Felicem</strong></span> <span class='ocrx_word' id='word_1_173' title='bbox 805 2157 971 2205; x_wconf 92' lang='lat' dir='ltr'><strong>sane</strong></span> <span class='ocrx_word' id='word_1_174' title='bbox 1018 2135 1384 2227; x_wconf 91' lang='lat' dir='ltr'><strong>populum,</strong></span> <span class='ocrx_word' id='word_1_175' title='bbox 1437 2148 1894 2224; x_wconf 89' lang='lat' dir='ltr'><strong>sanctumque</strong></span> <span class='ocrx_word' id='word_1_176' title='bbox 1946 2136 2243 2218; x_wconf 90' lang='lat' dir='ltr'><strong>Clerum,</strong></span> <span class='ocrx_word' id='word_1_177' title='bbox 2300 2137 2421 2223; x_wconf 87' lang='lat' dir='ltr'><strong>qui</strong></span> <span class='ocrx_word' id='word_1_178' title='bbox 2462 2136 2665 2207; x_wconf 91' lang='lat' dir='ltr'><strong>talem</strong></span> <span class='ocrx_word' id='word_1_179' title='bbox 2707 2159 2749 2206; x_wconf 89' lang='lat' dir='ltr'><strong>a</strong></span> 
     </span>
     <span class='ocr_line' id='line_1_22' title="bbox 195 2224 2434 2315; baseline 0 -22"><span class='ocrx_word' id='word_1_180' title='bbox 195 2229 389 2314; x_wconf 87' lang='lat' dir='ltr'><strong>Rege</strong></span> <span class='ocrx_word' id='word_1_181' title='bbox 420 2245 724 2315; x_wconf 90' lang='lat' dir='ltr'><strong>superno</strong></span> <span class='ocrx_word' id='word_1_182' title='bbox 762 2225 1191 2294; x_wconf 87' lang='lat' dir='ltr'><strong>defensorem</strong></span> <span class='ocrx_word' id='word_1_183' title='bbox 1224 2238 1289 2294; x_wconf 87' lang='lat' dir='ltr'><strong>et</strong></span> <span class='ocrx_word' id='word_1_184' title='bbox 1318 2236 1687 2315; x_wconf 89' lang='lat' dir='ltr'><strong>patronum</strong></span> <span class='ocrx_word' id='word_1_185' title='bbox 1727 2224 1976 2295; x_wconf 90' lang='lat' dir='ltr'><strong>habere</strong></span> <span class='ocrx_word' id='word_1_186' title='bbox 2010 2237 2434 2295; x_wconf 89' lang='lat' dir='ltr'><strong>meruerunt.</strong></span> 
     </span>
    </p>

    <p class='ocr_par' dir='ltr' id='par_1_5' title="bbox 191 2311 2749 4447">
     <span class='ocr_line' id='line_1_23' title="bbox 294 2311 2746 2405; baseline -0.001 -20"><span class='ocrx_word' id='word_1_187' title='bbox 294 2316 331 2400; x_wconf 67' lang='grc' dir='ltr'><em>ξ</em></span> <span class='ocrx_word' id='word_1_188' title='bbox 377 2317 465 2385; x_wconf 71' lang='lat'><strong>5.</strong></span> <span class='ocrx_word' id='word_1_189' title='bbox 519 2311 894 2384; x_wconf 78' lang='lat' dir='ltr'><strong>ordinatus</strong></span> <span class='ocrx_word' id='word_1_190' title='bbox 926 2314 1140 2403; x_wconf 86' lang='lat' dir='ltr'><strong>igitur</strong></span> <span class='ocrx_word' id='word_1_191' title='bbox 1171 2315 1551 2405; x_wconf 85' lang='lat' dir='ltr'><strong>Episcopus</strong></span> <span class='ocrx_word' id='word_1_192' title='bbox 1590 2316 2034 2405; x_wconf 80' lang='lat' dir='ltr'><strong>GaugerlcuS,</strong></span> <span class='ocrx_word' id='word_1_193' title='bbox 2078 2335 2241 2383; x_wconf 89' lang='lat' dir='ltr'><strong>curn</strong></span> <span class='ocrx_word' id='word_1_194' title='bbox 2278 2313 2575 2383; x_wconf 83' lang='lat' dir='ltr'><strong>invisere</strong></span> <span class='ocrx_word' id='word_1_195' title='bbox 2605 2313 2746 2384; x_wconf 84' lang='lat' dir='ltr'><strong>vel-</strong></span> 
     </span>
     <span class='ocr_line' id='line_1_24' title="bbox 195 2400 2747 2505; baseline 0 -35"><span class='ocrx_word' id='word_1_196' title='bbox 195 2400 299 2470; x_wconf 92' lang='lat' dir='ltr'><strong>let</strong></span> <span class='ocrx_word' id='word_1_197' title='bbox 343 2422 503 2470; x_wconf 87' lang='lat' dir='ltr'><strong>oves</strong></span> <span class='ocrx_word' id='word_1_198' title='bbox 550 2402 685 2492; x_wconf 91' lang='lat' dir='ltr'><strong>ipsi</strong></span> <span class='ocrx_word' id='word_1_199' title='bbox 734 2424 774 2473; x_wconf 86' lang='lat' dir='ltr'><strong>a</strong></span> <span class='ocrx_word' id='word_1_200' title='bbox 820 2403 1110 2473; x_wconf 90' lang='lat' dir='ltr'><strong>Domino</strong></span> <span class='ocrx_word' id='word_1_201' title='bbox 1156 2403 1606 2484; x_wconf 78' lang='lat' dir='ltr'><strong>commissae,</strong></span> <span class='ocrx_word' id='word_1_202' title='bbox 1671 2413 1875 2490; x_wconf 91' lang='lat' dir='ltr'><strong>atque</strong></span> <span class='ocrx_word' id='word_1_203' title='bbox 1912 2424 1951 2472; x_wconf 91' lang='lat' dir='ltr'><strong>a</strong></span> <span class='ocrx_word' id='word_1_204' title='bbox 1992 2402 2183 2472; x_wconf 90' lang='lat' dir='ltr'><strong>Clero</strong></span> <span class='ocrx_word' id='word_1_205' title='bbox 2228 2414 2295 2472; x_wconf 91' lang='lat' dir='ltr'><strong>et</strong></span> <span class='ocrx_word' id='word_1_206' title='bbox 2331 2401 2590 2505; x_wconf 89' lang='lat' dir='ltr'><strong>populo</strong></span> <span class='ocrx_word' id='word_1_207' title='bbox 2628 2401 2747 2472; x_wconf 92' lang='lat' dir='ltr'><strong>ob-</strong></span> 
     </span>
     <span class='ocr_line' id='line_1_25' title="bbox 192 2488 2749 2584; baseline 0.001 -26"><span class='ocrx_word' id='word_1_208' title='bbox 192 2490 386 2559; x_wconf 79' lang='lat' dir='ltr'><strong>viam</strong></span> <span class='ocrx_word' id='word_1_209' title='bbox 421 2488 658 2562; x_wconf 90' lang='lat' dir='ltr'><strong>festive</strong></span> <span class='ocrx_word' id='word_1_210' title='bbox 687 2491 1119 2584; x_wconf 87' lang='lat' dir='ltr'><strong>procedente,</strong></span> <span class='ocrx_word' id='word_1_211' title='bbox 1160 2490 1664 2563; x_wconf 88' lang='lat' dir='ltr'><strong>officiosissime</strong></span> <span class='ocrx_word' id='word_1_212' title='bbox 1694 2491 2142 2583; x_wconf 83' lang='lat' dir='ltr'><strong>exciperetur,</strong></span> <span class='ocrx_word' id='word_1_213' title='bbox 2180 2512 2477 2561; x_wconf 89' lang='lat' dir='ltr'><strong>carcer1s</strong></span> <span class='ocrx_word' id='word_1_214' title='bbox 2512 2490 2749 2581; x_wconf 87' lang='lat' dir='ltr'><strong>cujus-</strong></span> 
     </span>
     <span class='ocr_line' id='line_1_26' title="bbox 194 2578 2746 2671; baseline 0.001 -22"><span class='ocrx_word' id='word_1_215' title='bbox 194 2578 366 2649; x_wconf 88' lang='lat' dir='ltr'><strong>dam</strong></span> <span class='ocrx_word' id='word_1_216' title='bbox 395 2581 649 2650; x_wconf 91' lang='lat' dir='ltr'><strong>ostium</strong></span> <span class='ocrx_word' id='word_1_217' title='bbox 685 2582 1054 2671; x_wconf 88' lang='lat' dir='ltr'><strong>praeteriit,</strong></span> <span class='ocrx_word' id='word_1_218' title='bbox 1087 2580 1207 2652; x_wconf 92' lang='lat' dir='ltr'><strong>ubi</strong></span> <span class='ocrx_word' id='word_1_219' title='bbox 1235 2580 1602 2652; x_wconf 90' lang='lat' dir='ltr'><strong>duodecim</strong></span> <span class='ocrx_word' id='word_1_220' title='bbox 1630 2581 1948 2651; x_wconf 92' lang='lat' dir='ltr'><strong>homines</strong></span> <span class='ocrx_word' id='word_1_221' title='bbox 1973 2581 2159 2651; x_wconf 83' lang='lat' dir='ltr'><strong>noxii</strong></span> <span class='ocrx_word' id='word_1_222' title='bbox 2183 2579 2422 2650; x_wconf 84' lang='lat' dir='ltr'><strong>ferreis</strong></span> <span class='ocrx_word' id='word_1_223' title='bbox 2446 2579 2746 2651; x_wconf 83' lang='lat' dir='ltr'><strong>vinculis</strong></span> 
     </span>
     <span class='ocr_line' id='line_1_27' title="bbox 193 2668 2747 2761; baseline -0.001 -22"><span class='ocrx_word' id='word_1_224' title='bbox 193 2669 561 2739; x_wconf 87' lang='lat' dir='ltr'><strong>constricti</strong></span> <span class='ocrx_word' id='word_1_225' title='bbox 608 2669 1116 2741; x_wconf 86' lang='lat' dir='ltr'><strong>detinebantur.</strong></span> <span class='ocrx_word' id='word_1_226' title='bbox 1171 2669 1245 2738; x_wconf 93' lang='lat' dir='ltr'><strong>Id</strong></span> <span class='ocrx_word' id='word_1_227' title='bbox 1298 2669 1689 2761; x_wconf 90' lang='lat' dir='ltr'><strong>percipiens</strong></span> <span class='ocrx_word' id='word_1_228' title='bbox 1736 2669 1841 2739; x_wconf 88' lang='lat' dir='ltr'><strong>vir</strong></span> <span class='ocrx_word' id='word_1_229' title='bbox 1920 2668 2054 2750; x_wconf 90' lang='lat' dir='ltr'><strong>ius,</strong></span> <span class='ocrx_word' id='word_1_230' title='bbox 2093 2690 2281 2739; x_wconf 92' lang='lat' dir='ltr'><strong>more</strong></span> <span class='ocrx_word' id='word_1_231' title='bbox 2314 2689 2440 2739; x_wconf 91' lang='lat' dir='ltr'><strong>suo</strong></span> <span class='ocrx_word' id='word_1_232' title='bbox 2474 2668 2747 2738; x_wconf 87' lang='lat' dir='ltr'><strong>miseri·-</strong></span> 
     </span>
     <span class='ocr_line' id='line_1_28' title="bbox 191 2756 2743 2850; baseline 0 -23"><span class='ocrx_word' id='word_1_233' title='bbox 191 2756 441 2827; x_wconf 76' lang='lat' dir='ltr'><strong>cordia</strong></span> <span class='ocrx_word' id='word_1_234' title='bbox 490 2770 866 2848; x_wconf 88' lang='lat' dir='ltr'><strong>permotus,</strong></span> <span class='ocrx_word' id='word_1_235' title='bbox 906 2758 1146 2829; x_wconf 88' lang='lat' dir='ltr'><strong>multis</strong></span> <span class='ocrx_word' id='word_1_236' title='bbox 1178 2760 1500 2848; x_wconf 90' lang='lat' dir='ltr'><strong>precibus</strong></span> <span class='ocrx_word' id='word_1_237' title='bbox 1536 2759 1675 2848; x_wconf 88' lang='lat' dir='ltr'><strong>egit</strong></span> <span class='ocrx_word' id='word_1_238' title='bbox 1708 2780 1845 2850; x_wconf 88' lang='lat' dir='ltr'><strong>apu</strong></span> <span class='ocrx_word' id='word_1_239' title='bbox 1928 2758 2353 2839; x_wconf 89' lang='lat' dir='ltr'><strong>Waldonem,</strong></span> <span class='ocrx_word' id='word_1_240' title='bbox 2400 2756 2556 2846; x_wconf 89' lang='lat' dir='ltr'><strong>ejus</strong></span> <span class='ocrx_word' id='word_1_241' title='bbox 2610 2757 2743 2827; x_wconf 89' lang='lat' dir='ltr'><strong>loci</strong></span> 
     </span>
     <span class='ocr_line' id='line_1_29' title="bbox 193 2844 2737 2939; baseline 0 -23"><span class='ocrx_word' id='word_1_242' title='bbox 193 2844 553 2929; x_wconf 89' lang='lat' dir='ltr'><strong>comitem,</strong></span> <span class='ocrx_word' id='word_1_243' title='bbox 608 2859 686 2917; x_wconf 88' lang='lat' dir='ltr'><strong>ut</strong></span> <span class='ocrx_word' id='word_1_244' title='bbox 731 2848 1022 2918; x_wconf 89' lang='lat' dir='ltr'><strong>miseros</strong></span> <span class='ocrx_word' id='word_1_245' title='bbox 1070 2847 1227 2917; x_wconf 91' lang='lat' dir='ltr'><strong>illos</strong></span> <span class='ocrx_word' id='word_1_246' title='bbox 1265 2848 1400 2939; x_wconf 91' lang='lat' dir='ltr'><strong>ipsi</strong></span> <span class='ocrx_word' id='word_1_247' title='bbox 1435 2847 1744 2917; x_wconf 91' lang='lat' dir='ltr'><strong>donaret.</strong></span> <span class='ocrx_word' id='word_1_248' title='bbox 1780 2852 1860 2918; x_wconf 79' lang='lat' dir='ltr'><strong>At</strong></span> <span class='ocrx_word' id='word_1_249' title='bbox 1892 2846 2009 2917; x_wconf 94' lang='lat' dir='ltr'><strong>ille</strong></span> <span class='ocrx_word' id='word_1_250' title='bbox 2043 2846 2367 2937; x_wconf 72' lang='lat' dir='ltr'><strong>superbia</strong></span> <span class='ocrx_word' id='word_1_251' title='bbox 2399 2845 2737 2927; x_wconf 87' lang='lat' dir='ltr'><strong>tumidus,</strong></span> 
     </span>
     <span class='ocr_line' id='line_1_30' title="bbox 191 2933 2737 3026; baseline 0 -23"><span class='ocrx_word' id='word_1_252' title='bbox 191 2946 265 3004; x_wconf 91' lang='lat' dir='ltr'><strong>et</strong></span> <span class='ocrx_word' id='word_1_253' title='bbox 293 2933 694 3005; x_wconf 89' lang='lat' dir='ltr'><strong>mundanae</strong></span> <span class='ocrx_word' id='word_1_254' title='bbox 726 2936 1067 3026; x_wconf 86' lang='lat' dir='ltr'><strong>potentiae</strong></span> <span class='ocrx_word' id='word_1_255' title='bbox 1099 2936 1282 3006; x_wconf 85' lang='lat' dir='ltr'><strong>fastu</strong></span> <span class='ocrx_word' id='word_1_256' title='bbox 1314 2936 1623 3017; x_wconf 81' lang='lat' dir='ltr'><strong>inflatuS,</strong></span> <span class='ocrx_word' id='word_1_257' title='bbox 1664 2935 1846 3006; x_wconf 91' lang='lat' dir='ltr'><strong>beati</strong></span> <span class='ocrx_word' id='word_1_258' title='bbox 1878 2936 2007 3006; x_wconf 89' lang='lat' dir='ltr'><strong>viri</strong></span> <span class='ocrx_word' id='word_1_259' title='bbox 2037 2957 2274 3026; x_wconf 92' lang='lat' dir='ltr'><strong>preces</strong></span> <span class='ocrx_word' id='word_1_260' title='bbox 2305 2934 2737 3025; x_wconf 90' lang='lat' dir='ltr'><strong>contempsit.</strong></span> 
     </span>
     <span class='ocr_line' id='line_1_31' title="bbox 197 3023 2741 3117; baseline 0 -25"><span class='ocrx_word' id='word_1_261' title='bbox 197 3023 522 3094; x_wconf 81' lang='lat' dir='ltr'><strong>sentiens</strong></span> <span class='ocrx_word' id='word_1_262' title='bbox 569 3025 674 3093; x_wconf 84' lang='lat' dir='ltr'><strong>vir</strong></span> <span class='ocrx_word' id='word_1_263' title='bbox 720 3026 835 3094; x_wconf 90' lang='lat' dir='ltr'><strong>Dei</strong></span> <span class='ocrx_word' id='word_1_264' title='bbox 884 3025 972 3096; x_wconf 90' lang='lat' dir='ltr'><strong>ab</strong></span> <span class='ocrx_word' id='word_1_265' title='bbox 1020 3024 1140 3095; x_wconf 91' lang='lat' dir='ltr'><strong>illo</strong></span> <span class='ocrx_word' id='word_1_266' title='bbox 1196 3045 1268 3096; x_wconf 89' lang='lat' dir='ltr'><strong>se</strong></span> <span class='ocrx_word' id='word_1_267' title='bbox 1316 3025 1717 3117; x_wconf 86' lang='lat' dir='ltr'><strong>repulsum;</strong></span> <span class='ocrx_word' id='word_1_268' title='bbox 1774 3045 1934 3094; x_wconf 91' lang='lat' dir='ltr'><strong>cum</strong></span> <span class='ocrx_word' id='word_1_269' title='bbox 1976 3025 2360 3095; x_wconf 89' lang='lat' dir='ltr'><strong>humanum</strong></span> <span class='ocrx_word' id='word_1_270' title='bbox 2403 3023 2741 3094; x_wconf 84' lang='lat' dir='ltr'><strong>auxilium</strong></span> 
     </span>
     <span class='ocr_line' id='line_1_32' title="bbox 194 3111 2737 3205; baseline 0 -25"><span class='ocrx_word' id='word_1_271' title='bbox 194 3131 338 3181; x_wconf 92' lang='lat' dir='ltr'><strong>non</strong></span> <span class='ocrx_word' id='word_1_272' title='bbox 394 3125 834 3203; x_wconf 88' lang='lat' dir='ltr'><strong>suppeteret,</strong></span> <span class='ocrx_word' id='word_1_273' title='bbox 886 3125 1103 3185; x_wconf 90' lang='lat' dir='ltr'><strong>totum</strong></span> <span class='ocrx_word' id='word_1_274' title='bbox 1155 3134 1228 3183; x_wconf 91' lang='lat' dir='ltr'><strong>se</strong></span> <span class='ocrx_word' id='word_1_275' title='bbox 1275 3114 1359 3184; x_wconf 89' lang='lat' dir='ltr'><strong>ad</strong></span> <span class='ocrx_word' id='word_1_276' title='bbox 1424 3113 1936 3205; x_wconf 91' lang='lat' dir='ltr'><strong>deprecandum</strong></span> <span class='ocrx_word' id='word_1_277' title='bbox 1992 3114 2361 3183; x_wconf 88' lang='lat' dir='ltr'><strong>Dominum</strong></span> <span class='ocrx_word' id='word_1_278' title='bbox 2423 3111 2737 3193; x_wconf 83' lang='lat' dir='ltr'><strong>contulit,</strong></span> 
     </span>
     <span class='ocr_line' id='line_1_33' title="bbox 196 3202 2744 3294; baseline -0 -23"><span class='ocrx_word' id='word_1_279' title='bbox 196 3220 436 3281; x_wconf 80' lang='lat' dir='ltr'><strong>oranS,</strong></span> <span class='ocrx_word' id='word_1_280' title='bbox 474 3213 550 3271; x_wconf 91' lang='lat' dir='ltr'><strong>ut</strong></span> <span class='ocrx_word' id='word_1_281' title='bbox 574 3223 612 3271; x_wconf 93' lang='lat' dir='ltr'><strong>e</strong></span> <span class='ocrx_word' id='word_1_282' title='bbox 645 3203 941 3273; x_wconf 88' lang='lat' dir='ltr'><strong>carceris</strong></span> <span class='ocrx_word' id='word_1_283' title='bbox 973 3202 1322 3291; x_wconf 84' lang='lat' dir='ltr'><strong>squallore</strong></span> <span class='ocrx_word' id='word_1_284' title='bbox 1349 3202 1566 3294; x_wconf 90' lang='lat' dir='ltr'><strong>erepti</strong></span> <span class='ocrx_word' id='word_1_285' title='bbox 1600 3203 1727 3284; x_wconf 90' lang='lat' dir='ltr'><strong>illi,</strong></span> <span class='ocrx_word' id='word_1_286' title='bbox 1772 3202 1844 3272; x_wconf 92' lang='lat' dir='ltr'><strong>in</strong></span> <span class='ocrx_word' id='word_1_287' title='bbox 1883 3223 1963 3271; x_wconf 92' lang='lat' dir='ltr'><strong>ea</strong></span> <span class='ocrx_word' id='word_1_288' title='bbox 1990 3202 2302 3284; x_wconf 88' lang='lat' dir='ltr'><strong>ecclesia,</strong></span> <span class='ocrx_word' id='word_1_289' title='bbox 2341 3223 2550 3289; x_wconf 90' lang='lat' dir='ltr'><strong>quam</strong></span> <span class='ocrx_word' id='word_1_290' title='bbox 2595 3202 2744 3291; x_wconf 90' lang='lat' dir='ltr'><strong>ipse</strong></span> 
     </span>
     <span class='ocr_line' id='line_1_34' title="bbox 199 3288 2744 3383; baseline 0.002 -26"><span class='ocrx_word' id='word_1_291' title='bbox 199 3288 499 3379; x_wconf 90' lang='lat' dir='ltr'><strong>petebat,</strong></span> <span class='ocrx_word' id='word_1_292' title='bbox 557 3290 690 3361; x_wconf 89' lang='lat' dir='ltr'><strong>sub</strong></span> <span class='ocrx_word' id='word_1_293' title='bbox 738 3290 944 3362; x_wconf 89' lang='lat' dir='ltr'><strong>totius</strong></span> <span class='ocrx_word' id='word_1_294' title='bbox 992 3292 1234 3383; x_wconf 90' lang='lat' dir='ltr'><strong>populi</strong></span> <span class='ocrx_word' id='word_1_295' title='bbox 1281 3302 1653 3383; x_wconf 90' lang='lat' dir='ltr'><strong>conspectu</strong></span> <span class='ocrx_word' id='word_1_296' title='bbox 1688 3291 2182 3361; x_wconf 80' lang='lat' dir='ltr'><strong>invenirentur.</strong></span> <span class='ocrx_word' id='word_1_297' title='bbox 2230 3296 2378 3361; x_wconf 80' lang='lat' dir='ltr'><strong>Mox</strong></span> <span class='ocrx_word' id='word_1_298' title='bbox 2408 3289 2744 3361; x_wconf 89' lang='lat' dir='ltr'><strong>divinitus</strong></span> 
     </span>
     <span class='ocr_line' id='line_1_35' title="bbox 197 3377 2742 3471; baseline 0.001 -26"><span class='ocrx_word' id='word_1_299' title='bbox 197 3377 519 3447; x_wconf 88' lang='lat' dir='ltr'><strong>manicae</strong></span> <span class='ocrx_word' id='word_1_300' title='bbox 565 3377 822 3450; x_wconf 89' lang='lat' dir='ltr'><strong>ferreae</strong></span> <span class='ocrx_word' id='word_1_301' title='bbox 869 3381 1425 3471; x_wconf 86' lang='lat' dir='ltr'><strong>confringuntur,</strong></span> <span class='ocrx_word' id='word_1_302' title='bbox 1478 3380 1848 3471; x_wconf 91' lang='lat' dir='ltr'><strong>compedes</strong></span> <span class='ocrx_word' id='word_1_303' title='bbox 1894 3379 2395 3461; x_wconf 86' lang='lat' dir='ltr'><strong>dissolvuntur,</strong></span> <span class='ocrx_word' id='word_1_304' title='bbox 2435 3391 2500 3450; x_wconf 93' lang='lat' dir='ltr'><strong>et</strong></span> <span class='ocrx_word' id='word_1_305' title='bbox 2529 3379 2599 3448; x_wconf 92' lang='lat' dir='ltr'><strong>in</strong></span> <span class='ocrx_word' id='word_1_306' title='bbox 2632 3399 2742 3448; x_wconf 91' lang='lat' dir='ltr'><strong>ec-</strong></span> 
     </span>
     <span class='ocr_line' id='line_1_36' title="bbox 200 3464 2743 3559; baseline 0.001 -25"><span class='ocrx_word' id='word_1_307' title='bbox 200 3464 512 3549; x_wconf 89' lang='lat' dir='ltr'><strong>clesiam,</strong></span> <span class='ocrx_word' id='word_1_308' title='bbox 568 3466 654 3537; x_wconf 93' lang='lat' dir='ltr'><strong>ad</strong></span> <span class='ocrx_word' id='word_1_309' title='bbox 703 3489 910 3557; x_wconf 90' lang='lat' dir='ltr'><strong>quam</strong></span> <span class='ocrx_word' id='word_1_310' title='bbox 962 3470 1069 3538; x_wconf 87' lang='lat' dir='ltr'><strong>vir</strong></span> <span class='ocrx_word' id='word_1_311' title='bbox 1115 3483 1397 3541; x_wconf 84' lang='lat' dir='ltr'><strong>sanctus</strong></span> <span class='ocrx_word' id='word_1_312' title='bbox 1435 3468 1931 3550; x_wconf 90' lang='lat' dir='ltr'><strong>deducebatur,</strong></span> <span class='ocrx_word' id='word_1_313' title='bbox 1985 3468 2089 3539; x_wconf 92' lang='lat' dir='ltr'><strong>illi</strong></span> <span class='ocrx_word' id='word_1_314' title='bbox 2126 3469 2274 3559; x_wconf 90' lang='lat' dir='ltr'><strong>jam</strong></span> <span class='ocrx_word' id='word_1_315' title='bbox 2323 3468 2617 3540; x_wconf 84' lang='lat' dir='ltr'><strong>nexibus</strong></span> <span class='ocrx_word' id='word_1_316' title='bbox 2656 3466 2743 3536; x_wconf 91' lang='lat' dir='ltr'><strong>li-</strong></span> 
     </span>
     <span class='ocr_line' id='line_1_37' title="bbox 201 3554 2743 3649; baseline 0 -27"><span class='ocrx_word' id='word_1_317' title='bbox 201 3554 372 3636; x_wconf 90' lang='lat' dir='ltr'><strong>beri,</strong></span> <span class='ocrx_word' id='word_1_318' title='bbox 424 3556 681 3647; x_wconf 82' lang='lat' dir='ltr'><strong>Angelo</strong></span> <span class='ocrx_word' id='word_1_319' title='bbox 727 3578 843 3627; x_wconf 87' lang='lat' dir='ltr'><strong>eos</strong></span> <span class='ocrx_word' id='word_1_320' title='bbox 891 3557 1331 3647; x_wconf 90' lang='lat' dir='ltr'><strong>perducente,</strong></span> <span class='ocrx_word' id='word_1_321' title='bbox 1385 3557 1698 3629; x_wconf 90' lang='lat' dir='ltr'><strong>celeriter</strong></span> <span class='ocrx_word' id='word_1_322' title='bbox 1734 3556 2243 3649; x_wconf 91' lang='lat' dir='ltr'><strong>ingrediuntur,</strong></span> <span class='ocrx_word' id='word_1_323' title='bbox 2279 3557 2351 3626; x_wconf 92' lang='lat' dir='ltr'><strong>in</strong></span> <span class='ocrx_word' id='word_1_324' title='bbox 2385 3578 2595 3645; x_wconf 89' lang='lat' dir='ltr'><strong>quam</strong></span> <span class='ocrx_word' id='word_1_325' title='bbox 2632 3555 2743 3623; x_wconf 87' lang='lat' dir='ltr'><strong>in-</strong></span> 
     </span>
     <span class='ocr_line' id='line_1_38' title="bbox 204 3642 2742 3747; baseline 0.001 -36"><span class='ocrx_word' id='word_1_326' title='bbox 204 3653 423 3714; x_wconf 90' lang='lat' dir='ltr'><strong>trante</strong></span> <span class='ocrx_word' id='word_1_327' title='bbox 447 3645 653 3714; x_wconf 89' lang='lat' dir='ltr'><strong>etiam</strong></span> <span class='ocrx_word' id='word_1_328' title='bbox 682 3645 878 3716; x_wconf 88' lang='lat' dir='ltr'><strong>beato</strong></span> <span class='ocrx_word' id='word_1_329' title='bbox 904 3649 1304 3736; x_wconf 84' lang='lat' dir='ltr'><strong>Gangerlco,</strong></span> <span class='ocrx_word' id='word_1_330' title='bbox 1336 3645 1527 3717; x_wconf 90' lang='lat' dir='ltr'><strong>Clero</strong></span> <span class='ocrx_word' id='word_1_331' title='bbox 1553 3646 1948 3738; x_wconf 90' lang='lat' dir='ltr'><strong>populoque</strong></span> <span class='ocrx_word' id='word_1_332' title='bbox 1979 3660 2348 3739; x_wconf 88' lang='lat' dir='ltr'><strong>spectante,</strong></span> <span class='ocrx_word' id='word_1_333' title='bbox 2378 3646 2500 3747; x_wconf 86' lang='lat' dir='ltr'><strong>qui</strong></span> <span class='ocrx_word' id='word_1_334' title='bbox 2533 3642 2742 3735; x_wconf 91' lang='lat' dir='ltr'><strong>paulo</strong></span> 
     </span>
     <span class='ocr_line' id='line_1_39' title="bbox 204 3733 2734 3826; baseline 0.001 -27"><span class='ocrx_word' id='word_1_335' title='bbox 204 3745 357 3802; x_wconf 86' lang='lat' dir='ltr'><strong>ante</strong></span> <span class='ocrx_word' id='word_1_336' title='bbox 402 3733 617 3804; x_wconf 82' lang='lat' dir='ltr'><strong>vincti</strong></span> <span class='ocrx_word' id='word_1_337' title='bbox 663 3733 958 3809; x_wconf 83' lang='lat' dir='ltr'><strong>fuerant.</strong></span> <span class='ocrx_word' id='word_1_338' title='bbox 1010 3736 1205 3805; x_wconf 84' lang='lat' dir='ltr'><strong>flexis</strong></span> <span class='ocrx_word' id='word_1_339' title='bbox 1253 3734 1656 3826; x_wconf 86' lang='lat' dir='ltr'><strong>poplitibus,</strong></span> <span class='ocrx_word' id='word_1_340' title='bbox 1709 3735 1953 3806; x_wconf 89' lang='lat' dir='ltr'><strong>dicunt</strong></span> <span class='ocrx_word' id='word_1_341' title='bbox 1999 3737 2103 3806; x_wconf 90' lang='lat' dir='ltr'><strong>ei:</strong></span> <span class='ocrx_word' id='word_1_342' title='bbox 2157 3742 2290 3807; x_wconf 89' lang='lat' dir='ltr'><strong>Nos</strong></span> <span class='ocrx_word' id='word_1_343' title='bbox 2321 3734 2423 3804; x_wconf 78' lang='lat' dir='ltr'><strong>illi</strong></span> <span class='ocrx_word' id='word_1_344' title='bbox 2465 3754 2734 3813; x_wconf 92' lang='lat' dir='ltr'><strong>sumus,</strong></span> 
     </span>
     <span class='ocr_line' id='line_1_40' title="bbox 210 3823 2742 3916; baseline -0 -26"><span class='ocrx_word' id='word_1_345' title='bbox 210 3833 399 3909; x_wconf 84' lang='lat' dir='ltr'><strong>pater</strong></span> <span class='ocrx_word' id='word_1_346' title='bbox 428 3823 891 3907; x_wconf 88' lang='lat' dir='ltr'><strong>sanctissime,</strong></span> <span class='ocrx_word' id='word_1_347' title='bbox 928 3823 1051 3913; x_wconf 87' lang='lat' dir='ltr'><strong>qui</strong></span> <span class='ocrx_word' id='word_1_348' title='bbox 1088 3844 1169 3895; x_wconf 83' lang='lat' dir='ltr'><strong>ex</strong></span> <span class='ocrx_word' id='word_1_349' title='bbox 1201 3824 1509 3895; x_wconf 90' lang='lat' dir='ltr'><strong>interiori</strong></span> <span class='ocrx_word' id='word_1_350' title='bbox 1548 3823 1899 3916; x_wconf 88' lang='lat' dir='ltr'><strong>ergastulo</strong></span> <span class='ocrx_word' id='word_1_351' title='bbox 1931 3824 2070 3895; x_wconf 87' lang='lat' dir='ltr'><strong>tuis</strong></span> <span class='ocrx_word' id='word_1_352' title='bbox 2104 3824 2427 3915; x_wconf 90' lang='lat' dir='ltr'><strong>precibus</strong></span> <span class='ocrx_word' id='word_1_353' title='bbox 2462 3831 2742 3892; x_wconf 88' lang='lat' dir='ltr'><strong>sanctae</strong></span> 
     </span>
     <span class='ocr_line' id='line_1_41' title="bbox 206 3910 2737 4001; baseline 0 -24"><span class='ocrx_word' id='word_1_354' title='bbox 206 3910 403 3980; x_wconf 89' lang='lat' dir='ltr'><strong>matri</strong></span> <span class='ocrx_word' id='word_1_355' title='bbox 455 3911 800 3983; x_wconf 89' lang='lat' dir='ltr'><strong>Ecclesiae</strong></span> <span class='ocrx_word' id='word_1_356' title='bbox 847 3913 1053 3983; x_wconf 93' lang='lat' dir='ltr'><strong>modo</strong></span> <span class='ocrx_word' id='word_1_357' title='bbox 1101 3934 1350 3984; x_wconf 91' lang='lat' dir='ltr'><strong>sumus</strong></span> <span class='ocrx_word' id='word_1_358' title='bbox 1397 3914 1719 3985; x_wconf 88' lang='lat' dir='ltr'><strong>restituti.</strong></span> <span class='ocrx_word' id='word_1_359' title='bbox 1792 3912 2098 3983; x_wconf 84' lang='lat' dir='ltr'><strong>Audiens</strong></span> <span class='ocrx_word' id='word_1_360' title='bbox 2165 3913 2295 3982; x_wconf 92' lang='lat' dir='ltr'><strong>hoc</strong></span> <span class='ocrx_word' id='word_1_361' title='bbox 2356 3911 2462 3980; x_wconf 85' lang='lat' dir='ltr'><strong>vir</strong></span> <span class='ocrx_word' id='word_1_362' title='bbox 2532 3910 2737 4001; x_wconf 74' lang='lat' dir='ltr'><strong>piuS,</strong></span> 
     </span>
     <span class='ocr_line' id='line_1_42' title="bbox 207 3998 2745 4098; baseline 0 -32"><span class='ocrx_word' id='word_1_363' title='bbox 207 3998 458 4098; x_wconf 81' lang='lat' dir='ltr'><strong>gaudio</strong></span> <span class='ocrx_word' id='word_1_364' title='bbox 509 4000 852 4091; x_wconf 89' lang='lat' dir='ltr'><strong>repletur:</strong></span> <span class='ocrx_word' id='word_1_365' title='bbox 904 4014 972 4073; x_wconf 89' lang='lat' dir='ltr'><strong>et</strong></span> <span class='ocrx_word' id='word_1_366' title='bbox 1017 4003 1273 4094; x_wconf 85' lang='lat' dir='ltr'><strong>gratias</strong></span> <span class='ocrx_word' id='word_1_367' title='bbox 1302 4024 1515 4094; x_wconf 89' lang='lat' dir='ltr'><strong>agens</strong></span> <span class='ocrx_word' id='word_1_368' title='bbox 1548 4007 1708 4082; x_wconf 90' lang='lat' dir='ltr'><strong>Deo,</strong></span> <span class='ocrx_word' id='word_1_369' title='bbox 1746 4001 1917 4072; x_wconf 91' lang='lat' dir='ltr'><strong>dicit</strong></span> <span class='ocrx_word' id='word_1_370' title='bbox 1949 4001 2209 4083; x_wconf 92' lang='lat' dir='ltr'><strong>comiti,</strong></span> <span class='ocrx_word' id='word_1_371' title='bbox 2244 4000 2365 4089; x_wconf 84' lang='lat' dir='ltr'><strong>qui</strong></span> <span class='ocrx_word' id='word_1_372' title='bbox 2396 4020 2555 4069; x_wconf 92' lang='lat' dir='ltr'><strong>cum</strong></span> <span class='ocrx_word' id='word_1_373' title='bbox 2588 4018 2745 4067; x_wconf 88' lang='lat' dir='ltr'><strong>cae·-</strong></span> 
     </span>
     <span class='ocr_line' id='line_1_43' title="bbox 206 4087 2746 4181; baseline 0 -26"><span class='ocrx_word' id='word_1_374' title='bbox 206 4096 368 4157; x_wconf 78' lang='lat' dir='ltr'><strong>teris</strong></span> <span class='ocrx_word' id='word_1_375' title='bbox 413 4088 577 4159; x_wconf 90' lang='lat' dir='ltr'><strong>huic</strong></span> <span class='ocrx_word' id='word_1_376' title='bbox 625 4091 1019 4181; x_wconf 87' lang='lat' dir='ltr'><strong>spectaculo</strong></span> <span class='ocrx_word' id='word_1_377' title='bbox 1066 4091 1623 4164; x_wconf 89' lang='lat' dir='ltr'><strong>admirabundus</strong></span> <span class='ocrx_word' id='word_1_378' title='bbox 1672 4091 2041 4161; x_wconf 88' lang='lat' dir='ltr'><strong>intererat:</strong></span> <span class='ocrx_word' id='word_1_379' title='bbox 2092 4094 2246 4159; x_wconf 87' lang='lat' dir='ltr'><strong>Jam</strong></span> <span class='ocrx_word' id='word_1_380' title='bbox 2289 4087 2388 4158; x_wconf 87' lang='lat' dir='ltr'><strong>vel</strong></span> <span class='ocrx_word' id='word_1_381' title='bbox 2424 4097 2746 4177; x_wconf 84' lang='lat' dir='ltr'><strong>expertus</strong></span> 
     </span>
     <span class='ocr_line' id='line_1_44' title="bbox 202 4177 2745 4278; baseline 0.001 -35"><span class='ocrx_word' id='word_1_382' title='bbox 202 4196 522 4266; x_wconf 85' lang='lat' dir='ltr'><strong>agnosce,</strong></span> <span class='ocrx_word' id='word_1_383' title='bbox 574 4178 679 4247; x_wconf 87' lang='lat' dir='ltr'><strong>vir</strong></span> <span class='ocrx_word' id='word_1_384' title='bbox 725 4200 1074 4270; x_wconf 89' lang='lat' dir='ltr'><strong>generose,</strong></span> <span class='ocrx_word' id='word_1_385' title='bbox 1131 4180 1577 4272; x_wconf 88' lang='lat' dir='ltr'><strong>potentiorem</strong></span> <span class='ocrx_word' id='word_1_386' title='bbox 1611 4201 1760 4251; x_wconf 89' lang='lat' dir='ltr'><strong>esse</strong></span> <span class='ocrx_word' id='word_1_387' title='bbox 1797 4178 1913 4249; x_wconf 89' lang='lat' dir='ltr'><strong>Dei</strong></span> <span class='ocrx_word' id='word_1_388' title='bbox 1944 4177 2514 4258; x_wconf 89' lang='lat' dir='ltr'><strong>misericordiam,</strong></span> <span class='ocrx_word' id='word_1_389' title='bbox 2553 4196 2745 4278; x_wconf 82' lang='lat' dir='ltr'><strong>com-</strong></span> 
     </span>
     <span class='ocr_line' id='line_1_45' title="bbox 202 4265 2745 4357; baseline -0.001 -23"><span class='ocrx_word' id='word_1_390' title='bbox 202 4265 469 4353; x_wconf 81' lang='lat' dir='ltr'><strong>peditos</strong></span> <span class='ocrx_word' id='word_1_391' title='bbox 517 4266 919 4351; x_wconf 80' lang='lat' dir='ltr'><strong>solventem,</strong></span> <span class='ocrx_word' id='word_1_392' title='bbox 969 4288 1182 4357; x_wconf 86' lang='lat' dir='ltr'><strong>quam</strong></span> <span class='ocrx_word' id='word_1_393' title='bbox 1222 4280 1410 4340; x_wconf 87' lang='lat' dir='ltr'><strong>tuam</strong></span> <span class='ocrx_word' id='word_1_394' title='bbox 1448 4269 1899 4350; x_wconf 85' lang='lat' dir='ltr'><strong>severitatem,</strong></span> <span class='ocrx_word' id='word_1_395' title='bbox 1936 4267 2064 4338; x_wconf 91' lang='lat' dir='ltr'><strong>hos</strong></span> <span class='ocrx_word' id='word_1_396' title='bbox 2095 4268 2163 4337; x_wconf 93' lang='lat' dir='ltr'><strong>in</strong></span> <span class='ocrx_word' id='word_1_397' title='bbox 2198 4265 2477 4337; x_wconf 87' lang='lat' dir='ltr'><strong>vinculo</strong></span> <span class='ocrx_word' id='word_1_398' title='bbox 2516 4286 2745 4355; x_wconf 83' lang='lat' dir='ltr'><strong>conJe-</strong></span> 
     </span>
     <span class='ocr_line' id='line_1_46' title="bbox 196 4355 2735 4447; baseline 0 -24"><span class='ocrx_word' id='word_1_399' title='bbox 196 4365 343 4425; x_wconf 88' lang='lat' dir='ltr'><strong>ctos</strong></span> <span class='ocrx_word' id='word_1_400' title='bbox 391 4355 674 4447; x_wconf 90' lang='lat' dir='ltr'><strong>perdere</strong></span> <span class='ocrx_word' id='word_1_401' title='bbox 723 4357 1081 4428; x_wconf 90' lang='lat' dir='ltr'><strong>volentem.</strong></span> <span class='ocrx_word' id='word_1_402' title='bbox 1126 4358 1378 4428; x_wconf 91' lang='lat' dir='ltr'><strong>Deinde</strong></span> <span class='ocrx_word' id='word_1_403' title='bbox 1408 4358 1832 4431; x_wconf 87' lang='lat' dir='ltr'><strong>salutaribus</strong></span> <span class='ocrx_word' id='word_1_404' title='bbox 1870 4379 1987 4429; x_wconf 92' lang='lat' dir='ltr'><strong>eos</strong></span> <span class='ocrx_word' id='word_1_405' title='bbox 2019 4357 2299 4430; x_wconf 87' lang='lat' dir='ltr'><strong>monitis</strong></span> <span class='ocrx_word' id='word_1_406' title='bbox 2337 4357 2735 4435; x_wconf 82' lang='lat' dir='ltr'><strong>instructoe,</strong></span> 
     </span>
    </p>
   </div>
  </div>
 </body>
</html>
