3308 5004
128 334 327 403 AUG.
381 336 466 403 29
751 352 820 401 ιι(
866 352 1061 402 irns'ro
1109 352 1446 402 naccum.
1499 353 1555 399 s.
1607 352 1836 401 ioasi«.
1891 326 2071 402 carr.
2470 338 2600 403 725

125 437 345 519 Elias,
408 449 475 508 et
520 436 902 508 ambulavit
948 458 1073 527 pro
1119 437 1355 509 anima
1401 458 1578 506 sua:
1630 449 1699 507 et
1745 437 1913 508 abiit
1968 439 2040 507 in
2100 436 2450 509 desertum
2501 440 2685 511 viam

126 525 601 617 quadraginta
648 525 969 599 dierum:
1021 539 1089 596 et
1136 526 1319 596 venit
1364 525 1495 596 sub
1542 526 1953 596 armathen:
2006 539 2074 597 et
2118 527 2314 618 petiit
2343 539 2421 598 ut
2453 530 2690 599 anima

129 638 264 687 sua
300 626 703 698 moreretur,
747 627 813 686 et
864 613 1081 684 dixit:
1133 614 1420 686 Domine
1467 619 1671 696 θεας,
1728 614 2028 686 sufficiat
2061 616 2234 686 mihi
2283 638 2518 686 nunc:
2573 639 2689 687 ac-

128 705 293 794 cipe
324 705 631 775 animam
675 725 925 785 meam,
969 706 1300 792 quoniam
1336 725 1472 775 non
1507 726 1661 775 sum
1701 704 1943 777 melior
1974 727 2186 793 quam
2241 716 2468 796 patres
2520 706 2683 776 mei.

127 794 262 864 Hei
312 792 513 874 mihi,
565 792 904 883 Propheta
952 793 1136 864 Elias
1183 793 1417 863 timuit
1471 792 1832 863 mulierem
1865 847 1887 875 ,
1955 793 2076 881 qui
2141 793 2448 895 pluviam
2500 795 2690 865 orbis

133 896 358 953 terrae
403 882 713 972 gestabat
761 881 831 950 in
882 880 1146 972 lingua.
1201 881 1333 965 Qui
1380 882 1610 971 ignem
1644 904 1682 951 e
1711 881 1900 952 coelo
1939 883 2211 969 dejecit,
2255 895 2319 952 et
2362 883 2688 972 precibus

132 971 494 1043 suscitavit
527 983 858 1051 mortuOS,
897 970 1128 1040 timuit
1169 970 1527 1040 mulierem
1556 973 1588 1038 ‘i
1633 975 1820 1042 Certe
1871 971 2124 1042 timuit.
2176 971 2455 1042 Nullum
2499 972 2686 1041 enim

129 1060 382 1130 vitium
420 1058 771 1129 confertur
801 1080 960 1128 cum
1005 1058 1296 1129 muliere
1341 1057 1547 1128 mala.
1587 1060 1663 1128 Ei
1693 1072 1920 1130 autem
1961 1059 2147 1148 quod
2197 1060 2377 1141 dico,
2429 1059 2559 1130 fert
2592 1072 2689 1129 te-

129 1148 540 1220 stimonium
579 1148 951 1237 Sapientia,
986 1146 1227 1218 dicens
1259 1170 1274 1215 :
1326 1154 1473 1219 Non
1502 1159 1597 1218 est
1629 1160 1835 1239 caput
1865 1173 2070 1242 super
2097 1161 2301 1241 caput
2328 1150 2683 1240 serpentis:

127 1249 194 1308 et
223 1262 357 1307 non
387 1247 483 1307 est
514 1238 789 1307 malitia
815 1258 1020 1327 super
1046 1239 1388 1307 malitiam
1416 1239 1729 1307 mulieris
1758 1238 1814 1307 ⁴⁵.
2471 1318 2480 1330 .

222 1329 262 1413 ἓ
307 1330 399 1398 8.
453 1329 504 1395 Ο
555 1326 843 1406 malum,
899 1325 1158 1397 diaboli
1206 1348 1403 1397 arma
1448 1327 1877 1397 acutissima.
1933 1331 1999 1398 Is
2039 1349 2161 1418 per
2194 1325 2557 1399 mulierem
2599 1325 2688 1395 ab

131 1415 335 1486 initio
366 1414 706 1484 Adamum
755 1415 1088 1484 sauciavit
1126 1417 1195 1484 in
1244 1414 1585 1505 paradiso.
1639 1420 1763 1487 Per
1818 1416 2204 1496 mulierem,
2258 1414 2513 1496 David,
2566 1414 2690 1501 qui

132 1517 284 1574 erat
332 1503 767 1583 mitissimus,
805 1502 1112 1573 incitavit
1159 1504 1243 1573 ad
1278 1503 1436 1573 dolo
1464 1504 1922 1574 occidendum
1968 1509 2226 1575 Uriam.
2282 1510 2407 1577 Per
2441 1503 2688 1574 mulie-

130 1614 309 1672 rem,
363 1591 957 1681 sapientissimum
1009 1592 1442 1662 Salomonem
1479 1594 1868 1663 vulneravit
1904 1594 1992 1663 ad
2035 1593 2682 1683 transgressionem.

129 1687 261 1752 Per
298 1680 686 1761 mulierem,
727 1679 906 1750 filios
936 1681 1037 1751 Eli
1066 1680 1442 1753 sacerdotis
1475 1681 1673 1751 humi
1702 1683 2093 1772 prostravit.
2138 1687 2262 1755 Per
2292 1681 2682 1761 mulierem,

129 1771 387 1860 Josepli
435 1769 740 1839 vinctum
786 1767 1068 1839 inclusit
1115 1771 1186 1840 in
1236 1791 1532 1841 carcere.
1588 1775 1714 1842 Per
1759 1771 2147 1851 mulierem,
2186 1771 2398 1840 totius
2439 1768 2688 1839 mundi

128 1858 490 1929 lucernam
537 1862 875 1927 Joannem
926 1858 1200 1930 occidit.
1255 1858 1431 1942 Quid
1484 1872 1711 1929 autem
1764 1859 1920 1931 dico
1950 1860 2036 1929 de
2076 1858 2524 1929 hominibus?
2562 1862 2688 1927 Per

133 1946 525 2027 mulierem,
577 1945 868 2037 Angelos
895 1969 933 2015 e
965 1946 1154 2018 coelo
1188 1948 1459 2036 dejecit.
1504 1952 1630 2018 Per
1660 1948 2021 2020 mulierem
2055 1969 2298 2020 omnes
2328 1947 2680 2019 interficit.

134 2033 386 2105 Mulier
433 2034 806 2125 impudens
858 2035 1036 2105 nulli
1094 2038 1336 2128 parcit.
1388 2041 1532 2107 Non
1584 2037 1876 2107 honorat
1934 2037 2283 2108 Levitam:
2338 2058 2475 2106 non
2526 2034 2689 2105 colit

136 2123 621 2194 Sacerdotem:
676 2146 812 2194 non
855 2140 1201 2195 reveretur
1259 2125 1698 2216 Prophetam.
1750 2130 1801 2196 Ο
1852 2126 2157 2206 malum,
2208 2126 2454 2212 quovis
2506 2124 2688 2194 malo

134 2214 365 2303 peJuS,
409 2211 662 2282 mulier
709 2235 940 2302 prava.
995 2215 1276 2285 Etiamsi
1328 2215 1417 2285 sit
1466 2237 1752 2305 pauper,
1810 2215 2013 2304 plena
2068 2227 2170 2284 est
2218 2213 2681 2305 improbitate.

134 2301 330 2383 Quod
381 2301 442 2370 si
487 2301 734 2372 habeat
780 2323 967 2390 opeS‚
1020 2324 1220 2393 opem
1257 2302 1549 2372 ferentes
1597 2303 2044 2393 improbitati,
2084 2301 2339 2402 duplex
2392 2302 2680 2371 malum.

135 2394 302 2459 Fera
350 2402 474 2472 est,
518 2412 694 2477 quae
727 2412 862 2460 non
900 2402 1118 2480 potest
1165 2392 1421 2460 curari.
1459 2391 1610 2461 Scio
1642 2391 1921 2481 aspides
1969 2390 2328 2462 blanditiis
2359 2410 2687 2459 mansue-

134 2478 315 2560 fieri,
367 2491 433 2548 et
484 2478 737 2561 leoneS,
781 2492 848 2549 et
884 2479 1112 2570 tigres,
1166 2494 1233 2550 et
1281 2480 1534 2571 pardos
1579 2483 1850 2551 cicures
1897 2479 2045 2551 fieri
2077 2492 2142 2550 et
2174 2480 2393 2549 mites.
2444 2476 2688 2547 Mulier

133 2581 363 2639 autem
419 2569 600 2639 mala
651 2569 710 2640 si
755 2568 1096 2640 afficiatur
1141 2568 1583 2646 contumelia,
1638 2570 1938 2638 insanit:
1992 2567 2391 2639 adulatione
2450 2579 2681 2637 autem

131 2668 198 2726 et
232 2656 590 2727 blanditiis
643 2657 1017 2728 insolescit.
1073 2657 1140 2728 Si
1193 2659 1516 2729 maritum
1569 2657 1818 2728 habeat
1865 2658 2143 2727 divitem
2177 2711 2195 2738 ‚
2246 2679 2405 2728 eum
2458 2655 2686 2725 verbis

135 2744 582 2827 labefactanS,
636 2746 719 2815 ad
773 2746 1049 2817 caedem
1101 2746 1345 2816 fraude
1390 2746 1773 2816 faciendam
1824 2747 2088 2828 incitat,
2126 2746 2304 2815 sicut
2353 2745 2688 2816 Herodias

136 2834 516 2903 Herodem:
576 2846 642 2903 et
688 2835 746 2905 si
797 2835 1120 2907 maritum
1191 2836 1436 2906 habeat
1494 2857 1867 2925 pauperem
1904 2891 1920 2918 ,
1974 2834 2062 2905 ad
2111 2835 2251 2905 iras
2298 2847 2363 2904 et
2412 2855 2717 2926 pugnas·

135 2943 296 2991 eum
354 2923 624 2993 excitat.
680 2929 757 2993 Et
804 2925 861 2994 si
912 2925 1001 2994 sit
1050 2924 1279 3005 vidua,
1330 2946 1572 2994 omnes
1625 2947 1787 3012 prae
1833 2947 1906 2994 se
1968 2923 2174 2994 habet
2220 2921 2675 3012 contemptui.

140 3009 412 3080 Domini
473 3011 657 3079 enim
720 3023 906 3083 metu
969 3013 1062 3082 lin
1122 3035 1209 3082 ua
1271 3034 1404 3081 non
1457 3011 1791 3082 frenatur.
1844 3018 1987 3098 Non
2038 3013 2125 3082 ad
2197 3011 2510 3082 futurum
2563 3010 2685 3079 ad-

136 3099 344 3199 spicit
384 3098 732 3198 judicium
767 3125 781 3169 :
837 3123 973 3170 non
1009 3124 1049 3170 a
1140 3106 1353 3171 Deum
1389 3101 1737 3171 intuetur:
1794 3124 1927 3171 non
1970 3101 2157 3171 novit
2187 3122 2459 3169 servare
2501 3099 2683 3190 leges

136 3201 511 3257 amicitiae.

225 3277 262 3362 ξ
294 3281 380 3348 4.
420 3276 633 3347 Malae
665 3277 937 3347 mulieri
973 3276 1147 3346 nihil
1175 3289 1299 3357 est,
1339 3277 1666 3347 maritum
1701 3300 1906 3348 suum
1946 3276 2210 3348 tradere
2243 3277 2330 3347 ad
2364 3289 2680 3345 mortem.

131 3370 410 3434 Justum
462 3365 740 3451 quidem
791 3379 971 3434 certe
1017 3366 1143 3436 Job
1189 3367 1341 3456 ejus
1389 3389 1561 3437 uxor
1596 3366 1878 3436 tradidit
1907 3367 1991 3436 ad
2031 3378 2317 3437 mortem
2354 3364 2685 3454 blasphe-

135 3453 300 3534 mia,
339 3453 615 3523 dicens:
671 3454 789 3522 Dic
828 3454 1110 3542 aliquod
1153 3455 1435 3525 verbum
1473 3456 1806 3527 adversus
1840 3456 2232 3537 Dominum,
2270 3467 2335 3524 et
2386 3457 2705 3524 morerer

139 3545 192 3612 Ο
227 3542 613 3633 improbam
662 3555 1008 3613 naturam.
1069 3548 1120 3614 Ο
1160 3544 1446 3633 impiam
1500 3543 1949 3615 voluntatem.
2003 3550 2144 3615 Non
2197 3545 2480 3614 miserta
2527 3555 2678 3624 est,

138 3629 379 3701 videns
427 3631 536 3702 sui
588 3632 816 3701 mariti
852 3633 1111 3703 viscera
1149 3656 1187 3702 a
1240 3632 1661 3704 serventibus
1703 3633 2028 3723 pustulis,
2066 3647 2419 3720 tamquam
2462 3655 2504 3702 a
2534 3654 2687 3702 car-

137 3719 438 3790 bonibus
468 3719 805 3791 scintillas
837 3722 1333 3803 emittentibuS,
1386 3723 1715 3803 ustulata,
1753 3735 1817 3792 et
1856 3735 2026 3791 totas
2058 3744 2300 3791 carnes
2331 3742 2689 3811 possessas

141 3829 183 3878 a
237 3809 607 3878 vermibus.
686 3814 829 3880 Non
889 3809 1134 3881 inflexa
1206 3823 1309 3882 est
1372 3810 1457 3880 ad
1523 3810 2067 3881 misericordiam
2106 3865 2122 3888 ,
2205 3810 2445 3880 videns
2522 3830 2686 3878 eum

139 3899 423 3995 omnino
468 3898 897 3989 circumagi,
962 3913 1029 3969 et
1069 3898 1417 3980 laborare,
1483 3901 1762 3991 patique
1807 3899 2286 3970 difficultatem
2347 3898 2575 3969 crebri
2622 3910 2690 3968 et

141 3988 571 4075 interruptis
624 3986 848 4058 iritus.
903 3992 1050 4058 Non
1100 4003 1285 4059 mota
1338 4000 1441 4058 est
1498 3988 1961 4069 miseratione,
2016 3988 2259 4058 videns
2298 4010 2456 4058 eum
2496 4042 2511 4067 ,
2565 3987 2689 4074 qui

143 4070 231 4139 ali
283 4075 510 4144 uando
587 4088 782 4145 uerat
831 4075 898 4145 in
935 4077 1130 4167 regia
1160 4099 1495 4168 purpura,
1551 4090 1717 4148 tunc
1737 4078 2080 4168 jacentem
2133 4077 2203 4146 in
2254 4075 2687 4164 sterquilinio

144 4180 239 4231 nu
287 4184 326 4230 o
372 4184 681 4253 corpore.
734 4171 879 4236 Non
923 4165 1240 4236 meminit
1279 4167 1523 4236 veteris
1553 4189 1713 4237 cum
1746 4189 1826 4236 eo
1864 4164 2423 4246 consuetudinis,
2464 4186 2690 4252 neque

143 4269 344 4335 quam
398 4251 615 4322 multa
654 4266 719 4323 et
758 4253 1056 4345 gloriosa
1099 4277 1219 4346 per
1265 4277 1424 4324 eum
1484 4254 1708 4324 fuerat
1763 4266 2132 4324 consecuta
2162 4309 2178 4336 ‚
2234 4266 2300 4324 et
2344 4265 2686 4340 quantum

139 4351 410 4429 propter
442 4341 668 4431 ipsum
705 4343 1053 4414 floruerat.
1109 4343 1236 4413 Sed
1273 4343 1386 4414 dic
1418 4342 1700 4430 aliquod
1745 4343 2028 4414 verbum
2069 4341 2401 4414 adversus
2431 4347 2674 4422 Deum,

201 4464 227 4492 ⁴
254 4463 370 4507 Vide
387 4469 411 4508 8
431 4468 542 4518 Reg.
563 4478 676 4516 xvii,
694 4471 744 4511 et
761 4471 890 4512 Eccli
907 4481 1020 4512 xxv.
