3308 5004
196 316 339 388 AUG.
378 317 409 383 t
1123 336 1202 390 nn
1251 336 1309 388 s.
1362 334 1668 392 romaico
2451 317 2578 386 ⁴33

194 424 294 491 Cur
322 440 441 489 mea
498 416 790 490 Domina
821 473 837 500 ,
891 418 1029 500 ait,
1084 418 1366 491 fratrem
1420 419 1621 492 illum
1673 431 1982 492 aversata
2028 419 2496 511 praeteriisti?
2540 424 2668 496 Ro-

188 506 406 598 spondit
446 508 777 578 Domina:
830 507 1027 591 Quod
1080 531 1214 580 non
1251 510 1368 593 ita,
1404 523 1483 580 ut
1514 509 1825 591 decebat,
1866 531 1939 580 se
1968 521 2252 600 gereret.
2292 509 2550 580 Deinde
2579 507 2668 584 ad

181 596 420 683 reliquos
451 595 700 755 (gr-,atres
746 618 1065 698 pergens,
1103 620 1263 670 cum
1298 621 1415 672 eos
1446 620 1725 689 quoque
1761 598 2283 689 conspersisset,
2325 612 2393 669 et
2437 619 2670 674 const-

250 699 417 767 asset,
503 709 562 755 is
616 697 818 755 aruit.

178 707 416 862 8318.
452 708 704 843 Viquei
725 787 953 844 autem
986 774 1069 845 ad
1098 774 1326 846 locum
1358 776 1582 858 rediit,
1610 776 1736 848 ubi
1761 776 1957 867 prius
1977 776 2397 848 constiterat:
2428 785 2495 845 et
2511 794 2671 846 ecce

181 875 399 952 repente
428 876 614 933 extra
656 885 729 932 se
761 863 1028 951 rapitur
1057 878 1215 935 ante
1247 869 1487 948 Deum,
1533 865 1852 953 videtque
1882 865 2228 936 sedentem
2270 862 2664 946 Dominum,

180 964 222 1021 et
254 974 285 1020 a
328 951 611 1022 dexteris
643 952 706 1021 ei
754 951 1174 1023 assidentem
1226 958 1505 1024 Matrem
1557 955 1735 1045 ejus,
1788 953 2103 1029 indutam
2159 953 2373 1043 pallio
2417 950 2670 1028 coloris

180 1040 532 1130 sapphirini.
587 1041 1170 1131 circumspiciens
1220 1065 1399 1124 vero,
1453 1043 1625 1113 vidit
1670 1064 1749 1114 ex
1798 1044 1989 1114 omni
2030 1042 2306 1112 natione
2338 1040 2669 1132 spiritua-

179 1127 305 1198 lium
337 1135 635 1211 Patrum,
689 1130 810 1217 qui
860 1132 1078 1201 sacris
1115 1131 1562 1204 instituendis
1595 1131 2053 1223 religionibus
2087 1131 2227 1201 sive
2265 1129 2671 1202 monasticis

180 1217 496 1300 iustitutiS,
566 1219 832 1289 Christo
880 1218 1063 1289 filios
1109 1233 1175 1290 et
1219 1220 1402 1291 filias
1452 1222 1798 1312 spiritales
1906 1230 2286 1301 enuerant,
2339 1239 2669 1309 magnam

177 1307 419 1406 copiam,
462 1309 531 1376 in
570 1323 945 1399 conspectu
982 1309 1250 1380 Domini
1286 1310 1725 1400 gloriantem.
1765 1244 1905 1382 Sedt
1940 1308 2211 1380 nullum
2248 1308 2345 1381 ibi
2381 1327 2668 1380 suorum

174 1392 421 1466 filiorum
464 1396 732 1477 videns,
782 1397 1044 1486 pudore
1092 1398 1405 1470 suffusus
1450 1412 1514 1469 et
1566 1399 1811 1472 intimo
1865 1398 2100 1469 dolore
2154 1409 2618 1497 compunctus
2647 1448 2665 1478 ,

172 1483 567 1555 acerbissime
628 1486 856 1554 flevit:
910 1500 1115 1574 atque
1170 1510 1208 1556 a
1250 1488 1630 1576 majestatis
1677 1488 1954 1558 divinae
1992 1486 2211 1578 gloria
2249 1497 2613 1558 exterritus
2646 1537 2664 1567 ,

165 1571 392 1642 eminus
438 1574 641 1645 stetit.
705 1596 836 1643 non
890 1597 1106 1645 ausus
1155 1577 1376 1650 vultui
1428 1578 1538 1650 Dei
1588 1589 1654 1647 et
1693 1577 2004 1667 Virginis
2055 1574 2499 1647 excellentiae
2545 1595 2669 1664 ap-

164 1680 255 1746 pro
301 1662 605 1749 inquare.
645 1663 882 1733 Innuit
914 1676 1145 1733 autem
1181 1665 1242 1733 ei
1278 1670 1486 1740 Mater
1523 1666 1822 1747 Domini,
1861 1679 1938 1735 ut
1977 1664 2062 1736 ad
2101 1665 2121 1733 i
2177 1686 2324 1735 sam
2365 1663 2665 1738 veniret:

160 1749 250 1816 ati
279 1749 333 1818 le
381 1764 684 1821 tremens
731 1765 796 1821 et
844 1774 1123 1843 pavens,
1181 1775 1317 1824 non
1366 1754 1668 1825 audebat
1714 1754 2060 1835 accedere,
2161 1775 2333 1824 onec
2378 1752 2588 1823 etiam
2626 1772 2670 1824 a

161 1838 404 1909 Domino
449 1854 631 1910 esset
679 1842 1078 1912 accersitus.
1131 1846 1301 1912 Tum
1352 1866 1509 1916 vero
1558 1844 1848 1916 accessit
1898 1842 2104 1915 corde
2151 1853 2663 1931 compunctus,

157 1923 402 1997 humilis
436 1930 713 2019 spiritu,
771 1943 951 2000 totus
1000 1931 1275 2004 infusus
1330 1933 1802 2006 acerbissimis
1858 1931 2210 2022 lacrymis,
2266 1944 2332 2001 et
2377 1928 2462 1998 ad
2515 1927 2668 2029 Filii

157 2025 325 2114 atque
368 2020 603 2088 Matris
651 2019 801 2109 ejus
852 2019 1059 2111 pedes
1099 2042 1258 2090 cum
1311 2043 1588 2092 summa
1634 2020 2027 2091 humilitate
2075 2042 2148 2090 se
2197 2018 2508 2110 projecit.
2561 2023 2670 2087 Di-

152 2115 348 2192 mque
418 2108 757 2178 Dominus
805 2109 1008 2179 Jesus
1071 2109 1159 2181 ad
1216 2130 1424 2180 eum:
1480 2116 1747 2200 Surge;
1816 2131 2116 2197 cumque
2178 2120 2387 2179 staret
2434 2126 2668 2180 coram

154 2194 403 2264 Domino
437 2251 453 2277 ‚
517 2197 614 2266 ait
661 2197 745 2267 ad
810 2197 1058 2266 illum:
1113 2197 1288 2282 Quid
1346 2200 1437 2269 ita
1488 2200 1736 2270 misere
1785 2198 2035 2289 luges?
2080 2196 2206 2267 Ille
2265 2194 2663 2286 respondit:

149 2282 305 2362 Quod
341 2305 574 2355 coram
628 2297 691 2354 te
737 2287 1052 2356 omnium
1097 2288 1635 2358 monasticorum
1689 2287 2026 2358 Ordinum
2076 2286 2395 2356 homines
2425 2283 2668 2356 adesse

148 2372 467 2467 conspicio
506 2398 519 2440 :
572 2374 659 2443 de
708 2375 881 2444 meis
920 2397 1077 2444 vero
1112 2398 1197 2445 ne
1236 2398 1454 2446 unum
1493 2375 1804 2463 quidem.
1839 2377 1942 2448 Ait
1972 2375 2282 2446 Christus
2331 2373 2416 2443 ad
2451 2395 2610 2443 eum
2644 2394 2661 2440 :

150 2459 235 2529 Vis
272 2461 494 2532 videre
526 2462 708 2534 filios
745 2465 954 2534 tuos?
1003 2465 1384 2555 Respondit
1423 2464 1579 2537 ille:
1635 2465 1712 2535 Id
1745 2463 1847 2536 vel
1883 2464 2181 2535 maxime
2213 2462 2440 2533 velim.
2477 2466 2667 2537 Tunc

148 2546 423 2619 Christus
474 2575 760 2621 manum
814 2576 1010 2625 suam
1066 2576 1331 2643 ponens
1379 2577 1591 2645 super
1639 2555 2011 2624 humerum
2064 2552 2321 2634 Matris,
2373 2550 2546 2621 dixit
2578 2549 2666 2621 ad

143 2653 310 2706 eum:
363 2641 771 2711 Institutum
832 2643 972 2713 sive
1021 2643 1348 2713 Ordinem
1404 2655 1597 2713 tuum
1648 2664 1778 2734 ego
1832 2643 2153 2714 commisi
2201 2640 2396 2711 Matri
2448 2661 2661 2711 meae.

144 2724 242 2794 Sed
289 2728 408 2798 illo
457 2730 760 2799 instante
808 2743 872 2800 et
918 2732 1240 2822 cupiente
1281 2731 1508 2802 videre
1549 2730 1731 2802 filios
1782 2731 2079 2801 lnstituti
2117 2730 2256 2812 sui,
2296 2750 2539 2800 rursus
2572 2727 2670 2798 ait

144 2813 484 2887 Dominus:
546 2824 644 2887 Ita
688 2817 890 2908 plane
923 2842 1039 2889 eos
1076 2820 1303 2892 videre
1339 2822 1489 2890 vis'?
1526 2819 2007 2912 Respondente
2040 2841 2143 2901 e0,
2197 2841 2269 2890 se
2313 2817 2386 2888 id
2440 2816 2667 2895 modis

142 2906 431 2976 omnibus
472 2930 752 2995 cupere,
796 2914 1004 2977 Mater
1037 2910 1303 2979 Domini
1340 2910 1658 2999 pallium,
1692 2931 1832 2997 quo
1861 2909 2106 2983 induta
2133 2920 2303 2989 erat,
2337 2905 2668 2998 expandit

143 3010 331 3063 coram
370 2994 926 3085 lacrymabundo
966 2998 1340 3078 Dominico,
1386 2999 1564 3086 quod
1607 3010 1832 3071 tantae
1869 3011 2016 3071 erat
2047 2996 2558 3088 amplitudinis,
2589 3006 2670 3065 ut

142 3090 310 3150 totam
344 3084 713 3154 coelestem
749 3087 1131 3157 Jerusalem
1166 3087 1468 3161 suaviter
1513 3087 1992 3179 circumplecti
2043 3087 2410 3157 videretur.
2446 3089 2662 3172 Atque

146 3167 248 3238 sub
275 3171 399 3241 hoc
442 3176 837 3244 securitatis
874 3188 1266 3265 tegumento
1298 3189 1363 3246 et
1412 3177 1687 3267 pietatis
1719 3178 1878 3248 sinu
1914 3177 2084 3249 vidit
2113 3175 2229 3249 ille
2260 3174 2665 3249 coelestium

143 3274 519 3353 arcanorum
548 3264 1070 3354 contemplator,
1097 3265 1388 3337 fratrum
1417 3266 1698 3340 Ordinis
1728 3266 1836 3337 sui
1874 3267 2315 3336 innumeram
2355 3263 2666 3337 multitu*

145 3340 361 3429 dinem,
401 3351 785 3440 singularis
811 3354 1176 3442 cujusdam
1209 3356 1653 3446 protectionis
1687 3356 1856 3427 cura
1884 3368 1950 3425 et
1993 3352 2366 3445 peculiaris
2404 3351 2666 3425 amoris

143 3427 409 3508 brachiis
457 3441 1030 3531 circumplexam.
1087 3448 1324 3532 ltaque
1373 3444 1605 3515 luctus
1667 3455 1973 3519 mutatur
2019 3444 2090 3512 in
2126 3440 2507 3533 gaudium,
2563 3439 2667 3510 la·-

147 3538 328 3593 menta
364 3528 627 3599 abeunt
668 3529 734 3597 in
760 3530 1066 3620 jubilum
1103 3555 1116 3600 :
1170 3546 1236 3603 et
1272 3533 1386 3604 ille
1426 3533 1683 3622 spiritu
1728 3533 2068 3614 exultans,
2112 3541 2494 3621 prostratus
2523 3529 2667 3620 agit

146 3615 353 3694 gratias
392 3618 508 3686 Dei
562 3617 732 3688 Filio
778 3630 843 3688 et
887 3620 1040 3710 ejus
1076 3622 1269 3695 Matri
1311 3622 1679 3712 singulari.
1719 3627 1863 3692 Mox
1895 3621 1982 3691 ad
2024 3643 2096 3692 se
2137 3618 2335 3700 redit,
2370 3630 2436 3688 et
2464 3618 2667 3708 signo

148 3697 201 3794 ³31
237 3718 606 3775 nocturnas
661 3730 896 3797 preces
950 3708 1192 3780 fratres
1240 3710 1597 3793 excitante,
1652 3732 1895 3785 omnes
1942 3720 2263 3800 surgunt.
2312 3707 2459 3778 Illis
2509 3727 2668 3797 pre-

148 3786 296 3861 ethus
326 3793 696 3876 absolutiS,
735 3796 817 3865 ad
856 3796 1141 3868 domum
1196 3799 1657 3889 capitularem
1711 3800 1811 3869 vir
1846 3799 1960 3871 Dei
2007 3798 2270 3875 fratres,
2304 3805 2659 3873 convocat,

152 3877 357 3956 prolixe
390 3883 479 3951 ad
519 3906 637 3954 eos
669 3886 1144 3967 concionatur,
1184 3888 1508 3958 admonet
1554 3901 1633 3963 ut
1680 3901 1914 3958 ament
1944 3893 2224 3963 Matrem
2264 3886 2405 3967 Dei,
2457 3884 2666 3973 cujus

152 3978 252 4035 erat
293 3972 618 4042 mirificis
649 3974 1244 4049 consolationibus
1278 3978 1553 4077 egregie
1594 3989 1965 4049 recreatus.

209 4055 236 4139 ἓ
275 4062 439 4133 20.
506 4062 777 4132 Solebat
810 4065 1054 4134 beatus
1087 4066 1489 4136 Dominicus
1529 4066 1807 4136 visitare
1843 4064 2156 4145 afflictos,
2211 4063 2455 4151 inopes
2500 4081 2666 4130 con-

160 4138 329 4216 solari.
383 4155 549 4219 Erat
599 4166 825 4221 autem
882 4159 1137 4223 Romae
1197 4154 1267 4222 in
1328 4155 1501 4225 turri
1559 4155 1754 4242 juxta
1804 4167 2068 4244 portam
2133 4157 2661 4251 Lateranensem

161 4236 434 4335 quaedam
493 4239 802 4311 solitaria
877 4240 1221 4323 foemina,
1266 4247 1451 4316 Bona
1501 4244 1822 4320 nomine.
1891 4263 2143 4332 magna
2219 4239 2551 4330 religione
2598 4250 2667 4309 et

163 4329 486 4397 Stnctttate.
542 4334 701 4399 Eam
775 4331 1064 4403 morbus
1126 4332 1584 4422 gravissimus
1632 4331 2045 4410 infestabat,
2117 4330 2210 4400 ita
2258 4341 2337 4399 ut
2407 4350 2488 4398 ex
2543 4349 2663 4420 pe-

162 4412 281 4479 etam
323 4430 389 4484 et
440 4417 779 4489 uberibus
840 4419 989 4507 ejus
1028 4434 1369 4492 scaterent
1413 4444 1682 4495 vermes
1731 4418 2105 4497 innumeri.
2170 4419 2301 4489 Sed
2353 4417 2475 4489 illa
2525 4430 2662 4487 tam
