3308 5004
147 337 334 405 Aue.
389 340 473 404 25
1996 291 2004 304 ’
2475 340 2603 405 625

1264 497 1337 574 V
1366 497 1401 574 I
1430 497 1492 574 T
1520 495 1591 573 A

567 721 646 822 S.
718 718 1188 823 LUDOVlCl
1266 718 1572 823 REGIS
1638 716 2273 823 FRANCORUM

152 978 494 1040 Excnnru,
565 980 645 1028 UT
711 944 969 1037 OPfflOR,
1034 980 1114 1027 Ex
1160 979 1303 1027 ludi
1370 979 1545 1037 Qum(
1592 978 1992 1029 consempsrr
2049 980 2149 1027 ΒΚ.
2216 979 2571 1028 muninus
2619 981 2696 1028 1>ss

242 1087 430 1136 BELLO
478 1084 656 1144 Loco,
712 1085 965 1134 onmms
1014 1070 1558 1135 PRARmCA‘ronUI‘
1596 1086 1674 1134 m·
1721 1086 1926 1160 IRSHJS
1971 1083 2158 1134 REGIS
2205 1085 2690 1135 conrzssmms.

240 1194 579 1242 mmmmm
624 1187 931 1241 NONNmn.
977 1190 1400 1242 Exrouvnms
1447 1192 1516 1241 m
1565 1192 1845 1240 Gnarum
1891 1191 2207 1241 Lucronls.

1104 1386 1306 1459 Migr.
1349 1404 1528 1449 anno
1555 1390 1737 1450 1270.

244 1593 282 1692 ξ
326 1598 404 1664 ί.
446 1595 697 1660 Beatus
743 1587 1155 1669 Ludovicus,
1199 1592 1620 1660 Francorum
1652 1591 2024 1681 piissimus
2050 1595 2212 1671 Rex,
2263 1604 2524 1681 patrem
2581 1593 2699 1662 ha-

144 1683 321 1754 buit.
343 1678 764 1749 Ludovicum
800 1676 1468 1748 christianissimum
1517 1684 1769 1780 Regem
1801 1679 1925 1767 qui
1971 1680 2043 1747 in
2078 1678 2418 1770 Albigesio
2464 1692 2529 1750 et
2577 1687 2701 1750 Co-

151 1769 405 1840 mitatu
436 1766 772 1838 Tolosano
828 1765 1206 1839 haereticos
1251 1787 1444 1857 oppu
1493 1779 1702 1838 navit.
1757 1773 1834 1838 ln
1910 1767 2139 1838 reditu
2166 1783 2420 1849 autem,
2466 1769 2701 1840 lethali

154 1868 516 1947 correptus
564 1855 847 1936 morbo,
903 1854 1016 1923 die
1063 1855 1331 1925 decimo
1378 1877 1419 1925 a
1533 1861 1827 1928 Montem
1875 1855 2271 1927 Penserium
2333 1858 2621 1929 excessit
2663 1880 2703 1928 e

152 1947 329 2016 vivis
368 1965 605 2015 mense
644 1943 940 2024 Octobri,
993 1965 1179 2014 anno
1223 1944 1313 2014 ab
1344 1945 1510 2015 orbe
1565 1947 1793 2016 redem
1850 1958 1918 2016 to
1966 1945 2335 2016 millesimo
2374 1945 2702 2018 ducente-

158 2035 336 2106 simo
367 2033 1012 2122 vicesimoseptimo,
1051 2032 1153 2101 vir
1182 2033 1424 2120 utique
1458 2034 1630 2104 bene
1677 2039 1793 2104 Cat
1846 2033 2068 2104 olicus
2098 2046 2164 2104 et
2194 2046 2497 2107 sanctus.
2542 2041 2703 2105 Cor-

159 2145 295 2215 pus
341 2123 491 2213 ejus
527 2121 841 2192 exanime
887 2121 970 2190 ad
1014 2118 1193 2222 beati
1233 2122 1543 2212 Dionysii
1590 2123 1960 2193 Ecclesiam
2003 2136 2467 2214 apportatum,
2504 2125 2704 2214 juxta

162 2224 423 2304 patrem
484 2209 861 2281 honorifice
922 2209 1278 2280 conditum
1326 2223 1453 2280 est.
1506 2216 1584 2281 In
1635 2213 1787 2302 ejus
1843 2210 2069 2281 locum
2115 2213 2449 2282 successit
2514 2213 2703 2283 filius

159 2300 662 2401 primogenitus
708 2297 1118 2380 LudovicuS,
1159 2297 1439 2383 Rhemis
1486 2300 1575 2370 ab
1612 2297 1949 2391 Episcopo
1983 2300 2482 2379 Suessionensi‚
2518 2301 2698 2388 quod

160 2389 459 2460 Ecclesia
489 2386 897 2458 Rhemensis
933 2399 1077 2457 tum
1115 2400 1387 2476 pastore
1433 2389 1672 2459 orbata
1719 2400 1919 2466 esset,
1977 2387 2167 2478 regia
2220 2393 2473 2458 corona
2533 2391 2705 2458 insi-

158 2478 394 2571 gnitus
441 2490 508 2549 et
535 2486 1001 2557 consecratus,
1054 2497 1274 2547 annos
1322 2488 1528 2549 natus
1575 2476 1968 2558 duodecim,
2028 2489 2151 2547 aut
2198 2477 2494 2548 circiter.
2541 2479 2706 2567 Ejus

159 2567 585 2638 coronationi
615 2563 1008 2654 complures
1054 2587 1093 2634 e
1190 2566 1532 2657 raecipuis
1579 2565 1955 2645 nobilibus,
1994 2565 2152 2635 licet
2180 2567 2400 2637 vocati
2445 2580 2698 2650 essent,

157 2657 488 2726 interesse
521 2654 895 2725 noluerunt
924 2677 938 2721 :
976 2676 1113 2742 quo
1200 2667 1477 2745 propter
1505 2654 1809 2725 dolorem
1843 2653 2150 2724 defuncti
2182 2656 2386 2746 Regis
2413 2666 2479 2725 et
2513 2657 2707 2748 regni

155 2744 469 2826 desolati,
507 2742 835 2833 lacrymis
865 2754 931 2812 et
979 2742 1196 2814 luctui
1233 2741 1377 2813 illic
1421 2744 1676 2833 potiuS,
1729 2766 1941 2831 quam
1994 2742 2294 2813 laetitiae
2340 2758 2406 2813 et
2447 2745 2708 2834 Jucun-

155 2833 382 2912 ditati,
420 2854 493 2904 se
538 2832 801 2901 darent.
2265 2910 2274 2917 θ

249 2924 287 3009 ξ
339 2925 427 2992 2.
486 2925 562 2990 At
610 2941 782 3011 puer
829 2933 1106 2991 sanctae
1153 2919 1434 3001 indolis,
1487 2921 1974 2991 strenuissimo
2006 2933 2195 3010 patre
2238 2921 2543 3000 orbatus,
2579 2922 2710 2993 sub

161 3009 378 3082 tutela
424 3020 492 3078 et
541 3007 1010 3080 moderatione
1073 3008 1316 3078 matris
1387 3007 1772 3089 Blancbae,
1827 3010 2033 3099 Regis
2099 3009 2424 3080 castellae
2476 3009 2660 3079 filiae
2690 3065 2706 3092 ,

158 3098 595 3190 permansit:
648 3119 827 3185 quae
874 3098 1075 3169 illum
1129 3096 1495 3168 tenerrime
1543 3097 1867 3189 diligenS,
1919 3120 1999 3169 ex
2038 3097 2329 3169 consilio
2358 3097 2713 3188 religioso-

160 3209 320 3258 rum
373 3186 767 3267 hominum,
824 3187 1221 3277 praesertim
1273 3186 1884 3258 Dominicanorum
1941 3199 2009 3256 et
2054 3187 2708 3270 Franciscanorum,

166 3275 514 3367 singulari
561 3274 839 3346 cuidam
891 3274 1224 3365 magistro
1271 3275 1556 3345 tradidit
1604 3276 1917 3347 moribus
1964 3297 2043 3345 ac
2093 3275 2309 3347 literis
2355 3276 2715 3347 instituen-

168 3364 368 3435 dum.
423 3363 549 3433 Ille
595 3384 753 3432 vero
801 3365 961 3453 pius
1011 3385 1204 3454 puer,
1257 3376 1325 3435 et
1370 3364 1554 3434 velut
1600 3364 1775 3434 alter
1821 3363 2167 3445 Salomon,
2212 3364 2613 3455 ingeniosus
2649 3377 2716 3435 et

164 3455 421 3524 bonam
472 3452 757 3522 sortitus
804 3451 1110 3521 animam
1141 3506 1162 3532 ,
1217 3474 1382 3542 prae
1431 3454 1580 3524 suis
1626 3454 2013 3523 coaetaneis
2079 3454 2252 3523 mire
2298 3452 2583 3544 profecit
2640 3455 2713 3523 in

161 3543 508 3643 utrisque.
546 3545 597 3610 Α
629 3541 878 3641 primis
909 3541 1095 3610 enim
1128 3542 1370 3612 aetatis
1403 3541 1644 3622 initiis,
1680 3541 1958 3612 deditus
1988 3539 2120 3612 fuit
2160 3542 2432 3632 pietatis
2458 3555 2524 3613 et
2555 3564 2715 3612 san-

164 3631 421 3702 ctitatis
471 3629 744 3709 studiis,
797 3627 1149 3718 ferturque
1182 3630 1392 3700 vitam
1430 3651 1709 3700 omnem
1759 3631 2023 3718 absque
2077 3630 2404 3701 mortiferi
2456 3632 2718 3722 peccati

168 3719 681 3811 perpetratione
739 3718 1068 3809 exegisse.
1130 3720 1297 3877 Elius
1361 3740 1520 3789 vero
1590 3718 1936 3790 sanctitati
2001 3719 2360 3809 gratulans
2419 3719 2724 3789 Blancha

169 3821 426 3879 mater:
480 3806 777 3887 Mallem,
834 3807 1083 3895 inquit,
1118 3809 1164 3877 fi
1201 3807 1219 3876 i
1253 3819 1316 3877 te
1349 3818 1703 3878 mortuum
1738 3828 2041 3887 cernere,
2086 3828 2293 3895 quam
2337 3811 2720 3877 Creatorem

168 3909 370 3966 tuum
414 3895 691 3966 mortali
738 3895 1030 3989 crimine
1076 3896 1564 3967 offendentem.
1621 3901 1808 3978 Quae
1835 3896 2041 3966 verba
2088 3896 2484 3984 usqueadeo
2532 3895 2722 3968 illius

168 3985 408 4056 animo
456 3985 761 4066 haesere,
812 3997 891 4055 ut
936 3983 1173 4054 divina
1219 3984 1449 4076 ipsum
1501 3984 1725 4075 gratia
1771 3997 2189 4076 protegente,
2229 4006 2613 4074 numquam
2647 3984 2723 4053 in

172 4094 249 4143 se
287 4073 627 4161 ejusmodi
676 4073 940 4144 crimen
992 4073 1375 4143 admiserit.
2115 4126 2122 4133 .

266 4168 305 4242 ἓ
352 4166 441 4235 8.
494 4167 747 4254 Agente
809 4174 1040 4233 autem
1093 4173 1313 4232 matre
1357 4174 1421 4232 et
1474 4162 1878 4253 proceribus
1937 4164 2183 4255 regni,
2249 4185 2433 4234 anno
2481 4163 2725 4235 salutis

169 4249 545 4321 millesimo
598 4250 1078 4323 ducentesimo
1126 4250 1724 4338 tricesimoquarto
1788 4249 1984 4322 duxit
2042 4273 2325 4323 uxorem
2388 4258 2726 4344 Margare-

169 4349 344 4419 tam,
395 4338 673 4411 Comitis
703 4340 1103 4411 Provinciae
1149 4338 1395 4421 filiam,
1426 4360 1605 4428 quae
1639 4340 1971 4410 Lutetiam
2023 4342 2205 4411 venit
2237 4341 2416 4412 intra
2452 4354 2726 4413 octavas
2793 4382 2802 4390 ·

165 4428 611 4517 Ascensionis
642 4428 913 4511 Christi,
946 4450 1106 4500 cum
1144 4429 1341 4519 prius
1371 4440 1565 4523 esset=
1586 4440 1906 4499 coronata
1940 4430 2123 4520 apud
2170 4435 2492 4503 Senones.
2531 4434 2724 4501 Anno

338 4548 580 4608 surius
610 4579 631 4590 -
671 4546 835 4607 Vitae
876 4545 982 4608 SS.
1015 4579 1038 4592 -
1060 4547 1189 4607 Vol.
1212 4546 1370 4609 v111.
2487 4551 2567 4607 40
