3308 5004
140 369 327 436 AUG.
379 369 467 435 27
821 387 901 433 ns
948 387 1005 435 s.
1057 385 1332 435 Josaruo
1362 386 1764 437 causamur.
1815 386 2000 436 conr.
2475 371 2604 438 669

139 472 344 544 sortis
370 527 387 556 ,
440 483 801 562 propterea
845 470 1031 560 quod
1078 470 1369 552 idonea,
1424 484 1490 542 et
1535 471 1879 563 singulari
1924 471 2297 564 disciplina
2352 488 2688 556 carerent,

139 561 330 632 velut
377 581 595 651 agnos
643 561 796 630 sine
843 573 1115 652 pastore
1161 561 1292 630 hac
1338 560 1498 630 illac
1545 560 1981 632 errabundos
2024 574 2091 632 et
2130 583 2338 654 vagos
2375 561 2576 634 facile
2606 564 2696 634 ad

134 651 301 721 vitia
347 649 731 730 deflectere,
789 671 910 741 pro
956 671 1037 720 eo
1083 671 1222 739 quo
1269 650 1608 742 flagrabat
1636 650 1904 721 alienae
1934 649 2181 721 salutis
2215 650 2473 733 studio,
2512 653 2697 724 hanc

133 739 294 821 sibi,
350 738 845 831 despicabilem
895 738 1067 811 forte
1113 739 1301 830 apud
1350 739 1695 822 homineS,
1747 739 1935 831 apud
1988 745 2202 811 Deum
2253 761 2410 810 vero
2438 740 2698 832 glorio·
2777 812 2781 816 .

138 850 288 900 sam
341 827 770 919 provinciam
818 828 1234 917 deposceuS‚
1287 828 1373 898 ad
1423 827 1741 910 eosdem,
1794 851 1835 899 a
1884 829 2136 899 teneris
2182 851 2406 917 usque
2451 832 2690 914 anniS,

140 916 359 988 literis
407 939 488 987 ac
538 917 789 1007 pietate
833 917 1314 988 informandos
1347 917 1664 987 animum
1699 917 1996 1010 appulit.
2033 923 2112 989 Et
2153 920 2380 1009 primo
2412 918 2697 1005 quidem

140 1028 367 1088 suam,
422 1018 630 1094 atque
676 1005 974 1077 aliorum
1023 1006 1113 1076 ab
1158 1028 1233 1076 se
1280 1007 1784 1077 conductorum
1836 1028 2116 1098 operam
2156 1029 2337 1079 usus
2363 1021 2467 1078 est
2497 1008 2581 1077 ad
2627 1007 2699 1078 id

140 1094 478 1177 muneriS,
533 1094 605 1164 in
653 1116 794 1183 quo
842 1095 1178 1166 nimirum
1226 1095 1529 1166 charitas
1575 1095 1827 1178 simul,
1881 1107 2087 1185 atque
2133 1096 2496 1167 humilitas
2542 1119 2702 1167 mu-

139 1195 332 1255 tuam
383 1184 520 1255 sibi
566 1206 606 1253 o
659 1206 849 1254 eram
898 1183 1181 1255 dabant.
1234 1187 1312 1254 At
1363 1205 1690 1276 processu
1740 1185 2068 1277 temporis
2114 1197 2457 1276 reputans.
2497 1186 2701 1276 pium

133 1273 327 1345 istud
376 1295 555 1365 opus
654 1273 930 1343 esuncto
970 1273 1105 1343 sibi
1143 1285 1494 1364 superstes
1531 1294 1684 1343 esse
1723 1294 1860 1344 non
1893 1295 2132 1365 posse;
2166 1296 2423 1345 novum
2466 1275 2536 1344 in
2572 1279 2699 1345 Ec-

134 1361 351 1434 clesia
402 1362 519 1432 Dei
569 1361 957 1462 regularem
998 1361 1323 1432 Ordinem
1359 1362 1790 1454 excogitavit,
1835 1363 2207 1454 sapienter,
2240 1376 2307 1435 et
2348 1385 2473 1454 per
2503 1385 2702 1435 sum-

134 1473 327 1534 mam
379 1450 781 1540 patientiam
834 1450 1178 1533 instituit,
1230 1450 1433 1541 cujus
1482 1450 1718 1522 labore
1775 1463 1982 1540 atque
2045 1451 2392 1524 industria
2424 1507 2440 1535 ,
2512 1451 2700 1539 quod

141 1549 378 1609 sancte
424 1539 574 1629 ipse
619 1552 685 1609 et
730 1539 992 1609 utiliter
1036 1540 1453 1621 inchoasset,
1507 1542 1581 1609 in
1620 1561 1826 1611 omne
1864 1541 2196 1633 deinceps
2235 1553 2511 1632 tempus
2551 1563 2702 1611 ma·
2811 1551 2816 1558 '

144 1641 358 1698 neret.
406 1631 583 1711 Quot
621 1641 846 1698 autem
888 1641 1325 1717 quantosque
1353 1628 1622 1700 labores
1654 1629 2070 1713 exhauserit,
2109 1642 2188 1700 ut
2217 1630 2516 1720 cogitata
2549 1652 2704 1721 per·

128 1717 400 1800 ficeret,
452 1739 664 1806 quam
714 1718 1058 1788 constanti
1106 1718 1342 1788 animo
1387 1740 1633 1809 aspera
1680 1740 1994 1807 quaeque
2042 1719 2451 1797 toleraverit,
2487 1740 2700 1820 quam

142 1805 503 1897 praeclara
550 1805 849 1908 denique
898 1806 1231 1877 virtutum
1279 1807 1622 1890 omnium,
1676 1808 1950 1880 cunctis
1998 1807 2281 1910 quidem
2339 1806 2694 1898 fldehbns,

139 1895 261 1966 sed
315 1895 463 1966 suis
508 1896 949 1986 potiss1mum
1000 1895 1165 1966 filiis
1215 1908 1667 1968 monumenta
1706 1896 2083 1985 reliquerit,
2126 1896 2265 1967 dici
2303 1896 2415 1967 vix
2447 1908 2693 1987 potest.

144 1988 581 2074 Quapropter
623 2006 844 2073 quum
893 1984 1234 2055 bonorum
1284 2005 1324 2052 o
1377 2006 1574 2055 erum
1624 1997 1867 2056 auctor
1911 1987 2120 2068 idem,
2161 1997 2227 2057 et
2260 1985 2704 2078 largissimus

141 2084 620 2142 remunerator
653 2079 853 2154 Deus,
880 2075 1002 2161 qui
1026 2079 1307 2143 Beatum
1386 2096 1523 2144 unc
1549 2096 1824 2146 servum
1854 2098 2064 2147 suum
2099 2087 2197 2146 tot
2219 2088 2293 2161 ,et
2322 2087 2463 2145 tam
2498 2096 2703 2166 prae-

147 2160 356 2230 claris
398 2161 765 2232 virtutibus
795 2162 1162 2244 decoravit,
1189 2163 1463 2233 easdem
1502 2163 1824 2245 subinde,
1851 2164 2078 2246 editis,
2150 2185 2227 2233 er
2259 2164 2484 2254 ipsius
2517 2162 2703 2234 servi

145 2250 256 2317 sui
308 2250 832 2333 invocationem,
889 2250 1247 2321 miraculis
1294 2251 1652 2322 ostendere
1701 2266 1767 2322 et
1819 2252 2043 2341 palam
2123 2273 2318 2322 acere
2366 2251 2700 2341 dignatus

145 2336 351 2409 fuerit
401 2361 523 2410 nos
574 2340 831 2409 idcirco
879 2341 1212 2410 virtutum
1262 2351 1327 2409 et
1378 2339 1876 2411 miraculorum
1918 2341 2235 2410 examine
2274 2340 2509 2409 habito
2546 2360 2703 2430 per-

143 2449 351 2515 quam
404 2430 807 2521 diligenti...
861 2428 1194 2498 Eumdem
1246 2433 1319 2497 B.
1370 2429 1748 2519 Josephum
1802 2433 2210 2498 Sanctorum
2253 2448 2543 2498 numero
2576 2426 2704 2496 ad-

137 2518 541 2600 scribimus,
595 2530 800 2606 atque
845 2540 949 2600 eo,
1001 2518 1122 2605 qui
1170 2518 1584 2589 domesticos
1634 2518 1750 2588 Dei
1798 2517 2015 2600 decet,
2067 2519 2140 2587 in
2190 2515 2468 2587 coelesti
2502 2517 2703 2588 curia

141 2607 407 2677 honore
451 2620 518 2677 et
564 2608 760 2677 cultu
808 2606 1365 2697 prosequendum
1416 2629 1566 2678 esse
1613 2607 1989 2677 statuimus
2032 2619 2099 2676 et
2143 2605 2608 2676 declaramus,

229 2698 269 2783 §
316 2700 407 2767 8.
462 2701 709 2766 Beatus
757 2696 971 2787 igitur
1017 2696 1129 2766 hic
1179 2718 1419 2765 servus
1472 2696 1588 2765 Dei
1650 2694 1956 2765 Peraltae
2011 2695 2390 2784 Aragoniae
2443 2693 2706 2785 oppido

136 2806 284 2854 non
334 2784 711 2866 incelebri,
765 2807 951 2855 anno
1011 2808 1051 2855 a
1113 2797 1427 2874 reparata
1484 2782 1706 2854 salute
1765 2807 1956 2854 untvi
2026 2784 2429 2874 parentibus
2498 2795 2707 2855 natus

136 2884 245 2944 est
294 2874 580 2961 antiqua
628 2874 982 2945 nobilitate
1029 2872 1460 2945 clarissimis.
1511 2878 1668 2943 Jam
1719 2872 1884 2942 inde
1914 2896 1956 2943 a
1988 2873 2239 2944 teneris
2287 2872 2493 2944 annis
2541 2893 2706 2941 sua-

132 2962 348 3032 vitate
397 2983 694 3044 morum,
750 2963 1051 3043 lenitate,
1107 2962 1469 3052 patientiA,
1575 2961 1856 3031 recandi
1905 2961 2160 3043 studi0,
2215 2961 2410 3032 cultu
2458 2960 2706 3051 Deipa-

132 3072 255 3122 rae
298 3049 662 3141 singulari,
698 3052 928 3139 qualis
967 3052 1244 3122 futurus
1294 3061 1475 3120 esset
1564 3049 1702 3120 aud
1751 3050 2047 3121 obscure
2094 3049 2451 3128 indicavit.
2489 3054 2708 3121 Gran-

132 3139 468 3211 diuscula
515 3161 670 3211 mox
719 3153 936 3211 aetate
971 3161 1223 3231 pueros
1257 3139 1703 3211 munusculis
1731 3138 1818 3210 ad
1855 3160 2004 3210 sese
2042 3139 2382 3221 allicienS,
2418 3159 2708 3209 avocare

132 3252 173 3299 a
227 3228 461 3308 vitiis,
514 3228 600 3297 ad
651 3230 970 3300 virtutem
1023 3227 1414 3319 impellere,
1468 3228 1554 3298 ad
1607 3228 1725 3299 Dei
1773 3228 2043 3299 cultum
2093 3228 2356 3298 hortari
2413 3227 2702 3310 solebat,

129 3329 211 3388 ut
264 3316 555 3407 proinde
606 3319 834 3388 Sancti
884 3316 1069 3418 apud
1120 3338 1362 3387 omnes
1412 3338 1665 3388 nomen
1714 3329 1782 3388 et
1828 3316 2085 3386 famam
2135 3316 2453 3407 adeptuS,
2507 3315 2709 3387 insti·

133 3405 399 3478 tuendo
446 3405 533 3475 ab
583 3427 655 3475 se
702 3406 944 3477 Ordini
995 3405 1361 3496 proludere
1417 3405 1938 3510 quodammodo
2000 3405 2372 3476 videretur.
2439 3409 2706 3476 Huma-

130 3497 419 3566 niorum
470 3495 724 3564 artium
775 3495 1161 3565 doctrinam
1210 3495 1380 3566 satis
1433 3517 1582 3582 Jam
1639 3494 1958 3565 excultus
2018 3495 2108 3565 ad
2174 3495 2706 3585 praestantiores

119 3582 730 3688 jurisprudentiae
778 3606 857 3654 ac
906 3584 1287 3674 theologiae
1334 3582 1698 3655 facultates
1745 3584 2064 3654 animum
2115 3582 2434 3675 appulit,
2499 3595 2706 3670 atque

133 3697 203 3743 m
259 3674 351 3744 iis
400 3672 680 3761 quidem
734 3672 909 3742 nulli
956 3671 1346 3754 secundus;
1400 3673 1797 3744 innocentia
1851 3693 2047 3754 vero,
2101 3672 2546 3754 castimonia,
2600 3672 2705 3741 in-

133 3763 454 3855 tegritate
506 3781 776 3831 morum
827 3783 1044 3852 supra
1102 3774 1406 3832 caeteros
1456 3762 1832 3833 eminebat.
1908 3760 2100 3845 Quod
2173 3761 2361 3831 enim
2429 3771 2705 3851 tempus

134 3852 458 3942 plerique
504 3850 1018 3922 adolescentum
1071 3849 1258 3920 ludis
1306 3861 1511 3939 atque
1558 3851 1721 3932 oti0‚
1776 3849 2139 3942 religionis
2173 3850 2290 3920 ille
2319 3871 2400 3918 ac
2436 3849 2708 3939 pietatis

131 3941 389 4012 officiis
437 3939 897 4031 impertiebat.
938 3938 1349 4009 solitudinis
1388 3939 1747 4011 studiosus
1778 3939 2182 4011 continebat
2214 3960 2289 4010 se
2316 3937 2532 4019 domi,
2571 3936 2709 4007 nisi

133 4030 238 4100 vel
288 4029 378 4099 ad
434 4029 770 4120 templum
844 4029 1062 4120 pietas
1122 4029 1151 4118 (
1213 4027 1352 4099 uod
1418 4028 1747 4118 frequens
1808 4028 2040 4118 erat),
2099 4027 2204 4098 vel
2269 4025 2707 4097 necessitudo

136 4118 675 4212 studiorumque
700 4118 1100 4189 communio
1129 4140 1167 4187 a
1243 4117 1639 4206 aequalium
1660 4117 2079 4205 quandoque
2098 4115 2701 4197 consuetudinem,

136 4218 205 4279 et
252 4206 679 4295 colloquium
730 4217 1021 4278 vocaret.
1075 4211 1306 4294 Neque
1355 4228 1507 4277 vere
1554 4207 1626 4276 in
1664 4206 1785 4276 illo
1822 4216 1945 4277 aut
1978 4205 2354 4277 modestiae
2385 4203 2700 4287 comitaS,

139 4307 265 4365 aut
310 4295 621 4366 comitati
671 4295 1005 4367 modestia
1050 4295 1415 4366 officiebat.
1471 4295 1893 4387 Largissima
1939 4306 2084 4365 erat
2129 4294 2200 4364 in
2236 4314 2521 4385 edei-ga
2551 4293 2705 4364 ino-

144 4405 268 4475 pes
291 4395 499 4472 atque
529 4406 786 4477 egenos
818 4384 1318 4456 misericordia.
1354 4383 1568 4454 Ardor
1597 4383 1817 4454 animi
1850 4406 1888 4454 e
2052 4405 2163 4454 res
2194 4383 2467 4455 divinas
2499 4403 2701 4474 prae-

141 4473 386 4544 sertim
433 4495 596 4544 cum
644 4474 735 4545 ad
785 4498 983 4547 sacra
1032 4473 1383 4567 mysteria,
1438 4473 1542 4545 uti
1580 4472 1830 4546 crebro
1869 4495 1946 4547 so
1976 4472 2157 4558 ebat,
2191 4472 2567 4558 accederet,
2609 4473 2706 4544 ita
