3308 5004
184 353 361 421 AUG.
415 353 499 418 ⁴8
969 370 1049 418 mi
1096 370 1154 418 s.
1206 369 1455 420 antam
1500 367 1922 420 manumet:
2259 403 2265 410 .
2501 356 2633 422 405

178 458 385 547 (Psal.
425 455 606 546 434);
659 453 931 556 pietatis
979 475 1147 527 suae
1179 454 1629 536 monimenta,
1676 455 1935 543 quibus
1975 466 2128 547 post
2174 479 2248 527 se
2281 456 2564 541 relictis,
2603 479 2723 550 po-

180 546 375 617 steris
422 544 824 622 hominibus
870 544 1245 634 prodesset,
1297 544 1528 615 statim
1578 544 1918 616 fabricare
1963 546 2367 637 aggreditur
2400 546 2459 616 *.

264 637 301 723 ἓ
353 639 442 706 2.
493 639 662 705 Nam
700 638 857 715 Deo,
894 654 1102 722 quem
1135 633 1558 714 adoraverat,
1607 633 1747 705 duo
1778 633 2033 704 dicavit
2074 635 2367 726 templa:
2419 656 2720 723 quorum

180 723 466 795 alterum
509 722 898 794 aedificavit
930 723 998 792 in
1038 734 1289 804 monte,
1327 723 1448 795 ubi
1480 722 1929 794 ascenderat:
1981 722 2304 806 alterum,
2349 724 2436 795 ad
2470 725 2724 798 obscu-

182 834 326 883 rum
397 812 572 882 illud
641 823 918 882 antrum
984 811 1358 882 nativitatis
1413 811 1586 899 ejus.
1659 812 1921 882 Etenim
1983 812 2347 884 nobiscum
2415 818 2595 886 Deus
2641 814 2714 883 in

187 902 374 972 terris
424 901 614 972 nasci
692 899 887 971 locus
933 912 1161 970 autem
1212 900 1405 970 illius
1454 901 1852 983 nativitatiS,
1900 901 2178 992 proprio
2210 901 2492 973 nomine
2519 902 2713 992 apud

184 991 518 1062 Hebraeos
563 995 680 1060 Bet
710 990 906 1061 heem
956 988 1377 1081 appellatur)
1408 1009 1533 1082 pro
1564 990 1771 1061 nobis
1801 988 2172 1061 sustinuit:
2227 1012 2307 1061 ac
2358 1005 2717 1083 propterea

184 1079 583 1171 Imperatrix
632 1078 1094 1160 sanctissima,
1134 1078 1461 1168 Deiparae
1505 1092 1777 1168 partum
1811 1079 2087 1150 eximiis
2123 1080 2573 1151 monimentis
2595 1099 2719 1151 cx-

182 1190 444 1249 ornare,
473 1180 541 1239 et
578 1189 852 1242 sacrum
886 1167 1057 1238 illud
1093 1180 1371 1237 antrum
1404 1168 1612 1239 variis
1642 1168 1988 1257 cujusque
2017 1168 2289 1259 generis
2321 1168 2720 1327 insignibus

184 1258 523 1329 illustrare
583 1256 872 1327 studuit.
926 1262 1307 1346 Imperator
1364 1270 1592 1327 autem
1646 1255 1855 1348 paulo
1913 1269 2064 1346 post
2105 1256 2431 1328 eumdem
2508 1279 2713 1328 ocum

184 1346 603 1418 ornamentis
642 1345 995 1437 regalibus
1026 1346 1387 1427 honorare,
1418 1358 1486 1417 et
1516 1345 1958 1416 monimentis
1984 1368 2068 1416 ex
2103 1368 2276 1417 auro
2307 1359 2375 1416 et
2397 1358 2713 1438 argento,

182 1436 523 1524 variisque
580 1434 844 1506 aulaeis
903 1435 1143 1505 matris
1205 1456 1370 1504 suae
1420 1434 2004 1525 magnificentiam
2062 1434 2406 1526 adaugere
2466 1435 2714 1526 coepit.

182 1529 445 1597 Rursus
481 1523 633 1614 ejus
667 1536 908 1605 mater,
946 1545 1084 1611 quo
1123 1524 1435 1594 omnium
1477 1524 1691 1594 nostri
1722 1523 2097 1594 servatoris
2131 1524 2200 1592 in
2231 1523 2460 1594 coelos
2486 1546 2724 1595 ascen·

180 1614 390 1685 sionis
422 1613 828 1684 memoriam
862 1611 1259 1694 celebraret,
1310 1612 1578 1685 excelsa
1617 1612 1957 1700 quaedam
2006 1611 2324 1684 aedificia
2371 1613 2439 1683 in
2494 1625 2725 1683 monte

180 1702 528 1774 olivarum
585 1714 897 1773 extruere
946 1714 1163 1792 parat.
1216 1707 1303 1771 Ac
1365 1701 1666 1793 primum
1733 1702 1804 1771 in
1866 1702 2401 1772 summotonus
2465 1702 2720 1772 montis

180 1792 421 1862 vertice
486 1792 962 1864 sanctuarium
1026 1790 1354 1862 ecclesiae
1421 1791 1533 1861 Dei
1596 1791 1851 1860 erexit:
1906 1790 2380 1880 templumque
2426 1790 2720 1862 inferius

178 1881 377 1952 etiam
428 1879 902 1951 exaedificavit
948 1880 1017 1949 in
1067 1879 1303 1970 eoipso
1351 1892 1570 1958 antro,
1624 1879 1695 1948 in
1743 1900 1922 1967 quo,
1990 1891 2064 1948 ut
2118 1901 2278 1949 vera
2336 1893 2401 1950 et
2454 1892 2725 1950 sacrata

186 1971 288 2040 Dei
339 1981 683 2039 testantur
725 1967 1024 2056 eloquia,
1065 1968 1395 2058 discipuli
1426 1980 1492 2039 et
1521 1968 1822 2058 Apostoli
1868 1990 1909 2037 a
1959 1971 2307 2039 Servatore
2354 1969 2668 2039 omnium
2703 2023 2719 2049 ,

182 2059 450 2131 arcanis
480 2058 824 2146 mysteriis
854 2058 1102 2128 initiati
1144 2056 1445 2127 fuerunt.
1503 2062 1886 2147 Imperator
1913 2077 2191 2145 quoque
2221 2057 2478 2129 ibidem
2513 2057 2723 2128 variis

184 2146 630 2218 monimentis
684 2159 749 2217 et
801 2146 1198 2236 insignibus
1248 2167 1475 2237 regem
1530 2165 1861 2236 magnum
1913 2147 2126 2216 Deum
2185 2160 2546 2218 veneratus
2592 2158 2720 2216 est.

184 2239 310 2308 Ista
349 2237 571 2328 igitur
616 2234 755 2306 duo
805 2234 1104 2324 templa,
1163 2235 1496 2304 memoria
1544 2248 1878 2325 perpetua
1921 2234 2372 2318 celebranda,
2425 2247 2729 2325 augusta

183 2338 244 2394 et
284 2325 564 2405 eximia,
618 2325 689 2394 in
738 2324 1016 2395 duobus
1063 2324 1381 2395 obscuris
1424 2324 1626 2411 quasi
1676 2323 1893 2394 antris
1939 2336 2006 2393 et
2061 2324 2414 2413 mysticis,
2468 2323 2729 2394 Helena

186 2418 272 2482 Au
322 2426 509 2495 usta,
562 2413 654 2504 pii
706 2413 1149 2506 Imperatoris
1198 2413 1310 2502 pia
1362 2424 1598 2492 mater,
1653 2433 1820 2483 suae
1871 2412 2024 2504 piae
2062 2412 2317 2482 mentis
2366 2423 2720 2499 tamquam

189 2438 434 2577 indgicia
466 2557 488 2585 ,
547 2508 679 2574 Deo
728 2502 1064 2573 Servatori
1111 2500 1471 2584 fundavit,
1527 2501 1672 2573 filio
1719 2524 1849 2573 suo
1911 2501 1973 2572 ei
2028 2522 2227 2591 opem
2369 2522 2403 2572 r
2463 2500 2722 2592 regiam

185 2613 373 2662 snam
438 2592 816 2682 potentiam
865 2604 930 2661 et
978 2592 1447 2662 auctoritatem
1549 2591 1915 2693 orrigente.
1978 2594 2218 2677 Itaque
2265 2589 2384 2660 ila
2418 2644 2435 2672 ‚
2506 2610 2728 2678 neque

186 2680 345 2753 adeo
396 2680 618 2751 multo
652 2693 824 2771 post,
882 2681 1188 2783 praemia
1236 2679 1449 2782 digna
1496 2613 1854 2751 laboribus
1901 2700 1972 2748 re
2070 2679 2290 2749 rtavit.
2346 2684 2515 2750 Nam
2562 2699 2723 2748 cum

178 2768 312 2859 jam
380 2770 591 2860 plane
654 2769 942 2861 grandis
1012 2781 1234 2849 esset,
1308 2786 1520 2857 inque
1592 2769 1906 2839 omniurn
2018 2789 2312 2839 onorum
2374 2767 2729 2839 affluentia

187 2880 380 2930 omne
413 2858 595 2929 vitae
629 2880 795 2930 suae
830 2871 1103 2951 tempus
1148 2857 1237 2928 ad
1267 2870 1640 2928 extremam
1692 2879 1914 2945 usque
1960 2868 2380 2928 senectutem
2414 2856 2722 2938 obiisset,

188 2959 246 3016 et
288 2960 434 3018 tum
484 2948 734 3030 verbis,
788 2961 932 3019 tum
987 2949 1197 3019 rebus
1231 2947 1404 3038 ipsis
1450 2967 1644 3017 veros
1692 2946 1965 3037 pietatis
1996 2945 2290 3028 fructuS,
2325 2968 2501 3033 quos
2535 2966 2731 3037 prae-

189 3050 374 3127 cepta
435 3037 812 3108 Servatoris
865 3037 1365 3126 praescribunt,
1422 3035 1822 3117 extulisset,
1874 3049 2079 3122 atque
2128 3036 2220 3105 ita
2273 3035 2476 3105 vitam
2528 3056 2729 3106 suam

191 3124 538 3197 florentem
574 3137 640 3196 et
673 3139 1016 3216 expertem
1053 3126 1396 3216 cujusque
1445 3124 1823 3207 molestiae,
1877 3123 2128 3195 valenti
2175 3124 2487 3226 corporis
2518 3122 2729 3195 simul

189 3225 247 3282 et
288 3215 569 3285 animae
624 3214 870 3285 virtute
919 3215 1409 3305 transegisset:
1465 3213 1794 3304 deinceps
1847 3213 2179 3284 eximium
2242 3213 2515 3304 pietatis
2564 3233 2732 3283 suae

188 3303 435 3373 exitum
469 3357 487 3385 ,
540 3315 605 3372 et
655 3302 1077 3394 praeclaram
1142 3316 1322 3373 recte
1378 3302 1712 3375 factorum
1758 3325 1804 3373 a
1856 3308 1984 3373 Deo
2046 3301 2675 3373 remunerationem
2709 3356 2725 3384 ,

190 3391 381 3461 etiam
424 3393 498 3461 in
538 3391 666 3462 hac
702 3393 836 3463 vita
868 3404 1232 3463 consecuta
1272 3404 1397 3462 est.

269 3483 305 3568 ξ
348 3486 444 3554 8.
500 3485 708 3552 Porro
757 3492 984 3551 autem
1036 3480 1203 3550 dum
1255 3480 1604 3571 regiarum
1646 3501 1858 3572 opum
1913 3480 2430 3571 magnificentia
2469 3478 2732 3549 instru-

193 3580 312 3647 cta,
362 3591 649 3665 omnem
697 3570 1039 3640 Orientem
1093 3572 1435 3661 peragrat,
1488 3591 1646 3638 cum
1700 3570 2028 3641 universo
2072 3568 2356 3671 popu10,
2417 3589 2734 3656 quasque

193 3658 487 3755 civitates
537 3657 887 3738 incolenti,
944 3658 1203 3728 simul:
1259 3672 1406 3729 tum
1456 3658 1777 3749 privatim
1827 3657 2127 3749 singulis
2185 3680 2424 3728 eorum
2474 3657 2596 3745 qui
2643 3654 2730 3725 ad

193 3765 401 3899 {ipsam
456 3746 900 3829 accedebant,
953 3746 1224 3817 infinita
1274 3768 1566 3817 munera
1614 3745 1719 3815 lar
1771 3747 1856 3816 ita
1892 3758 2015 3816 est.
2056 3747 2337 3818 Infinita
2383 3746 2589 3815 etiam
2623 3765 2734 3813 or-

239 3833 466 3907 inibus
507 3836 953 3918 militaribus,
1005 3836 1206 3924 quasi
1240 3836 1441 3926 plena
1480 3858 1690 3905 manu
1775 3834 2102 3905 istribuit.
2138 3840 2326 3918 Quae
2363 3855 2520 3903 vero
2554 3853 2732 3922 pau-

198 3923 491 4008 peribus,
552 3924 882 3996 omnibus
930 3925 1138 3995 rebus
1186 3925 1489 4006 nudatis,
1542 3923 1871 4011 omnique
1920 3946 2050 4012 ope
2095 3936 2161 3994 et
2213 3923 2474 3995 auxilio
2518 3920 2734 3991 desti-

195 4012 349 4082 tutis
379 4013 823 4105 dispertierit‚
860 4013 968 4083 vix
997 4013 1389 4083 enumerari
1425 4024 1719 4104 possunt
1752 4040 1760 4075 ·.
1797 4012 2057 4102 quippe
2088 4013 2157 4081 in
2187 4011 2360 4082 alios
2393 4009 2728 4102 grandem

241 4104 642 4173 ecuniarum
694 4103 830 4171 vim
882 4101 1216 4183 conferre,
1268 4102 1427 4172 aliis
1473 4101 1786 4192 corporis
1840 4101 1977 4169 inte
2029 4113 2310 4170 umenta
2409 4097 2620 4169 rolixe
2667 4110 2734 4168 et

203 4191 465 4285 ‘argiter
512 4191 996 4283 suppeditare,
1052 4189 1351 4260 vinculis
1397 4191 1664 4280 eripere
1711 4188 1908 4270 alios,
1965 4211 2001 4258 a
2039 4190 2139 4258 ios
2190 4194 2333 4258 tuin
2402 4186 2733 4258 aboribus

199 4296 262 4343 in
297 4279 584 4350 metallis
616 4279 1026 4351 effodiendis
1056 4278 1437 4361 afflictatos,
1479 4292 1621 4348 tum
1656 4277 1899 4348 fraude
1947 4289 2009 4347 et
2060 4276 2319 4368 injuria
2365 4298 2734 4369 oppressos

200 4361 500 4451 liberare,
539 4370 838 4459 denique
877 4371 964 4441 ab
1010 4369 1214 4440 exilio
1243 4368 1417 4440 alios
1463 4366 1534 4437 in
1572 4367 1861 4458 patriam
1916 4388 2232 4438 revocare
2280 4366 2564 4459 dignata
2600 4377 2727 4436 est.

249 4491 272 4515 ⁸
298 4492 359 4534 De
379 4495 421 4536 8.
444 4495 609 4538 crucis
628 4495 907 4539 Inventione
925 4508 1011 4549 pet·
1028 4498 1081 4541 B.
1098 4498 1326 4538 Helenam
1344 4496 1480 4542 facta.
1500 4491 1608 4535 vido
1633 4494 1733 4535 Vol.
1756 4504 1800 4541 v.
1816 4505 1863 4546 p.
1882 4494 1947 4537 67.
