3308 5004
207 329 403 399 ΑΗΕ.
443 327 544 396 '29
870 346 953 396 na
997 347 1056 396 s.
1105 346 1440 398 manno
1483 348 1627 397 aaa.
1682 346 2069 398 cunrat..
2544 333 2680 402 187

207 433 370 536 ejus
425 428 721 502 consilia
740 483 762 513 ,
821 443 891 502 et
946 432 1149 521 quasi
1211 432 1553 536 legatione
1611 432 1937 530 generali
1974 453 2301 512 concessa
2361 433 2772 527 mbkcisact

208 544 280 594 ei
322 532 562 614 gentes
597 531 665 591 et
702 541 916 613 regna
942 575 960 604 ,
1015 541 1176 592 cum
1230 535 1462 598 ctiam,
1514 521 1700 611 quod
1760 520 2136 614 gloriosius
2159 522 2543 612 judicatur,
2582 524 2773 597 dicta

214 612 380 703 ejus
408 621 476 680 et
502 608 708 681 verba
751 609 1336 683 confirmarentur
1378 611 1765 693 miraculis,
1806 631 2178 700 ⁴nunquam
2226 614 2539 696 excessit,
2588 634 2769 686 nun·

215 720 438 803 quarn
468 718 682 801 snpra
709 699 885 770 sein
927 699 1370 772 mirabilibus
1401 700 1825 772 ambulavit:
1862 699 1982 772 sed
2014 721 2289 793 semper
2316 701 2407 773 de
2434 724 2509 773 se
2541 702 2774 776 humi·

216 789 379 860 liter
414 800 762 871 sentiens,
813 788 1316 861 venerabilium
1371 809 1665 881 operum
1698 810 1851 860 non
1900 811 1974 862 se
2026 795 2379 861 auctorem
2426 789 2768 876 credidit,

217 878 341 949 sed
392 877 841 950 ministrum:
889 890 960 948 et
1001 900 1166 949 cum
1213 889 1394 949 esset
1436 877 1752 951 omnium
1792 877 2067 967 judicio
2096 899 2441 961 summus,
2479 901 2608 952 suo
2634 880 2773 953 sibi

206 966 483 1070 judicio
535 966 840 1039 constitit
904 966 1217 1038 infimus.
1287 966 1432 1038 Soli
1475 970 1610 1037 Deo
1638 1020 1657 1048 ,
1713 966 2049 1056 quicquid
2102 966 2286 1051 fecit,
2350 967 2767 1061 adscripsit:

219 1076 440 1127 immo
478 1054 655 1125 nihil
707 1054 870 1126 boni
927 1068 1049 1127 aut
1085 1054 1258 1127 velle
1312 1066 1433 1126 aut
1483 1076 1686 1147 posse
1718 1077 1792 1127 se
1821 1110 1837 1138 ,
1881 1055 2020 1127 nisi
2066 1055 2449 1148 inspirante
2498 1062 2657 1140 Deo,
2704 1069 2775 1129 et

217 1145 462 1227 sensit,
497 1156 568 1215 et
595 1143 790 1215 dixit.
826 1144 953 1215 Sed
983 1144 1227 1216 aderat
1253 1144 1359 1215 vis
1394 1143 1631 1214 divina
1663 1144 1734 1214 in
1770 1155 2080 1235 tempore
2111 1156 2414 1237 accepto,
2456 1157 2527 1217 ct
2554 1146 2627 1216 in
2657 1145 2774 1219 die

216 1233 495 1316 salutis,
531 1253 907 1325 segregans
937 1233 1009 1303 in
1059 1232 1506 1325 Evangelium
1547 1253 1756 1304 suum
1787 1254 2063 1304 servum
2097 1254 2334 1316 suum,
2377 1234 2585 1326 cujus
2633 1234 2771 1308 hu«-

216 1321 584 1395 militatem
638 1321 956 1414 respexit,
990 1323 1196 1414 cuins
1222 1322 1528 1393 animam
1573 1322 1877 1413 Spiritus
1913 1326 2205 1393 Sanctus
2256 1337 2657 1395 ornaverat:
2702 1335 2776 1396 et

208 1413 384 1501 quia
414 1410 876 1482 sinceritatem
917 1412 1070 1502 ejus
1100 1410 1295 1481 nulla
1325 1409 1723 1481 maculabat
1767 1409 2167 1503 duplicitas,
2213 1432 2340 1483 nec
2392 1412 2770 1483 interrum-

209 1500 423 1594 pebat
452 1500 718 1572 bonum
763 1499 918 1588 eius
959 1499 1309 1589 quaelibet
1342 1500 1745 1590 conspersio
1774 1499 2118 1582 falsitatis,
2146 1500 2220 1570 in
2253 1499 2404 1572 loco
2432 1500 2769 1573 sucidam

211 1590 508 1681 spiritus
546 1587 871 1659 manebat
919 1588 1326 1660 immobilis.
1377 1587 1509 1672 Qui
1554 1600 1633 1660 ut
1683 1609 1958 1681 semper
2005 1588 2440 1681 splendidior
2480 1601 2661 1661 esset
2704 1603 2776 1662 et

209 1679 484 1770 purior,
519 1676 831 1766 quotidie
867 1676 940 1748 in
988 1677 1267 1749 fornace
1314 1678 1785 1770 probabatur:
1837 1690 1904 1748 et
1948 1697 2038 1748 ne
2082 1677 2254 1766 quid
2309 1678 2371 1749 ei
2421 1679 2807 1771 rubiginis.

208 1767 303 1839 ob
435 1777 600 1848 eret,
651 1765 916 1837 crebris
964 1766 1384 1839 malleorum,
1425 1766 1684 1838 ictibus
1728 1764 1801 1836 in
1851 1765 2106 1837 incude
2149 1765 2593 1851 tundebatur,
2642 1768 2772 1838 fla-

208 1856 399 1948 gella
448 1867 607 1926 atur
651 1865 718 1927 et
772 1857 1220 1947 arguebatur,
1275 1875 1412 1926 non
1460 1854 1547 1926 ad
1591 1875 1893 1946 poenam
1945 1875 2073 1946 pro
2112 1854 2412 1927 crimine
2440 1910 2458 1939 ,
2510 1857 2631 1927 sed
2677 1856 2768 1928 ad

216 1945 518 2037 gloriam
551 1965 679 2035 pro
713 1944 987 2016 virtute.
1038 1949 1190 2016 Nun
1242 1966 1403 2018 uam
1440 1944 1507 2014 ei
1551 1943 1771 2014 defuit
1799 1943 2131 2015 stimulus
2165 1944 2670 2036 aegritudinis:
2706 1958 2776 2016 et

210 2055 380 2104 cum
423 2032 628 2105 sciret
673 2033 993 2105 virtutem
1025 2033 1096 2104 in
1132 2034 1201 2103 in
1261 2033 1535 2104 rmitate
1565 2032 1832 2126 perfici,
1871 2032 2329 2105 sufficientem
2366 2033 2500 2106 sibi
2537 2033 2617 2104 in
2641 2034 2772 2106 hoc

209 2120 696 2213 experiebatur
723 2123 1043 2214 gratiam,
1075 2122 1262 2212 quod
1285 2122 1542 2194 videret
1565 2143 1732 2194 suos
1755 2143 1866 2192 om
1876 2143 2022 2205 nes,
2045 2115 2773 2212 quantulumcumque

214 2210 826 2294 extraordinarios,
863 2223 1117 2294 motus,
1171 2211 1341 2282 lima
1372 2211 1566 2283 illius
1603 2211 2050 2300 quotidianae
2075 2209 2470 2283 afflictionis
2498 2210 2765 2284 abradi.

212 2303 378 2370 Erat
409 2300 674 2392 quippe
710 2321 872 2371 caro
905 2299 1208 2383 infirma,
1261 2299 1380 2371 sed
1413 2300 1706 2393 spiritus
1753 2312 2164 2393 promptus:
2205 2310 2273 2371 et
2315 2298 2484 2389 quia
2512 2300 2773 2371 incor-

212 2409 385 2481 pore
438 2388 763 2460 delectari
814 2410 950 2459 non
1001 2400 1270 2481 poterat
1298 2442 1316 2467 ,
1369 2401 1552 2460 totus
1599 2388 2072 2461 delectabatur
2115 2389 2189 2458 in
2252 2388 2589 2459 Domino:
2641 2411 2769 2460 nec

208 2476 459 2638 ‘⁸¹⁵1anss
497 2476 721 2550 seculi
768 2478 981 2570 hujus
1024 2477 1405 2551 ambitione
1450 2477 1913 2571 pulsabatur,
1965 2477 2088 2567 qui
2134 2476 2303 2549 solis
2352 2476 2771 2555 coelestibus

207 2589 284 2638 111
343 2590 408 2638 :a
461 2579 555 2638 at.

297 2658 339 2747 ἓ
389 2662 554 2729 ²².
607 2660 787 2740 Quot
827 2655 1161 2728 ecclesiae
1205 2655 1602 2748 pastoribus
1646 2655 2038 2738 destitutae,
2079 2654 2215 2746 sibi
2260 2675 2421 2725 eum
2471 2654 2545 2724 in
2606 2654 2771 2756 Epi-

207 2763 509 2836 scopum
562 2745 972 2837 elegerunt?
1017 2745 1236 2837 Elegit
1279 2767 1441 2817 eum
1491 2744 1869 2816 domestica
1914 2742 2370 2835 Lingonensis
2416 2742 2765 2828 Ecclesia,

206 2834 421 2926 elegit
467 2833 1032 2905 catalaunensis:
1086 2834 1269 2905 intra
1318 2834 1585 2905 ltaliam
1643 2833 1885 2905 civitas
1937 2831 2352 2914 Januensis,
2403 2843 2473 2904 et
2516 2832 2789 2904 Medioss

206 2921 458 2996 lanum
485 2975 507 3004 ,
567 2923 976 3015 metropolis
1034 2924 1107 2994 Li
1214 2944 1369 2994 rum
1403 2977 1421 3007 ,
1472 2923 1664 2995 hunc
1725 2932 2137 3014 optaverunt
2193 2933 2262 2992 et
2306 2932 2651 3012 pastorem
2701 2932 2770 2994 et

207 3012 658 3104 magistrum.
712 3012 998 3084 Rhamis
1027 3034 1133 3083 ·no
1187 3012 1482 3083 ilissima
1526 3011 1771 3082 civitas
1817 3011 2171 3093 Franciae,
2225 3010 2573 3083 secundae
2616 3010 2766 3082 Bel-

209 3100 408 3191 gicae
445 3101 839 3191 provinciae
881 3113 1116 3193 caput,
1166 3102 1320 3191 eJus
1350 3100 1734 3171 dominatio
1784 3121 1894 3171 em
1926 3099 2240 3171 ambivit.
2284 3100 2629 3172 Omnibus
2659 3099 2772 3171 his

205 3189 692 3262 vocationibus
724 3191 1147 3283 postpositis,
1200 3210 1339 3261 non
1373 3189 1706 3262 solicitavi
1762 3189 2072 3260 animam
2121 3189 2273 3262 e'us
2313 3189 2537 3260 honor
2573 3188 2771 3260 obla-

210 3287 352 3362 tus,
405 3300 535 3349 nec
584 3291 815 3350 motus
856 3292 960 3350 est
1007 3301 1130 3371 pes
1182 3279 1334 3370 ejus
1364 3333 1381 3361 ,
1433 3290 1510 3350 ut
1555 3278 1926 3349 inclinaret
1970 3294 2046 3349 se
2090 3300 2128 3349 a
2242 3276 2539 3369 gloriam
2566 3300 2588 3344 ε
2638 3299 2769 3350 nec

208 3368 442 3459 magis
485 3389 647 3438 eum
713 3367 1096 3439 delectabat
1140 3367 1315 3439 tiara
1360 3378 1428 3438 et
1470 3366 1823 3449 annulus,
1872 3387 2086 3456 quam
2154 3380 2455 3438 rastrum
2496 3378 2567 3437 et
2622 3388 2768 3438 sar·

208 3455 442 3527 culus.
495 3456 891 3527 Petentibus
937 3478 1013 3528 se
1058 3478 1200 3528 non
1245 3455 1623 3545 aliquando
1670 3456 1968 3548 negabat
2014 3454 2199 3544 quod
2249 3455 2595 3547 petebant,
2638 3475 2767 3526 nec

207 3545 596 3617 concessit:
643 3544 794 3616 sed.
818 3544 1090 3618 dicebat
1133 3546 1258 3628 eis,
1310 3566 1385 3617 se
1431 3566 1567 3616 non
1600 3560 1753 3617 esse
1781 3566 2014 3626 mum,
2051 3556 2119 3616 ct
2145 3543 2334 3634 quod
2371 3543 2767 3616 obedientia

203 3629 518 3734 juberet,
568 3633 1039 3736 facturum-ut
1083 3656 1385 3706 servum.
1437 3634 1672 3736 Aiebat
1716 3646 1948 3706 autem
2005 3654 2081 3705 se
2124 3634 2395 3706 venisse
2443 3654 2582 3735 non
2635 3633 2770 3703 mi*-

210 3722 520 3805 mstrari,
573 3722 693 3794 sed
745 3722 1164 3807 ministrare,
1214 3735 1282 3795 et
1325 3746 1368 3794 a
1414 3722 1785 3795 ministerii
1831 3722 2157 3794 servitute
2186 3775 2203 3805 ,
2252 3723 2372 3794 cui
2412 3722 2768 3813 obligatus

213 3824 408 3894 esset,
469 3812 604 3883 nisi
641 3811 935 3882 fratrum
975 3812 1338 3884 lvoluntate
1367 3864 1384 3893 ,
1421 3833 1573 3885 ¹non
1613 3832 1820 3904 posse
1866 3810 2157 3882 absolvi.
2210 3815 2403 3896 Quae
2444 3830 2556 3881 res
2596 3831 2767 3881 cum

217 3896 584 3972 referretur
621 3900 714 3971 ‘ad
753 3899 1022 3983 fratres,
1076 3900 1630 3993 respondebant:
1684 3905 1818 3973 Nos
1860 3899 2197 3971 omnibus
2233 3921 2416 3988 quae
2454 3897 2770 3990 posside·-

224 3979 493 4073 bamus,
543 3989 864 4073 venditis,
901 3989 1250 4061 inventam
1333 3991 1657 4063 retiosam
1692 3988 2138 4081 margaritam
2173 3986 2763 4079 comparavimus:

225 4070 316 4140 Ad
345 4079 760 4165 patrimonia
802 4078 1132 4151 distracta
1180 4010 1405 4151 redire
1452 4084 1590 4151 non
1733 4094 2051 4178 mutnus„
2080 4075 2291 4177 :Quod
2347 4076 2410 4147 si
2466 4074 2766 4177 pretium

228 4168 295 4227 et
327 4167 781 4266 appretiatum
832 4168 1034 4240 nobis
1081 4167 1383 4260 perierit,
1433 4179 1502 4239 et
1546 4189 1634 4240 su
1685 4165 1959 4238 staatiis
1985 4186 2067 4235 ac
2105 4165 2483 4255 margarita
2523 4173 2770 4257 privati

228 4243 576 4338 fuerimus,
619 4257 1410 4361 expectationinostrae.
1443 4257 1628 4328 male
1675 4255 2205 4347 provisum-est:
2255 4255 2317 4324 si
2350 4252 2505 4327 olen
2526 4264 2770 4327 nostro

231 4334 461 4440 effuso,
498 4345 759 4418 clausis
784 4347 1062 4437 januis,¹
1085 4345 1495 4435 sicutfatui,
1519 4394 1522 4407 i
1550 4343 2056 4415 mendicemus.
2108 4342 2554 4415 Providerant
2579 4341 2768 4413 enim

232 4423 362 4496 sibi
387 4450 464 4505 ex
508 4435 802 4525 consilio
846 4437 1272 4511 sanctissimi
1321 4435 1567 4509 fratres
1593 4487 1614 4517 ,
1664 4446 1734 4507 et
1776 4432 2049 4521 domini
2096 4437 2319 4525 Papae
2363 4429 2773 4507 auctoritate
