3308 5004
110 369 297 437 AUG.
352 370 440 435 29
731 383 797 432 nt
845 384 1037 432 πετο
1085 382 1422 431 nacoLLu.
1473 383 1530 431 s.
1583 381 1808 429 somn.
1864 383 2041 430 narr.
2447 360 2573 433 737

110 486 176 544 et
203 471 407 542 morti
457 466 758 541 similem
793 490 1117 540 somnum
1156 466 1585 537 deduxisset:
1620 478 1687 536 et
1717 466 2251 558 perquamdam
2288 467 2660 541 fenestram

110 564 519 652 intempesta
567 570 764 628 nocte
810 579 882 629 se
932 559 1000 627 in
1051 556 1390 648 templum
1439 555 1854 637 demisisset,
1895 557 2153 627 sensim
2194 569 2261 626 et
2309 557 2459 629 sine
2489 571 2664 629 stre-

109 651 281 743 pitu,
338 670 532 719 sacro
579 659 815 739 aperto
863 646 1090 717 loculo
1133 646 1207 737 (o
1255 667 1396 715 rem
1447 657 1512 715 et
1558 643 1746 715 factu
1790 657 1856 716 et
1912 645 2160 716 auditu
2213 647 2659 739 terribilem),

112 738 363 840 accipit
410 737 805 830 pretiosam,
857 757 1035 822 quae
1068 734 1615 816 desiderabatur,
1672 734 2068 806 dexteram:
2122 747 2188 803 et
2237 758 2514 806 summo
2576 739 2668 807 si-

112 829 319 899 lentio
367 848 706 907 reversus,
769 823 1139 915 diligenter
1186 823 1466 912 quidem
1519 822 1705 914 apud
1757 845 1829 894 se
1892 835 2114 895 servat
2160 824 2345 911 quod
2395 824 2666 897 furatus

114 917 355 996 fuerat,
411 938 495 985 ne
545 926 1079 1005 cognosceretur
1105 914 1195 983 ab
1243 912 1477 999 aliquo
1517 912 1997 982 barbarorum.

201 1009 236 1095 ς
283 1009 416 1078 1⁸2.
471 1003 646 1074 Hinc
686 1001 1038 1094 egreditur
1084 1001 1475 1083 AntiochiA,
1520 1014 1589 1071 et
1640 1002 1769 1071 iter
1816 1001 1972 1071 iniit
2030 1023 2283 1092 magno
2333 1013 2521 1072 metu
2569 1001 2667 1073 as-

119 1095 355 1178 fectus,
399 1115 485 1163 ne
533 1114 641 1162 res
687 1092 880 1161 fieret
926 1090 1292 1161 manifesta
1346 1089 1674 1172 inimiciS‚
1728 1090 1814 1160 ad
1865 1090 2341 1178 exequendum
2418 1114 2665 1193 propo·

117 1184 323 1256 situm
362 1181 602 1253 multis
648 1202 853 1271 saepe
899 1193 1102 1252 utens
1198 1180 1496 1249 recibus.
1547 1185 1801 1249 Locum
1868 1191 2097 1250 autem
2151 1180 2322 1263 loco,
2377 1196 2443 1251 et
2495 1184 2695 1251 civt-‘
2786 1252 2795 1265 „

115 1286 319 1343 tatem
347 1272 618 1341 civitate
643 1271 1105 1352 commutans,
1171 1268 1511 1339 estimabat
1539 1268 1626 1338 ad
1659 1269 1941 1339 exitum.
1978 1273 2283 1356 Cumque
2319 1269 2667 1341 lethiferas

115 1362 270 1432 illas
310 1362 454 1431 vias
487 1359 586 1429 sic
637 1359 1070 1449 pervasisset,
1138 1357 1445 1448 pervenit
1490 1357 1576 1427 ad
1649 1358 1825 1428 fines
1879 1364 2267 1441 RomanOS,
2322 1381 2659 1450 magnum

163 1450 392 1520 uidem
428 1448 629 1518 illum
683 1461 940 1517 metum
988 1448 1363 1528 excutien3‚
1410 1446 1747 1517 audacius
1793 1460 2021 1516 autem
2072 1461 2138 1517 et
2198 1449 2665 1519 confidentius

113 1473 448 1611 llestinans
492 1536 578 1607 ad
645 1535 904 1627 regiam
953 1536 1324 1607 civitatem.
1376 1540 1744 1622 Postquam
1795 1556 1953 1606 vero
1998 1535 2225 1606 fidelis
2288 1542 2670 1628 Imperator

115 1629 268 1716 ejus
306 1625 582 1697 rescivit
628 1624 1109 1703 adventum‚et
1141 1646 1212 1693 re
1238 1624 1636 1694 admirabili
1671 1623 1800 1695 fuit
1825 1624 2364 1715 obstupefactus,
2402 1627 2667 1697 Christo

115 1716 393 1806 quidem
445 1736 582 1785 non
633 1725 896 1816 poterat
926 1736 962 1783 a
1015 1736 1128 1784 ere
1174 1714 1432 1805 gratias
1484 1734 1609 1803 pro
1643 1713 2000 1805 dignitate,
2053 1728 2130 1785 ut
2174 1736 2381 1802 quem
2440 1716 2669 1806 inspe-

121 1820 343 1876 ratum
392 1802 760 1895 impediret
823 1824 957 1893 gau
1013 1803 1200 1872 ium:
1253 1823 1371 1872 eos
1417 1815 1642 1873 autem
1678 1856 1699 1884 ,
1770 1802 1892 1890 qui
1941 1803 2069 1871 hoc
2136 1815 2454 1874 sanctum
2503 1826 2665 1874 cum

116 1896 161 1964 h
218 1893 424 1975 mnis,
479 1892 923 1984 lampadibus
968 1903 1036 1961 et
1078 1891 1458 1983 unguentis
1489 1903 1719 1962 essent
1749 1893 2165 1984 suscepturi,
2205 1904 2271 1962 et
2302 1892 2387 1962 ad
2435 1892 2670 1984 ipsum

121 1917 425 2064 allaturi,
477 1980 740 2052 emisit:
771 1993 850 2050 ut
895 1981 1077 2052 sicut
1117 1981 1266 2071 ipse
1311 2003 1449 2050 voa>
1476 1983 1837 2051 clamantis
1868 1983 1939 2051 in
1968 1982 2224 2051 deserto
2256 2003 2498 2072 parare
2526 1982 2672 2053 vias

122 2071 444 2153 Domini,
496 2082 562 2140 et
627 2069 909 2140 semitas
977 2083 1195 2140 rectas
1243 2068 1505 2151 facere,
1573 2069 1822 2161 jussus
1881 2084 2067 2140 erat:
2140 2071 2234 2140 ita
2280 2071 2484 2141 etiam
2538 2070 2673 2162 ipsi

125 2159 580 2230 Christianam
618 2158 1034 2250 ingredienti
1080 2159 1449 2241 civitatem,
1485 2169 1552 2227 et
1598 2181 1638 2228 a
1685 2182 1818 2246 qua
1847 2159 2002 2247 ejus
2036 2160 2255 2248 gratia
2305 2182 2443 2230 non
2473 2160 2674 2250 longe

124 2249 382 2330 aberat,
436 2261 847 2339 pararentur
896 2248 1164 2319 honesti
1212 2258 1279 2317 et
1322 2248 1550 2317 decori
1594 2249 1974 2338 ingressus.
2011 2252 2175 2317 Cum
2211 2271 2373 2340 ergo
2420 2270 2673 2339 appro-

125 2337 493 2429 pinquaret
525 2335 1051 2419 chalcedonem,
1106 2338 1302 2406 navis
1335 2336 1616 2424 quidem
1664 2336 1919 2405 emissa
1966 2349 2068 2405 est
2097 2338 2570 2428 Imperatoria,
2609 2348 2676 2406 et

124 2425 430 2496 Pontifex
477 2447 636 2496 cum
694 2425 1192 2508 sacerdotibuS,
1243 2437 1310 2495 et
1402 2425 1781 2513 uicumque
1828 2446 1904 2494 ex
1958 2437 2203 2494 senatu
2261 2441 2457 2496 erant
2503 2425 2675 2495 clari

122 2530 188 2586 et
229 2515 532 2587 illustres
588 2515 838 2597 simul,
882 2529 962 2586 ut
1020 2538 1294 2585 sacrum
1346 2513 1545 2584 ilum
1610 2515 2015 2584 thesaurum
2068 2514 2399 2586 inferrent
2445 2516 2514 2584 in
2567 2537 2676 2585 re-

123 2604 335 2695 giam,
373 2627 534 2675 cum
584 2604 843 2693 quibus
876 2604 1189 2674 fidelium
1228 2625 1502 2692 quoque
1550 2602 1922 2673 multitudo
1948 2604 2120 2673 urbe
2158 2625 2456 2695 egressa,
2499 2603 2675 2674 mari

122 2694 186 2762 ei
235 2693 651 2784 navigarunt
696 2692 996 2773 obviam,
1034 2706 1111 2763 ut
1143 2714 1300 2761 eum
1351 2692 1795 2763 deducerent.

211 2784 247 2869 ξ
294 2785 431 2855 18.
483 2787 853 2869 Postquam
901 2794 1127 2852 autem
1171 2780 1302 2852 fuit
1348 2792 1713 2872 susceptus
1747 2781 1813 2850 in
1878 2802 2127 2851 manus
2177 2781 2555 2864 Pontificis,
2610 2791 2676 2850 et

120 2868 278 2958 ejus
330 2870 676 2941 ferebatur
723 2869 934 2952 ulnis,
987 2883 1052 2942 et
1104 2872 1173 2940 in
1219 2892 1406 2940 mare
1465 2869 1811 2950 ascendit,
1871 2868 2121 2941 licebat
2169 2870 2400 2944 videre
2451 2869 2676 2961 ipsam

119 2980 396 3047 quoque
428 2981 647 3047 aquae
670 2971 984 3029 naturam
1020 2959 1364 3050 placidam
1398 2971 1465 3029 et
1486 2958 1959 3046 tranquillam,
1990 2958 2319 3031 mollibus
2346 2959 2681 3029 fluctibus

120 3059 281 3118 ante
320 3068 562 3118 navem
610 3048 1026 3130 exilientem‚
1079 3062 1144 3119 et
1190 3048 1276 3118 ad
1327 3052 1784 3138 Imperatores
1831 3047 1986 3136 ejus
2032 3070 2319 3118 cursum
2372 3048 2682 3139 dirigen-

123 3147 290 3207 tem.
318 3140 524 3206 Porro
571 3150 798 3208 autem
849 3135 1111 3224 aliquid
1144 3158 1420 3294 guoque
1452 3136 1704 3206 accidit
1749 3135 1906 3206 aliis
1956 3137 2181 3227 magis
2227 3136 2667 3217 admirabile,

123 3237 192 3295 ct
245 3224 537 3315 dignum
589 3231 795 3296 Manu
843 3247 1136 3295 veneran
1193 3248 1234 3295 a
1297 3225 1795 3296 Praecursoris.
1850 3225 2095 3295 Aderat
2141 3225 2326 3294 enim
2385 3225 2533 3296 dies
2584 3224 2682 3294 fe-

123 3327 276 3384 stus
323 3325 718 3384 sanctorum
769 3313 1122 3383 luminum
1149 3314 1207 3398 ²⁶,
1248 3314 1317 3383 in
1349 3321 1488 3402 quo
1518 3336 1675 3384 vera
1707 3313 1827 3383 illa
1868 3314 2008 3396 lux,
2050 3313 2379 3384 Jordanis
2420 3315 2685 3384 fluenta

119 3402 613 3494 complectenS‚
669 3403 1017 3472 humanae
1065 3415 1351 3473 naturae
1396 3403 1875 3473 contritionem
1928 3401 2343 3474 reformavit.
2378 3408 2456 3473 Et
2511 3424 2683 3506 quo—

122 3492 317 3561 niam
360 3491 807 3584 praecedente
853 3490 966 3562 die
1002 3492 1275 3583 jejunio
1332 3512 1497 3584 prae
1549 3513 1912 3582 urgamur‚
1979 3492 2233 3563 accidit
2282 3504 2359 3562 ut
2405 3492 2477 3562 in
2525 3513 2685 3583 ipsa

123 3581 299 3650 hora
344 3580 753 3672 vespertina,
805 3580 878 3650 in
926 3603 1065 3669 qua
1113 3602 1264 3652 mos
1309 3589 1412 3650 est
1459 3514 1867 3652 cbristianis
1915 3603 2242 3739 peragere
2287 3581 2680 3681 sanctifica-

125 3670 409 3751 tionem,
456 3669 692 3740 divina
716 3675 959 3741 Manus
985 3669 1378 3740 advenerit:
1430 3691 1642 3757 quam
1670 3691 1830 3738 cum
1867 3675 1910 3740 C
1971 3670 2115 3741 risu
2149 3671 2678 3740 amantissimus

122 3763 533 3849 Imperator,
576 3770 928 3846 tamquam
975 3758 1266 3830 coeleste
1312 3757 1577 3829 donum
1616 3773 1683 3828 et
1728 3759 1818 3830 ab
1857 3758 2142 3829 interitu
2200 3759 2510 3829 alienum
2561 3780 2685 3829 su-

126 3848 484 3948 scepisset,
526 3859 594 3917 et
638 3847 1000 3937 amplexus
1046 3860 1272 3932 esset,
1324 3846 1790 3935 desideriique
1853 3860 1922 3917 et
1968 3848 2129 3922 fidei
2179 3847 2523 3939 lacrymas
2588 3845 2686 3916 ef-

125 3934 445 4019 fudisset,
495 3949 575 4007 *re
626 3937 773 4007 onit
819 3937 890 4005 in
941 3936 1169 4007 medio
1208 3936 1622 4026 templorum
1675 3935 2054 4026 regalium:
2107 3936 2278 4007 adeo
2325 3948 2404 4006 ut
2442 3958 2686 4008 omnes

126 4024 491 4096 crederent
538 4026 585 4095 il
621 4025 979 4117 umipsum
1016 4025 1259 4097 adesse
1305 4026 1709 4117 Baptistam,
1748 4026 1878 4096 etsi
1926 4027 2058 4097 sub
2091 4026 2496 4117 adspectum
2547 4047 2687 4096 non

127 4113 428 4198 caderet,
480 4126 548 4185 ct
593 4135 719 4207 pro
770 4114 981 4185 ositas
1013 4134 1232 4203 aquas
1277 4137 1404 4185 sua
1454 4114 1885 4185 sanctificare
1917 4114 2216 4186 dextera.
2263 4116 2441 4185 Hinc
2488 4136 2694 4185 cane-

131 4204 396 4274 bantur
431 4203 695 4295 hymno
748 4205 853 4274 iae
880 4202 1192 4295 spiritus,
1247 4202 1438 4274 illata
1487 4202 1756 4274 lumina
1790 4203 2128 4295 templum
2169 4202 2690 4285 illuminabant,

135 4292 453 4363 omnium
503 4291 689 4364 oculi
736 4292 822 4364 ad
873 4312 1141 4364 sacram
1172 4314 1456 4385 capsam
1491 4305 1685 4366 erant
1719 4292 1963 4386 aperti,
2015 4304 2082 4364 et
2127 4292 2467 4386 adspectu
2520 4294 2697 4365 hau·-

137 4380 414 4451 riebant
450 4381 1098 4454 sanctificationem.

201 4509 230 4536 ⁸
258 4506 522 4560 Epiphani-
539 4506 739 4553 nomint.
913 4545 924 4549 Δ
1635 4516 1642 4524 ·
2138 4517 2151 4530 ·

307 4591 549 4650 surius
563 4621 590 4637 ·
615 4590 779 4653 Vitae
801 4591 912 4655 88.
933 4621 960 4638 ·
976 4590 1107 4653 vol.
1149 4586 1306 4654 vm.
2047 4685 2066 4700 α
2462 4593 2539 4650 4⁷
