3308 5004
212 352 414 421 mlh]
1120 369 1202 417 m:
1248 369 1306 416 s.
1358 367 1661 419 nonnemo
2441 355 2568 422 ⁴23

198 452 310 540 ejus
340 448 604 521 civitatis
649 447 1065 539 Episcopus»,
1120 448 1261 520 illis
1306 450 1760 532 attribuerat,
1812 462 2199 524 extructum
2258 465 2361 523 est
2411 474 2655 523 mona-

193 539 435 620 sterium,
472 549 536 608 et
580 537 653 607 in
684 559 767 608 eo
799 537 1018 607 Cellae
1049 538 1301 608 studiis
1339 538 1850 620 accommodae,
1891 542 2194 629 satisque
2223 555 2463 632 aptum
2494 542 2656 612 dor-

186 628 489 699 mitorium.
541 631 750 698 Erant
781 639 946 697 tunc
985 626 1229 697 fratres
1264 648 1553 698 numero
1589 628 1748 719 plus
1784 630 2015 700 minus
2049 631 2376 701 sedecim.

246 718 444 803 5⁸5.
489 715 682 805 Apud
735 715 1044 786 Tolosam
1096 716 1166 784 in
1210 716 1575 808 Theologia
1630 731 1938 807 praeerat
1981 720 2309 811 magister
2334 719 2651 808 quidam,

277 825 390 886 ere,
437 805 723 874 scientia
768 815 835 874 et
879 804 1065 874 sama
1111 805 1534 894 praeclarus.
1587 810 1656 876 Is
1692 807 1993 895 quodam
2028 830 2255 889 mane,
2300 830 2460 879 cum
2495 819 2656 878 ante

205 895 348 962 ocem
393 893 468 964 ad
504 893 1041 984 praelegendum
1076 915 1148 963 se
1189 907 1479 983 pararet.
1535 894 1664 964 levi
1714 917 2089 985 oppressus
2137 919 2405 975 somno,
2447 908 2658 985 caput

185 981 240 1050 ad
272 981 639 1052 cathedram
692 982 1046 1072 paulisper
1093 982 1471 1064 reclinavit,
1523 997 1589 1052 et
1634 984 1940 1055 dormire
1988 986 2235 1074 coepit.
2280 985 2660 1055 Videbatur

184 1081 348 1141 autem
387 1070 505 1151 illi,
545 1072 730 1159 quod
778 1084 1043 1161 septem
1091 1070 1328 1141 stellae
1382 1092 1613 1143 coram
1668 1073 1821 1163 ipso
1867 1074 2377 1143 exhiberentur.
2422 1074 2659 1143 Admi-

180 1172 319 1228 rante
359 1158 469 1231 illo
510 1181 663 1229 eam
716 1180 893 1240 rem,
938 1160 1169 1230 subito
1218 1161 1401 1231 visae
1458 1174 1622 1231 sunt
1667 1161 1904 1231 stellae
1964 1163 2033 1230 in
2084 1184 2232 1232 eam
2289 1161 2537 1231 molem
2586 1174 2654 1232 et

178 1246 543 1336 splendorem
591 1268 1003 1329 excrescere,
1056 1261 1134 1319 ut
1182 1261 1387 1320 totam
1434 1250 1809 1351 regionem,
1858 1251 2072 1320 immo
2119 1263 2185 1320 et
2221 1251 2455 1321 orbem
2500 1252 2655 1320 uni·

177 1356 384 1406 versum
432 1336 928 1407 illuminarent.
982 1337 1347 1409 Confestim
1397 1354 1731 1410 excitatus
1787 1362 1823 1408 a
1875 1361 2120 1409 somno
2151 1394 2167 1422 ,
2219 1340 2390 1409 vidit
2437 1340 2654 1410 solem

173 1436 364 1505 ortum,
414 1425 785 1513 accitisque
832 1425 1160 1506 famulis,
1216 1428 1336 1514 qui
1386 1427 1598 1498 libros
1645 1429 1798 1514 ejus
1853 1427 2158 1510 ferrent,
2220 1428 2289 1497 in
2341 1428 2651 1498 scholam

171 1512 461 1604 ingressus
492 1528 620 1588 est.
674 1520 751 1584 Et
787 1535 943 1585 ecce
982 1515 1224 1585 beatus
1273 1517 1671 1586 Dominicus
1703 1530 1768 1587 et
1800 1538 1914 1587 sex
1963 1517 2132 1587 socii
2171 1517 2485 1606 ejusdem
2533 1517 2658 1585 ba-

168 1601 327 1683 bitus,
359 1602 437 1671 ad
486 1625 645 1672 eum
698 1603 1054 1674 humiliter
1099 1604 1458 1684 accedunt,
1514 1605 1824 1675 indicant
1873 1628 1944 1675 se
1992 1605 2236 1676 fratres
2283 1628 2478 1686 esse,
2529 1605 2656 1692 qui

163 1687 212 1757 in
256 1691 570 1762 territorio
619 1692 953 1763 Tolosano
1001 1692 1326 1764 fidelibus
1375 1693 1820 1783 Evangelium
1873 1695 2272 1783 praedicent
2319 1694 2656 1765 adversus

161 1776 522 1851 haereticos:
576 1781 788 1851 simul
820 1781 1023 1851 etiam
1067 1795 1421 1884 exponunt
1451 1783 1536 1862 ei,
1577 1783 1759 1869 quod
1806 1783 2015 1853 velint
2046 1785 2197 1875 ejus
2229 1783 2421 1853 adire
2460 1783 2659 1852 sobo-

159 1863 292 1948 lum,
324 1881 387 1938 et
416 1869 909 1961 praelectiones
942 1870 1395 1959 cupidissime
1426 1871 1842 1941 auscultare.
1883 1872 2052 1941 Inde
2097 1872 2314 1943 multo
2346 1885 2657 1960 tempore

158 1957 424 2046 Magister
453 1959 571 2029 ille
609 1979 725 2029 eos
763 1971 1021 2050 septem
1050 1960 1293 2029 fratres
1317 1959 1694 2030 familiares
1729 1961 2000 2047 sibique
2034 1961 2348 2031 addictos
2378 1961 2653 2042 habuit,

156 2056 203 2111 et
246 2058 312 2115 ut
351 2046 735 2139 discipulos
781 2048 1102 2118 instituit.
1160 2048 1588 2136 Rediensque
1636 2049 1706 2118 in
1761 2050 2163 2119 memoriam
2217 2050 2656 2140 supradictae

153 2132 388 2229 yisionis
418 2190 433 2217 ‚
487 2137 767 2207 beatum
824 2138 1257 2207 Dominicum
1305 2149 1371 2206 et
1417 2138 1637 2207 socios
1685 2138 1837 2226 ejus
1888 2137 2153 2208 lucidas
2214 2138 2371 2208 illas
2421 2138 2656 2208 stellas

153 2232 593 2313 interpretatus
621 2237 724 2294 est
758 2248 772 2293 ε
824 2246 1125 2313 cumque
1156 2246 1271 2294 eos
1306 2225 1644 2296 immenso
1679 2228 1901 2297 famae
1934 2239 1999 2297 et
2031 2228 2357 2297 scientiae
2387 2226 2654 2296 lumine

151 2308 335 2381 subito
366 2313 627 2384 videret
664 2314 928 2404 augeri,
976 2335 1249 2384 summa
1301 2316 1733 2385 veneratione
1771 2338 1887 2387 eos
1931 2329 2339 2405 prosecutus
2387 2328 2537 2397 est,
2590 2328 2656 2386 et

150 2398 324 2469 multo
351 2422 587 2473 amore
631 2416 958 2493 perpetuo
995 2402 1419 2493 complexus.

198 2491 365 2561 um
385 2495 474 2562 11.
501 2494 633 2581 §t
655 2496 1015 2580 Postquam
1046 2492 1151 2561 vir
1173 2492 1286 2561 Dei
1313 2493 1712 2562 Dominicus
1732 2515 1810 2562 ex
1842 2493 2164 2563 mandato
2186 2492 2538 2564 Pontificis
2563 2493 2646 2563 ad

150 2572 350 2650 fratres
393 2602 565 2652 suos
595 2581 681 2650 de
718 2580 1086 2671 deligenda
1116 2580 1378 2671 Regula
1404 2582 1657 2663 retulit,
1694 2583 1940 2650 iterum
1973 2588 2257 2653 Romam
2305 2582 2650 2672 profectus

144 2677 239 2748 est,
284 2670 576 2741 Domino
624 2669 823 2741 illum
876 2668 1269 2749 comitante,
1331 2682 1396 2739 et
1446 2672 1513 2739 in
1564 2669 1894 2740 omnibus
1942 2670 2304 2760 dirigente.
2367 2670 2649 2739 Interim

145 2773 265 2823 vero
306 2760 758 2829 Innocentius
805 2762 902 2828 111
951 2758 1255 2827 Pontifex
1301 2759 1504 2829 desiit
1549 2780 1701 2829 esse
1747 2760 1816 2828 in
1869 2758 2223 2834 humanis.
2276 2773 2341 2829 et
2387 2760 2447 2828 ei
2499 2780 2655 2827 suc·-

141 2842 350 2915 cedens
376 2847 754 2927 Honorius,
793 2847 1214 2937 Apostolicae
1239 2847 1425 2918 sedis
1454 2848 1863 2938 dignitatem,
1887 2848 2213 2918 obtinuit.
2247 2848 2397 2938 Egit
2425 2849 2653 2934 itaque

144 2932 287 3017 apud
332 2935 541 3006 illum
594 2957 833 3007 servus
863 2938 1004 3017 Dei,
1048 2948 1127 3005 ut
1157 2949 1393 3005 contra
1427 2937 1657 3007 hostes
1689 2935 2030 3006 Ecclesiae
2071 2937 2649 3006 Praedicatorium

143 3019 421 3093 Ordinem
476 3024 948 3094 confirmaret.
1004 3030 1185 3095 More
1242 3037 1469 3095 autem
1539 3047 1666 3095 suo
1735 3037 1927 3094 nocte
1978 3026 2045 3095 in
2110 3026 2400 3095 ecclesia
2446 3047 2655 3094 orans

143 3107 217 3175 vit·
243 3111 370 3195 Dei,
404 3114 764 3183 sedentem
796 3113 881 3183 ad
913 3115 1132 3185 Patris
1163 3115 1508 3184 dexteram
1556 3113 1803 3184 Filium
1841 3137 2124 3204 surgere
2160 3114 2328 3183 vidit
2362 3115 2643 3195 iratum,

145 3206 193 3264 ut
216 3197 623 3273 interficeret
658 3223 900 3272 omnes
948 3215 1341 3291 peccatores
1373 3220 1611 3283 terrae,
1652 3216 1718 3271 et
1749 3202 2173 3291 disperderet
2219 3225 2459 3272 omnes
2490 3225 2654 3292 ope-

145 3301 328 3359 rantes
372 3292 845 3378 iniquitatem.
898 3294 1131 3361 Stabat
1160 3313 1317 3360 vero
1357 3291 1426 3359 in
1469 3291 1764 3373 aethere,
1818 3292 2149 3381 adspectu
2196 3292 2549 3371 terribilis,
2585 3302 2651 3360 et

145 3388 335 3448 contra
362 3379 718 3450 mundum
751 3379 820 3448 in
854 3380 1160 3470 maligno
1194 3380 1521 3471 positum,
1564 3393 1700 3450 tres
1724 3379 2002 3451 lanceas
2029 3381 2374 3450 vibrabat:
2408 3402 2646 3459 unam,

144 3480 242 3544 qua
279 3469 746 3557 superborum
796 3482 1055 3537 erectas
1092 3469 1391 3537 cervices
1440 3469 1819 3559 trajiceret:
1873 3469 2207 3550 alteram,
2253 3491 2392 3556 qua
2451 3469 2651 3558 cupi-

150 3546 343 3627 dorum
376 3558 646 3628 viscera
674 3556 1087 3647 conligeret:
1124 3558 1420 3636 tertiam,
1459 3578 1597 3645 qua
1629 3558 1861 3628 carnis
1891 3558 2359 3647 voluptatibus
2387 3557 2653 3626 deditos

150 3642 511 3716 eonfoderet.
594 3651 902 3732 Cumque
964 3646 1115 3748 ejus
1176 3646 1319 3715 irae
1366 3666 1566 3715 nemo
1627 3660 1856 3746 posset
1927 3647 2284 3725 resistere,
2353 3645 2653 3715 occurrit

154 3724 661 3806 clementissima·
694 3739 902 3805 Mater
947 3756 1123 3822 elue,
1175 3748 1239 3804 et
1290 3734 1498 3825 pedes
1548 3733 1738 3804 illlus
1793 3734 2282 3824 complectens,
2339 3734 2644 3824 rogabat,

155 3828 202 3911 ul
233 3836 537 3908 parceret
575 3823 700 3899 eis,
754 3844 928 3910 quos
974 3844 1102 3893 suo
1137 3823 1479 3914 sanguine
1511 3822 1934 3903 redemisset,
1986 3837 2051 3892 et
2077 3823 2413 3909 justitiam
2454 3822 2654 3889 mise-

159 3910 389 3980 nem-dia
438 3924 881 4001 temperaret.
936 3912 1058 3982 Cui
1108 3911 1368 3981 Filius:
1421 3917 1515 3981 An
1568 3934 1704 3981 non
1756 3911 1968 3992 videS‚
2034 3912 2303 3999 inquit,
2356 3923 2653 3996 quantae

162 3994 274 4097 mibi
316 4001 722 4092 irrogentur
784 4001 1135 4090 injuriae?
1179 4001 1459 4071 Justitia
1528 4022 1681 4069 mea
1738 4013 1831 4070 tot
1898 4000 2081 4070 mala
2145 3999 2449 4099 amplius
2514 4019 2648 4099 non

166 4095 353 4243 war
399 4089 781 4180 impunita.
837 4094 1082 4159 Contra
1130 4094 1383 4159 Mater:
1436 4094 1536 4159 Tu
1582 4089 1703 4175 qui
1763 4091 2040 4169 omnia,
2092 4090 2368 4175 inquit,
2424 4099 2648 4169 nosti,

313 4189 754 4270 perspectam
805 4178 1019 4248 habes
1066 4179 1249 4247 viam
1279 4232 1295 4259 ,
1351 4199 1470 4267 per
1507 4199 1716 4264 quam
1778 4178 1935 4248 illos
1990 4177 2073 4246 ad
2126 4191 2189 4247 te
2239 4177 2654 4247 reducturus

171 4270 241 4324 2⁸²
273 4266 502 4338 Habeo
555 4288 831 4337 servum
883 4266 1185 4347 fidelem,
1238 4287 1442 4353 quem
1496 4267 1725 4337 mittes
1783 4266 1849 4334 in
1902 4266 2270 4345 mundum,
2324 4278 2401 4336 ut
2449 4266 2654 4336 verba

174 4349 638 4426 &annunciet
667 4357 804 4425 eis:
842 4357 1081 4444 sicque
1118 4368 1602 4426 convertentur
1633 4354 1718 4425 ad
1755 4367 1817 4424 te
1854 4355 2165 4425 omnium
2205 4355 2645 4425 Salvatorem.

176 4430 327 4511 1hbeo
370 4447 588 4515 etiam
633 4444 851 4516 alium
904 4467 1180 4515 servum
1214 4498 1231 4517 .
1301 4465 1504 4531 quem
1554 4444 1618 4513 ei
1686 4444 2030 4515 adhibebo
2075 4445 2459 4536 adjutorem
2497 4498 2513 4526 ‚
2576 4456 2653 4514 ut
