3308 5004
755 360 882 425 612
1408 375 1487 422 nii
1536 374 1591 423 s.
1646 372 1914 422 armasio
1965 371 2222 422 nonno
2270 372 2460 420 iiiiiir.
2883 353 3089 420 ΑΗΕ.
3141 355 3232 419 25

669 462 839 532 levis
884 460 1060 531 fieri.
1114 457 1555 549 Respondent
1602 457 1748 528 illi:
1801 463 1950 542 Qua
1999 479 2125 527 nos
2164 456 2430 528 ratione
2459 455 2673 528 levem
2707 467 2772 527 te
2805 456 3230 528 reddemus

669 552 724 622 si
777 549 1007 641 gravis
1039 553 1157 620 es?
1203 553 1393 619 Itane
1438 547 1672 619 fabros
1720 569 1848 617 nos
1901 546 2260 618 arbitraris
2291 601 2308 628 ,
2361 546 2484 634 qui
2537 546 2834 617 runcina
2882 545 3235 616 leviorem

666 651 732 710 te
778 637 1046 709 efficere
1094 637 1493 729 possimus?
1646 689 1651 702 ,

753 731 929 816 §t
982 731 1165 798 Haec
1210 739 1415 814 atque
1460 725 1572 796 his
1605 724 1862 796 similia
1910 725 2049 796 illis
2094 724 2528 808 dicentibuS,
2588 735 2655 795 et
2702 723 2947 815 populi
3004 725 3238 795 risum

671 815 1182 888 concitantibus
1213 871 1229 897 ,
1282 814 1615 886 Genesius
1680 814 2014 884 divinitus
2077 825 2434 906 permotus
2469 869 2485 889 .
2541 814 2683 884 ait:
2737 813 3057 894 vesani,
3114 836 3240 904 ego

668 906 1100 976 Christianus
1132 903 1323 974 'mori
1377 903 1609 994 cupi0.
1665 903 2106 994 Respondent
2172 903 2516 993 collegae:
2569 901 2747 985 Quid
2795 902 2948 971 ita?
3012 908 3238 973 Gene—

665 997 814 1067 sius
862 994 1076 1064 dicit:
1130 998 1212 1064 Ut
1258 994 1327 1062 in
1382 992 1501 1063 illa
1547 991 1660 1062 die
1707 1014 1835 1062 ceu
1883 992 2237 1084 fugitivus,
2294 993 2365 1060 in
2416 996 2549 1060 Deo
2589 991 2932 1061 inveniar.
2976 993 3086 1061 Iis
3118 1015 3238 1062 au·

665 1085 871 1163 ditis,
924 1082 1388 1152 Diocletianus
1436 1082 1657 1152 risum
1707 1094 1936 1151 tenere
1983 1102 2118 1152 non
2171 1080 2416 1171 potuit.
2469 1079 2577 1149 Illi
2631 1102 2876 1172 porro,
2924 1094 3025 1151 ut
3074 1103 3236 1151 oon·

665 1174 983 1243 stitutum
1033 1183 1200 1250 erat,
1251 1171 1659 1242 exorcistam
1710 1183 1776 1241 et
1825 1172 2299 1260 presbyterum
2363 1169 2619 1239 ironice
2671 1183 3228 1259 repraesentant.

666 1262 853 1349 iique
900 1260 1233 1353 ingressi,
1286 1259 1531 1329 dicunt
1576 1259 1637 1328 ei
1687 1258 2172 1330 decumbenti:
2225 1257 2685 1342 Quamobrem
2745 1257 2834 1327 ad
2884 1282 3056 1342 nos,
3117 1259 3230 1334 fili.

665 1349 973 1420 misisti?
1020 1349 1354 1420 Genesius
1403 1369 1538 1417 non
1580 1349 1729 1438 jam
1778 1348 2103 1419 simulate
2133 1403 2148 1429 ,
2203 1348 2320 1418 sed
2370 1369 2453 1417 ex
2510 1347 2745 1416 animo
2793 1349 3232 1438 respondet:

668 1463 707 1505 «
745 1439 958 1529 Cupio
996 1438 1290 1528 adipisci
1339 1437 1587 1507 Christi
1620 1437 1941 1528 gratiam,
1979 1450 2055 1508 ut
2088 1448 2401 1506 renatum
2454 1458 2562 1505 me
2601 1436 2938 1516 sentienS,
2981 1437 3238 1508 liberer

668 1551 711 1598 a
762 1528 1162 1618 praecipitio
1211 1527 1596 1596 facinorum
1647 1547 2058 1596 meorum.»
2111 1526 2211 1595 Fit
2256 1525 2520 1594 clamor
2562 1525 2850 1626 populi:
2907 1547 3236 1597 cursores

668 1616 1014 1698 advolant,
1068 1615 1389 1686 adserunt
1438 1636 1729 1685 munera
1777 1615 1862 1683 ab
1913 1620 2331 1705 Imperatore
2380 1626 2812 1683 transmissa.
2872 1619 3066 1685 Cum
3106 1618 3232 1707 jam

669 1719 899 1775 autem
952 1706 1185 1794 omnia
1243 1704 1636 1773 divinorum
1706 1704 2194 1792 mysteriorum
2246 1714 2505 1775 secreta
2551 1703 2905 1794 completa
2953 1721 3230 1777 essent,

669 1793 960 1863 indutus
1005 1807 1108 1864 est
1154 1793 1458 1862 vestibus
1489 1792 1692 1873 albis,
1750 1814 2135 1882 panemque
2167 1805 2233 1861 et
2265 1791 3042 1880 dulciaria-cereosque
3073 1795 3231 1864 elai·-

671 1882 991 1972 giebatur
1034 1881 1163 1970 (a).
1216 1886 1477 1951 Interea
1545 1902 1702 1950 mox
1757 1894 2132 1951 accurrunt
2181 1881 2478 1962 milites,
2532 1894 2893 1969 tamquam
2961 1885 3070 1953 ab
3121 1889 3232 1952 lm-

670 1985 982 2070 peratore
1022 1970 1262 2050 missi,
1314 1981 1849 2070 correptumque
1895 1993 2053 2040 eum
2088 2024 2103 2051 ,
2158 1969 2517 2040 adducunt
2565 1970 2648 2039 ad
2694 1970 3062 2057 judicem.
3124 1972 3228 2042 Sed

670 2058 787 2128 ille
818 2058 988 2128 dum
1028 2058 1110 2129 ad
1165 2058 1706 2128 commentitiam
1760 2073 1826 2127 et
1875 2059 2271 2129 simulatam
2334 2060 2600 2149 rapitur
2647 2061 3224 2150 perpessionem,

669 2148 755 2217 ad
805 2169 1034 2216 veram
1084 2160 1148 2217 et
1196 2148 1533 2218 sinceram
1566 2147 2068 2218 confessionem
2119 2147 2426 2217 accedit:
2477 2161 2681 2235 atque
2727 2148 2912 2217 adeo
2949 2149 3032 2218 in
3073 2150 3225 2220 albis

667 2236 973 2306 vestibus
1020 2235 1105 2305 ad
1155 2236 1355 2306 illum
1422 2235 1776 2307 contendit
1824 2237 2052 2307 locum
2091 2292 2106 2317 ,
2161 2237 2283 2306 ubi
2332 2237 2730 2326 expectabat
2793 2237 3219 2329 imperator:

669 2325 1189 2425 ascendensque
1248 2325 1596 2417 pulpitum
1629 2382 1644 2407 ,
1716 2326 1784 2394 in
1836 2347 1974 2413 quo
2036 2338 2181 2396 erat
2229 2325 2509 2395 Veneris
2571 2337 2798 2395 statua
2834 2350 2854 2391 ι
2926 2329 3038 2396 ita
3088 2350 3218 2398 con·

669 2426 1031 2484 cionatur:
1755 2465 1761 2470 -

754 2506 791 2591 ξ
837 2508 929 2575 3.
983 2528 1019 2570 «
1048 2502 1220 2575 Audi
1271 2508 1671 2604 Imperator,
1724 2514 1789 2573 et
1821 2499 2164 2592 sapientes
2198 2525 2440 2573 omnes
2472 2504 2889 2574 auscultate.
2933 2508 3214 2575 Antehac
3261 2550 3262 2587 ¹

666 2593 934 2678 quoties
981 2615 1105 2682 ego
1156 2593 1578 2663 Christianos
1630 2592 1977 2662 nominari
2026 2592 2283 2667 audivi.
2341 2592 2755 2662 intolerabili
2818 2592 3216 2684 implicatus
3261 2594 3262 2611 ¹

666 2702 917 2761 errore,
962 2682 1347 2772 jungebam
1400 2703 1508 2750 me
1559 2681 1696 2750 illis
1743 2682 1864 2768 qui
1913 2702 2028 2751 eos
2081 2681 2354 2770 publice
2402 2681 2787 2759 trahebant,
2829 2683 3214 2771 pariterque

674 2770 1069 2850 trahebam,
1120 2784 1186 2838 et
1230 2770 1349 2856 qui
1401 2781 1738 2839 tormenta
1802 2783 2195 2839 constanter
2245 2769 2666 2858 perferrent,
2722 2769 2869 2838 illis
2942 2772 3214 2841 insulta-

670 2859 858 2939 bam,
912 2858 1353 2945 suroremque
1407 2858 1645 2947 populi
1695 2859 1765 2926 in
1817 2880 1931 2926 eos
1979 2857 2459 2928 incendebam.
2516 2864 2808 2928 Tantum
2872 2882 3040 2929 vero
3083 2860 3214 2945 ejus

672 2947 977 3015 nominis
998 2947 1236 3016 odium
1266 2967 1373 3014 me
1400 2959 1696 3035 ceperat,
1733 2958 1807 3015 ut
1833 2948 2035 3016 etiam
2067 2958 2382 3035 parentes
2405 2959 2470 3016 et
2509 2946 2749 3017 affines
2776 2970 2862 3016 ea
2900 2948 2985 3017 de
3020 2969 3214 3017 causa

668 3035 1065 3122 reliquerim
1107 3091 1122 3116 ,
1194 3034 1702 3122 maluerimque
1767 3036 2314 3125 aegrotationum
2377 3050 2437 3105 et
2487 3035 2810 3124 egestatis
2881 3036 3207 3106 molestias

669 3124 958 3213 perpeti,
1013 3146 1221 3210 quam
1272 3121 1417 3192 ulla
1467 3124 1728 3192 ratione
1779 3124 1847 3192 in
1918 3125 2135 3224 patria
2191 3146 2468 3193 manere
2526 3125 2714 3214 apud
2765 3125 3206 3195 Christianos.
3261 3130 3262 3207 Ῑ

670 3212 909 3281 Visum
959 3225 1189 3280 autem
1242 3212 1412 3279 mihi
1462 3212 1590 3282 fuit
1638 3212 1826 3282 hisce
1870 3212 2139 3291 diebuS,
2187 3214 2605 3303 perscrutari
2645 3236 2754 3283 res
2794 3227 2862 3283 et
2902 3215 3214 3304 mysteria

676 3300 1244 3380 Christianorum,
1302 3321 1437 3368 non
1486 3314 1562 3370 ut
1608 3301 1984 3376 crederem,
2037 3301 2157 3370 sed
2209 3314 2284 3371 ut
2333 3302 2470 3371 illis
2521 3304 2590 3370 in
2653 3302 3026 3393 publicum
3075 3325 3218 3393 pro·
3261 3336 3262 3339 ¹

669 3388 991 3468 serendis,
1049 3388 1302 3478 populo
1352 3390 1570 3459 risum
1622 3411 1991 3459 moverem.
2046 3394 2122 3459 At
2162 3412 2319 3459 vero
2351 3391 2774 3478 simulatque
2810 3392 3096 3461 nudum
3126 3414 3218 3460 ine

669 3478 738 3543 in
792 3490 1164 3565 conspectu
1211 3491 1431 3571 vestro
1482 3501 1663 3565 aqua
1710 3479 1831 3548 illa
1871 3478 2191 3568 perfudit,
2229 3479 2851 3571 interrogatusque,
2899 3480 3216 3573 respondi

670 3587 781 3633 me
813 3566 1089 3635 credere
1135 3588 1212 3634 ea
1260 3588 1436 3652 quae
1486 3569 2073 3657 proponebantur,
2126 3568 2265 3636 vidi
2305 3590 2517 3658 supra
2567 3590 2677 3637 me
2723 3583 3027 3640 manum
3084 3592 3222 3642 cae-
3261 3628 3262 3675 ¹

668 3653 836 3724 litus
890 3666 1293 3744 porrectam,
1347 3669 1551 3743 atque
1598 3657 1890 3746 Angelos
1949 3657 2065 3725 Dei
2115 3658 2318 3757 ignea
2369 3657 2714 3727 radiantes
2771 3658 3004 3737 facie,
3067 3660 3262 3729 mihi*

667 3744 958 3843 propius
1016 3745 1461 3826 assistenteS,
1534 3744 1935 3835 flagitiaque
1982 3767 2266 3825 omnia,
2339 3767 2517 3832 quae
2580 3769 2618 3815 a
2667 3747 2942 3847 primae
2988 3750 3218 3819 aetatis

620 3906 623 3911 ,
670 3833 891 3902 initiis
938 3855 1157 3920 usque
1205 3834 1275 3901 in
1330 3855 1652 3923 praesens
1701 3833 2181 3915 admisissem,
2236 3856 2272 3903 e
2321 3834 2499 3904 libro
2550 3849 2922 3907 recitantes
2952 3890 2971 3916 ,
3028 3850 3223 3927 amne

671 3920 765 3989 ita
813 3920 897 3990 ad
954 3944 1060 3993 me
1106 3921 1453 3993 dicentes:
1511 3929 1700 4010 Aqua
1749 3923 1917 3992 haec
1967 3922 2170 3992 diluit
2218 3945 2298 3993 ea
2344 3924 2579 3994 omnia
2640 3946 2821 4011 quae
2881 3938 2948 3995 te
3014 3946 3220 4030 agno-

668 4011 806 4078 scis
844 4024 1288 4099 perpetrasse.
1344 4017 1653 4099 Cumque
1703 4011 1891 4081 unda
1940 4012 2377 4101 baptismatis
2425 4014 2682 4083 tinctus
2715 4035 2981 4095 essem,
3019 4016 3222 4093 simul

668 4099 872 4167 etiam
901 4100 1075 4193 liber
1106 4100 1219 4168 ille
1255 4100 1600 4189 perfusuS,
1650 4100 1803 4169 nive
1831 4099 2192 4170 candidior
2224 4102 2571 4191 apparuit,
2609 4103 2702 4171 ita
2731 4115 2810 4172 ut
2844 4107 3225 4194 superioris

671 4188 1054 4277 scripturae
1104 4189 1296 4258 nulla
1348 4211 1633 4279 prorsus
1683 4189 1750 4257 in
1803 4212 1881 4258 eo
1931 4189 2213 4280 vestigia
2251 4204 2720 4261 cernerentur.
2761 4193 3223 4286 Dixeruntque

721 4329 789 4379 (n)
816 4332 930 4371 Jiire
952 4328 1207 4380 displicent
1225 4330 1404 4372 criticis
1424 4330 1688 4383 descriptae
1709 4332 1785 4372 hic
1806 4336 1854 4373 et
1873 4332 1996 4373 circa
2016 4334 2272 4373 Genesium
2289 4331 2527 4374 adhibitae
2546 4344 2632 4383 per
2652 4336 2818 4377 lusum
2837 4338 3118 4381 nonnulla
3143 4348 3222 4377 etv-⁷
3261 4336 3262 4377 1

667 4386 903 4423 remoiiiae
932 4388 1039 4433 post
1065 4383 1353 4433 baptismum
1381 4395 1501 4434 quae
1531 4388 1686 4426 serius
1714 4388 1956 4428 invaluere
1987 4387 2111 4435 apud
2143 4387 2449 4431 Chi-isthmos,
2477 4388 2629 4428 voluti
2664 4396 2827 4431 vestes
2857 4390 3018 4438 albae.
3035 4392 3173 4444 puni·
3191 4400 3222 4427 εἴ

668 4435 910 4494 dulciaria.
940 4438 1023 4476 Rei
1053 4442 1208 4477 tamen
1233 4449 1422 4497 ⁴immina
1452 4440 1654 4490 genuine
1683 4444 1940 4486 enai-ratur.
1961 4443 2014 4479 ut
2036 4441 2157 4490 apud
2177 4438 2499 4484 Ruinartiziniz
2520 4453 2575 4481 ex
2596 4443 2764 4484 codem
2787 4444 2848 4485 ut
2861 4446 3222 4495 mulum-rer„
3261 4444 3262 4529 l

671 4498 903 4537 passionis
915 4500 1089 4531 annum
1099 4494 1369 4531 statumini-¹.
3261 4532 3262 4573 1
