3308 5004
196 318 330 386 1116.
369 316 402 383 2
882 335 961 381 nrt
1007 335 1064 383 s.
1117 333 1441 384 srnrnfflo
1491 334 1650 381 rara
1689 334 1879 382 nar.
2485 320 2575 386 95

188 415 295 487 illis
320 412 711 485 sacrificium
740 414 990 485 obtulit
1027 413 1327 504 benigno
1358 426 1423 484 et
1462 412 1710 484 salutis
1751 425 2023 484 nostrae
2070 417 2336 487 auctori
2380 417 2667 487 Domino

187 504 306 573 Jesu
331 503 596 583 Christ0,
642 524 893 590 eosque
930 515 1207 573 sanctae
1233 501 1601 573 oblationis
1626 502 1996 593 participes
2027 502 2209 576 fecit.
2260 511 2497 594 Itaque
2530 518 2666 577 tota

182 592 273 662 illa
297 591 520 661 domus
551 590 806 683 gaudio
848 613 1099 683 magno
1127 605 1192 661 et
1225 591 1569 661 hilaritate
1610 589 1867 680 repleta
1900 603 2023 661 est.

250 685 453 762 §1st
508 680 773 750 Tertius
820 678 969 750 dies
1012 681 1476 781 praeterierat,
1530 702 1691 749 cum
1743 678 2146 752 Valerianus
2193 695 2257 752 et
2305 681 2668 755 Gallienus

184 774 575 859 Imperatores
623 767 818 839 valde
858 769 1056 870 impii
1105 769 1272 839 haec
1318 769 1714 849 audierunt,
1759 769 1874 855 qui
1909 768 2137 839 furore
2179 773 2473 853 accensi,
2509 771 2671 861 jus-

189 869 370 928 serunt
403 857 791 928 Nemesium
819 870 883 927 et
912 879 1063 949 ejus
1091 858 1302 928 filiam
1340 856 1698 937 Lucillam,
1736 856 1994 928 indicta
2050 862 2285 939 causa,
2327 861 2664 948 torqueri.

183 945 274 1015 Sed
294 968 429 1016 cum
465 946 679 1017 nullis
706 946 1064 1016 tormentis
1096 947 1181 1016 de
1207 946 1542 1017 sententia
1572 946 1832 1015 moveri
1867 961 2164 1036 possent,
2205 949 2361 1019 illos
2386 949 2673 1019 obtrun-

181 1034 287 1104 cari
324 1035 697 1125 jusserunt.
753 1040 831 1104 Et
880 1035 1044 1123 quia
1082 1035 1453 1125 cupiebant
1500 1033 1803 1105 Lucillae
1852 1037 2028 1125 patri
2069 1037 2484 1126 persuadere
2513 1090 2534 1117 ‚
2593 1051 2671 1106 ut

180 1124 532 1193 sententiam
572 1134 887 1205 mutaret,
928 1137 1419 1216 praeceperunt
1449 1122 1784 1193 Lucillam
1815 1124 2010 1215 prius
2036 1125 2459 1196 obtruncari.
2501 1129 2666 1195 Cum

175 1233 294 1281 vero
322 1226 382 1282 et
410 1212 702 1282 Ncmesii
742 1212 1164 1303 propositum
1204 1211 1445 1284 stabile
1492 1225 1696 1300 atque
1747 1211 2100 1284 immobile
2148 1214 2659 1315 cognovissent,

174 1299 330 1370 illum
384 1301 583 1370 etiam
644 1303 864 1371 securi
914 1301 1178 1392 percuti
1215 1302 1579 1392 jusserunt
1628 1301 1698 1369 in
1749 1299 1897 1370 loco
1948 1301 2088 1383 illo,
2152 1324 2271 1390 qut
2327 1314 2431 1373 est
2490 1303 2674 1373 inter

169 1387 309 1459 duas
344 1391 504 1471 viaS,
542 1389 829 1479 Appiam
867 1401 931 1459 et
962 1391 1295 1472 Latinam,
1342 1412 1475 1459 non
1520 1389 1721 1480 longe
1752 1389 1839 1459 ab
1872 1390 2049 1460 Urbe
2099 1396 2335 1462 Roma.
2393 1397 2673 1462 Postera

170 1475 253 1546 die
296 1479 585 1548 nefarius
623 1478 1024 1550 Valerianus
1062 1480 1274 1569 jussit
1322 1480 1802 1568 Sempronium
1833 1533 1848 1559 ,
1906 1477 2182 1568 publice
2230 1479 2662 1550 audiendum

165 1565 305 1636 sisti.
345 1568 458 1637 Cui
495 1567 708 1636 dixit:
762 1571 982 1650 Quare
1033 1589 1168 1637 non
1219 1567 1525 1640 consulis
1577 1566 1883 1656 tibiipsi,
1939 1579 2003 1637 et
2046 1568 2180 1638 diis
2213 1580 2277 1638 te
2321 1569 2617 1659 subjicis
2646 1625 2662 1652 ,

168 1676 261 1743 per
305 1677 469 1742 quos
529 1655 852 1726 universa
899 1669 1146 1726 natura
1212 1657 1469 1747 regitur
1532 1670 1597 1725 et
1650 1656 2131 1746 gubernatur?
2183 1657 2494 1727 Christus
2562 1680 2667 1728 me

165 1743 305 1833 regit
344 1757 406 1812 et
453 1744 839 1835 gubernat,
899 1745 1122 1832 inquit
1189 1745 1680 1834 Sempronius,
1733 1744 1851 1831 qui
1900 1758 1965 1814 et
2017 1745 2192 1815 hanc
2260 1746 2670 1817 sententiam

166 1831 305 1900 mihi
350 1832 803 1903 confirmavit.
858 1839 1048 1903 Tunc
1072 1834 1278 1922 jussit
1327 1833 1728 1903 Valerianus
1781 1835 2263 1921 Sempronium
2315 1834 2384 1903 in
2438 1836 2669 1925 ignem

158 1921 395 2010 conjici.
450 1921 696 1991 Milites
746 1921 956 2012 igitur
983 1944 1144 1991 cum
1183 1922 1411 2023 ignem
1465 1922 1758 1992 multum
1803 1921 2302 2003 accendissent,
2344 1938 2664 1993 sanctum

158 2006 323 2078 illum
356 2010 580 2080 virum
618 2011 1127 2100 Sempronium,
1171 2011 1415 2081 vinctis
1467 2023 1615 2100 post
1642 2024 1829 2101 terga
1884 2011 2229 2093 manibuS,
2273 2012 2339 2080 in
2372 2012 2673 2082 mediam
2757 2014 2766 2024 “

160 2095 482 2168 flammam
517 2099 980 2187 conjecerunt.
1034 2104 1269 2187 Itaque
1316 2099 1759 2169 beatissimus
1795 2111 2057 2190 martyr
2095 2102 2546 2190 Sempronius
2597 2102 2670 2171 in

159 2185 354 2255 media
401 2188 685 2257 flamma
738 2188 1031 2278 positus,
1086 2189 1403 2279 spiritum
1455 2194 1620 2258 Jesu
1672 2188 1935 2259 Christo
1987 2189 2272 2258 Domino
2311 2212 2673 2259 commen-

155 2271 333 2344 davit.
389 2276 729 2346 Pretiosae
790 2290 1015 2347 autem
1081 2278 1304 2366 ipsius
1367 2277 1695 2365 reliquiae
1746 2277 2042 2346 intactae
2107 2293 2666 2367 permanserunt.

152 2364 319 2432 Venit
363 2377 595 2434 autem
650 2366 887 2434 beatus
920 2365 1221 2435 Pontifex
1272 2367 1659 2456 Stephanus
1707 2387 1864 2435 cum
1917 2366 2187 2437 clericis
2235 2381 2303 2437 et
2348 2368 2514 2436 viris
2567 2390 2675 2437 re-

152 2447 412 2542 ligiosis,
438 2455 798 2542 sanctique
821 2455 1205 2545 Sempronii
1241 2455 1567 2543 reliquias
1589 2454 1886 2545 collegit,
1917 2467 1981 2525 et
2003 2455 2158 2524 illas
2185 2477 2343 2525 cum
2366 2455 2672 2557 Olympii

148 2553 199 2638 et
223 2544 589 2623 sociorum,
624 2544 745 2631 qui
769 2545 962 2634 prius
996 2556 1270 2636 propter
1303 2544 1645 2615 Christum
1682 2542 2016 2613 interfecti
2051 2543 2347 2625 fuerant,
2379 2558 2676 2616 sanctis-

148 2630 315 2701 simis
349 2632 667 2719 reliquiis
696 2633 1080 2702 collocavit.

216 2720 248 2804 ξ
282 2727 413 2793 11.
461 2726 622 2791 Post
645 2721 900 2791 multos
926 2722 1073 2791 dies
1099 2720 1498 2791 Valerianus
1524 2733 1589 2789 et
1614 2719 1966 2790 Gallienus
1991 2732 2368 2811 coeperunt
2394 2720 2673 2791 beatum

148 2807 537 2962 Efisoepum
603 2810 1023 2899 Stephanum
1091 2824 1157 2879 et
1214 2812 1364 2899 ejus
1426 2809 1690 2879 clerum
1759 2809 2154 2896 inquirere:
2234 2810 2401 2897 quin
2459 2811 2669 2880 etiam

144 2914 170 2960 e
212 2895 335 2966 icto
387 2899 743 2988 proposito
776 2900 1160 2989 jusserunt,
1212 2913 1288 2968 ut
1335 2898 1759 2985 ubicumque
1816 2899 2073 2967 inventi
2125 2898 2458 2977 fuissent,
2518 2911 2674 2989 post

146 2983 333 3055 multa
379 3000 448 3057 et
498 2987 687 3056 varia
737 3000 1070 3058 tormenta
1100 3043 1115 3068 ,
1174 3001 1385 3057 morte
1432 2987 1879 3058 acerbissima
1937 2999 2368 3057 necarentur.
2425 2992 2670 3074 Itaque

143 3069 366 3145 detenti
399 3087 573 3148 sunt
618 3077 846 3147 clerici
896 3077 1286 3158 duodecim,
1340 3099 1636 3164 quorum
1682 3076 1964 3145 nomina
2011 3076 2180 3146 llaec
2230 3088 2430 3145 sunt:
2488 3080 2670 3147 Fau-

146 3171 285 3243 stuS,
337 3170 629 3235 Maurus
659 3220 674 3245 ,
722 3165 1113 3235 Primitivus
1145 3220 1161 3245 ‚
1216 3164 1659 3244 Columnius,
1712 3170 2054 3247 Joannes,
2111 3165 2619 3254 Exuperantius
2655 3220 2672 3247 ‚

143 3250 431 3336 cyrillus,
479 3259 893 3335 Honoratus,
948 3253 1412 3334 Theodosius,
1466 3253 1807 3331 Basilius,
1865 3253 2206 3333 Castulus,
2258 3254 2665 3324 Donatus*:

146 3337 431 3420 quicum
490 3341 735 3411 multis
782 3342 1202 3412 cruciatibus
1237 3355 1737 3429 torquerentur,
1794 3363 2010 3428 neque
2059 3341 2315 3411 adduci
2356 3355 2663 3433 possent,

146 3437 202 3492 ut
228 3426 533 3501 facerent
578 3430 760 3517 quod
803 3432 1178 3520 Jusserant,
1223 3444 1564 3521 postremo
1614 3436 2066 3520 Imperatores
2104 3431 2471 3518 jusserunt
2509 3430 2672 3502 illos

148 3513 521 3588 obtruncari
572 3520 644 3587 in
705 3519 810 3588 via
872 3541 1046 3606 quae
1093 3520 1483 3609 appellatur
1537 3518 2042 3605 Aquaeductus.
2099 3523 2405 3601 Quorum
2468 3541 2678 3589 vene-

148 3604 326 3675 randa
373 3628 679 3698 corpora
727 3608 991 3678 curavit
1038 3608 1500 3689 TertullinuS,
1560 3607 1680 3694 qui
1730 3607 1952 3677 fuerat
2016 3606 2319 3698 Olympii
2376 3630 2619 3678 servus
2657 3663 2673 3691 ,

153 3697 439 3773 quamvis
491 3695 731 3765 adhuc
777 3709 952 3767 esset
998 3696 1299 3787 gentilis,
1336 3710 1402 3766 et
1433 3718 1671 3766 eorum
1725 3696 2050 3784 reliquias
2099 3696 2403 3786 reposuit
2505 3718 2577 3766 ro
2639 3719 2676 3767 e

150 3797 399 3932 {orpora
464 3796 868 3855 sanctorum
925 3785 1158 3856 Juvini
1223 3799 1289 3855 et
1347 3784 1644 3866 Basilei,
1721 3785 1793 3855 in
1869 3786 1973 3854 via
2046 3787 2284 3856 Latina
2352 3790 2437 3855 Ca
2468 3807 2552 3854 en
2612 3786 2679 3855 is

188 3888 425 3959 ugusti.

209 3959 240 4044 ξ
276 3967 427 4035 12.
486 3966 675 4032 Haec
717 3984 878 4032 cum
926 3961 1302 4033 audivisset
1348 3963 1589 4032 beatus
1624 3960 2012 4054 Stephanus
2049 3960 2355 4031 Pontifex
2387 4016 2402 4043 ,
2450 3960 2672 4049 jussit

157 4042 214 4111 td
243 4070 310 4118 se
338 4051 678 4122 accersiri
726 4051 1204 4133 Tertullinum,
1249 4073 1475 4139 quem,
1503 4051 1738 4121 multis
1787 4051 2292 4120 hortationibus
2338 4049 2424 4119 ad
2476 4050 2670 4120 Chri-

159 4132 404 4230 stianam
459 4139 679 4210 fidem
715 4161 1145 4231 conversum,
1192 4140 1424 4212 docuit
1471 4140 1557 4211 de
1605 4146 1839 4230 Regno
1890 4140 2027 4219 Dei,
2084 4152 2148 4209 et
2204 4139 2668 4241 sempiternae

162 4235 287 4313 mae
311 4228 676 4319 mysteriis
699 4228 1013 4311 initiavit,
1047 4229 1617 4317 sanctissimoque
1645 4229 2055 4319 baptismate
2090 4239 2433 4318 purgav1t,
2460 4242 2669 4316 atque

166 4305 307 4384 illum
364 4317 612 4389 adhuc
658 4317 819 4389 alba
865 4332 1044 4390 veste
1094 4318 1441 4400 indutum,
1496 4317 1841 4388 ordinavit
1890 4318 2397 4408 presbyterum.
2449 4323 2670 4401 Quem

202 4435 221 4459 ⁸
238 4441 291 4482 De
304 4443 381 4485 hta
393 4446 635 4488 omnibus
652 4443 757 4489 heri
777 4446 828 4487 ln
844 4446 1191 4497 martyrologio.
