3308 5004
601 306 729 373 748
1996 356 2002 366 .
2742 301 2944 369 AUG.
2998 300 3087 366 3⁰

797 509 1408 613 MARTYRIUM
1487 510 1627 612 SS.
1694 507 2071 611 FELICIS
2137 509 2262 631 ΕΤ
2330 507 2766 611 ADAUCTI

1233 752 1314 800 m·
1361 748 1650 801 nannum
1696 752 1764 801 m
1811 752 1952 800 HSS.
2006 749 2336 799 comcmus

912 841 1147 900 QUIBUS
1193 839 1695 891 surFRAGANTUR
1740 842 1934 891 ΟΙΝΙΑ
1987 840 2338 888 ΗΔΒΤΥΒΟΙ...
2391 840 2468 888 ΕΤ
2514 836 2662 887 Ano.

1288 1023 1543 1079 Romae
1584 1020 1767 1079 droa
1806 1034 2062 1079 annum
2107 1022 2258 1078 294.

595 1209 633 1295 ξ
681 1210 757 1278 1.
795 1209 959 1275 Cum
1002 1204 1224 1275 fervor
1270 1202 1671 1274 Diocletiani
1727 1214 1792 1273 et
1840 1201 2236 1273 Maximiani
2284 1212 2560 1272 sanctos
2605 1198 2725 1270 Dei
2773 1199 3081 1270 diversis

512 1295 755 1386 poenis
795 1293 1248 1364 interficeret:
1291 1292 1469 1364 duos
1516 1293 1759 1362 fratres
1793 1292 2048 1362 Felices
2089 1291 2367 1361 nomine
2398 1303 2463 1361 et
2504 1312 2732 1380 opere,
2777 1289 3078 1380 presby-

502 1396 692 1455 ·teros
739 1395 1014 1454 sanctae
1047 1382 1388 1453 Ecclesiae
1424 1380 1825 1462 catholicae,
1860 1381 2196 1471 impietati
2236 1402 2403 1450 suae
2443 1379 2734 1460 oblatoS,
2773 1378 2865 1447 ad
2910 1383 3074 1448 Dra-

511 1494 672 1543 cum
725 1473 926 1542 Urbis
963 1470 1375 1562 praefectum
1428 1470 1635 1562 dirigi
1693 1471 2099 1561 jusserunt,
2151 1469 2482 1539 dicentes:
2559 1469 2626 1538 Si
2676 1467 3076 1538 sacrificare

510 1573 1049 1642 contemnerent,
1108 1561 1546 1649 punirentur.
1599 1564 1866 1630 Interea
1913 1582 2100 1629 unus
2133 1580 2214 1628 ex
2260 1559 2432 1649 ipsis
2491 1557 2697 1638 Felix,
2754 1558 2884 1644 qui
2935 1568 3075 1626 erat

511 1650 743 1720 senior
791 1650 1022 1731 frater,
1077 1671 1240 1720 cum
1287 1671 1366 1719 ex
1410 1648 1729 1738 jussione
1783 1648 2108 1743 praefecti
2155 1647 2412 1718 ductus
2470 1645 2711 1736 suisset
2758 1646 2849 1716 ad
2891 1658 3061 1716 tem-

512 1739 710 1830 plum
748 1739 1022 1829 Serapis
1058 1739 1256 1895 i[uxta
1304 1737 1750 1808 secretarium
1788 1738 1913 1808 ubi
1959 1750 2104 1809 erat
2153 1735 2584 1826 praefectus:
2637 1734 2809 1805 dum
2867 1756 3061 1835 coge·

513 1839 708 1897 retur
754 1829 835 1897 ad
871 1827 1048 1897 sacri
1079 1828 1318 1908 icium,
1351 1826 1700 1897 exufflavit
1736 1827 1806 1896 in
1843 1826 2087 1897 faciem
2123 1837 2390 1896 statuae
2435 1846 2695 1906 aereae,
2729 1836 2798 1893 et
2828 1836 3056 1897 statim

510 1916 782 1988 cecidit.
820 1921 986 1985 Item
1029 1915 1283 1986 ductus
1312 1926 1415 1984 est
1453 1915 1524 1983 in
1576 1913 1784 1985 aliam
1836 1916 2223 1986 aediculam
2265 1914 2389 1985 ubi
2453 1913 2772 1984 Mercurii
2842 1925 3056 1983 statua

510 2018 658 2075 erat
696 2004 1092 2086 constituta,
1146 2017 1224 2075 ut
1271 2004 1368 2074 ibi
1440 2004 1649 2074 thura
1694 2005 2131 2075 incenderet:
2187 2003 2541 2091 similique
2608 2001 2820 2072 modo
2868 2000 3051 2072 exuf-

512 2093 704 2163 flavit
738 2093 807 2161 in
843 2092 1061 2178 illam,
1099 2107 1164 2163 et
1195 2092 1477 2163 corruit.
1532 2097 1701 2163 Item
1752 2093 1823 2162 in
1879 2095 2142 2164 tertiam
2185 2115 2460 2180 quoque
2492 2090 2886 2164 aediculam
2934 2090 3049 2159 du-

509 2194 664 2253 ctus
701 2195 805 2251 est
850 2182 936 2251 ad
988 2180 1442 2253 simulacrum
1479 2183 1758 2264 Dianae,
1793 2196 1858 2253 et
1904 2182 2238 2253 exufflans
2278 2183 2348 2251 in
2381 2204 2560 2262 eam,
2615 2181 2852 2253 statim
2911 2201 3041 2248 cor·

513 2272 676 2341 ruit.
714 2276 903 2341 Tunc
935 2270 1261 2341 reductus
1285 2271 1371 2340 ad
1414 2270 1871 2361 praefectum,¹
1898 2272 2281 2362 imponitur
2301 2271 2559 2351 eculeo,
2597 2284 2665 2340 et
2694 2269 3041 2356 inquiritur

510 2360 768 2448 quibus
802 2359 1163 2429 maleficiis
1212 2359 1342 2430 hoc
1373 2359 1664 2431 fecisset.
1702 2362 1832 2444 Qui
1867 2359 2292 2451 respondens
2325 2360 2465 2429 ait:
2511 2383 2547 2426 «
2581 2364 2724 2449 Ego
2764 2359 2888 2427 hoc
2920 2375 3029 2424 non

512 2447 873 2520 maleficiis
919 2447 1200 2529 diaboli,
1256 2450 1373 2520 sed
1406 2448 1763 2520 beneficiis
1811 2450 1927 2520 Dei
1960 2450 2095 2520 mei
2122 2448 2615 2540 omnipotentis
2658 2447 2844 2540 egi.»
2874 2452 3019 2540 Tunc

509 2538 737 2608 furore
765 2538 1064 2629 repletus
1114 2538 1521 2629 praefectuS,
1555 2539 1760 2626 jussit
1806 2561 1962 2609 eum
1996 2539 2158 2609 duci
2181 2540 2377 2629 juxta
2411 2560 2694 2627 murum
2735 2535 2902 2607 Urbis
2928 2551 3006 2629 na

510 2627 804 2697 Ostiensi
839 2627 924 2696 ad
975 2626 1202 2696 locum
1241 2628 1364 2715 qui
1398 2627 1705 2698 secundo
1755 2627 2053 2698 miliario
2101 2629 2188 2698 ab
2224 2629 2402 2698 Urbe
2434 2625 2629 2697 erat.⁸
2658 2632 2741 2696 Et
2766 2623 2896 2712 quia
2946 2639 3003 2687 m

511 2716 751 2786 eodem
785 2715 930 2786 loco
958 2715 1165 2787 arbor
1187 2717 1455 2786 excelsa
1485 2716 1732 2798 stabat,
1769 2717 1867 2786 ibi
1915 2717 2308 2787 sacrificare
2340 2739 2497 2786 eum
2528 2738 2682 2786 com
2695 2714 2846 2806 pelli
2862 2709 3017 2780 iecit.

512 2805 705 2888 Quod
759 2805 817 2874 si
868 2805 1157 2874 minime
1218 2804 1669 2897 adimpleret,
1729 2810 1943 2876 Draco
2002 2805 2340 2896 praefecto
2400 2805 2937 2875 renunciaretur.
2973 2802 3031 2897 A}

511 2895 637 2964 ubi
687 2899 752 2962 S.
795 2893 977 2963 Felix
1024 2893 1369 2970 adductus
1394 2907 1496 2964 est
1535 2894 1605 2963 in
1643 2907 2099 2964 memoratum
2133 2895 2389 2976 locum,
2425 2907 2502 2963 ut
2552 2891 3037 2987 nefandissimis

515 2982 883 3052 sacrificiis
931 2983 1437 3070 inquinaretur,
1473 2983 1853 3053 insufflavit
1885 2985 1952 3052 in
2006 2985 2350 3065 arborem,
2384 2995 2450 3052 et
2474 2983 2606 3052 ait:
2648 3005 2687 3048 «
2716 2979 3038 3068 Praecipio

514 3071 640 3141 tibi
681 3072 748 3138 in
790 3073 1066 3140 nomine
1103 3072 1375 3141 Domini
1409 3073 1543 3141 mei
1572 3079 1742 3143 Jesu
1783 3072 2055 3153 Christi,
2109 3086 2186 3142 ut
2232 3095 2272 3141 a
2325 3071 2679 3141 radicibus
2736 3071 2877 3140 tuis
2919 3088 3042 3138 cor-

513 3182 699 3236 ruas,
753 3172 817 3237 et
852 3160 1186 3251 templum
1238 3183 1398 3231 cum
1443 3183 1562 3230 ara
1610 3175 1677 3231 et
1724 3160 2100 3231 simulacro
2146 3162 2300 3251 ejus
2348 3161 2441 3230 ita
2488 3160 2955 3238 comminuaS,
2988 3165 3047 3222 nt

509 3270 621 3318 am
681 3247 818 3317 lius
866 3270 986 3339 per
1036 3262 1097 3318 te
1144 3250 1419 3319 animae
1485 3250 1888 3321 nullatenus
1961 3250 2491 3341 decipiantur.»
2539 3253 2616 3318 Et
2676 3249 2915 3318 statim
2980 3241 3047 3313 ad

514 3359 628 3406 ver
683 3358 797 3406 um
841 3338 1018 3406 servi
1059 3338 1171 3406 Dei
1219 3362 1261 3408 a
1295 3337 1651 3411 radicibus
1698 3360 1934 3409 eversa
1972 3351 2097 3420 est,
2136 3350 2200 3408 et
2238 3337 2573 3429 templum
2623 3349 2836 3424 atque
2885 3354 3053 3406 aram

514 3447 674 3496 cum
728 3424 1101 3495 simulacro
1135 3427 1287 3517 ejus
1319 3428 1414 3497 ita
1446 3427 1884 3509 comminuit,
1936 3441 2014 3498 ut
2064 3427 2238 3497 nihil
2288 3449 2368 3497 ex
2416 3426 2589 3518 ipsis
2621 3426 2909 3515 penitus
2953 3444 3058 3521 ap·

515 3525 804 3606 pareret.
880 3515 1071 3598 Quod
1139 3538 1298 3585 cum
1362 3517 1770 3590 nunciatum
1838 3516 2079 3587 fuisset
2127 3517 2215 3586 ab
2264 3516 2533 3596 officio,
2591 3519 2807 3585 Draco
2875 3514 3057 3583 Urbis

516 3603 877 3693 praefecto,
927 3603 1140 3690 jussit
1168 3627 1327 3674 eum
1376 3604 1616 3674 eadem
1652 3606 1759 3674 via
1795 3605 1985 3687 duci,
2028 3617 2094 3676 et
2141 3606 2209 3674 in
2246 3604 2486 3674 eodem
2522 3603 2674 3674 loco
2709 3600 3053 3676 decollari,

511 3714 903 3783 corpusque
941 3695 1093 3783 ejus
1142 3693 1581 3763 inhumatum
1618 3694 1809 3783 lupis
1854 3706 1919 3763 et
1957 3694 2249 3765 canibus
2295 3692 2708 3779 derelinqui.

525 3859 541 3877 ι
599 3784 636 3869 ἓ
688 3787 785 3866 2,
831 3782 1142 3865 Quicum
1178 3782 1570 3864 duceretur,
1605 3783 1886 3862 obvium
1927 3783 2165 3852 habuit
2195 3782 2567 3870 quemdam
2604 3781 2837 3852 virum
2874 3778 3049 3851 Ghri-

510 3872 843 3952 stianum,
890 3870 1294 3942 hominibus
1340 3871 1624 3959 quidem
1660 3869 2171 3952 absconditum,
2218 3877 2348 3941 Deo
2391 3893 2546 3940 vero
2583 3869 3050 3941 manifestum.

516 3961 641 4029 Hic
692 3979 854 4028 cum
905 3959 1258 4030 didicisset
1303 3961 1487 4047 quod
1531 3960 1773 4031 beatus
1824 3960 2006 4030 Felix
2055 3961 2411 4051 presbyter
2461 3982 2585 4051 pro
2634 3959 2892 4028 Christi
2953 3977 3066 4025 no-

516 4048 705 4116 mine
748 4051 994 4134 jussus
1049 4063 1228 4120 esset
1273 4049 1636 4140 capitalem
1691 4050 1927 4119 subire
1974 4051 2411 4130 sententiam,
2481 4049 2706 4139 coepit
2771 4046 3067 4117 clamare

516 4148 581 4206 et
628 4136 856 4207 dicere
905 4159 1064 4207 voce
1115 4160 1390 4229 magna:
1447 4161 1484 4205 «
1515 4143 1592 4207 Et
1638 4159 1768 4229 ego
1814 4159 1894 4208 ex
1953 4138 2190 4208 eadem
2260 4138 2411 4228 lege
2462 4160 2645 4218 sum,
2716 4149 2784 4207 et
2842 4138 3064 4227 ipsum

515 4246 723 4312 quem
775 4225 889 4294 hic
938 4240 1220 4297 sanctus
1254 4226 1603 4318 praedicat
1637 4227 2018 4318 presbyter,
2057 4226 2389 4296 confiteor
2424 4227 2794 4296 Dominum
2835 4232 3069 4295 Jesum

510 4313 883 4413 Christum,
936 4326 1001 4384 et
1052 4316 1203 4404 pari
1252 4316 1631 4387 sententiae
1681 4317 2079 4406 subjacebo
2120 4316 2306 4407 Elegi
2357 4316 2541 4386 enim
2592 4337 2752 4385 cum
2805 4336 2888 4384 eo
2953 4332 3067 4412 po-

515 4414 655 4471 tius
714 4402 799 4470 ad
841 4414 1116 4494 tempus
1157 4406 1357 4488 mori,
1409 4417 1475 4475 et
1524 4404 1597 4474 in
1651 4417 2011 4476 aeternum
2071 4404 2504 4495 triumphare
2567 4427 2729 4475 cum
2781 4403 3063 4473 Dounn'o

1535 4537 1554 4572 t
