3308 5004
657 241 788 324 600
1231 265 1316 319 nt
1362 269 1417 319 s.
1470 268 1769 319 Aunomo
1814 268 2015 320 amsc.
2069 266 2434 318 1101110110.
2784 251 2988 318 mc.
3035 251 3122 318 u

567 359 885 440 Galliam,
934 354 1394 446 Aquitaniam,
1432 354 1868 456 Hispaniam,
1921 353 2217 436 Italiam,
2273 365 2467 446 gesta
2525 375 2766 456 regum
2819 359 3131 425 Franco-

566 470 751 530 rum,
794 448 1002 518 vitam
1040 460 1105 515 et
1150 457 1347 515 actus
1393 441 1776 514 beatissimi
1830 442 2032 534 Eligii
2072 443 2417 535 Episcopi,
2471 445 2562 515 ab
2610 465 2762 534 ipso
2803 444 3130 513 conscri-

566 549 743 630 ptos,
780 536 956 607 vitas
978 554 1254 623 quoque
1279 532 1775 603 venerabilium
1806 532 2144 603 Abbatum
2174 545 2242 603 et
2272 531 2741 604 confessorum
2785 534 3133 624 temporis

566 627 703 708 sui,
756 637 961 713 atque
1007 622 1199 694 illius
1230 622 1526 693 civitatis
1578 621 1860 704 scrinia,
1916 621 2216 709 itemque
2263 623 2882 703 monasteriorum,
2939 643 3134 710 quae

566 720 787 807 Reges
812 727 880 784 et
926 712 1229 804 Reginae
1266 709 1732 802 permultique
1777 710 1896 780 alii
1945 710 2076 780 viri
2116 710 2235 782 reli
2293 710 2444 793 iosi,
2494 710 2613 781 illo
2659 710 3128 793 adhortante,

565 801 1028 875 construenda
1073 812 1432 881 curarunt,
1468 800 1797 892 perlegat.
1835 800 2104 883 Quibus
2138 801 2206 868 in
2282 800 2427 871 ocis
2468 801 2909 890 omnipotens
2943 805 3135 871 Deus

568 893 654 963 ad
705 892 1034 963 honorem
1085 889 1390 960 nominis
1420 889 1556 971 sui,
1603 912 1725 980 per
1771 890 2017 959 merita
2053 890 2275 959 sancti
2324 889 2694 980 pontificis,
2743 888 2972 959 multa
2997 890 3136 960 ad-

568 981 889 1051 miranda
935 1000 1158 1066 usque
1205 978 1275 1047 in
1320 1000 1641 1069 praesens
1680 990 2027 1068 operatur.

657 1077 696 1152 S
741 1075 908 1142 80.
962 1074 1197 1139 Postea
1245 1080 1472 1136 autem
1508 1068 1731 1136 visum
1781 1080 1882 1138 est
1927 1066 2218 1137 antistiti
2253 1066 2636 1138 successori
2681 1067 2862 1155 ejus,
2919 1079 3007 1137 ut
3058 1069 3130 1138 in

570 1159 797 1229 locum
824 1157 1180 1227 editiorem
1218 1155 1388 1226 illud
1442 1155 1946 1238 transferretur,
1987 1176 2238 1246 nempe
2266 1155 2352 1225 ad
2395 1155 2670 1247 plagam
2709 1155 3133 1226 orientalem

569 1247 809 1317 altaris
856 1251 924 1316 S.
976 1246 1149 1316 Petri
1202 1244 1524 1335 Apostoli.
1591 1245 1987 1316 Convocatis
2033 1244 2248 1336 igitur
2296 1245 2657 1335 permultis
2707 1245 3130 1327 monachiS,

570 1337 899 1422 omnique
944 1335 1128 1405 clero
1172 1345 1240 1404 et
1287 1334 1543 1425 populo
1602 1333 1798 1404 urbis
1844 1335 1995 1423 ejus
2057 1345 2123 1403 et
2179 1333 2386 1404 totius
2436 1334 2850 1424 provinciae,
2908 1346 3133 1404 totam

574 1437 837 1495 noctem
889 1425 958 1494 in
1004 1423 1331 1495 laudibus
1374 1435 1441 1493 et
1486 1423 1770 1511 hymnis
1804 1422 2202 1513 pervigilem
2233 1422 2452 1493 duxit.
2490 1422 2728 1494 Finitis
2759 1441 2926 1492 vero
2981 1446 3135 1492 ma-

571 1513 813 1584 tutinis
861 1513 1210 1594 laudibuS,
1263 1533 1421 1581 cum
1471 1511 1705 1582 choris
1739 1510 2275 1592 modulantium,
2305 1532 2601 1599 quorum
2633 1511 2927 1582 vocibus
2957 1535 3133 1583 can-

570 1616 781 1690 tuque
845 1603 1040 1671 suavi
1107 1602 1343 1671 omnia
1407 1600 2065 1680 circumsonabant,
2142 1622 2397 1691 corpus
2465 1601 3029 1672 sacratissimum
3092 1624 3134 1670 a

570 1691 741 1772 loco,
797 1691 916 1761 ubi
964 1691 1328 1760 humatum
1363 1686 1609 1769 fuerat,
1634 1710 1798 1759 cum
1824 1689 2526 1767 multa‚veneratione
2556 1689 2706 1790 ipso
2725 1689 2844 1758 die
2873 1696 3136 1760 Ascen-

569 1781 788 1850 sionis
824 1779 1116 1860 Domini,
1171 1778 1522 1849 transtulit
1564 1776 1908 1848 ixi-locum
1963 1778 2431 1868 praedictum,
2483 1778 2606 1848 ubi
2655 1800 2845 1848 nunc
2897 1800 3138 1867 usque

569 1868 949 1938 honorifice
999 1867 1169 1936 illud
1212 1867 1528 1937 homines
1561 1879 1992 1936 venerantur.
2035 1867 2185 1937 Fuit
2214 1868 2398 1937 enim
2434 1880 2573 1937 tam
2613 1868 2701 1937 ab
2745 1868 2945 1937 omni
2975 1890 3136 1937 cor·

569 1957 893 2047 ruptione
937 1956 1245 2026 alienum
1296 1968 1682 2045 repertum,
1734 1977 1942 2043 quam
1992 1956 2159 2027 olim
2207 1956 2429 2026 fuerat
2475 1956 2783 2057 virginea
2831 1957 3130 2047 integri-

572 2057 705 2115 tate
736 2045 1214 2135 conspicuum.
1262 2044 1441 2114 Fecit
1474 2065 1629 2114 vero
1669 2044 1847 2114 idem
1886 2046 2267 2145 Episcopus
2291 2067 2502 2134 super
2536 2067 2688 2135 ejus
2711 2044 3132 2135 sepulcrum

572 2133 904 2204 fabricam
971 2133 1346 2221 quamdam
1425 2134 1701 2203 mirifici
1768 2155 2039 2235 operm,
2094 2134 2163 2202 in
2236 2151 2445 2221 quam
2510 2133 2804 2203 contulit
2850 2137 3132 2226 argenti

572 2222 901 2293 talentum
956 2222 1332 2292 maximum
1366 2278 1381 2302 ,
1437 2223 1590 2292 auri
1651 2222 2036 2312 plurimum
2071 2275 2088 2301 ,
2141 2222 2574 2313 gemmisque
2626 2223 2917 2312 optimis
2964 2246 3133 2296 eam

529 2311 944 2402 ‘exornavitz
996 2315 1209 2399 Atque
1257 2311 1437 2381 intra
1485 2310 1677 2380 illam
1717 2311 2027 2381 condidit
2076 2311 2352 2393 lectum,
2404 2333 2607 2399 quem
2657 2325 2946 2382 sanctus
2993 2317 3133 2382 Au-

570 2400 838 2472 doenus
868 2400 955 2469 ssa
1013 2400 1407 2471 rantissimo
1439 2400 1683 2469 ardore
1719 2401 2026 2489 jusserat
2072 2401 2568 2491 parari,.atque
2614 2400 2804 2472 intus
2849 2414 2922 2471 et
2956 2401 3132 2472 foris

565 2512 740 2582 auro
789 2490 964 2560 mira
1014 2488 1197 2560 iliter
1230 2489 1517 2560 includi.
1572 2488 1700 2560 Sed
1755 2512 1837 2558 ne
1887 2489 1954 2559 id
2004 2489 2218 2571 fleret,
2265 2501 2543 2561 sanctae
2586 2489 2740 2579 ejus
2780 2489 3132 2561 voluntati

572 2580 791 2650 multa
841 2592 985 2649 tum
1033 2579 1223 2649 fuere
1268 2578 1762 2667 impedimenta
1809 2579 2099 2665 objecta.

661 2676 698 2751 ἓ
747 2672 896 2740 tn.
939 2668 1131 2751 Quod
1182 2679 1410 2737 autem
1477 2668 1627 2758 ipso
1679 2668 2151 2739 translationis
2194 2669 2347 2757 ejus
2394 2667 2508 2737 die
2543 2666 2972 2738 declaratum
3023 2682 3130 2739 est

544 2754 1013 2837 ‘miraculum
1067 2755 1131 2825 id
1186 2756 1429 2847 paucis
1460 2755 2147 2827 commemorandum
2196 2770 2342 2828 est:
2399 2756 2744 2827 Inciderat
2792 2757 2876 2838 is,
2912 2778 3120 2844 quem

569 2845 896 2926 diximuS,
929 2850 977 2913 lt
1032 2846 1310 2935 iscopus
1340 2844 1408 2914 in
1453 2844 2012 2916 molestissimam
2045 2846 2356 2937 corporis
2382 2845 2874 2926 valetudinem,
2907 2867 3112 2934 quam

568 2936 927 3004 tertianam
1004 2935 1236 3005 ebrem
1286 2945 1552 3004 vocant.
1606 2938 1913 3020 Cumque
1963 2956 2099 3004 non
2151 2934 2583 3004 mediocriter
2634 2935 2693 3003 is
2739 2956 2903 3005 eum
2940 2954 3113 3003 mor·-

441 3028 464 3053 ·
568 3022 705 3093 bus
750 3021 1122 3104 infestaret,
1166 3023 1254 3093 ita
1292 3036 1367 3093 ut
1416 3033 1703 3092 mortem
1752 3024 1886 3094 sibi
1920 3046 2084 3115 prae
2130 3022 2397 3094 foribus
2443 3023 2683 3093 adesse
2728 3025 3115 3115 suspicare-

572 3125 707 3191 tur,
749 3111 977 3181 subito
1027 3112 1204 3181 intra
1252 3112 1616 3182 Missarum
1665 3111 2026 3194 solemnia,
2077 3134 2310 3182 coram
2359 3112 2874 3193 sacerdotibus,
2931 3111 3121 3182 clero

569 3213 637 3270 et
686 3199 940 3290 populo
969 3199 1154 3270 sebre
1184 3201 1371 3270 omni
1411 3201 1796 3292 profligata,
1833 3202 2195 3292 pristinam
2229 3201 2590 3271 sanitatem
2627 3203 2906 3291 recepit.
2946 3206 3126 3269 Tum

570 3308 729 3358 vero
774 3288 1136 3359 sudarium
1185 3289 1269 3359 de
1306 3290 1528 3379 capite
1559 3290 1738 3359 beati
1786 3290 2136 3371 Αιιάοὸηἰ,
2189 3312 2312 3380 pro
2361 3290 2675 3380 reliquiis
2727 3311 2942 3359 manu
2988 3310 3129 3358 sua

571 3398 730 3447 cum
789 3377 926 3447 fide
974 3378 1273 3449 sustulit.
1314 3378 1501 3449 unde
1557 3390 1624 3448 et
1673 3379 1800 3468 ipsi
1851 3391 1915 3449 et
1968 3378 2511 3471 quamplurimis
2570 3378 2753 3461 aliis,
2829 3378 3130 3448 Domino

572 3464 925 3556 largiente,
977 3466 1167 3536 salus
1201 3466 1444 3537 collata
1491 3481 1615 3538 est.
1671 3467 1988 3555 Fecitque
2017 3468 2106 3539 ob
2138 3488 2442 3538 amorem
2495 3466 2922 3537 sanctissimi
2956 3467 3122 3548 viri,

526 3555 895 3626 ‘omnibus
941 3558 1304 3645 opiparum
1372 3556 1804 3638 convivium,
1873 3571 1939 3626 et
2004 3569 2356 3644 tamquam
2404 3558 2671 3627 Christo
2738 3556 3124 3636 assistens,

569 3643 992 3714 ambulando
1025 3645 1342 3715 sumebat
1385 3645 1659 3723 cibum,
1713 3658 1779 3716 et
1837 3645 1977 3716 illis
2036 3646 2603 3716 recumbentibus
2648 3644 2955 3715 officiose
3013 3645 3132 3713 iu-

570 3733 928 3804 servicbat.
973 3737 1179 3804 Porro
1231 3734 1759 3824 pauperioribus
1792 3755 1926 3805 non
1978 3734 2205 3806 solum
2254 3733 2685 3814 alimoniam,
2742 3733 2863 3803 sed
2906 3733 3132 3803 etiam

568 3822 1006 3893 innumeram
1047 3821 1426 3893 solidorum
1458 3823 1729 3913 copiam
1761 3822 2241 3895 distribuebat.
2287 3824 2517 3893 Sancti
2548 3824 2765 3913 igitur
2807 3821 3132 3892 Audoeni

569 3931 695 3981 nos
739 3912 1168 3983 orationibus
1215 3911 1457 3996 adjuti,
1510 3933 1845 3982 conemur
1876 3914 2034 3983 totis
2082 3911 2347 3983 viribus
2374 3911 2565 3982 illius
2613 3912 2848 3985 vitam.
2903 3909 3130 3980 fidem

571 4012 637 4068 et
686 4022 908 4071 mores
956 4000 1236 4082 imitari,
1294 4011 1372 4071 ut
1420 4021 1812 4071 mereamur
1861 4001 1948 4071 ad
1997 4023 2324 4072 coronam
2372 4000 2656 4092 gloriae,
2707 4022 2919 4088 quam
2972 3999 3133 4091 ipse

574 4087 864 4179 adeptus
892 4104 1015 4170 est,
1052 4091 1260 4160 etiam
1298 4110 1421 4159 nos
1448 4088 1862 4177 quandoque
1914 4092 2338 4182 pertingere:
2393 4094 2518 4160 Per
2567 4090 2932 4160 Dominum
2993 4109 3134 4158 no-

575 4186 789 4247 strum
837 4183 1076 4249 Jesum
1122 4179 1494 4259 Christum,
1546 4191 1676 4247 etc.

1320 4380 1371 4419 ..ᾖ
