3308 5004
701 301 787 367 72
1340 317 1421 364 nn
1466 317 1524 365 s,
1574 314 1901 365 Atrnonso
1947 316 2016 363 u.
2068 316 2149 363 nn
2195 315 2447 364 unomo
2854 295 3023 363 AUG.
3068 296 3102 361 2

612 406 695 474 ln
742 394 933 473 hisce
984 400 1401 471 meditandis
1461 423 1526 469 m
1579 401 1854 483 steriis,
1920 400 2252 491 pabulum
2305 400 2439 472 sibi
2498 398 2880 469 inveniebat
2922 419 3106 469 omne

608 492 942 562 suavitate
968 490 1478 591 plenissimum;
1563 512 1599 560 e
1631 489 1893 560 eisdem
1923 488 2203 560 assidue
2240 490 2799 568 concionabatur,
2833 509 2908 556 ac
2940 498 3106 557 tanto

612 579 893 669 quidem
922 578 1197 650 dicendi
1244 578 1508 660 ardore,
1562 591 1640 649 ut
1679 579 1825 665 jam
1876 600 2009 648 non
2060 578 2267 648 homo
2318 578 2647 660 mortaliS,
2684 575 2800 646 sed
2832 597 3005 646 unus
3034 596 3106 644 ex

610 668 885 760 Angelis
930 679 1343 738 censeretur.
1383 672 1521 737 Hos
1552 667 1824 758 pietatis
1860 688 2107 737 sensus
2144 680 2222 737 ut
2250 665 2407 737 aliis
2434 688 2709 755 quoque
2746 663 3103 744 instillaret,

611 757 850 849 plures
885 756 1101 827 edidit
1139 756 1375 839 libros,
1409 778 1583 843 quos
1615 756 1977 846 seraphica
2024 754 2288 827 diceres
2329 778 2542 826 manu
2571 766 2873 826 exaratos
2903 775 2917 820 ε
2957 754 3115 821 inter

611 868 787 934 quos
820 845 1225 917 notissimus
1248 858 1351 915 est
1373 844 1559 936 apud
1586 867 1829 915 omnes
1853 855 2089 937 gentes
2114 866 2368 915 aureus
2399 844 2699 915 Libellus
2731 841 3110 930 inscriptus:

622 937 1042 1007 Visitationes
1085 938 1187 1005 Ss,
1252 936 1697 1005 Sam-amenti.
1750 937 1917 1004 Cum
1968 956 2125 1003 vero
2172 933 2256 1002 de
2304 946 2399 1003 tot
2459 934 2714 1003 animis
2774 929 3111 1021 cogitaret,

572 1086 575 1089 ,
614 1025 872 1113 quibus
903 1037 1023 1094 aut
1069 1045 1322 1114 parvus
1368 1036 1489 1092 aut
1537 1021 1774 1094 nullus
1820 1023 1999 1092 inest
2045 1021 2301 1093 Christi
2325 1023 2593 1092 Domini
2629 1042 2844 1101 amor,
2885 1019 3117 1105 quique

620 1114 966 1205 peccando
1010 1135 1169 1183 eum
1211 1112 1589 1194 offendunt,
1642 1111 1954 1182 dolenter
1998 1111 2383 1181 exclamare
2427 1111 2731 1182 solebat:
2784 1132 2822 1177 «
2850 1106 3119 1177 Infortu-

620 1214 777 1273 nate
800 1210 969 1274 Jesu
1003 1202 1306 1272 Christe!
1359 1199 1785 1271 Infortunate
1811 1205 1981 1272 Jesu
2019 1200 2327 1270 Christe!
2374 1223 2410 1267 »
2452 1204 2665 1288 Atque
2708 1200 2871 1269 haec
2902 1195 3121 1265 intima

618 1290 1007 1382 compassio
1044 1291 1115 1359 in
1149 1310 1359 1359 causa
1405 1288 1556 1371 fuit,
1592 1312 1719 1360 cur
1754 1302 1847 1359 tot
1883 1311 1959 1359 ac
2008 1290 2239 1370 tantis,
2276 1288 2361 1358 ad
2396 1290 2793 1359 animarum
2826 1285 3117 1363 salutem,

620 1402 694 1451 se
740 1379 1097 1450 tradiderit
1142 1378 1519 1448 laboribus.

710 1470 747 1556 ξ
792 1473 936 1543 u.
988 1466 1168 1537 Illud
1201 1467 1384 1555 quod
1425 1467 1734 1539 Christus
1762 1467 1962 1537 Jesus
1997 1477 2131 1537 tam
2171 1467 2501 1537 instanter
2531 1463 2930 1535 hominibus
2964 1481 3124 1530 com-

621 1556 1019 1626 mendavit:
1073 1578 1109 1623 «
1137 1559 1411 1646 Oportet
1456 1578 1729 1645 semper
1773 1578 1969 1625 orare
2015 1570 2080 1626 et
2114 1577 2251 1626 non
2282 1555 2614 1625 deficere:
2662 1577 2699 1621 »
2749 1554 2875 1623 hoc
2917 1549 3127 1619 nullus

621 1643 908 1715 fortasse
972 1649 1374 1715 Sanctorum
1449 1645 1751 1735 penitius
1811 1644 2159 1735 Alphonso
2227 1643 2560 1714 intellexit
2616 1656 2682 1713 et
2729 1637 3130 1712 constantius

623 1733 1017 1804 inculcavit.
1070 1738 1309 1805 Preces
1359 1733 1504 1822 ipse
1552 1738 1685 1803 Deo
1742 1732 2148 1803 admovebat
2209 1734 2357 1803 sine
2410 1731 2964 1811 intermissione,
3024 1746 3132 1795 nec

623 1821 768 1892 ulla
818 1844 925 1892 res
972 1822 1058 1891 ad
1110 1844 1317 1910 quam
1371 1822 1617 1891 Christi
1666 1820 1991 1892 fidelibus
2037 1822 2425 1923 impensius
2473 1821 2860 1891 hortaretur
2888 1875 2903 1901 ,
2943 1834 3132 1905 quarn

624 1923 705 1981 ut
737 1932 1034 2001 semper,
1087 1911 1154 1980 in
1207 1910 1533 1981 omnibus
1578 1910 1843 1980 scilicet
1887 1933 2195 2002 corporis
2227 1911 2637 1998 animaeque
2677 1907 3022 2001 periculiS,
3054 1900 3130 1973 ad

624 2001 1037 2159 precationis
1069 1999 1492 2091 praesidium
1532 1998 2000 2090 confugerent.
2057 2004 2148 2070 De
2194 1999 2322 2070 hoc
2359 1999 2565 2069 etiam
2600 2010 3004 2089 argumento
3034 2013 3132 2062 ce-
3251 2068 3252 2075 χ

651 2089 1068 2159 eberrimum
1120 2089 1400 2159 Librum
1443 2086 1770 2179 vulgavit,
1822 2088 1937 2158 cui
1985 2087 2274 2159 titulus:
2324 2093 2418 2158 Dc
2452 2110 2699 2178 maqno
2758 2086 2971 2156 medio
3012 2084 3137 2152 sive

625 2179 1012 2248 ad'umento
1057 2177 1505 2268 precationis,
1563 2198 1809 2267 praeco
1854 2177 2112 2247 idcirco
2157 2176 2488 2247 orationis
2531 2175 2992 2246 communiter
3032 2191 3139 2260 ap·
3251 2230 3252 2239 ,

629 2287 715 2368 pe
746 2266 951 2336 latus.
1003 2271 1096 2335 Ex
1142 2287 1279 2352 quo
1325 2264 1701 2335 insatiabili
1749 2266 1999 2356 spiritu
2051 2287 2355 2356 precum,
2407 2278 2472 2335 et
2517 2286 2599 2335 ex
2637 2262 2976 2356 singulari
3004 2260 3140 2349 ejus
3251 2334 3252 2343 χ

626 2376 699 2425 ιι]
746 2361 985 2425 lesum
1034 2376 1265 2424 amore
1310 2366 1511 2424 enata
1556 2367 1659 2425 est
1706 2354 2045 2424 immensa
2091 2355 2243 2443 ejus
2290 2376 2370 2424 ac
2420 2375 2573 2424 vere
2618 2347 3141 2425 extraordinaria
3251 2348 3252 2359 ’

626 2443 699 2515 in
749 2443 1107 2534 Deiparam
1157 2442 1501 2535 Virginem
1556 2443 1795 2534 pietas.
1849 2447 2117 2527 Quanto
2154 2464 2386 2514 amore
2416 2443 2750 2533 optimam
2789 2442 2988 2512 istam
3019 2441 3141 2507 Ma·
3251 2507 3252 2522 ,

629 2545 799 2605 trem
902 2547 1422 2622 rosequeretur,
1476 2533 1664 2603 haud
1713 2531 1915 2602 facile
1958 2546 2060 2603 est
2114 2532 2482 2622 explicatu.
2547 2532 2901 2615 Quamdiu
2947 2527 3138 2604 vixit,
3251 2553 3252 2598 3

629 2622 803 2694 nihil
854 2556 1102 2693 habuit
1146 2622 1544 2710 antiquiuS,
1596 2644 1805 2709 quam
1856 2632 1934 2691 ut
1980 2621 2065 2690 ad
2113 2621 2264 2712 ejus
2310 2625 2534 2703 Festa,
2586 2619 2966 2712 duplicatis
3009 2636 3146 2686 ora·
3251 2661 3252 2666 ,

629 2711 936 2783 tionibus
983 2726 1186 2798 atque
1230 2711 1625 2803 omnigenis
1654 2710 2092 2799 poenitentiis
2125 2732 2196 2780 se
2228 2722 2666 2800 praepararet
2696 2706 3142 2780 sanctissime.
3251 2743 3252 2748 =

631 2799 937 2890 Singulis
984 2800 1289 2869 sabbatis
1338 2799 1405 2867 in
1460 2799 1949 2869 dilectissimae
1997 2799 2230 2869 Matris
2276 2797 2606 2869 honorem
2662 2797 3002 2890 'eJunium
3047 2812 3151 2862 ce·

628 2888 983 2969 lebrabat‚
1036 2887 1183 2958 solo
1244 2900 1410 2957 tunc
1470 2910 1647 2979 pane
1693 2899 1759 2958 et
1803 2889 1987 2974 aqua
2043 2899 2431 2958 contentus.
2502 2886 2629 2958 Nul
2664 2910 2777 2957 am
2840 2884 3151 2956 inchoare

628 2976 892 3047 solebat
937 2977 1274 3047 actionem
1326 2976 1496 3064 quin
1550 2977 1745 3068 prius
1805 2976 2053 3046 Mariae
2111 2998 2186 3047 se
2244 2975 2808 3057 commendaret,
2874 2989 3152 3059 eamque

628 3063 811 3135 dicto
839 3069 979 3135 Ave
1008 3067 1228 3135 Maria
1261 3066 1370 3155 pie
1399 3065 1751 3136 salutaret.
1790 3064 1994 3135 Nulla
2035 3086 2346 3152 unquam
2381 3064 2446 3134 ei
2481 3077 2829 3136 transacta
2852 3077 2962 3135 est
2984 3062 3144 3138 dies,

627 3153 798 3242 quin
833 3153 1097 3224 tertiam
1126 3153 1394 3224 Rosarii
1424 3165 1686 3243 partem
1720 3153 2029 3223 recitaret
2058 3177 2075 3234 ;
2119 3167 2321 3241 atque
2351 3153 2437 3222 ad
2477 3153 2658 3223 hanc
2696 3153 3151 3224 recitationem

631 3253 784 3312 voto
816 3263 888 3313 se
926 3241 1405 3313 adstrinxerat.
1457 3241 1807 3323 Similiter,
1861 3242 1929 3311 vi
1975 3242 2133 3324 voti,
2186 3241 2516 3312 omnibus
2553 3242 2866 3315 sabbatis
2900 3256 3152 3314 sacram

630 3329 719 3401 de
775 3336 846 3401 B.
899 3331 1176 3421 Virgine
1223 3330 1622 3401 concionem
1676 3330 1762 3400 ad
1813 3331 2146 3421 populum
2199 3330 2517 3402 habebat.
2579 3336 2749 3401 Cum
2802 3342 3030 3401 autem
3077 3323 3155 3424 dc

632 3419 1044 3490 charissima
1076 3425 1284 3489 Matre
1331 3419 1351 3488 l
1447 3431 1744 3502 ueretur,
1783 3418 1851 3488 id
1886 3431 2074 3490 tanto
2120 3419 2381 3490 fervore
2412 3419 2726 3500 faciebat,
2762 3433 2842 3490 ut
2876 3440 2995 3490 cor
3030 3416 3156 3504 ipst

631 3529 672 3577 e
716 3520 987 3599 pectore
1025 3508 1299 3578 exsilire
1334 3508 1394 3577 vi
1447 3520 1698 3578 eretur.
1749 3513 1978 3596 Neque
2023 3508 2135 3581 his
2181 3521 2582 3588 contentus,
2632 3509 2967 3578 eximium
3006 3523 3157 3575 con·

631 3596 909 3687 scripsit
946 3608 1150 3684 atque
1197 3598 1268 3667 in
1331 3596 1553 3667 lucem
1602 3597 1821 3667 edidit
1886 3597 2167 3668 Librum
2231 3597 2317 3667 de
2363 3598 2608 3669 Gloriis
2660 3597 3034 3673 Marianis,
3084 3610 3160 3660 ex

630 3684 841 3773 cujus
886 3684 1184 3776 singulis
1233 3685 1546 3776 paginis,
1600 3707 1689 3756 ne
1734 3685 2052 3756 dicamus
2110 3686 2374 3766 verbis,
2429 3685 2865 3755 admirabilis
2911 3702 3047 3772 quo
3091 3679 3158 3748 in

630 3773 917 3845 Mariam
955 3774 1416 3856 exaestuabat,
1454 3796 1650 3845 amor
1683 3775 2036 3865 pietasque
2066 3775 2498 3845 exhalantur.
2533 3773 2707 3857 Quid
2737 3775 2891 3865 Jam
2927 3768 3162 3863 plura?

630 3867 821 3934 Teste
858 3862 1054 3932 Bulla
1086 3863 1656 3946 Canonizationis‚
1689 3862 2048 3953 Deiparam
2090 3863 2465 3955 Virginem,
2503 3874 2581 3931 ut
2616 3861 2810 3933 filius
2844 3875 3155 3936 matrem,

632 3951 976 4044 singulari
1004 3972 1290 4043 prorsus
1315 3953 1561 4042 pietate
1587 3973 1859 4043 semper
1887 3965 2294 4042 prosecutus
2321 3965 2444 4022 est.
2483 3974 2519 4019 »
2551 3955 2764 4039 Atque
2792 3951 2853 4021 is
2887 3948 3165 4046 quidem

630 4039 760 4111 fuit
783 4040 1198 4131 Alphonsus,
1231 4062 1438 4129 quem
1464 4041 1776 4112 Christus
1799 4062 1967 4111 suae
1997 4040 2186 4111 dedit
2209 4040 2551 4112 Ecclesiae
2572 4053 2929 4128 tamquam
2965 4043 3167 4107 Insti-

629 4141 925 4199 tutorem
994 4129 1557 4222 Congregationis
1624 4134 1728 4200 Ss.
1782 4130 2282 4221 Redemptoris.
2336 4129 2853 4220 sexagesimum
2909 4136 3169 4200 sextum

633 4238 802 4287 suae
831 4219 1071 4289 aetatis
1099 4241 1366 4290 annum
1382 4220 1528 4309 jam
1557 4219 1875 4309 attigerat
1903 4230 2184 4290 sanctus
2209 4218 2580 4299 Fundator,
2609 4239 2767 4289 cum
2796 4217 2886 4287 ad
2921 4232 3170 4286 novum

631 4304 807 4406 vitae
838 4327 1057 4398 genus
1095 4307 1428 4378 divinitus
1462 4320 1743 4378 vocatus
1779 4319 1904 4389 est,
1952 4329 2202 4400 nempe
2233 4307 2320 4377 ad
2354 4306 2873 4399 Episcopatum,
2918 4305 3008 4375 de
3036 4320 3172 4391 quo

634 4392 837 4466 nobis
883 4416 1071 4466 nunc
1108 4418 1334 4469 sermo
1369 4397 1550 4467 venit
1582 4396 2075 4469 instituendus,
