<?xml version="1.0" encoding="UTF-8"?>
<!DOCTYPE html PUBLIC "-//W3C//DTD XHTML 1.0 Transitional//EN"
    "http://www.w3.org/TR/xhtml1/DTD/xhtml1-transitional.dtd">
<html xmlns="http://www.w3.org/1999/xhtml" xml:lang="en" lang="en">
 <head>
  <title>
</title>
<meta http-equiv="Content-Type" content="text/html;charset=utf-8" />
  <meta name='ocr-system' content='tesseract 3.04.00' />
  <meta name='ocr-capabilities' content='ocr_page ocr_carea ocr_par ocr_line ocrx_word'/>
</head>
<body>
  <div class='ocr_page' id='page_1' title='image "./historiaeseuvit01lippgoog_0858.png"; bbox 0 0 3308 5004; ppageno 0'>
   <div class='ocr_carea' id='block_1_1' title="bbox 3242 107 3274 279">
    <p class='ocr_par' dir='ltr' id='par_1_1' title="bbox 3242 107 3274 279">
     <span class='ocr_line' id='line_1_1' title="bbox 3242 107 3274 279; baseline 0 0"><span class='ocrx_word' id='word_1_1' title='bbox 3242 107 3274 279; x_wconf 82' lang='lat' dir='ltr'><strong>&#39;l</strong></span> 
     </span>
    </p>
   </div>
   <div class='ocr_carea' id='block_1_2' title="bbox 760 336 3197 406">
    <p class='ocr_par' dir='ltr' id='par_1_2' title="bbox 760 336 3197 406">
     <span class='ocr_line' id='line_1_2' title="bbox 760 336 3197 406; baseline -0.002 0"><span class='ocrx_word' id='word_1_2' title='bbox 760 341 884 406; x_wconf 73' lang='lat'><strong>754</strong></span> <span class='ocrx_word' id='word_1_3' title='bbox 1533 358 1613 405; x_wconf 71' lang='lat' dir='ltr'><strong>m:</strong></span> <span class='ocrx_word' id='word_1_4' title='bbox 1663 358 1716 404; x_wconf 90' lang='lat' dir='ltr'><strong>s.</strong></span> <span class='ocrx_word' id='word_1_5' title='bbox 1772 357 1933 405; x_wconf 59' lang='lat' dir='ltr'><strong>aosx</strong></span> <span class='ocrx_word' id='word_1_6' title='bbox 1981 355 2149 404; x_wconf 72' lang='lat' dir='ltr'><strong>vino.</strong></span> <span class='ocrx_word' id='word_1_7' title='bbox 2205 356 2337 403; x_wconf 70' lang='grc' dir='ltr'><strong>ιιι.</strong></span> <span class='ocrx_word' id='word_1_8' title='bbox 2887 336 3083 404; x_wconf 79' lang='lat' dir='ltr'><strong>AUG.</strong></span> <span class='ocrx_word' id='word_1_9' title='bbox 3132 336 3197 401; x_wconf 76' lang='lat'><strong>30</strong></span> 
     </span>
    </p>
   </div>
   <div class='ocr_carea' id='block_1_3' title="bbox 647 432 3273 4546">
    <p class='ocr_par' dir='ltr' id='par_1_3' title="bbox 647 432 3273 4546">
     <span class='ocr_line' id='line_1_3' title="bbox 667 432 3200 533; baseline -0.002 -20"><span class='ocrx_word' id='word_1_10' title='bbox 667 466 709 513; x_wconf 91' lang='lat' dir='ltr'><strong>a</strong></span> <span class='ocrx_word' id='word_1_11' title='bbox 748 456 967 513; x_wconf 87' lang='lat' dir='ltr'><strong>matre</strong></span> <span class='ocrx_word' id='word_1_12' title='bbox 1002 443 1205 532; x_wconf 87' lang='lat' dir='ltr'><strong>jussa</strong></span> <span class='ocrx_word' id='word_1_13' title='bbox 1251 441 1458 514; x_wconf 90' lang='lat' dir='ltr'><strong>domo</strong></span> <span class='ocrx_word' id='word_1_14' title='bbox 1503 443 1748 523; x_wconf 89' lang='lat' dir='ltr'><strong>exivit;</strong></span> <span class='ocrx_word' id='word_1_15' title='bbox 1802 453 1977 533; x_wconf 88' lang='lat' dir='ltr'><strong>post,</strong></span> <span class='ocrx_word' id='word_1_16' title='bbox 2029 439 2343 532; x_wconf 89' lang='lat' dir='ltr'><strong>exemplo</strong></span> <span class='ocrx_word' id='word_1_17' title='bbox 2398 461 2564 510; x_wconf 91' lang='lat' dir='ltr'><strong>suae</strong></span> <span class='ocrx_word' id='word_1_18' title='bbox 2599 440 3005 530; x_wconf 79' lang='lat' dir='ltr'>magistrae,</span> <span class='ocrx_word' id='word_1_19' title='bbox 3058 432 3200 509; x_wconf 78' lang='lat' dir='ltr'><strong>ri&#39;&#39;·</strong></span> 
     </span>
     <span class='ocr_line' id='line_1_4' title="bbox 670 529 3200 611; baseline -0.001 -9"><span class='ocrx_word' id='word_1_20' title='bbox 670 532 861 603; x_wconf 90' lang='lat' dir='ltr'><strong>diore</strong></span> <span class='ocrx_word' id='word_1_21' title='bbox 900 532 1131 601; x_wconf 77' lang='lat' dir='ltr'><strong>inedia</strong></span> <span class='ocrx_word' id='word_1_22' title='bbox 1181 531 1411 601; x_wconf 80' lang='lat' dir='ltr'><strong>vultus</strong></span> <span class='ocrx_word' id='word_1_23' title='bbox 1461 544 1886 601; x_wconf 77' lang='lat' dir='ltr'><strong>venustatem</strong></span> <span class='ocrx_word' id='word_1_24' title='bbox 1936 530 2398 611; x_wconf 82' lang='lat' dir='ltr'>imminuere,</span> <span class='ocrx_word' id='word_1_25' title='bbox 2455 541 2657 599; x_wconf 90' lang='lat' dir='ltr'><strong>veste·</strong></span> <span class='ocrx_word' id='word_1_26' title='bbox 2689 529 2949 600; x_wconf 90' lang='lat' dir='ltr'><strong>humili</strong></span> <span class='ocrx_word' id='word_1_27' title='bbox 3000 542 3069 599; x_wconf 89' lang='lat' dir='ltr'><strong>et</strong></span> <span class='ocrx_word' id='word_1_28' title='bbox 3149 552 3200 599; x_wconf 82' lang='lat' dir='ltr'><strong>e·</strong></span> 
     </span>
     <span class='ocr_line' id='line_1_5' title="bbox 668 618 3199 711; baseline -0.002 -20"><span class='ocrx_word' id='word_1_29' title='bbox 668 624 901 711; x_wconf 78' lang='lat' dir='ltr'><strong>specta</strong></span> <span class='ocrx_word' id='word_1_30' title='bbox 926 621 1237 710; x_wconf 89' lang='lat' dir='ltr'><strong>corporis</strong></span> <span class='ocrx_word' id='word_1_31' title='bbox 1261 620 1641 711; x_wconf 69' lang='lat' dir='ltr'><strong>agilitatem</strong></span> <span class='ocrx_word' id='word_1_32' title='bbox 1675 620 1921 701; x_wconf 86' lang='lat' dir='ltr'><strong>celare,</strong></span> <span class='ocrx_word' id='word_1_33' title='bbox 1961 618 2467 704; x_wconf 88' lang='lat' dir='ltr'><strong>hominumque</strong></span> <span class='ocrx_word' id='word_1_34' title='bbox 2508 630 2952 709; x_wconf 86' lang='lat' dir='ltr'><strong>prospectum</strong></span> <span class='ocrx_word' id='word_1_35' title='bbox 2996 618 3199 706; x_wconf 82' lang='lat' dir='ltr'><strong>quoad</strong></span> 
     </span>
     <span class='ocr_line' id='line_1_6' title="bbox 671 707 3199 804; baseline -0.002 -23"><span class='ocrx_word' id='word_1_36' title='bbox 671 722 932 804; x_wconf 87' lang='lat' dir='ltr'><strong>poterat</strong></span> <span class='ocrx_word' id='word_1_37' title='bbox 978 708 1327 779; x_wconf 83' lang='lat' dir='ltr'><strong>declinare</strong></span> <span class='ocrx_word' id='word_1_38' title='bbox 1364 710 1656 780; x_wconf 82' lang='lat' dir='ltr'><strong>curavit.</strong></span> <span class='ocrx_word' id='word_1_39' title='bbox 1696 708 1820 779; x_wconf 88' lang='lat' dir='ltr'><strong>His</strong></span> <span class='ocrx_word' id='word_1_40' title='bbox 1851 709 2111 779; x_wconf 87' lang='lat' dir='ltr'><strong>sanctis</strong></span> <span class='ocrx_word' id='word_1_41' title='bbox 2149 707 2417 778; x_wconf 87' lang='lat' dir='ltr'><strong>artibus</strong></span> <span class='ocrx_word' id='word_1_42' title='bbox 2466 728 2623 797; x_wconf 90' lang='lat' dir='ltr'><strong>spes</strong></span> <span class='ocrx_word' id='word_1_43' title='bbox 2652 728 2899 777; x_wconf 87' lang='lat' dir='ltr'><strong>omnes</strong></span> <span class='ocrx_word' id='word_1_44' title='bbox 2946 710 3199 798; x_wconf 82' lang='lat' dir='ltr'><strong>nuptia·</strong></span> 
     </span>
     <span class='ocr_line' id='line_1_7' title="bbox 669 797 3203 887; baseline -0.001 -17"><span class='ocrx_word' id='word_1_45' title='bbox 669 820 826 869; x_wconf 89' lang='lat' dir='ltr'><strong>rum</strong></span> <span class='ocrx_word' id='word_1_46' title='bbox 876 798 1132 880; x_wconf 88' lang='lat' dir='ltr'><strong>elusit,</strong></span> <span class='ocrx_word' id='word_1_47' title='bbox 1186 820 1323 868; x_wconf 90' lang='lat' dir='ltr'><strong>non</strong></span> <span class='ocrx_word' id='word_1_48' title='bbox 1374 811 1599 868; x_wconf 90' lang='lat' dir='ltr'><strong>tamen</strong></span> <span class='ocrx_word' id='word_1_49' title='bbox 1649 819 2167 887; x_wconf 79' lang='lat' dir='ltr'><strong>quamcumque</strong></span> <span class='ocrx_word' id='word_1_50' title='bbox 2280 816 2541 886; x_wconf 89' lang='lat' dir='ltr'><strong>ugnam</strong></span> <span class='ocrx_word' id='word_1_51' title='bbox 2610 797 2846 865; x_wconf 87' lang='lat' dir='ltr'><strong>evasit.</strong></span> <span class='ocrx_word' id='word_1_52' title='bbox 2907 800 2995 866; x_wconf 88' lang='lat' dir='ltr'><strong>In</strong></span> <span class='ocrx_word' id='word_1_53' title='bbox 3040 810 3203 867; x_wconf 87' lang='lat' dir='ltr'><strong>statu</strong></span> 
     </span>
     <span class='ocr_line' id='line_1_8' title="bbox 670 883 3201 977; baseline -0.002 -18"><span class='ocrx_word' id='word_1_54' title='bbox 670 888 854 959; x_wconf 91' lang='lat' dir='ltr'><strong>enim</strong></span> <span class='ocrx_word' id='word_1_55' title='bbox 905 888 1082 958; x_wconf 83' lang='lat' dir='ltr'><strong>vitae</strong></span> <span class='ocrx_word' id='word_1_56' title='bbox 1141 886 1506 977; x_wconf 89' lang='lat' dir='ltr'><strong>deligendo</strong></span> <span class='ocrx_word' id='word_1_57' title='bbox 1553 885 1677 956; x_wconf 90' lang='lat' dir='ltr'><strong>diu</strong></span> <span class='ocrx_word' id='word_1_58' title='bbox 1743 886 2184 974; x_wconf 89' lang='lat' dir='ltr'><strong>multumque</strong></span> <span class='ocrx_word' id='word_1_59' title='bbox 2258 884 2637 956; x_wconf 84' lang='lat' dir='ltr'><strong>uetandum</strong></span> <span class='ocrx_word' id='word_1_60' title='bbox 2688 883 2840 954; x_wconf 84' lang='lat' dir='ltr'><strong>fuit.</strong></span> <span class='ocrx_word' id='word_1_61' title='bbox 2918 885 3201 954; x_wconf 77' lang='lat' dir='ltr'><strong>Tandem</strong></span> 
     </span>
     <span class='ocr_line' id='line_1_9' title="bbox 669 975 3273 1074; baseline -0.002 -25"><span class='ocrx_word' id='word_1_62' title='bbox 669 975 969 1049; x_wconf 86' lang='lat' dir='ltr'><strong>obtinuit</strong></span> <span class='ocrx_word' id='word_1_63' title='bbox 1016 976 1348 1067; x_wconf 86' lang='lat' dir='ltr'><strong>vigesimo</strong></span> <span class='ocrx_word' id='word_1_64' title='bbox 1384 976 1626 1046; x_wconf 89' lang='lat' dir='ltr'><strong>aetatis</strong></span> <span class='ocrx_word' id='word_1_65' title='bbox 1673 998 1898 1056; x_wconf 90' lang='lat' dir='ltr'><strong>anno,</strong></span> <span class='ocrx_word' id='word_1_66' title='bbox 1953 986 2053 1056; x_wconf 86' lang='lat' dir='ltr'><strong>ut,</strong></span> <span class='ocrx_word' id='word_1_67' title='bbox 2107 975 2577 1045; x_wconf 86' lang='lat' dir='ltr'><strong>consentiente</strong></span> <span class='ocrx_word' id='word_1_68' title='bbox 2638 987 2884 1054; x_wconf 88' lang='lat' dir='ltr'><strong>matre,</strong></span> <span class='ocrx_word' id='word_1_69' title='bbox 2950 988 3205 1074; x_wconf 85' lang='lat' dir='ltr'><strong>coopta·</strong></span> <span class='ocrx_word' id='word_1_70' title='bbox 3272 1030 3273 1067; x_wconf 48' lang='lat'>3</span> 
     </span>
     <span class='ocr_line' id='line_1_10' title="bbox 673 1063 3202 1157; baseline -0.002 -21"><span class='ocrx_word' id='word_1_71' title='bbox 673 1077 865 1136; x_wconf 89' lang='lat' dir='ltr'><strong>retur</strong></span> <span class='ocrx_word' id='word_1_72' title='bbox 911 1063 1142 1157; x_wconf 89' lang='lat' dir='ltr'><strong>palam</strong></span> <span class='ocrx_word' id='word_1_73' title='bbox 1192 1065 1261 1134; x_wconf 90' lang='lat' dir='ltr'><strong>in</strong></span> <span class='ocrx_word' id='word_1_74' title='bbox 1316 1064 1530 1135; x_wconf 85' lang='lat' dir='ltr'><strong>filiam</strong></span> <span class='ocrx_word' id='word_1_75' title='bbox 1582 1065 1805 1135; x_wconf 90' lang='lat' dir='ltr'><strong>sancti</strong></span> <span class='ocrx_word' id='word_1_76' title='bbox 1852 1064 2229 1146; x_wconf 91' lang='lat' dir='ltr'><strong>Dominici,</strong></span> <span class='ocrx_word' id='word_1_77' title='bbox 2286 1073 2644 1153; x_wconf 89' lang='lat' dir='ltr'><strong>assumpto</strong></span> <span class='ocrx_word' id='word_1_78' title='bbox 2691 1066 2757 1132; x_wconf 91' lang='lat' dir='ltr'><strong>S.</strong></span> <span class='ocrx_word' id='word_1_79' title='bbox 2810 1063 3202 1134; x_wconf 80' lang='lat' dir='ltr'><strong>Catharmae</strong></span> 
     </span>
     <span class='ocr_line' id='line_1_11' title="bbox 677 1150 3273 1243; baseline -0.002 -18"><span class='ocrx_word' id='word_1_80' title='bbox 677 1154 1000 1225; x_wconf 89' lang='lat' dir='ltr'><strong>Senensis</strong></span> <span class='ocrx_word' id='word_1_81' title='bbox 1047 1152 1314 1235; x_wconf 87' lang='lat' dir='ltr'><strong>habitu,</strong></span> <span class='ocrx_word' id='word_1_82' title='bbox 1369 1176 1507 1241; x_wconf 90' lang='lat' dir='ltr'><strong>quo</strong></span> <span class='ocrx_word' id='word_1_83' title='bbox 1555 1154 1855 1224; x_wconf 91' lang='lat' dir='ltr'><strong>candent</strong></span> <span class='ocrx_word' id='word_1_84' title='bbox 1918 1174 2187 1223; x_wconf 89' lang='lat' dir='ltr'><strong>sorores</strong></span> <span class='ocrx_word' id='word_1_85' title='bbox 2242 1152 2446 1222; x_wconf 84' lang='lat' dir='ltr'><strong>Tertii</strong></span> <span class='ocrx_word' id='word_1_86' title='bbox 2495 1150 2773 1222; x_wconf 87' lang='lat' dir='ltr'><strong>Ordinis</strong></span> <span class='ocrx_word' id='word_1_87' title='bbox 2807 1207 2823 1233; x_wconf 92' lang='lat'><strong>,</strong></span> <span class='ocrx_word' id='word_1_88' title='bbox 2882 1152 3100 1243; x_wconf 79' lang='lat' dir='ltr'><strong>vulgo</strong></span> <span class='ocrx_word' id='word_1_89' title='bbox 3137 1150 3201 1221; x_wconf 85' lang='lat' dir='ltr'><strong>de</strong></span> <span class='ocrx_word' id='word_1_90' title='bbox 3272 1178 3273 1187; x_wconf 49' lang='lat'>¹</span> 
     </span>
     <span class='ocr_line' id='line_1_12' title="bbox 676 1241 3200 1332; baseline -0.002 -19"><span class='ocrx_word' id='word_1_91' title='bbox 676 1242 1119 1315; x_wconf 77' lang='lat' dir='ltr'><strong>Poenitentia.</strong></span> <span class='ocrx_word' id='word_1_92' title='bbox 1172 1247 1335 1312; x_wconf 87' lang='lat' dir='ltr'><strong>Eam</strong></span> <span class='ocrx_word' id='word_1_93' title='bbox 1411 1265 1712 1331; x_wconf 90' lang='lat' dir='ltr'><strong>namque</strong></span> <span class='ocrx_word' id='word_1_94' title='bbox 1778 1242 2136 1312; x_wconf 89' lang='lat' dir='ltr'><strong>severioris</strong></span> <span class='ocrx_word' id='word_1_95' title='bbox 2201 1246 2266 1311; x_wconf 91' lang='lat' dir='ltr'><strong>S.</strong></span> <span class='ocrx_word' id='word_1_96' title='bbox 2321 1241 2555 1311; x_wconf 80' lang='lat' dir='ltr'><strong>Clarae</strong></span> <span class='ocrx_word' id='word_1_97' title='bbox 2620 1241 2848 1330; x_wconf 88' lang='lat' dir='ltr'><strong>primo</strong></span> <span class='ocrx_word' id='word_1_98' title='bbox 2924 1242 3200 1332; x_wconf 62' lang='lat' dir='ltr'><strong>virgines</strong></span> 
     </span>
     <span class='ocr_line' id='line_1_13' title="bbox 677 1329 3201 1403; baseline -0.002 -1"><span class='ocrx_word' id='word_1_99' title='bbox 677 1331 1079 1403; x_wconf 88' lang='lat' dir='ltr'><strong>monasterii</strong></span> <span class='ocrx_word' id='word_1_100' title='bbox 1125 1332 1466 1403; x_wconf 85' lang='lat' dir='ltr'><strong>Limensis</strong></span> <span class='ocrx_word' id='word_1_101' title='bbox 1510 1332 1576 1400; x_wconf 91' lang='lat' dir='ltr'><strong>in</strong></span> <span class='ocrx_word' id='word_1_102' title='bbox 1629 1330 2059 1401; x_wconf 86' lang='lat' dir='ltr'><strong>fundationis</strong></span> <span class='ocrx_word' id='word_1_103' title='bbox 2107 1330 2412 1401; x_wconf 90' lang='lat' dir='ltr'><strong>sodalem</strong></span> <span class='ocrx_word' id='word_1_104' title='bbox 2464 1329 2716 1399; x_wconf 89' lang='lat' dir='ltr'><strong>habere</strong></span> <span class='ocrx_word' id='word_1_105' title='bbox 2764 1330 2939 1400; x_wconf 91' lang='lat' dir='ltr'><strong>totis</strong></span> <span class='ocrx_word' id='word_1_106' title='bbox 2971 1331 3201 1400; x_wconf 77' lang='lat' dir='ltr'><strong>viribus</strong></span> 
     </span>
     <span class='ocr_line' id='line_1_14' title="bbox 675 1417 3196 1511; baseline -0.003 -20"><span class='ocrx_word' id='word_1_107' title='bbox 675 1421 1131 1492; x_wconf 86' lang='lat' dir='ltr'><strong>conabantur.</strong></span> <span class='ocrx_word' id='word_1_108' title='bbox 1186 1420 1754 1490; x_wconf 83' lang='lat' dir='ltr'><strong>sanctimoniales</strong></span> <span class='ocrx_word' id='word_1_109' title='bbox 1803 1419 2243 1511; x_wconf 90' lang='lat' dir='ltr'><strong>postmodum</strong></span> <span class='ocrx_word' id='word_1_110' title='bbox 2280 1419 2497 1488; x_wconf 90' lang='lat' dir='ltr'><strong>sancti</strong></span> <span class='ocrx_word' id='word_1_111' title='bbox 2530 1417 2831 1487; x_wconf 91' lang='lat' dir='ltr'><strong>doctoris</strong></span> <span class='ocrx_word' id='word_1_112' title='bbox 2885 1420 3196 1489; x_wconf 72' lang='lat' dir='ltr'><strong>Ecclesiae</strong></span> 
     </span>
     <span class='ocr_line' id='line_1_15' title="bbox 671 1506 3195 1600; baseline -0.002 -20"><span class='ocrx_word' id='word_1_113' title='bbox 671 1509 1037 1600; x_wconf 80' lang='lat' dir='ltr'><strong>Augustini</strong></span> <span class='ocrx_word' id='word_1_114' title='bbox 1070 1507 1258 1578; x_wconf 89' lang='lat' dir='ltr'><strong>illam</strong></span> <span class='ocrx_word' id='word_1_115' title='bbox 1300 1509 1444 1597; x_wconf 87' lang='lat' dir='ltr'><strong>jam</strong></span> <span class='ocrx_word' id='word_1_116' title='bbox 1478 1509 1684 1579; x_wconf 89' lang='lat' dir='ltr'><strong>domo</strong></span> <span class='ocrx_word' id='word_1_117' title='bbox 1714 1509 1798 1579; x_wconf 88' lang='lat' dir='ltr'><strong>ad</strong></span> <span class='ocrx_word' id='word_1_118' title='bbox 1835 1508 1966 1579; x_wconf 93' lang='lat' dir='ltr'><strong>hoc</strong></span> <span class='ocrx_word' id='word_1_119' title='bbox 1997 1530 2346 1598; x_wconf 85' lang='lat' dir='ltr'><strong>egressam</strong></span> <span class='ocrx_word' id='word_1_120' title='bbox 2390 1506 3007 1599; x_wconf 85' lang='lat' dir='ltr'><strong>praestolabantur</strong></span> <span class='ocrx_word' id='word_1_121' title='bbox 3036 1528 3195 1578; x_wconf 82' lang='lat' dir='ltr'><strong>sacro</strong></span> 
     </span>
     <span class='ocr_line' id='line_1_16' title="bbox 673 1597 3193 1687; baseline -0.002 -18"><span class='ocrx_word' id='word_1_122' title='bbox 673 1599 804 1669; x_wconf 91' lang='lat' dir='ltr'><strong>hoc</strong></span> <span class='ocrx_word' id='word_1_123' title='bbox 853 1597 1150 1677; x_wconf 90' lang='lat' dir='ltr'><strong>amictu,</strong></span> <span class='ocrx_word' id='word_1_124' title='bbox 1203 1611 1267 1666; x_wconf 89' lang='lat' dir='ltr'><strong>et</strong></span> <span class='ocrx_word' id='word_1_125' title='bbox 1316 1619 1440 1666; x_wconf 86' lang='lat' dir='ltr'><strong>nec</strong></span> <span class='ocrx_word' id='word_1_126' title='bbox 1488 1598 1743 1668; x_wconf 86' lang='lat' dir='ltr'><strong>frustra</strong></span> <span class='ocrx_word' id='word_1_127' title='bbox 1780 1651 1795 1680; x_wconf 89' lang='lat'><strong>,</strong></span> <span class='ocrx_word' id='word_1_128' title='bbox 1850 1598 1917 1667; x_wconf 92' lang='lat' dir='ltr'><strong>ni</strong></span> <span class='ocrx_word' id='word_1_129' title='bbox 1969 1610 2129 1667; x_wconf 90' lang='lat' dir='ltr'><strong>ante</strong></span> <span class='ocrx_word' id='word_1_130' title='bbox 2174 1618 2364 1666; x_wconf 89' lang='lat' dir='ltr'><strong>aram</strong></span> <span class='ocrx_word' id='word_1_131' title='bbox 2415 1597 2863 1666; x_wconf 87' lang='lat' dir='ltr'><strong>Beatissimae</strong></span> <span class='ocrx_word' id='word_1_132' title='bbox 2930 1598 3193 1687; x_wconf 76' lang='lat' dir='ltr'><strong>Virginis</strong></span> 
     </span>
     <span class='ocr_line' id='line_1_17' title="bbox 675 1685 3188 1773; baseline -0.002 -14"><span class='ocrx_word' id='word_1_133' title='bbox 675 1693 780 1759; x_wconf 91' lang='lat' dir='ltr'><strong>Ss.</strong></span> <span class='ocrx_word' id='word_1_134' title='bbox 817 1687 1083 1757; x_wconf 88' lang='lat' dir='ltr'><strong>Rosarii</strong></span> <span class='ocrx_word' id='word_1_135' title='bbox 1113 1686 1541 1757; x_wconf 89' lang='lat' dir='ltr'><strong>immobilem</strong></span> <span class='ocrx_word' id='word_1_136' title='bbox 1573 1687 1677 1756; x_wconf 83' lang='lat' dir='ltr'><strong>vis</strong></span> <span class='ocrx_word' id='word_1_137' title='bbox 1710 1686 1945 1757; x_wconf 90' lang='lat' dir='ltr'><strong>divina</strong></span> <span class='ocrx_word' id='word_1_138' title='bbox 1994 1687 2261 1756; x_wconf 90' lang='lat' dir='ltr'><strong>tamdiu</strong></span> <span class='ocrx_word' id='word_1_139' title='bbox 2310 1685 2737 1765; x_wconf 85' lang='lat' dir='ltr'><strong>detinuisset,</strong></span> <span class='ocrx_word' id='word_1_140' title='bbox 2791 1687 3032 1773; x_wconf 86' lang='lat' dir='ltr'><strong>quoad</strong></span> <span class='ocrx_word' id='word_1_141' title='bbox 3070 1706 3188 1755; x_wconf 65' lang='lat' dir='ltr'><strong>coe</strong></span> 
     </span>
     <span class='ocr_line' id='line_1_18' title="bbox 672 1773 3185 1869; baseline -0.003 -23"><span class='ocrx_word' id='word_1_142' title='bbox 672 1790 868 1869; x_wconf 90' lang='lat' dir='ltr'><strong>ptum</strong></span> <span class='ocrx_word' id='word_1_143' title='bbox 937 1775 1201 1845; x_wconf 84' lang='lat' dir='ltr'><strong>itineris</strong></span> <span class='ocrx_word' id='word_1_144' title='bbox 1261 1775 1685 1865; x_wconf 88' lang='lat' dir='ltr'><strong>propositum</strong></span> <span class='ocrx_word' id='word_1_145' title='bbox 1741 1787 2153 1849; x_wconf 85' lang='lat' dir='ltr'><strong>retractaret.</strong></span> <span class='ocrx_word' id='word_1_146' title='bbox 2229 1773 2466 1856; x_wconf 87' lang='lat' dir='ltr'><strong>Unde,</strong></span> <span class='ocrx_word' id='word_1_147' title='bbox 2528 1773 2822 1844; x_wconf 90' lang='lat' dir='ltr'><strong>coelitus</strong></span> <span class='ocrx_word' id='word_1_148' title='bbox 2872 1776 3185 1845; x_wconf 73' lang='lat' dir='ltr'><strong>admonita</strong></span> 
     </span>
     <span class='ocr_line' id='line_1_19' title="bbox 672 1863 3177 1954; baseline -0.002 -19"><span class='ocrx_word' id='word_1_149' title='bbox 672 1864 996 1936; x_wconf 89' lang='lat' dir='ltr'><strong>Ordinem</strong></span> <span class='ocrx_word' id='word_1_150' title='bbox 1049 1863 1599 1933; x_wconf 89' lang='lat' dir='ltr'><strong>Praedicatorum</strong></span> <span class='ocrx_word' id='word_1_151' title='bbox 1651 1887 1801 1934; x_wconf 88' lang='lat' dir='ltr'><strong>esse</strong></span> <span class='ocrx_word' id='word_1_152' title='bbox 1850 1866 1918 1933; x_wconf 92' lang='lat' dir='ltr'><strong>in</strong></span> <span class='ocrx_word' id='word_1_153' title='bbox 1968 1867 2207 1935; x_wconf 73' lang='lat' dir='ltr'><strong>sancta</strong></span> <span class='ocrx_word' id='word_1_154' title='bbox 2237 1863 2537 1935; x_wconf 70' lang='lat' dir='ltr'><strong>Ecclesia</strong></span> <span class='ocrx_word' id='word_1_155' title='bbox 2570 1863 2982 1954; x_wconf 85' lang='lat' dir='ltr'><strong>paradisum</strong></span> <span class='ocrx_word' id='word_1_156' title='bbox 3036 1864 3177 1932; x_wconf 81' lang='lat' dir='ltr'><strong>volu-</strong></span> 
     </span>
     <span class='ocr_line' id='line_1_20' title="bbox 669 1952 3176 2044; baseline -0.002 -21"><span class='ocrx_word' id='word_1_157' title='bbox 669 1954 879 2044; x_wconf 87' lang='lat' dir='ltr'><strong>ptatis</strong></span> <span class='ocrx_word' id='word_1_158' title='bbox 926 1952 1235 2033; x_wconf 82' lang='lat' dir='ltr'><strong>divinae,</strong></span> <span class='ocrx_word' id='word_1_159' title='bbox 1292 1954 1359 2022; x_wconf 91' lang='lat' dir='ltr'><strong>in</strong></span> <span class='ocrx_word' id='word_1_160' title='bbox 1410 1975 1549 2040; x_wconf 91' lang='lat' dir='ltr'><strong>quo</strong></span> <span class='ocrx_word' id='word_1_161' title='bbox 1599 1954 1751 2042; x_wconf 90' lang='lat' dir='ltr'><strong>ipsa</strong></span> <span class='ocrx_word' id='word_1_162' title='bbox 1801 1952 1981 2023; x_wconf 89' lang='lat' dir='ltr'><strong>velut</strong></span> <span class='ocrx_word' id='word_1_163' title='bbox 2029 1975 2184 2023; x_wconf 90' lang='lat' dir='ltr'><strong>rosa</strong></span> <span class='ocrx_word' id='word_1_164' title='bbox 2231 1952 2542 2022; x_wconf 89' lang='lat' dir='ltr'><strong>coelestis</strong></span> <span class='ocrx_word' id='word_1_165' title='bbox 2589 1953 2843 2022; x_wconf 86' lang='lat' dir='ltr'><strong>ceteris</strong></span> <span class='ocrx_word' id='word_1_166' title='bbox 2905 1954 3003 2022; x_wconf 90' lang='lat' dir='ltr'><strong>ibi</strong></span> <span class='ocrx_word' id='word_1_167' title='bbox 3047 1952 3176 2021; x_wconf 78' lang='lat' dir='ltr'><strong>lilin-</strong></span> 
     </span>
     <span class='ocr_line' id='line_1_21' title="bbox 676 2041 3170 2133; baseline -0.001 -21"><span class='ocrx_word' id='word_1_168' title='bbox 676 2063 832 2112; x_wconf 90' lang='lat' dir='ltr'><strong>rum</strong></span> <span class='ocrx_word' id='word_1_169' title='bbox 872 2055 939 2111; x_wconf 90' lang='lat' dir='ltr'><strong>et</strong></span> <span class='ocrx_word' id='word_1_170' title='bbox 984 2062 1298 2111; x_wconf 87' lang='lat' dir='ltr'><strong>rosarum</strong></span> <span class='ocrx_word' id='word_1_171' title='bbox 1353 2042 1798 2111; x_wconf 85' lang='lat' dir='ltr'><strong>vernantibus</strong></span> <span class='ocrx_word' id='word_1_172' title='bbox 1847 2041 2104 2133; x_wconf 90' lang='lat' dir='ltr'><strong>plantis</strong></span> <span class='ocrx_word' id='word_1_173' title='bbox 2151 2041 2477 2111; x_wconf 90' lang='lat' dir='ltr'><strong>socianda</strong></span> <span class='ocrx_word' id='word_1_174' title='bbox 2523 2052 2591 2110; x_wconf 92' lang='lat' dir='ltr'><strong>et</strong></span> <span class='ocrx_word' id='word_1_175' title='bbox 2639 2041 3012 2112; x_wconf 84' lang='lat' dir='ltr'><strong>inserenda</strong></span> <span class='ocrx_word' id='word_1_176' title='bbox 3044 2056 3170 2109; x_wconf 78' lang='lat' dir='ltr'><strong>erat.</strong></span> 
     </span>
     <span class='ocr_line' id='line_1_22' title="bbox 676 2130 3173 2221; baseline -0.003 -18"><span class='ocrx_word' id='word_1_177' title='bbox 676 2130 861 2220; x_wconf 90' lang='lat' dir='ltr'><strong>quod</strong></span> <span class='ocrx_word' id='word_1_178' title='bbox 916 2145 1150 2220; x_wconf 89' lang='lat' dir='ltr'><strong>postea</strong></span> <span class='ocrx_word' id='word_1_179' title='bbox 1203 2152 1282 2199; x_wconf 90' lang='lat' dir='ltr'><strong>ex</strong></span> <span class='ocrx_word' id='word_1_180' title='bbox 1338 2130 1601 2201; x_wconf 90' lang='lat' dir='ltr'><strong>intimis</strong></span> <span class='ocrx_word' id='word_1_181' title='bbox 1635 2130 2057 2221; x_wconf 80' lang='lat' dir='ltr'><strong>praecordiis</strong></span> <span class='ocrx_word' id='word_1_182' title='bbox 2107 2143 2357 2221; x_wconf 89' lang='lat' dir='ltr'><strong>optans</strong></span> <span class='ocrx_word' id='word_1_183' title='bbox 2387 2130 2698 2220; x_wconf 87' lang='lat' dir='ltr'><strong>petebat;</strong></span> <span class='ocrx_word' id='word_1_184' title='bbox 2742 2144 2815 2199; x_wconf 90' lang='lat' dir='ltr'><strong>et</strong></span> <span class='ocrx_word' id='word_1_185' title='bbox 2866 2132 2997 2200; x_wconf 74' lang='lat' dir='ltr'><strong>voti</strong></span> <span class='ocrx_word' id='word_1_186' title='bbox 3023 2152 3173 2198; x_wconf 85' lang='lat' dir='ltr'><strong>com·</strong></span> 
     </span>
     <span class='ocr_line' id='line_1_23' title="bbox 677 2216 3169 2311; baseline -0.003 -22"><span class='ocrx_word' id='word_1_187' title='bbox 677 2240 803 2311; x_wconf 93' lang='lat' dir='ltr'><strong>pos</strong></span> <span class='ocrx_word' id='word_1_188' title='bbox 848 2218 1024 2290; x_wconf 86' lang='lat' dir='ltr'><strong>facta</strong></span> <span class='ocrx_word' id='word_1_189' title='bbox 1058 2274 1074 2301; x_wconf 94' lang='lat'><strong><em>‚</em></strong></span> <span class='ocrx_word' id='word_1_190' title='bbox 1126 2232 1284 2289; x_wconf 89' lang='lat' dir='ltr'><strong>ante</strong></span> <span class='ocrx_word' id='word_1_191' title='bbox 1331 2219 1749 2311; x_wconf 88' lang='lat' dir='ltr'><strong>praedictam</strong></span> <span class='ocrx_word' id='word_1_192' title='bbox 1804 2225 1906 2290; x_wconf 88' lang='lat' dir='ltr'><strong>Ss.</strong></span> <span class='ocrx_word' id='word_1_193' title='bbox 1960 2220 2226 2290; x_wconf 87' lang='lat' dir='ltr'><strong>Rosarii</strong></span> <span class='ocrx_word' id='word_1_194' title='bbox 2273 2241 2463 2289; x_wconf 86' lang='lat' dir='ltr'><strong>aram</strong></span> <span class='ocrx_word' id='word_1_195' title='bbox 2504 2274 2519 2300; x_wconf 93' lang='lat'><strong>,</strong></span> <span class='ocrx_word' id='word_1_196' title='bbox 2582 2218 2898 2309; x_wconf 83' lang='lat' dir='ltr'><strong>ejusdem</strong></span> <span class='ocrx_word' id='word_1_197' title='bbox 2943 2216 3169 2289; x_wconf 81' lang='lat' dir='ltr'><strong>Ordinis</strong></span> 
     </span>
     <span class='ocr_line' id='line_1_24' title="bbox 677 2308 3090 2400; baseline -0.002 -22"><span class='ocrx_word' id='word_1_198' title='bbox 677 2330 863 2379; x_wconf 90' lang='lat' dir='ltr'><strong>anno</strong></span> <span class='ocrx_word' id='word_1_199' title='bbox 908 2330 1101 2378; x_wconf 76' lang='lat' dir='ltr'><strong>nncvi</strong></span> <span class='ocrx_word' id='word_1_200' title='bbox 1149 2308 1459 2378; x_wconf 89' lang='lat' dir='ltr'><strong>habitum</strong></span> <span class='ocrx_word' id='word_1_201' title='bbox 1511 2309 1843 2400; x_wconf 87' lang='lat' dir='ltr'><strong>suscepit.</strong></span> <span class='ocrx_word' id='word_1_202' title='bbox 1907 2314 2155 2378; x_wconf 82' lang='lat' dir='ltr'><strong>Verum</strong></span> <span class='ocrx_word' id='word_1_203' title='bbox 2198 2330 2325 2378; x_wconf 93' lang='lat' dir='ltr'><strong>nec</strong></span> <span class='ocrx_word' id='word_1_204' title='bbox 2372 2308 2600 2378; x_wconf 88' lang='lat' dir='ltr'><strong>adhuc</strong></span> <span class='ocrx_word' id='word_1_205' title='bbox 2648 2308 2914 2397; x_wconf 83' lang='lat' dir='ltr'><strong>integra</strong></span> <span class='ocrx_word' id='word_1_206' title='bbox 2956 2326 3090 2397; x_wconf 84' lang='lat' dir='ltr'><strong>pax.</strong></span> 
     </span>
     <span class='ocr_line' id='line_1_25' title="bbox 760 2396 3149 2487; baseline -0.003 -20"><span class='ocrx_word' id='word_1_207' title='bbox 760 2400 925 2485; x_wconf 70' lang='grc' dir='ltr'><strong>ἓθ.</strong></span> <span class='ocrx_word' id='word_1_208' title='bbox 965 2397 1309 2467; x_wconf 87' lang='lat' dir='ltr'><strong>Suadebat</strong></span> <span class='ocrx_word' id='word_1_209' title='bbox 1354 2398 1538 2465; x_wconf 90' lang='lat' dir='ltr'><strong>enim</strong></span> <span class='ocrx_word' id='word_1_210' title='bbox 1575 2410 1806 2487; x_wconf 89' lang='lat' dir='ltr'><strong>postea</strong></span> <span class='ocrx_word' id='word_1_211' title='bbox 1850 2410 2175 2484; x_wconf 81' lang='lat' dir='ltr'><strong>quaestor</strong></span> <span class='ocrx_word' id='word_1_212' title='bbox 2222 2396 2716 2477; x_wconf 83' lang='lat' dir='ltr'><strong>Gundisalvus,</strong></span> <span class='ocrx_word' id='word_1_213' title='bbox 2751 2397 3149 2486; x_wconf 85' lang='lat' dir='ltr'><strong>viroptimus.</strong></span> 
     </span>
     <span class='ocr_line' id='line_1_26' title="bbox 668 2483 3147 2588; baseline -0.004 -31"><span class='ocrx_word' id='word_1_214' title='bbox 668 2487 789 2575; x_wconf 90' lang='lat' dir='ltr'><strong>qui</strong></span> <span class='ocrx_word' id='word_1_215' title='bbox 839 2485 1024 2588; x_wconf 88' lang='lat' dir='ltr'><strong>apud</strong></span> <span class='ocrx_word' id='word_1_216' title='bbox 1078 2486 1411 2578; x_wconf 90' lang='lat' dir='ltr'><strong>virginem</strong></span> <span class='ocrx_word' id='word_1_217' title='bbox 1465 2490 1714 2557; x_wconf 87' lang='lat' dir='ltr'><strong>Rosam</strong></span> <span class='ocrx_word' id='word_1_218' title='bbox 1766 2485 1900 2557; x_wconf 87' lang='lat' dir='ltr'><strong>sibi</strong></span> <span class='ocrx_word' id='word_1_219' title='bbox 1931 2486 2396 2558; x_wconf 88' lang='lat' dir='ltr'><strong>concreditam</strong></span> <span class='ocrx_word' id='word_1_220' title='bbox 2446 2486 2848 2556; x_wconf 82' lang='lat' dir='ltr'><strong>auctoritate</strong></span> <span class='ocrx_word' id='word_1_221' title='bbox 2873 2483 3147 2577; x_wconf 74' lang='lat' dir='ltr'><strong>etdoene-</strong></span> 
     </span>
     <span class='ocr_line' id='line_1_27' title="bbox 668 2575 3139 2666; baseline -0.005 -19"><span class='ocrx_word' id='word_1_222' title='bbox 668 2576 840 2647; x_wconf 85' lang='lat' dir='ltr'><strong>stico</strong></span> <span class='ocrx_word' id='word_1_223' title='bbox 887 2577 1178 2666; x_wconf 80' lang='lat' dir='ltr'><strong>imperio</strong></span> <span class='ocrx_word' id='word_1_224' title='bbox 1227 2576 1605 2666; x_wconf 90' lang='lat' dir='ltr'><strong>plurimum</strong></span> <span class='ocrx_word' id='word_1_225' title='bbox 1660 2575 1950 2658; x_wconf 88' lang='lat' dir='ltr'><strong>valebat,</strong></span> <span class='ocrx_word' id='word_1_226' title='bbox 2004 2575 2442 2647; x_wconf 85' lang='lat' dir='ltr'><strong>reformatam</strong></span> <span class='ocrx_word' id='word_1_227' title='bbox 2492 2575 2987 2646; x_wconf 80' lang='lat' dir='ltr'><strong>excalceatamm</strong></span> <span class='ocrx_word' id='word_1_228' title='bbox 3026 2588 3139 2666; x_wconf 56' lang='grc' dir='ltr'><strong>Υιτ-</strong></span> 
     </span>
     <span class='ocr_line' id='line_1_28' title="bbox 665 2657 3148 2755; baseline -0 -21"><span class='ocrx_word' id='word_1_229' title='bbox 665 2665 908 2755; x_wconf 85' lang='lat' dir='ltr'><strong>ginum</strong></span> <span class='ocrx_word' id='word_1_230' title='bbox 961 2666 1138 2734; x_wconf 89' lang='lat' dir='ltr'><strong>sacri</strong></span> <span class='ocrx_word' id='word_1_231' title='bbox 1187 2664 1477 2735; x_wconf 89' lang='lat' dir='ltr'><strong>Carmeli</strong></span> <span class='ocrx_word' id='word_1_232' title='bbox 1517 2664 1829 2754; x_wconf 88' lang='lat' dir='ltr'><strong>regulam</strong></span> <span class='ocrx_word' id='word_1_233' title='bbox 1881 2666 1948 2734; x_wconf 94' lang='lat' dir='ltr'><strong>in</strong></span> <span class='ocrx_word' id='word_1_234' title='bbox 1998 2665 2235 2735; x_wconf 89' lang='lat' dir='ltr'><strong>clauso</strong></span> <span class='ocrx_word' id='word_1_235' title='bbox 2283 2666 2614 2735; x_wconf 86' lang='lat' dir='ltr'><strong>coenobio</strong></span> <span class='ocrx_word' id='word_1_236' title='bbox 2670 2665 2867 2754; x_wconf 79' lang='lat' dir='ltr'><strong>potius</strong></span> <span class='ocrx_word' id='word_1_237' title='bbox 2907 2657 3148 2733; x_wconf 67' lang='lat' dir='ltr'><strong>subite.</strong></span> 
     </span>
     <span class='ocr_line' id='line_1_29' title="bbox 663 2753 3164 2844; baseline -0.002 -21"><span class='ocrx_word' id='word_1_238' title='bbox 663 2775 875 2841; x_wconf 84' lang='lat' dir='ltr'><strong>quam</strong></span> <span class='ocrx_word' id='word_1_239' title='bbox 925 2753 1105 2824; x_wconf 82' lang='lat' dir='ltr'><strong>inter</strong></span> <span class='ocrx_word' id='word_1_240' title='bbox 1151 2766 1531 2844; x_wconf 87' lang='lat' dir='ltr'><strong>postremas</strong></span> <span class='ocrx_word' id='word_1_241' title='bbox 1581 2759 1646 2824; x_wconf 92' lang='lat' dir='ltr'><strong>S.</strong></span> <span class='ocrx_word' id='word_1_242' title='bbox 1701 2755 2040 2825; x_wconf 85' lang='lat' dir='ltr'><strong>Dominici</strong></span> <span class='ocrx_word' id='word_1_243' title='bbox 2089 2755 2429 2824; x_wconf 89' lang='lat' dir='ltr'><strong>tertiarias</strong></span> <span class='ocrx_word' id='word_1_244' title='bbox 2488 2766 2683 2824; x_wconf 89' lang='lat' dir='ltr'><strong>extra</strong></span> <span class='ocrx_word' id='word_1_245' title='bbox 2732 2764 2908 2844; x_wconf 83' lang='lat' dir='ltr'><strong>septa</strong></span> <span class='ocrx_word' id='word_1_246' title='bbox 2942 2768 3164 2844; x_wconf 63' lang='lat' dir='ltr'><strong>mona-</strong></span> 
     </span>
     <span class='ocr_line' id='line_1_30' title="bbox 663 2842 3169 2933; baseline -0.004 -20"><span class='ocrx_word' id='word_1_247' title='bbox 663 2843 854 2913; x_wconf 84' lang='lat' dir='ltr'><strong>sterii</strong></span> <span class='ocrx_word' id='word_1_248' title='bbox 902 2842 1238 2922; x_wconf 85' lang='lat' dir='ltr'><strong>militare;</strong></span> <span class='ocrx_word' id='word_1_249' title='bbox 1294 2864 1365 2912; x_wconf 90' lang='lat' dir='ltr'><strong>se</strong></span> <span class='ocrx_word' id='word_1_250' title='bbox 1413 2864 1548 2912; x_wconf 95' lang='lat' dir='ltr'><strong>non</strong></span> <span class='ocrx_word' id='word_1_251' title='bbox 1605 2855 1868 2912; x_wconf 89' lang='lat' dir='ltr'><strong>tantum</strong></span> <span class='ocrx_word' id='word_1_252' title='bbox 1921 2844 2360 2933; x_wconf 88' lang='lat' dir='ltr'><strong>protectione,</strong></span> <span class='ocrx_word' id='word_1_253' title='bbox 2416 2843 2533 2912; x_wconf 89' lang='lat' dir='ltr'><strong>sed</strong></span> <span class='ocrx_word' id='word_1_254' title='bbox 2583 2854 2652 2911; x_wconf 89' lang='lat' dir='ltr'><strong>et</strong></span> <span class='ocrx_word' id='word_1_255' title='bbox 2698 2844 2903 2933; x_wconf 70' lang='lat' dir='ltr'><strong>opera</strong></span> <span class='ocrx_word' id='word_1_256' title='bbox 2942 2851 3007 2908; x_wconf 87' lang='lat' dir='ltr'><strong>et</strong></span> <span class='ocrx_word' id='word_1_257' title='bbox 3045 2858 3169 2927; x_wconf 78' lang='lat' dir='ltr'><strong>opi·</strong></span> 
     </span>
     <span class='ocr_line' id='line_1_31' title="bbox 664 2927 3169 3023; baseline -0.004 -20"><span class='ocrx_word' id='word_1_258' title='bbox 664 2931 821 3012; x_wconf 80' lang='lat' dir='ltr'><strong>buS,</strong></span> <span class='ocrx_word' id='word_1_259' title='bbox 877 2931 1277 3021; x_wconf 75' lang='lat' dir='ltr'><strong>adJumento</strong></span> <span class='ocrx_word' id='word_1_260' title='bbox 1324 2931 1638 3001; x_wconf 87' lang='lat' dir='ltr'><strong>futurum</strong></span> <span class='ocrx_word' id='word_1_261' title='bbox 1692 2932 2168 3022; x_wconf 83' lang='lat' dir='ltr'><strong>pollicebatur.</strong></span> <span class='ocrx_word' id='word_1_262' title='bbox 2202 2932 2703 3023; x_wconf 69' lang='lat' dir='ltr'><strong>&#39;theologorum</strong></span> <span class='ocrx_word' id='word_1_263' title='bbox 2752 2927 3169 3001; x_wconf 84' lang='lat' dir='ltr'><strong>scrutiniisin</strong></span> 
     </span>
     <span class='ocr_line' id='line_1_32' title="bbox 662 3019 3175 3112; baseline 0.001 -22"><span class='ocrx_word' id='word_1_264' title='bbox 662 3021 792 3090; x_wconf 87' lang='lat' dir='ltr'><strong>hac</strong></span> <span class='ocrx_word' id='word_1_265' title='bbox 838 3023 1051 3090; x_wconf 77' lang='lat' dir='ltr'><strong>causa</strong></span> <span class='ocrx_word' id='word_1_266' title='bbox 1097 3041 1353 3111; x_wconf 88' lang='lat' dir='ltr'><strong>anceps</strong></span> <span class='ocrx_word' id='word_1_267' title='bbox 1401 3021 1741 3090; x_wconf 88' lang='lat' dir='ltr'><strong>sententia</strong></span> <span class='ocrx_word' id='word_1_268' title='bbox 1790 3024 1993 3102; x_wconf 88' lang='lat' dir='ltr'><strong>stetit,</strong></span> <span class='ocrx_word' id='word_1_269' title='bbox 2047 3021 2264 3092; x_wconf 90' lang='lat' dir='ltr'><strong>donec</strong></span> <span class='ocrx_word' id='word_1_270' title='bbox 2312 3021 2465 3112; x_wconf 89' lang='lat' dir='ltr'><strong>ipsa</strong></span> <span class='ocrx_word' id='word_1_271' title='bbox 2516 3019 2819 3091; x_wconf 87' lang='lat' dir='ltr'><strong>caelitus</strong></span> <span class='ocrx_word' id='word_1_272' title='bbox 2867 3021 3175 3092; x_wconf 70' lang='lat' dir='ltr'><strong>roborata.</strong></span> 
     </span>
     <span class='ocr_line' id='line_1_33' title="bbox 662 3107 3184 3198; baseline -0.002 -19"><span class='ocrx_word' id='word_1_273' title='bbox 662 3110 1221 3180; x_wconf 87' lang='lat' dir='ltr'><strong>constantissime</strong></span> <span class='ocrx_word' id='word_1_274' title='bbox 1252 3121 1470 3179; x_wconf 89' lang='lat' dir='ltr'><strong>status</strong></span> <span class='ocrx_word' id='word_1_275' title='bbox 1501 3108 1620 3182; x_wconf 80' lang='lat' dir='ltr'><strong>relj</strong></span> <span class='ocrx_word' id='word_1_276' title='bbox 1645 3195 1652 3198; x_wconf 22' lang='lat'>=</span> <span class='ocrx_word' id='word_1_277' title='bbox 1680 3111 1806 3180; x_wconf 87' lang='lat' dir='ltr'><strong>iosi</strong></span> <span class='ocrx_word' id='word_1_278' title='bbox 1833 3109 2174 3180; x_wconf 91' lang='lat' dir='ltr'><strong>delectum</strong></span> <span class='ocrx_word' id='word_1_279' title='bbox 2219 3132 2353 3181; x_wconf 92' lang='lat' dir='ltr'><strong>non</strong></span> <span class='ocrx_word' id='word_1_280' title='bbox 2392 3108 2745 3179; x_wconf 89' lang='lat' dir='ltr'><strong>humanae</strong></span> <span class='ocrx_word' id='word_1_281' title='bbox 2792 3109 2915 3179; x_wconf 87' lang='lat' dir='ltr'><strong>sed</strong></span> <span class='ocrx_word' id='word_1_282' title='bbox 2948 3107 3184 3177; x_wconf 75' lang='lat' dir='ltr'><strong>divinae</strong></span> 
     </span>
     <span class='ocr_line' id='line_1_34' title="bbox 664 3197 3195 3289; baseline 0.001 -23"><span class='ocrx_word' id='word_1_283' title='bbox 664 3197 1142 3289; x_wconf 83' lang='lat' dir='ltr'><strong>inspirationis</strong></span> <span class='ocrx_word' id='word_1_284' title='bbox 1189 3220 1368 3289; x_wconf 90' lang='lat' dir='ltr'><strong>opus</strong></span> <span class='ocrx_word' id='word_1_285' title='bbox 1435 3218 1589 3267; x_wconf 89' lang='lat' dir='ltr'><strong>esse</strong></span> <span class='ocrx_word' id='word_1_286' title='bbox 1683 3198 2128 3269; x_wconf 88' lang='lat' dir='ltr'><strong>emonstravit</strong></span> <span class='ocrx_word' id='word_1_287' title='bbox 2164 3255 2179 3280; x_wconf 94' lang='lat'><strong>,</strong></span> <span class='ocrx_word' id='word_1_288' title='bbox 2243 3198 2514 3286; x_wconf 87' lang='lat' dir='ltr'><strong>sibique</strong></span> <span class='ocrx_word' id='word_1_289' title='bbox 2563 3197 2956 3268; x_wconf 85' lang='lat' dir='ltr'><strong>vivendum</strong></span> <span class='ocrx_word' id='word_1_290' title='bbox 3002 3214 3195 3283; x_wconf 64' lang='lat' dir='ltr'><strong>usque</strong></span> 
     </span>
     <span class='ocr_line' id='line_1_35' title="bbox 665 3286 3201 3385; baseline 0 -30"><span class='ocrx_word' id='word_1_291' title='bbox 665 3286 751 3356; x_wconf 91' lang='lat' dir='ltr'><strong>ad</strong></span> <span class='ocrx_word' id='word_1_292' title='bbox 801 3299 1178 3357; x_wconf 88' lang='lat' dir='ltr'><strong>extremum</strong></span> <span class='ocrx_word' id='word_1_293' title='bbox 1233 3287 1552 3378; x_wconf 88' lang='lat' dir='ltr'><strong>spiritum</strong></span> <span class='ocrx_word' id='word_1_294' title='bbox 1623 3286 1758 3358; x_wconf 91' lang='lat' dir='ltr'><strong>sub</strong></span> <span class='ocrx_word' id='word_1_295' title='bbox 1824 3301 2101 3358; x_wconf 90' lang='lat' dir='ltr'><strong>sanctae</strong></span> <span class='ocrx_word' id='word_1_296' title='bbox 2165 3287 2569 3358; x_wconf 76' lang='lat' dir='ltr'><strong>catharinae</strong></span> <span class='ocrx_word' id='word_1_297' title='bbox 2616 3289 2967 3358; x_wconf 87' lang='lat' dir='ltr'><strong>Senensis</strong></span> <span class='ocrx_word' id='word_1_298' title='bbox 3011 3286 3201 3385; x_wconf 71' lang='lat' dir='ltr'><strong>magi·</strong></span> 
     </span>
     <span class='ocr_line' id='line_1_36' title="bbox 665 3375 3205 3468; baseline -0 -24"><span class='ocrx_word' id='word_1_299' title='bbox 665 3376 894 3455; x_wconf 89' lang='lat' dir='ltr'><strong>sterio,</strong></span> <span class='ocrx_word' id='word_1_300' title='bbox 932 3387 997 3446; x_wconf 87' lang='lat' dir='ltr'><strong>et</strong></span> <span class='ocrx_word' id='word_1_301' title='bbox 1037 3375 1313 3446; x_wconf 89' lang='lat' dir='ltr'><strong>tandem</strong></span> <span class='ocrx_word' id='word_1_302' title='bbox 1341 3375 1654 3445; x_wconf 86' lang='lat' dir='ltr'><strong>futurum</strong></span> <span class='ocrx_word' id='word_1_303' title='bbox 1699 3389 1997 3468; x_wconf 90' lang='lat' dir='ltr'><strong>tempus,</strong></span> <span class='ocrx_word' id='word_1_304' title='bbox 2036 3398 2173 3464; x_wconf 93' lang='lat' dir='ltr'><strong>quo</strong></span> <span class='ocrx_word' id='word_1_305' title='bbox 2213 3376 2310 3447; x_wconf 90' lang='lat' dir='ltr'><strong>ibi</strong></span> <span class='ocrx_word' id='word_1_306' title='bbox 2344 3377 2572 3446; x_wconf 91' lang='lat' dir='ltr'><strong>Limae</strong></span> <span class='ocrx_word' id='word_1_307' title='bbox 2602 3389 2994 3468; x_wconf 80' lang='lat' dir='ltr'><strong>exurgeret</strong></span> <span class='ocrx_word' id='word_1_308' title='bbox 3016 3375 3205 3464; x_wconf 61' lang='lat' dir='ltr'><strong>husus</strong></span> 
     </span>
     <span class='ocr_line' id='line_1_37' title="bbox 664 3464 3213 3566; baseline 0 -34"><span class='ocrx_word' id='word_1_309' title='bbox 664 3464 969 3534; x_wconf 88' lang='lat' dir='ltr'><strong>nominis</strong></span> <span class='ocrx_word' id='word_1_310' title='bbox 1008 3479 1074 3534; x_wconf 90' lang='lat' dir='ltr'><strong>et</strong></span> <span class='ocrx_word' id='word_1_311' title='bbox 1105 3465 1401 3535; x_wconf 88' lang='lat' dir='ltr'><strong>instituti</strong></span> <span class='ocrx_word' id='word_1_312' title='bbox 1451 3466 1996 3537; x_wconf 88' lang='lat' dir='ltr'><strong>monasterium:</strong></span> <span class='ocrx_word' id='word_1_313' title='bbox 2051 3464 2234 3552; x_wconf 90' lang='lat' dir='ltr'><strong>quod</strong></span> <span class='ocrx_word' id='word_1_314' title='bbox 2288 3464 2688 3557; x_wconf 88' lang='lat' dir='ltr'><strong>prophetico</strong></span> <span class='ocrx_word' id='word_1_315' title='bbox 2748 3467 3028 3557; x_wconf 82' lang='lat' dir='ltr'><strong>spiritu</strong></span> <span class='ocrx_word' id='word_1_316' title='bbox 3076 3485 3213 3566; x_wconf 84' lang='lat' dir='ltr'><strong>pro·</strong></span> 
     </span>
     <span class='ocr_line' id='line_1_38' title="bbox 664 3552 3215 3646; baseline -0 -24"><span class='ocrx_word' id='word_1_317' title='bbox 664 3553 1071 3624; x_wconf 88' lang='lat' dir='ltr'><strong>nunciatum</strong></span> <span class='ocrx_word' id='word_1_318' title='bbox 1107 3552 1343 3634; x_wconf 81' lang='lat' dir='ltr'><strong>fuisse,</strong></span> <span class='ocrx_word' id='word_1_319' title='bbox 1379 3567 1664 3625; x_wconf 88' lang='lat' dir='ltr'><strong>eventus</strong></span> <span class='ocrx_word' id='word_1_320' title='bbox 1699 3555 1846 3645; x_wconf 90' lang='lat' dir='ltr'><strong>ipse</strong></span> <span class='ocrx_word' id='word_1_321' title='bbox 1881 3567 2116 3646; x_wconf 90' lang='lat' dir='ltr'><strong>postea</strong></span> <span class='ocrx_word' id='word_1_322' title='bbox 2152 3553 2649 3645; x_wconf 86' lang='lat' dir='ltr'><strong>comprobavit.</strong></span> <span class='ocrx_word' id='word_1_323' title='bbox 2700 3556 2844 3626; x_wconf 85' lang='lat' dir='ltr'><strong>His</strong></span> <span class='ocrx_word' id='word_1_324' title='bbox 2899 3554 3215 3628; x_wconf 77' lang='lat' dir='ltr'><strong>omnibus</strong></span> 
     </span>
     <span class='ocr_line' id='line_1_39' title="bbox 662 3642 3222 3733; baseline 0 -21"><span class='ocrx_word' id='word_1_325' title='bbox 662 3643 1028 3733; x_wconf 82' lang='lat' dir='ltr'><strong>superatis,</strong></span> <span class='ocrx_word' id='word_1_326' title='bbox 1062 3664 1142 3712; x_wconf 85' lang='lat' dir='ltr'><strong>eo</strong></span> <span class='ocrx_word' id='word_1_327' title='bbox 1174 3643 1468 3732; x_wconf 87' lang='lat' dir='ltr'><strong>gravior,</strong></span> <span class='ocrx_word' id='word_1_328' title='bbox 1506 3664 1644 3730; x_wconf 93' lang='lat' dir='ltr'><strong>quo</strong></span> <span class='ocrx_word' id='word_1_329' title='bbox 1685 3643 2019 3724; x_wconf 87' lang='lat' dir='ltr'><strong>intimior,</strong></span> <span class='ocrx_word' id='word_1_330' title='bbox 2063 3642 2295 3713; x_wconf 87' lang='lat' dir='ltr'><strong>adhuc</strong></span> <span class='ocrx_word' id='word_1_331' title='bbox 2327 3642 2701 3714; x_wconf 85' lang='lat' dir='ltr'><strong>difficultas</strong></span> <span class='ocrx_word' id='word_1_332' title='bbox 2732 3646 3071 3718; x_wconf 82' lang='lat' dir='ltr'><strong>emersit.</strong></span> <span class='ocrx_word' id='word_1_333' title='bbox 3104 3650 3222 3715; x_wconf 61' lang='lat'><strong>1111²</strong></span> 
     </span>
     <span class='ocr_line' id='line_1_40' title="bbox 664 3731 3225 3823; baseline 0 -23"><span class='ocrx_word' id='word_1_334' title='bbox 664 3731 1188 3821; x_wconf 80' lang='lat' dir='ltr'><strong>portuneenim</strong></span> <span class='ocrx_word' id='word_1_335' title='bbox 1231 3754 1304 3801; x_wconf 92' lang='lat' dir='ltr'><strong>se</strong></span> <span class='ocrx_word' id='word_1_336' title='bbox 1352 3731 1708 3822; x_wconf 86' lang='lat' dir='ltr'><strong>ingerebat</strong></span> <span class='ocrx_word' id='word_1_337' title='bbox 1755 3732 1825 3801; x_wconf 92' lang='lat' dir='ltr'><strong>in</strong></span> <span class='ocrx_word' id='word_1_338' title='bbox 1875 3731 2275 3802; x_wconf 76' lang='lat' dir='ltr'><strong>humillima</strong></span> <span class='ocrx_word' id='word_1_339' title='bbox 2322 3733 2432 3803; x_wconf 90' lang='lat' dir='ltr'><strong>sui</strong></span> <span class='ocrx_word' id='word_1_340' title='bbox 2481 3732 2904 3823; x_wconf 87' lang='lat' dir='ltr'><strong>cognitione</strong></span> <span class='ocrx_word' id='word_1_341' title='bbox 2948 3734 3225 3805; x_wconf 58' lang='lat' dir='ltr'><strong>molesta</strong></span> 
     </span>
     <span class='ocr_line' id='line_1_41' title="bbox 660 3820 3227 3911; baseline 0 -21"><span class='ocrx_word' id='word_1_342' title='bbox 660 3821 1004 3911; x_wconf 88' lang='lat' dir='ltr'><strong>cogitatio,</strong></span> <span class='ocrx_word' id='word_1_343' title='bbox 1043 3820 1224 3908; x_wconf 93' lang='lat' dir='ltr'><strong>quod</strong></span> <span class='ocrx_word' id='word_1_344' title='bbox 1279 3821 1452 3911; x_wconf 89' lang='lat' dir='ltr'><strong>ipsa,</strong></span> <span class='ocrx_word' id='word_1_345' title='bbox 1509 3821 1806 3911; x_wconf 79' lang='lat' dir='ltr'><strong>peccatis</strong></span> <span class='ocrx_word' id='word_1_346' title='bbox 1840 3820 2144 3903; x_wconf 90' lang='lat' dir='ltr'><strong>sordida,</strong></span> <span class='ocrx_word' id='word_1_347' title='bbox 2184 3821 2302 3892; x_wconf 90' lang='lat' dir='ltr'><strong>illo</strong></span> <span class='ocrx_word' id='word_1_348' title='bbox 2351 3821 2546 3891; x_wconf 88' lang='lat' dir='ltr'><strong>niveo</strong></span> <span class='ocrx_word' id='word_1_349' title='bbox 2594 3834 2660 3892; x_wconf 91' lang='lat' dir='ltr'><strong>et</strong></span> <span class='ocrx_word' id='word_1_350' title='bbox 2705 3844 2932 3894; x_wconf 85' lang='lat' dir='ltr'><strong>sacro</strong></span> <span class='ocrx_word' id='word_1_351' title='bbox 2976 3825 3227 3894; x_wconf 79' lang='lat' dir='ltr'><strong>amictu</strong></span> 
     </span>
     <span class='ocr_line' id='line_1_42' title="bbox 658 3909 3225 4006; baseline 0.002 -28"><span class='ocrx_word' id='word_1_352' title='bbox 658 3909 870 3979; x_wconf 90' lang='lat' dir='ltr'><strong>nimis</strong></span> <span class='ocrx_word' id='word_1_353' title='bbox 908 3921 1088 3979; x_wconf 89' lang='lat' dir='ltr'><strong>esset</strong></span> <span class='ocrx_word' id='word_1_354' title='bbox 1140 3909 1452 4000; x_wconf 90' lang='lat' dir='ltr'><strong>indigna.</strong></span> <span class='ocrx_word' id='word_1_355' title='bbox 1506 3914 1637 3979; x_wconf 83' lang='lat' dir='ltr'><strong>Nec</strong></span> <span class='ocrx_word' id='word_1_356' title='bbox 1677 3909 1936 3980; x_wconf 88' lang='lat' dir='ltr'><strong>destitit</strong></span> <span class='ocrx_word' id='word_1_357' title='bbox 1995 3931 2228 4000; x_wconf 88' lang='lat' dir='ltr'><strong>pugna</strong></span> <span class='ocrx_word' id='word_1_358' title='bbox 2260 3964 2275 3991; x_wconf 96' lang='lat'><strong>,</strong></span> <span class='ocrx_word' id='word_1_359' title='bbox 2341 3909 2562 3979; x_wconf 89' lang='lat' dir='ltr'><strong>donec</strong></span> <span class='ocrx_word' id='word_1_360' title='bbox 2609 3924 2777 3981; x_wconf 89' lang='lat' dir='ltr'><strong>ante</strong></span> <span class='ocrx_word' id='word_1_361' title='bbox 2833 3914 3083 4006; x_wconf 79' lang='lat' dir='ltr'><strong>ipsam</strong></span> <span class='ocrx_word' id='word_1_362' title='bbox 3140 3917 3225 3982; x_wconf 59' lang='lat' dir='ltr'><strong>Sa</strong></span> 
     </span>
     <span class='ocr_line' id='line_1_43' title="bbox 657 3997 3225 4089; baseline 0.004 -20"><span class='ocrx_word' id='word_1_363' title='bbox 657 3997 929 4069; x_wconf 87' lang='lat' dir='ltr'><strong>Rosarii</strong></span> <span class='ocrx_word' id='word_1_364' title='bbox 961 4019 1149 4068; x_wconf 87' lang='lat' dir='ltr'><strong>aram</strong></span> <span class='ocrx_word' id='word_1_365' title='bbox 1203 3997 1270 4067; x_wconf 93' lang='lat' dir='ltr'><strong>in</strong></span> <span class='ocrx_word' id='word_1_366' title='bbox 1317 3997 1790 4088; x_wconf 89' lang='lat' dir='ltr'><strong>placidissima</strong></span> <span class='ocrx_word' id='word_1_367' title='bbox 1837 3999 2049 4068; x_wconf 86' lang='lat' dir='ltr'><strong>extasi</strong></span> <span class='ocrx_word' id='word_1_368' title='bbox 2099 4012 2319 4089; x_wconf 89' lang='lat' dir='ltr'><strong>rapta,</strong></span> <span class='ocrx_word' id='word_1_369' title='bbox 2371 4011 2436 4068; x_wconf 93' lang='lat' dir='ltr'><strong>et</strong></span> <span class='ocrx_word' id='word_1_370' title='bbox 2483 3997 2761 4089; x_wconf 88' lang='lat' dir='ltr'><strong>pallens</strong></span> <span class='ocrx_word' id='word_1_371' title='bbox 2816 4018 2899 4073; x_wconf 77' lang='lat' dir='ltr'><strong>et</strong></span> <span class='ocrx_word' id='word_1_372' title='bbox 2942 4004 3225 4078; x_wconf 76' lang='lat' dir='ltr'><strong>mbens.</strong></span> 
     </span>
     <span class='ocr_line' id='line_1_44' title="bbox 657 4086 3225 4180; baseline 0.001 -24"><span class='ocrx_word' id='word_1_373' title='bbox 657 4109 738 4157; x_wconf 90' lang='lat' dir='ltr'><strong>ac</strong></span> <span class='ocrx_word' id='word_1_374' title='bbox 787 4086 1278 4177; x_wconf 88' lang='lat' dir='ltr'><strong>splendoribus</strong></span> <span class='ocrx_word' id='word_1_375' title='bbox 1323 4086 1593 4180; x_wconf 86' lang='lat' dir='ltr'><strong>fulgida</strong></span> <span class='ocrx_word' id='word_1_376' title='bbox 1641 4109 2021 4178; x_wconf 87' lang='lat' dir='ltr'><strong>apparens,</strong></span> <span class='ocrx_word' id='word_1_377' title='bbox 2073 4100 2140 4158; x_wconf 86' lang='lat' dir='ltr'><strong>et</strong></span> <span class='ocrx_word' id='word_1_378' title='bbox 2189 4099 2342 4178; x_wconf 89' lang='lat' dir='ltr'><strong>post</strong></span> <span class='ocrx_word' id='word_1_379' title='bbox 2389 4087 2713 4160; x_wconf 88' lang='lat' dir='ltr'><strong>sensibus</strong></span> <span class='ocrx_word' id='word_1_380' title='bbox 2770 4091 3128 4178; x_wconf 73' lang='lat' dir='ltr'><strong>reddita,</strong></span> <span class='ocrx_word' id='word_1_381' title='bbox 3176 4092 3225 4159; x_wconf 80' lang='lat' dir='ltr'><strong>in</strong></span> 
     </span>
     <span class='ocr_line' id='line_1_45' title="bbox 647 4174 3231 4268; baseline 0.004 -23"><span class='ocrx_word' id='word_1_382' title='bbox 647 4174 958 4266; x_wconf 87' lang='lat' dir='ltr'><strong>jubilum</strong></span> <span class='ocrx_word' id='word_1_383' title='bbox 993 4177 1173 4267; x_wconf 86' lang='lat' dir='ltr'><strong>grati</strong></span> <span class='ocrx_word' id='word_1_384' title='bbox 1209 4176 1426 4247; x_wconf 88' lang='lat' dir='ltr'><strong>animi</strong></span> <span class='ocrx_word' id='word_1_385' title='bbox 1478 4175 1795 4247; x_wconf 89' lang='lat' dir='ltr'><strong>obtentae</strong></span> <span class='ocrx_word' id='word_1_386' title='bbox 1836 4176 2156 4248; x_wconf 85' lang='lat' dir='ltr'><strong>victoriae</strong></span> <span class='ocrx_word' id='word_1_387' title='bbox 2202 4177 2453 4268; x_wconf 78' lang='lat' dir='ltr'><strong>erupit.</strong></span> <span class='ocrx_word' id='word_1_388' title='bbox 2508 4182 2769 4249; x_wconf 86' lang='lat' dir='ltr'><strong>Tantae</strong></span> <span class='ocrx_word' id='word_1_389' title='bbox 2836 4183 3081 4255; x_wconf 79' lang='lat' dir='ltr'><strong>molis</strong></span> <span class='ocrx_word' id='word_1_390' title='bbox 3115 4193 3231 4254; x_wconf 72' lang='lat' dir='ltr'><strong>erat</strong></span> 
     </span>
     <span class='ocr_line' id='line_1_46' title="bbox 658 4264 3003 4358; baseline 0.003 -25"><span class='ocrx_word' id='word_1_391' title='bbox 658 4264 947 4354; x_wconf 85' lang='lat' dir='ltr'><strong>pacifice</strong></span> <span class='ocrx_word' id='word_1_392' title='bbox 978 4287 1130 4335; x_wconf 89' lang='lat' dir='ltr'><strong>sera</strong></span> <span class='ocrx_word' id='word_1_393' title='bbox 1184 4265 1380 4335; x_wconf 87' lang='lat' dir='ltr'><strong>hicae</strong></span> <span class='ocrx_word' id='word_1_394' title='bbox 1404 4286 1571 4338; x_wconf 88' lang='lat' dir='ltr'><strong>suae</strong></span> <span class='ocrx_word' id='word_1_395' title='bbox 1603 4265 1974 4356; x_wconf 79' lang='lat' dir='ltr'><strong>magistrae</strong></span> <span class='ocrx_word' id='word_1_396' title='bbox 2003 4265 2246 4338; x_wconf 88' lang='lat' dir='ltr'><strong>habitu</strong></span> <span class='ocrx_word' id='word_1_397' title='bbox 2275 4278 2341 4337; x_wconf 89' lang='lat' dir='ltr'><strong>et</strong></span> <span class='ocrx_word' id='word_1_398' title='bbox 2373 4266 2691 4338; x_wconf 90' lang='lat' dir='ltr'><strong>instituto</strong></span> <span class='ocrx_word' id='word_1_399' title='bbox 2722 4270 3003 4358; x_wconf 82' lang='lat' dir='ltr'><strong>potiri,</strong></span> 
     </span>
     <span class='ocr_line' id='line_1_47' title="bbox 660 4354 3227 4445; baseline 0.005 -24"><span class='ocrx_word' id='word_1_400' title='bbox 660 4364 893 4442; x_wconf 86' lang='lat' dir='ltr'><strong>postea</strong></span> <span class='ocrx_word' id='word_1_401' title='bbox 926 4354 1027 4422; x_wconf 90' lang='lat' dir='ltr'><strong>sic</strong></span> <span class='ocrx_word' id='word_1_402' title='bbox 1066 4376 1106 4423; x_wconf 94' lang='lat' dir='ltr'><strong>a</strong></span> <span class='ocrx_word' id='word_1_403' title='bbox 1158 4356 1491 4425; x_wconf 87' lang='lat' dir='ltr'><strong>amussim</strong></span> <span class='ocrx_word' id='word_1_404' title='bbox 1545 4356 1903 4445; x_wconf 80' lang='lat' dir='ltr'><strong>expressit,</strong></span> <span class='ocrx_word' id='word_1_405' title='bbox 1956 4368 2032 4426; x_wconf 90' lang='lat' dir='ltr'><strong>ut</strong></span> <span class='ocrx_word' id='word_1_406' title='bbox 2086 4375 2225 4445; x_wconf 85' lang='lat' dir='ltr'><strong>nou</strong></span> <span class='ocrx_word' id='word_1_407' title='bbox 2275 4356 2501 4426; x_wconf 92' lang='lat' dir='ltr'><strong>solum</strong></span> <span class='ocrx_word' id='word_1_408' title='bbox 2557 4355 2649 4426; x_wconf 91' lang='lat' dir='ltr'><strong>ab</strong></span> <span class='ocrx_word' id='word_1_409' title='bbox 2694 4359 2996 4435; x_wconf 73' lang='lat' dir='ltr'><strong>exteris</strong></span> <span class='ocrx_word' id='word_1_410' title='bbox 3122 4375 3227 4433; x_wconf 76' lang='lat' dir='ltr'><strong>ten</strong></span> 
     </span>
     <span class='ocr_line' id='line_1_48' title="bbox 653 4441 3223 4546; baseline 0.005 -38"><span class='ocrx_word' id='word_1_411' title='bbox 653 4441 975 4511; x_wconf 87' lang='lat' dir='ltr'><strong>Senensis</strong></span> <span class='ocrx_word' id='word_1_412' title='bbox 1005 4442 1391 4526; x_wconf 78' lang='lat' dir='ltr'><strong>catharina,</strong></span> <span class='ocrx_word' id='word_1_413' title='bbox 1445 4465 1582 4514; x_wconf 90' lang='lat' dir='ltr'><strong>non</strong></span> <span class='ocrx_word' id='word_1_414' title='bbox 1634 4443 1785 4514; x_wconf 85' lang='lat' dir='ltr'><strong>sine</strong></span> <span class='ocrx_word' id='word_1_415' title='bbox 1818 4465 2070 4537; x_wconf 88' lang='lat' dir='ltr'><strong>magno</strong></span> <span class='ocrx_word' id='word_1_416' title='bbox 2111 4444 2550 4516; x_wconf 86' lang='lat' dir='ltr'><strong>humillimae</strong></span> <span class='ocrx_word' id='word_1_417' title='bbox 2598 4445 2933 4538; x_wconf 80' lang='lat' dir='ltr'><strong>virginis</strong></span> <span class='ocrx_word' id='word_1_418' title='bbox 2990 4467 3223 4546; x_wconf 73' lang='lat' dir='ltr'><strong>angon</strong></span> 
     </span>
    </p>
   </div>
   <div class='ocr_carea' id='block_1_4' title="bbox 3270 265 3277 995">
    <p class='ocr_par' dir='ltr' id='par_1_4' title="bbox 3270 265 3277 995">
     <span class='ocr_line' id='line_1_49' title="bbox 3270 265 3277 995; baseline 0 0"><span class='ocrx_word' id='word_1_419' title='bbox 3270 265 3277 995; x_wconf 95' lang='lat' dir='ltr'><strong> </strong></span> 
     </span>
    </p>
   </div>
   <div class='ocr_carea' id='block_1_5' title="bbox 3263 1260 3283 3893">
    <p class='ocr_par' dir='ltr' id='par_1_5' title="bbox 3263 1260 3283 3893">
     <span class='ocr_line' id='line_1_50' title="bbox 3263 1260 3283 3893; baseline 0 0"><span class='ocrx_word' id='word_1_420' title='bbox 3263 1260 3283 3893; x_wconf 95' lang='lat' dir='ltr'><strong> </strong></span> 
     </span>
    </p>
   </div>
  </div>
 </body>
</html>
