3308 5004
188 325 330 393 tue.
377 325 400 391 i
725 344 805 390 m:
852 343 948 391 ss.
1001 341 1199 390 νει-ιο
1245 342 1468 391 Arosr.
1519 340 1597 387 tr
1642 338 1871 387 raom.
1923 337 2072 386 sua
2493 321 2575 387 ’34
2783 385 2790 401 ,

189 427 357 500 Elias:
399 428 472 499 Si
507 428 700 498 homo
756 429 899 509 Dei,
960 426 1210 515 inquit,
1246 450 1400 497 sum
1436 449 1581 527 eqo,
1634 424 1990 494 descendat
2023 424 2203 515 ignis
2234 423 2318 494 de
2348 426 2550 506 coelo,
2612 434 2677 495 et

189 518 395 588 devoret
424 528 506 599 te,
541 527 607 588 et
637 519 1140 610 quinquaqinta
1170 527 1342 586 tuos.
1387 514 1643 585 Deinde
1692 514 1876 584 venit
1911 512 2095 582 alius
2138 512 2680 605 Quinquagena-

185 607 312 686 rius,
360 617 419 676 et
475 604 611 677 ait:
674 611 894 676 Homo
954 605 1122 686 Dei,
1183 603 1525 675 descende
1558 657 1575 686 ,
1647 602 1816 690 quia
1871 607 2012 673 Rex
2075 613 2140 671 te
2198 623 2377 692 opus
2423 601 2673 681 babet:

180 697 242 767 si
269 696 436 765 ltomo
478 697 609 766 Dei
647 718 799 765 sum
852 716 997 786 eqo,
1053 694 1283 782 inquit
1343 693 1551 775 Elias,
1605 691 1963 762 descendat
2011 691 2194 781 iqnis
2244 691 2328 762 de
2378 696 2578 763 coelo.
2611 703 2678 764 et

180 784 394 854 divor-et
436 795 524 865 te,
559 795 622 854 et
668 783 1170 876 quinquaqinta
1198 793 1369 853 tuos.
1407 782 1503 851 Ad
1559 781 1730 850 haec
1779 780 1965 850 venit
2010 778 2093 848 ad
2147 780 2481 852 orationis
2509 803 2680 852 con-

177 872 553 943 ventionem:
615 894 917 961 cumque
964 871 1357 943 sacerdotes
1405 870 1564 942 illos
1625 868 1921 939 infames
1966 868 2128 937 Baal
2188 883 2672 959 provocasset:

175 963 439 1044 oremus,
465 961 755 1049 inquit:
793 973 861 1032 et
890 960 1206 1032 addidit:
1261 961 1490 1031 Facite
1538 980 1654 1030 vos
1704 979 2015 1030 seorsum
2065 956 2305 1038 altare,
2342 970 2408 1028 et
2445 959 2680 1050 eligite

173 1049 315 1120 duos
348 1050 571 1131 boves,
609 1065 676 1121 et
707 1049 1044 1142 imponite
1073 1050 1267 1141 ligna
1314 1071 1529 1139 super
1573 1070 1798 1120 unum
1835 1047 2106 1128 bovem,
2157 1059 2223 1115 et
2273 1046 2506 1137 ignem
2537 1070 2675 1119 non

172 1138 497 1229 imponite:
552 1152 621 1210 et
663 1162 790 1231 ego
840 1139 1024 1209 idem
1083 1138 1363 1210 faciam.
1418 1144 1654 1208 Postea
1704 1137 2015 1206 invocate
2066 1156 2316 1204 nomen
2386 1136 2677 1208 deorum

172 1240 535 1311 vestrorum,
587 1241 654 1299 et
689 1251 817 1319 ego
850 1250 1102 1299 nomen
1128 1228 1248 1298 Dei
1283 1227 1466 1298 mei:
1519 1240 1585 1297 et
1628 1225 1750 1314 qui
1801 1231 1980 1295 Deus
2025 1223 2412 1295 exaudierit
2441 1225 2676 1315 ignem

172 1316 493 1401 mittendo,
550 1317 664 1388 hic
728 1318 858 1388 erit
904 1338 1107 1388 verus
1154 1322 1360 1387 DeuS.
1413 1321 1753 1387 Fecerunt
1799 1312 2190 1385 sacerdotes
2236 1311 2533 1383 infames
2578 1313 2680 1384 al-

169 1417 305 1485 tare,
353 1422 415 1477 et
457 1419 842 1499 coeperunt
896 1406 1217 1476 invocare
1268 1405 1459 1487 Baal,
1521 1405 1864 1475 dicentes:
1917 1401 2183 1473 Exaudi
2237 1424 2406 1483 noS,
2462 1402 2624 1473 Baal
2658 1458 2675 1484 ,

168 1494 382 1565 exaudi
415 1518 566 1568 nos.
622 1501 788 1566 Cum
818 1517 999 1577 vem,
1040 1495 1261 1566 multo
1309 1494 1614 1564 clamore
1639 1493 1844 1575 edito,
1880 1513 2083 1562 nemo
2112 1505 2293 1561 esset
2319 1493 2438 1578 qui
2470 1514 2680 1562 exau-

165 1583 309 1654 diret
333 1584 496 1675 (non
539 1585 726 1655 enim
774 1598 923 1655 erat
983 1605 1131 1665 vox,
1195 1605 1418 1671 neque
1465 1582 1785 1672 auditio),
1851 1579 2253 1672 expectabat
2299 1580 2506 1663 Elias,
2561 1603 2681 1672 pa·-

167 1671 434 1742 tientiam
477 1674 807 1754 retinens,
845 1674 1065 1744 donec
1100 1672 1205 1742 illi
1236 1685 1542 1749 orarent.
1579 1677 1747 1742 Cum
1784 1684 2013 1739 autem
2065 1669 2347 1740 vidisset
2388 1670 2677 1741 multam

163 1783 285 1831 esse
304 1762 577 1832 illorum
613 1784 907 1844 moram,
938 1774 1003 1832 et
1037 1763 1336 1832 intentos
1361 1761 1726 1842 clamoreS,
1767 1780 1988 1847 neque
2025 1779 2446 1846 quemquam
2474 1781 2683 1829 exau-

164 1849 307 1930 dire,
346 1851 647 1923 irridens
695 1849 888 1924 illos:
921 1850 1245 1931 Clamate,
1284 1850 1551 1938 inquit..
1577 1871 1791 1936 quam
1824 1848 2124 1917 maxime
2160 1847 2475 1937 potestis:
2519 1871 2679 1918 nam

162 1936 304 2009 sorte
346 1940 603 2009 dormit
646 1940 824 2011 deus
862 1954 1101 2012 vester.
1156 1945 1314 2010 Post
1361 1938 1530 2009 haec
1577 1961 1742 2008 cum
1786 1937 1933 2026 jam
1987 1935 2312 2006 meridies
2358 1949 2559 2017 esset,
2615 1949 2682 2007 et

165 2038 409 2119 tempus
440 2030 925 2120 processisset:
966 2028 1350 2110 Concedite,
1413 2028 1636 2116 inquit
1671 2027 1876 2108 Elias,
1916 2040 1995 2096 ut
2041 2024 2290 2095 faciam
2355 2024 2683 2097 holocau-

162 2129 314 2186 stum
349 2139 627 2188 meum:
664 2140 967 2205 cumque
996 2117 1269 2189 fecisset
1315 2116 1554 2199 altare,
1607 2128 1676 2186 et
1705 2115 2154 2207 imposuisset
2204 2113 2415 2204 ligna,
2467 2114 2674 2185 dixit:

163 2205 375 2275 Afferte
420 2229 676 2294 aquam
726 2208 913 2277 circa
960 2206 1217 2276 altare:
1269 2207 1536 2289 Alfene,
1589 2205 1855 2294 inquit,
1921 2203 2031 2276 bis
2095 2216 2363 2273 tantum
2401 2257 2417 2285 ‚
2469 2216 2535 2272 et
2581 2216 2683 2274 ter

163 2303 424 2365 tantum.
468 2300 805 2366 Fecerunt
852 2296 983 2366 hoc
1034 2295 1358 2365 ministri.

231 2386 263 2471 ἓ
303 2391 451 2458 1⁶.
504 2385 722 2455 Velim
772 2384 1196 2466 consideres,
1248 2406 1464 2472 quare
1510 2384 1600 2453 ab
1648 2382 1797 2452 Elia
1841 2383 1972 2453 hoc
2017 2379 2277 2450 factum
2345 2380 2452 2454 sit.
2505 2386 2684 2464 Quo-

167 2470 323 2543 niam
357 2474 617 2545 erroris
663 2497 815 2546 mos
861 2488 986 2556 cst,
1022 2474 1285 2544 veritati
1341 2472 1618 2563 propria
1659 2471 1821 2542 vitia
1870 2471 2193 2562 objicere.
2248 2468 2324 2539 Id
2374 2470 2555 2556 quod
2586 2470 2686 2540 fa-

164 2561 326 2631 ciunt
373 2564 804 2634 meretrices:
859 2564 1245 2654 anticipant
1290 2563 1474 2631 enim
1529 2563 1722 2652 ipsae
1752 2617 1767 2640 ,
1821 2574 1886 2631 et
1934 2562 2280 2658 ingenuas
2342 2558 2683 2629 foeminas

126 2653 525 2725 ,meretrices
578 2665 842 2734 vocant,
894 2666 972 2722 ut
1010 2675 1143 2722 non
1195 2652 1498 2722 habeant
1545 2650 1729 2732 illae,
1769 2649 1938 2739 quid
1986 2648 2284 2719 convicil
2317 2647 2677 2735 objiciant.

163 2741 491 2830 Propterea
510 2742 719 2811 etiam
746 2742 812 2811 in
841 2742 969 2812 hac
997 2763 1067 2810 re
1094 2742 1441 2832 sapienter
1469 2763 1544 2810 se
1575 2739 1788 2832 gessit
1818 2739 2025 2808 Elias.
2059 2736 2365 2818 Attende,
2396 2758 2678 2824 quaeSO,

162 2828 312 2913 quod
360 2830 686 2904 dicturus
732 2853 917 2899 sum:
983 2830 1126 2899 vidi
1175 2830 1361 2900 enim
1413 2830 1584 2920 ipse,
1636 2827 1822 2916 quod
1884 2827 2137 2897 dicam.
2205 2830 2282 2896 In
2334 2825 2681 2896 idolorum

162 2914 465 2990 altaribus
522 2918 871 2989 foramina
918 2919 1259 3007 quaedam
1310 2932 1478 2990 sunt
1542 2941 1622 2988 ex
1673 2917 1994 2988 inferiore
2040 2914 2280 2986 altaris
2329 2927 2567 3005 parte,
2618 2927 2687 2984 et

163 3001 317 3075 fovea
363 3009 710 3096 quaedam
761 3009 1094 3080 obscura:
1162 3008 1596 3079 descendunt
1640 3019 1870 3077 autem
1936 3005 2190 3076 erroris
2237 3003 2540 3074 artifices
2608 3004 2682 3073 in

165 3091 390 3166 foveam
438 3097 664 3178 illam,
717 3109 784 3167 et
836 3119 918 3167 ex
967 3096 1454 3179 foraminibuS,
1506 3118 1687 3185 quae
1727 3096 2065 3175 diximus,
2121 3094 2351 3185 ignem
2401 3093 2687 3163 sufflant

166 3181 232 3279 ad
270 3186 688 3257 sacrificium
732 3186 1272 3269 conficiendum,
1311 3186 1405 3256 ita
1438 3198 1514 3256 ut
1554 3185 1754 3255 multi
1785 3183 2078 3275 decepti,
2131 3181 2492 3252 coelestem
2534 3203 2686 3253 esse

168 3290 361 3360 ignem
401 3275 612 3346 illum
662 3276 1079 3345 existiment.
1131 3280 1225 3346 Ne
1274 3275 1491 3365 igitur
1520 3285 1587 3343 et
1616 3272 1799 3343 Elias
1860 3273 1929 3341 in
1979 3271 2449 3362 suspicionem
2492 3271 2685 3340 veni-

169 3372 265 3441 ret,
291 3363 466 3449 quod
517 3376 590 3434 et
623 3363 642 3432 i
697 3387 771 3434 se
818 3363 953 3434 tale
985 3363 1249 3450 aliquid
1288 3363 1729 3433 machinatus
1774 3374 1975 3442 esset,
2019 3381 2271 3447 aquam
2306 3358 2572 3440 effudit,
2608 3371 2688 3430 ut

166 3467 312 3534 aqua
355 3452 474 3522 illa
516 3452 644 3522 nul
676 3476 716 3522 a
774 3475 924 3524 esse
990 3453 1176 3523 infra
1230 3452 1448 3522 altare
1492 3450 1836 3521 foramina
1870 3449 2278 3520 ostenderet.
2336 3448 2459 3517 Ubi
2491 3449 2680 3517 enim

171 3533 440 3634 foramen
471 3563 664 3630 aqua
708 3542 1070 3624 invenerit,
1107 3541 1251 3611 illic
1283 3563 1468 3629 aqua
1502 3562 1637 3610 non
1680 3539 2016 3620 consistit,
2054 3537 2172 3608 sed
2210 3557 2330 3629 per
2347 3535 2685 3606 foramina
2763 3557 2780 3578 ¹

168 3643 291 3714 tpsa
316 3629 579 3701 defluat
602 3649 881 3702 necesse
905 3644 1033 3700 est.
1067 3629 1387 3722 Implevit
1419 3629 1635 3719 igitur
1667 3629 1903 3711 altare,
1955 3640 2022 3698 et
2068 3627 2178 3697 his
2212 3624 2439 3725 verbis
2468 3630 2686 3695 Deum

170 3717 385 3787 oravit:
433 3720 725 3791 Eoeaudi
742 3743 871 3802 me,
905 3723 1206 3802 Domine,
1243 3719 1441 3789 hodie
1471 3722 1545 3789 in
1576 3720 1757 3809 iqne.
1792 3715 2146 3788 Exaudisti
2196 3737 2306 3785 me
2354 3736 2425 3783 tn
2473 3736 2679 3802 aqua,

169 3807 381 3876 exaudi
430 3832 542 3880 me
581 3821 649 3879 et
696 3808 766 3878 in
820 3810 1004 3900 igne.
1042 3808 1288 3878 vidisti
1334 3807 1835 3878 elementorum
1861 3809 2206 3898 aurigam,
2244 3815 2311 3873 et
2339 3801 2690 3904 guberna-

174 3900 349 3963 torem
381 3898 660 3967 Eliam?
705 3903 784 3967 Et
821 3920 1005 3979 ecce,
1060 3896 1313 3985 inquit,
1343 3917 1504 3967 cum
1535 3896 1685 3987 ipse
1716 3896 2122 3976 invocasset,
2161 3892 2473 3965 celeriter
2502 3912 2689 3982 ignis

175 3975 485 4056 descendit
548 3986 635 4055 de
697 3986 936 4068 coelo,
988 3999 1056 4056 et
1100 3985 1543 4077 consumpsit
1603 3983 2028 4055 sacrificium
2059 4036 2080 4065 ‚
2148 3996 2215 4052 et
2262 3979 2574 4071 lapides,
2624 3990 2692 4050 et

177 4087 382 4155 aquam
422 4074 677 4146 delevit
717 4076 926 4168 ignis.
964 4080 1157 4145 Tunc
1202 4075 1362 4145 ille:
1416 4073 2013 4166 Comprehendite‚
2068 4070 2317 4159 inquit,
2373 4069 2688 4140 sacerdo·

179 4159 445 4259 taqistos
484 4164 809 4246 infames,
868 4178 937 4235 et
994 4186 1199 4234 nemo
1245 4176 1554 4234 servetur
1601 4186 1683 4233 ex
1729 4163 1926 4264 ipsis,
1981 4157 2684 4260 comprehenderunt,

182 4256 229 4313 et
259 4252 738 4324 interfecerunt
778 4255 992 4346 ipsos,
1030 4252 1581 4345 quadringentos
1620 4251 1887 4323 scihcet
1931 4263 1998 4320 et
2023 4250 2533 4344 quinquaginta
2589 4269 2690 4317 sa·

185 4337 439 4412 oerdotes
484 4341 677 4424 Baal,
713 4355 781 4414 et
826 4342 1375 4432 quadringentos
1422 4342 1813 4413 sacerdotes
1861 4339 2275 4410 sublimium
2314 4337 2682 4408 montium.

244 4426 436 4511 512.
484 4432 764 4505 Audivit
804 4431 1080 4504 ¹Iezabel
1113 4453 1287 4503 uxor
1333 4431 1516 4524 regis
1542 4430 1796 4512 Achab,
1829 4451 2007 4518 quae
2053 4427 2233 4500 facta
2271 4426 2569 4508 fuerant,
2620 4436 2690 4496 et
