3308 5004
699 339 830 405 668
1295 355 1374 402 nn
1419 356 1476 402 s.
1528 353 1804 403 Josuno
1850 353 2232 404 musnet.
2283 331 2469 402 con.
2830 333 3039 399 mc..
3093 332 3176 398 27

609 439 1091 521 suavissimis,
1164 450 1312 510 tum
1376 439 1713 529 exemplis
1774 439 1924 509 suis
1990 439 2427 530 provocabat.
2499 436 2804 524 Denique
2873 435 3184 506 biennio

608 543 768 600 ante
797 551 1009 630 quam
1047 550 1086 599 e
1133 529 1270 598 vita
1299 527 1677 609 excederet,
1723 549 1987 598 merces
1990 549 2142 685 (pro
2177 539 2357 597 recte
2389 525 2588 596 factis
2624 525 2778 613 ejus
2823 525 2901 594 in
2959 522 3189 625 coel-is

608 633 929 710 reposita,
983 618 1053 687 in
1089 617 1344 709 spiritu
1386 617 1452 687 ei
1488 629 1767 686 ostensa
1809 630 1938 691 est.
2041 618 2396 704 ictumque
2424 628 2527 684 est
2573 613 2720 684 illi:
2775 618 3083 684 Laetare
3115 634 3184 682 m

610 708 929 789 Domino;
960 728 1122 776 ecce
1164 706 1353 776 enim
1403 726 1583 794 quae
1631 705 1756 775 tibi
1897 719 2044 775 rata
2097 706 2237 774 sint
2297 724 2420 794 pro
2474 701 2710 773 labore
2754 715 2904 773 tuo.
2969 701 3193 771 Multa

607 797 761 888 ejus
805 794 1037 866 adhuc
1077 806 1456 886 supersunt
1485 807 1554 865 et
1591 816 1794 886 praec
1825 816 1968 876 ara,
2020 815 2202 882 quae
2250 791 2658 885 prolixitatis
2704 790 3194 862 declinandae

608 886 821 958 rausa
850 884 1260 955 omittimus.
2279 923 2286 928 -
2943 889 2960 900 ·

1075 1144 1313 1245 vrri
1378 1145 1463 1245 S.
1541 1141 1961 1246 JOSEPffl
2034 1139 2700 1302 ciLAsANc'ru

1299 1385 1758 1437 ennemase&
1812 1384 2185 1434 senonum
2235 1384 2473 1433 runnu
2507 1392 2522 1408 ·

1629 1562 2144 1630 FUNDATORIS

664 1777 781 1846 Ρη
826 1779 1073 1829 nuum
1116 1775 1418 1827 cAuomz.
1470 1778 1512 1825 Α
1575 1777 1898 1827 culm!
1943 1778 2043 1824 1¹1².
2096 1778 2240 1837 1111,
2289 1775 2461 1824 Anno
2509 1773 2856 1825 unchxvu
2912 1778 3152 1826 mutu

1315 1948 1504 2007 Obiit
1544 1962 1725 2006 anno
1767 1951 1934 2006 1648
1977 1978 2056 1990 -
2094 1949 2469 2019 Hispanus.

698 2134 736 2219 ξ
782 2136 860 2203 1.
897 2129 1339 2200 Admirabilis
1366 2151 1531 2199 sane
1555 2129 2052 2221 omnipotentis
2081 2128 2675 2220 Dei-providentia,
2715 2141 2876 2198 tum
2911 2130 2988 2201 in
3023 2153 3173 2201 con-

614 2219 985 2302 stituenda,
1022 2232 1170 2289 tum
1204 2219 1272 2287 in
1308 2229 1493 2288 sarta
1523 2231 1835 2307 tectaque
1866 2218 2204 2290 servanda
2234 2218 2556 2298 Ecclesia,
2596 2240 2814 2305 quam
2870 2220 3171 2289 Christus

614 2309 980 2397 acquisivit
1010 2308 1352 2399 sanguine
1377 2329 1529 2388 suo,
1550 2306 1696 2396 jam
1735 2306 1895 2376 inde
1919 2309 2008 2378 ab
2035 2308 2187 2398 ejus
2220 2307 2597 2398 primordio
2625 2306 2713 2376 ad
2743 2307 2941 2377 hanc
2967 2328 3170 2396 usque

613 2397 796 2468 diem
836 2397 1252 2477 illustribus,
1287 2408 1352 2466 et
1391 2396 1996 2488 praeclarissimiS,
2038 2408 2113 2466 ut
2144 2398 2233 2466 ab
2264 2396 2593 2468 omnibus
2626 2394 2836 2466 facile
2867 2396 3162 2486 conspici

612 2481 939 2579 po'ssent,
994 2509 1143 2557 sese
1193 2485 1496 2577 prodidit
1541 2485 1994 2577 argumentis.
2051 2490 2174 2555 Per
2229 2507 2468 2558 omnes
2506 2484 2703 2555 'enim
2756 2497 3003 2555 aetates
3041 2485 3156 2553 be-

614 2576 1077 2668 nignissimus
1103 2581 1279 2646 Deus
1305 2575 1625 2646 homines
1654 2576 1833 2644 in-ea
1859 2575 2336 2646 sanctissimos
2368 2574 2708 2655 excitavit,
2758 2575 2891 2663 qui,
2927 2570 3142 2644 studio

613 2664 880 2735 alienae
927 2665 1170 2738 salutis
1217 2663 1506 2746 incensi,
1550 2662 1886 2755 juvandis
1922 2662 2412 2751 quoquomodo
2452 2662 2786 2733 fidelibus
2817 2662 3144 2733 adlabora-

612 2767 788 2825 rent.
841 2761 1067 2839 Quum
1120 2767 1348 2825 autem
1398 2754 1601 2841 cujus
1650 2753 1817 2822 libet
1863 2752 2105 2823 aetatis
2156 2751 2475 2822 homines
2532 2763 2938 2823 sanctorum
2987 2751 3148 2819 viro-

612 2866 770 2914 rum
821 2843 1054 2914 studio
1102 2856 1306 2931 atque
1338 2842 1551 2931 opera
1589 2841 1732 2912 indi
1787 2854 1968 2922 eant,
2006 2863 2093 2911 ne
2124 2840 2564 2931 ignorantiae
2599 2841 2910 2913 tenebris
2936 2839 3162 2911 obcae-

614 2932 746 3003 cati
800 2932 1084 3002 meliora
1134 2954 1269 3001 non
1325 2930 1620 3013 videant,
1677 2953 1754 3000 ve
1828 2931 2033 3000 etiam
2087 2930 2147 3000 si
2188 2930 2494 3009 videant,
2539 2929 3162 3019 aconcupiscentia

614 3044 741 3091 sua
773 3020 1100 3092 abstracti
1134 3034 1199 3092 et
1235 3020 1442 3090 illecti
1472 3020 1810 3090 deteriora
1844 3031 2263 3107 sequantur;
2304 3032 2540 3088 tenera
2575 3017 2884 3109 profecto
2916 3033 2985 3088 et
3021 3038 3168 3121 pue-

613 3109 765 3179 rilis
811 3123 997 3180 aetas
1042 3108 1468 3201 singularem
1518 3108 1896 3195 quamdam
1946 3120 2015 3177 et
2067 3108 2293 3197 praeci
2353 3129 2516 3177 uam
2552 3129 2793 3177 curam
2837 3108 3166 3196 requirit,

614 3220 700 3267 ne
747 3197 880 3267 sibi
930 3198 1165 3268 relicta
1213 3210 1418 3286 atque
1467 3196 1755 3278 inculta,
1813 3196 2246 3298 voluptatum
2327 3195 2648 3267 enocinio
2698 3195 3042 3298 paulatim
3089 3193 3170 3265 ad

612 3286 779 3355 vitia
825 3285 1107 3367 defluat,
1164 3308 1413 3357 sensus
1460 3285 1721 3377 quippe
1757 3300 1822 3356 et
1851 3285 2176 3376 cogitatio
2209 3285 2502 3355 humani
2531 3284 2765 3356 cordis
2801 3286 2874 3354 in
2914 3284 3173 3355 malum

612 3396 833 3465 prona
881 3388 1045 3445 sunt
1089 3377 1178 3446 ab
1218 3374 1684 3445 adolescentia
1723 3397 1874 3446 sua.
1920 3380 2353 3464 Quapropter
2391 3374 2659 3444 tametsi
2697 3373 3020 3445 Christus
3055 3378 3178 3443 Do-

617 3464 853 3535 minus
900 3485 1139 3535 omnes
1181 3464 1575 3555 promiscue
1598 3463 1685 3532 ad
1720 3486 1791 3534 se
1825 3463 2230 3533 accedentes
2262 3462 2771 3533 humanissime
2803 3464 3178 3554 exciperet,

616 3573 869 3643 pueros
918 3565 1142 3623 tamen
1193 3552 1445 3623 eximio
1491 3552 1793 3641 quodam
1846 3574 2081 3622 amore
2119 3551 2610 3641 complectens,
2647 3553 2879 3631 sinite,
2926 3552 3180 3641 inquit,

662 3645 936 3712 arvulos
981 3644 1209 3712 venire
1257 3643 1348 3711 ad
1392 3664 1518 3710 me.
1573 3641 1955 3711 Novissime
1989 3662 2143 3710 vero
2175 3663 2336 3711 cum
2390 3639 2742 3711 rediturus
2783 3640 2869 3710 ad
2916 3647 3187 3712 Patrem

604 3664 813 3801 ficato
859 3731 1175 3822 Apostolo
1224 3736 1438 3811 Petr0,
1478 3750 1683 3830 quem
1721 3729 2069 3799 vicarium
2105 3730 2412 3799 interris
2444 3751 2654 3800 suum
2690 3730 3179 3811 constituerat,

615 3819 988 3890 Ecclesiam
1041 3819 1173 3889 sibi
1220 3818 1706 3889 chari351mam
1759 3840 1829 3887 re
1881 3818 2133 3888 endam
2180 3830 2246 3887 et
2305 3819 2724 3909 pascendam
2787 3819 3187 3890 committe-

616 3920 762 3990 ret,
816 3931 974 3979 oves
1021 3907 1299 3996 quidem
1330 3962 1345 3989 ,
1401 3929 1522 3997 per
1565 3929 1741 3995 quas
1788 3841 2012 3976 agusti
2064 3905 2595 3997 intelliguntur,
2664 3928 2804 3977 non
2875 3908 3188 3999 amplius

617 4019 825 4085 quam
877 3996 1112 4079 semel,
1165 4017 1381 4085 agnos
1433 4018 1611 4078 vero,
1664 3996 1924 4084 quibus
1972 3996 2171 4086 pueri
2219 3995 2677 4088 designantur
2726 3997 2948 4068 semel
2981 4010 3187 4089 atque

616 4085 866 4157 iterum
901 4084 1434 4156 commendavit.

708 4176 745 4262 ξ
795 4181 883 4246 2.
938 4180 1175 4261 Itaque
1220 4196 1441 4261 quum
1483 4178 1555 4242 B.
1589 4172 1852 4269 Joseph
1891 4172 2361 4243 Calasanctius
2393 4195 2430 4242 a
2466 4178 2677 4243 Matre
2718 4173 2860 4253 Dei,
2875 4195 3180 4265 genere.

618 4262 957 4343 doctrina,
993 4263 1241 4333 virtute
1275 4274 1654 4352 praestanS,
1692 4283 1925 4331 seeum
1959 4262 2193 4330 animo
2226 4273 2574 4362 reputaret
2602 4262 2673 4331 in
2706 4262 2980 4353 optima
3019 4283 3184 4354 pue-

620 4372 855 4421 rorum
907 4351 1335 4422 institutione
1382 4373 1576 4442 spem
1628 4350 2051 4441 reipublicae
2091 4350 2514 4420 christianae
2544 4350 3016 4421 certissimam
3067 4372 3184 4443 po·

621 4438 825 4509 sitam
872 4461 1044 4521 esse,
1096 4451 1162 4509 et
1209 4462 1461 4531 pueros
1511 4439 1791 4523 videret,
1847 4441 2088 4531 inopes
2129 4439 2558 4531 praesertim,
2622 4451 2831 4527 atque
2887 4438 3186 4512 infimae
