3308 5004
711 348 840 415 730
1217 366 1286 414 ιι(
1330 365 1526 414 rnsro
1572 364 1910 415 nrcotm.
1964 366 2021 414 s.
2072 363 2302 413 somn.
2350 362 2533 413 ΒΑΗ.
2848 346 3070 412 Anu.
3120 346 3195 412 2⁹

627 450 978 522 sacerdote
1025 449 1268 520 moniti
1318 465 1483 521 sunt
1527 449 1613 519 de
1660 450 2054 520 imminenti
2104 447 2493 541 naufragio,
2529 447 2665 519 nisi
2693 447 3087 540 dispersos
3110 449 3198 519 ci·

631 562 830 611 neres
858 542 929 610 in
959 562 1178 609 unum
1218 539 1642 631 colligerent.
1686 543 1835 622 Quo
1864 538 2065 621 facto,
2106 537 2422 608 idoneam
2458 550 2953 630 tempestatem
2994 538 3194 619 nacti,

629 644 991 721 postquam
1041 627 1224 699 felici
1271 650 1485 699 cursu
1542 632 1851 699 Genuam
1905 639 2322 709 tenuerunt,
2375 649 2651 697 sacrum
2718 625 3197 714 reliquiarum

631 720 885 810 pignus
934 718 1063 789 sibi
1115 717 1402 788 coelitus
1442 717 1894 787 commissum
1948 718 2019 786 in
2068 714 2320 786 sacello
2356 716 2592 806 templi
2634 717 2974 792 maximi.
3018 716 3195 807 regio

627 808 913 898 sumptu
960 806 1344 888 aedificato,
1398 827 1478 876 ac
1530 805 1884 876 nobilibus
1923 805 2144 895 signis
2189 818 2454 886 ornato,
2509 805 3012 875 venerabundi
3062 804 3194 875 col·

628 894 1048 966 locaverunt.
1115 901 1421 979 Quarum
1493 894 2128 984 praesentissimam
2207 893 2525 963 virtutem
2599 898 2777 963 Deus
2860 893 3193 982 frequen-

625 986 813 1054 tibus
843 1007 922 1055 ac
955 983 1337 1054 manifestis
1387 982 1748 1054 miraculis
1781 984 1852 1053 in
1885 983 2066 1053 hanc
2097 1004 2184 1053 us
2236 1004 2322 1052 ue
2369 981 2553 1051 diem
2595 993 2902 1053 testatus
2934 996 3048 1053 est
3071 981 3186 1073 (a),

623 1072 1165 1161 earumdemque
1212 1071 1480 1144 cultum
1528 1071 1941 1142 muneribus
1985 1084 2052 1142 et
2098 1071 2168 1141 in
2225 1070 2390 1141 ultis
2422 1070 2785 1141 Pontifices
2829 1093 3189 1142 commen·

623 1162 880 1232 darunt
924 1162 981 1230 *.

1111 1467 1215 1532 DE
1263 1464 1887 1534 EXPORTATIONE
1937 1465 2211 1533 MANUS
2260 1462 2683 1531 DEXTERAE

871 1689 1360 1791 SANcri
1467 1689 2059 1791 JOANNiS
2154 1608 2952 1790 BAPTISTAE

1354 1931 1646 1979 nunna
1695 1930 1763 1978 m
1810 1931 1941 1977 sut.
1984 1927 2437 1978 un'rAPnRAsrss

629 2211 910 2282 abunde
954 2211 1209 2280 ssuenta
1248 2211 1568 2281 emittens
1614 2233 1903 2281 suarum
1939 2210 2346 2301 gratiarum:
2397 2222 2463 2280 et
2510 2231 2768 2281 rursus
2807 2212 2969 2285 dies
3002 2211 3154 2281 alius

628 2301 919 2370 celebris
966 2299 1300 2380 redditur,
1366 2300 1489 2387 qui
1537 2300 1801 2390 maJora
1847 2312 1913 2369 et
1981 2299 2361 2389 potentiora
2419 2298 2559 2369 alia
2605 2300 2919 2371 ostendit
2968 2321 3147 2389 argu·

632 2403 883 2470 menta,
927 2410 1134 2476 quam
1169 2410 1346 2475 quae
1394 2389 1533 2458 sint
1583 2390 1649 2457 in
1694 2388 1851 2457 aliis
1882 2388 2032 2479 ejus
2071 2388 2298 2458 festis:
2350 2400 2418 2463 et
2461 2410 2600 2470 θος,
2655 2390 2789 2476 qui
2837 2389 3010 2459 festis
3042 2389 3145 2455 de·

629 2480 988 2558 lectantur‚
1054 2476 1279 2549 evehit
1324 2477 1408 2548 ad
1458 2477 1898 2548 excelsiorem
1976 2477 2470 2548 miraculorum
2519 2478 3120 2549 considerationem.

628 2575 795 2637 Ecce
844 2568 1019 2637 Solis
1068 2568 1380 2655 justitiae
1425 2567 1660 2638 clarus
1698 2582 1763 2637 et
1809 2567 2001 2636 omni
2057 2589 2137 2636 ex
2186 2579 2376 2657 parte
2434 2564 2720 2638 lucidus
2773 2565 2978 2638 lucifer
3025 2582 3113 2629 re-

627 2655 1002 2747 splenduit,
1058 2657 1205 2726 suis
1255 2655 1468 2725 radiis
1509 2655 1871 2726 illustrans
1910 2667 2118 2725 totam
2152 2655 2494 2726 Ecclesiae
2535 2655 3027 2746 plenitudinem,
3056 2660 3116 2719 et

628 2768 833 2815 suum
892 2745 1140 2815 festum
1192 2744 1594 2814 laetificans.
1650 2745 1848 2814 Venit
1913 2757 2139 2814 autem
2195 2766 2330 2815 non
2400 2756 2477 2815 ut
2527 2744 2760 2835 prius,
2809 2765 2909 2837 per
2950 2759 3129 2840 suain

629 2834 1072 2916 nativitatem,
1129 2855 1349 2922 neque
1375 2848 1451 2903 ut
1496 2833 1771 2915 deinde,
1801 2854 1922 2923 per
1951 2833 2040 2903 ab
2070 2833 2336 2903 Herode
2382 2832 2632 2903 factam
2671 2835 2896 2924 ipsius
2924 2842 3139 2928 capitis

626 2922 1194 3012 amputationem,
1263 2943 1486 3010 neque
1538 2934 1615 2991 ut
1670 2935 1926 3011 postea,
1982 2944 2103 3013 per
2160 2944 2481 2992 arcanam
2513 2923 2854 3013 'ejusdem
2906 2918 3137 2991 mirifici

626 3012 872 3101 capitis
906 3010 1384 3081 revelationem
1420 3034 1433 3078 :
1489 3009 1604 3079 sed
1706 3033 1781 3080 er
1817 3032 2128 3092 manum,
2166 3033 2343 3098 quae
2381 3010 2511 3081 fuit
2558 3010 2658 3080 vel
2698 3012 2883 3102 ipsis
2914 3005 3137 3101 Angelis

626 3099 1062 3180 venerabiliS‚
1114 3121 1292 3186 quae
1339 3097 1615 3168 coelesti
1695 3100 1930 3169 umine
1981 3099 2411 3179 illustratur,
2465 3111 2531 3168 et
2595 3103 2843 3172 Sancti
2891 3100 3141 3191 Spiritus

626 3190 845 3277 gratia
892 3188 1391 3258 adumbratur:
1444 3209 1643 3275 quae,
1698 3187 2028 3290 quicquid
2079 3203 2223 3258 erat
2268 3186 2548 3276 quidem
2602 3211 2820 3278 grave
2870 3205 2942 3261 et
2986 3203 3150 3259 terre-

629 3299 822 3357 num,
876 3277 944 3345 in
996 3289 1175 3346 terra
1222 3276 1566 3368 deposuit,
1620 3287 1686 3345 et
1742 3277 1829 3346 ad
1880 3278 2464 3367 incorruptionem
2531 3277 2861 3348 traducta
2922 3292 3024 3349 est
3061 3296 3156 3367 pet
3276 3329 3277 3348 2

629 3365 834 3434 vitam
875 3366 1364 3448 continentem,
1417 3386 1595 3452 quae
1641 3379 1787 3435 erat
1834 3387 2045 3456 supra
2095 3365 2485 3435 hominem:
2539 3386 2719 3454 quae
2837 3368 2995 3437 rius
3032 3364 3162 3455 qui·

712 2124 752 2212 ξ
798 2129 873 2195 ί.
927 2126 1095 2192 Ecce
1140 2121 1225 2191 ad
1269 2143 1395 2193 nos
1442 2144 1688 2197 rursus
1731 2122 1911 2191 venit
1940 2133 2421 2191 sacrosanctus
2453 2120 2700 2192 Christi
2731 2126 3150 2200 Praecursor,

624 3453 779 3521 dem
833 3454 1122 3544 ingratis
1153 3454 1433 3526 ludaeis
1462 3453 1761 3543 ostendit
1794 3459 2061 3546 Agnum
2097 3455 2235 3536 Dei,
2274 3467 2341 3524 et
2373 3475 2681 3524 securem
2719 3477 2761 3524 a
2845 3458 3163 3528 arborum

629 3540 926 3610 radicem
982 3543 1297 3631 positam,
1350 3557 1416 3613 et
1461 3543 1876 3613 excisionem
1931 3543 2329 3614 minabatur
2375 3543 2895 3633 peccatoribuS.

712 3632 749 3718 ξ
800 3637 888 3702 ².
955 3637 1149 3701 Nunc
1198 3643 1424 3701 autem
1476 3654 1634 3702 cum
1714 3631 1831 3701 illa
1882 3631 2033 3722 ipsa
2086 3631 2525 3723 apparuerit,
2577 3645 2643 3701 et
2692 3629 3177 3722 praestantiori
3274 3711 3275 3722 χ

623 3719 921 3806 quodam
965 3719 1167 3790 modo
1202 3743 1452 3791 manus
1484 3721 1775 3790 evaserit
1820 3721 2244 3804 barbaricas,
2288 3744 2325 3791 a
2408 3721 2617 3792 uibus
2669 3721 3055 3795 videbatur
3099 3736 3179 3791 te·

626 3810 797 3888 neri,
837 3821 1188 3897 tamquam
1239 3809 1532 3898 captiva,
1585 3830 1883 3897 aequum
1933 3823 2075 3892 est,
2128 3824 2206 3880 ut
2252 3810 2325 3879 in
2398 3810 2526 3879 esti
2576 3808 2925 3883 laetitiam
2978 3812 3091 3904 pie
3128 3821 3183 3880 et

625 3910 1006 3967 reverenter
1043 3898 1387 3968 afficiatur
1412 3912 1645 3968 coetus
1671 3919 1909 3967 eorum
1955 3900 2076 3986 qui
2125 3899 2377 3970 festum
2412 3899 2731 3970 lubenter
2779 3900 3178 3973 celebrant:

676 4094 746 4150 (a)
775 4097 797 4118 ⁶
827 4099 954 4146 Quae
981 4099 1226 4147 Reliquiae
1255 4095 1343 4150 (ait
1369 4099 1535 4138 Boron.
1563 4099 1622 4139 ad
1651 4108 1759 4138 ann.
1793 4100 1911 4143 1101)
1942 4095 2279 4148 insignioribus
2312 4099 2581 4140 iun-trum
2607 4099 2871 4146 miramus.
2908 4103 3067 4152 cuju
3090 4098 3191 4143 dat.

626 4151 818 4190 sublimi
846 4162 959 4196 voce
988 4149 1181 4192 virtutis
1202 4153 1499 4192 annuntiant.
1523 4182 1543 4202 ,,
1563 4153 1786 4192 Fui-entis
1809 4153 2075 4201 aliquando.
2095 4153 2339 4193 horridum
2357 4155 2406 4194 in
2427 4153 2619 4193 modum
2638 4155 2810 4194 contr·
2826 4156 3014 4198 urbem
3037 4157 3188 4207 imt-

627 4207 888 4245 Ganuensis
917 4207 1028 4245 freti
1058 4206 1106 4244 in
1126 4208 1428 4254 conspectum
1451 4215 1533 4253 per
1551 4202 2017 4255 religiosissimorum
2037 4204 2212 4246 civium
2233 4207 2386 4247 omnis
2405 4207 2587 4247 ordini·
2609 4208 3008 4256 supplicatione·
3026 4210 3083 4252 h
3096 4218 3189 4250 eun»

623 4263 834 4304 spectum
863 4258 1021 4302 delati.
1050 4261 1205 4298 ventis
1232 4259 1322 4298 visi
1351 4261 1466 4298 sunt
1493 4261 1541 4297 et
1554 4261 1673 4300 mari
1694 4260 1925 4307 imperare
1946 4261 2136 4299 Cineres
2156 4258 2487 4302 sacratissimi:
2507 4261 2645 4310 signo
2665 4270 2874 4312 namque
2897 4261 3189 4314 «παρ’-,μθ

622 4312 732 4349 tiosi
751 4311 1128 4403 pignorigitheca.
1147 4314 1312 4353 contra
1329 4312 1506 4352 fluctu·
1527 4312 1751 4357 adhibito.
1770 4315 1903 4353 tanta
1919 4323 2026 4353 mox
2045 4314 2117 4353 ira
2136 4311 2428 4360 mirabiliter.
2448 4313 2803 4363 tranquillitate
2817 4315 3036 4364 additu.
3051 4316 3187 4358 ‘nh'-

627 4373 735 4402 νει-ε
756 4374 931 4403 consue
985 4367 1015 4403 t.

679 4418 703 4440 ¹·
734 4417 807 4455 Sic
835 4426 921 4466 pro
949 4418 1156 4457 eorumd
1191 4419 1370 4457 εισι-οι.
1402 4415 1621 4458 cinerum
1651 4417 1963 4464 solemnitate,
1991 4420 2125 4458 Dom.
2155 4419 2280 4460 intra
2306 4420 2407 4460 Oct.
2433 4420 2625 4460 Ancona.
2644 4419 2909 4463 Lectiones
2928 4420 3187 4465 himin-n

629 4465 778 4508 Officii
800 4469 1065 4510 Genuensis
1084 4471 1378 4519 perillustris
1396 4472 1648 4512 Ecclesiae.
