3308 5004
186 323 368 391 Ano.
423 324 452 390 4
2564 328 2651 397 23

1235 466 1734 549 HOMILIA

802 667 1084 736 sineri
1140 666 1481 737 somms
1540 668 2115 738 cnnrsosrom

182 862 280 962 ΙΝ
363 861 506 962 SS.
576 860 994 964 PETRUM
1069 860 1670 963 APOSTOLUM
1757 863 1877 963 ΕΤ
1958 861 2264 962 ELlAM
2329 862 2742 1023 ‘PROPIL

824 1084 1118 1134 nnuma
1163 1084 1231 1133 m
1278 1084 1553 1133 summ:
1598 1082 2052 1133 nnTAPnttAsu
2071 1119 2087 1146 ,

505 1193 576 1241 m
626 1192 754 1251 Quo
800 1191 929 1241 CUI
972 1191 1218 1240 nmmos
1264 1190 1505 1241 ctn‘rus
1551 1190 1617 1239 m
1664 1190 2051 1240 Assmmws
2099 1191 2198 1241 sn·
2243 1193 2407 1254 mus,

967 1299 1089 1349 NOS
1136 1299 1259 1349 HOC
1304 1298 1461 1348 Loco
1516 1298 1941 1349 RBPOSUnnJS.

257 1487 299 1574 ἓ
344 1491 426 1560 1.
506 1484 717 1557 Pauci
793 1481 1126 1557 hodierno
1171 1482 1286 1555 die
1333 1498 1608 1558 nostrae
1679 1483 2000 1555 concioni
2069 1495 2461 1575 praesentes
2531 1497 2724 1558 sunt.

176 1579 529 1658 Quaenam
578 1595 793 1645 causa
829 1585 956 1655 est,
998 1572 1453 1661 quamobrem
1503 1572 1572 1643 id
1620 1571 1845 1643 facere
1890 1573 2197 1645 debeatis
2226 1573 2305 1643 Τ*
2351 1580 2729 1665 Martyrum

175 1663 357 1733 diem
390 1662 646 1736 festum
693 1674 760 1733 et
799 1661 1204 1737 memoriam
1253 1661 1722 1745 celebramus,
1775 1674 1841 1732 et
1887 1684 2089 1733 nemo
2138 1662 2339 1734 nobis
2383 1664 2734 1735 occurrit?

174 1751 303 1824 Sed
352 1752 647 1823 omnino
694 1751 843 1821 viae
888 1750 1190 1842 spatium
1241 1773 1489 1853 segnes
1534 1750 1695 1821 illos
1733 1749 2066 1822 reddidit:
2119 1750 2334 1822 immo
2382 1774 2542 1824 vero
2592 1774 2730 1824 non

172 1839 617 1913 intervallum
669 1840 858 1920 viae,
907 1840 1027 1910 sed
1088 1841 1417 1931 segnities
1486 1840 1639 1941 ipsa
1687 1861 1804 1911 eos
1869 1840 2250 1931 impedivit.
2304 1841 2496 1912 Sicut
2541 1842 2731 1914 enim

171 1930 495 2003 solertem
546 1930 799 2011 virum,
851 1930 1089 2000 animo
1133 1943 1201 2001 et
1251 1942 1599 2020 proposito
1647 1928 1974 2010 alacrem,
2030 1929 2225 2001 nulla
2271 1951 2382 2001 res
2428 1929 2740 2003 detinere

263 2032 422 2101 test,
478 2018 567 2089 ita
615 2040 899 2111 segnem
955 2030 1022 2090 et
1069 2018 1440 2091 remissum
1480 2017 1835 2088 hominem
1886 2018 2121 2089 omnia
2177 2032 2468 2111 possunt
2521 2019 2740 2112 impe·

216 2109 348 2180 ire.
412 2112 742 2199 Martyres
810 2129 937 2199 pro
1011 2108 1290 2178 veritate
1337 2108 1489 2198 ipsa
1549 2107 1963 2199 sanguinem
2015 2129 2220 2178 suum
2286 2108 2734 2181 effuderunt:

170 2209 235 2270 et
281 2209 365 2269 tu
417 2218 504 2268 ne
535 2198 808 2268 brevem
858 2195 1142 2285 quidem
1174 2196 1355 2269 viam
1400 2196 1638 2267 subire
1687 2199 1927 2287 potes?
1976 2194 2087 2266 Illi
2138 2218 2261 2286 pro
2302 2197 2571 2269 Christo
2617 2220 2736 2269 ca·

171 2287 313 2378 pita
345 2307 478 2358 sua
520 2298 1027 2377 exposuerunt:
1084 2299 1158 2357 tu
1206 2306 1363 2359 vero
1392 2285 1707 2377 ejusdem
1739 2284 1989 2357 Christi
2022 2289 2235 2357 causa
2286 2284 2511 2373 neque
2543 2301 2736 2358 extra

169 2375 419 2449 urbem
469 2375 573 2447 vis
616 2374 900 2465 egredi?
947 2374 1283 2447 Dominus
1328 2375 1479 2465 ipse
1528 2387 1808 2465 propter
1853 2387 1918 2446 te
1974 2386 2293 2446 mortuus
2347 2388 2491 2447 est:
2547 2388 2615 2447 et
2662 2389 2739 2449 tu

170 2485 456 2557 segnem
510 2476 573 2535 te
603 2463 1160 2536 ostendis?Mart
1210 2484 1367 2536 rum
1401 2462 1791 2536 celebratur
1824 2463 2195 2535 memoria:
2236 2477 2312 2536 tu
2345 2486 2503 2535 vero
2539 2464 2740 2556 piger

167 2575 264 2635 es.
314 2566 389 2625 et
404 2554 753 2645 jacentem
799 2554 1115 2628 animum
1216 2553 1404 2634 abes,
1458 2575 1667 2641 quem
1735 2565 2079 2644 oporteret
2132 2552 2247 2623 hic
2298 2567 2735 2645 praesentem

164 2665 319 2715 aese
352 2696 372 2725 ,
421 2655 489 2714 et
547 2641 908 2715 diabolum
958 2665 1044 2715 su
1094 2654 1367 2714 eratum
1396 2696 1412 2724 ,
1475 2654 1813 2732 martyres
1862 2662 2022 2712 vero
2067 2639 2263 2732 ipsos
2321 2654 2736 2733 superantes

164 2731 427 2812 videre,
483 2752 782 2802 necnon
835 2730 949 2801 Dei
1005 2664 1301 2832 gloria-m
1348 2729 1792 2812 celebratam,
1851 2729 2370 2832 Ecclesiamcrue
2420 2730 2737 2822 martyrii

73 2846 83 2857 ·
166 2823 431 2892 corona
503 2819 968 2911 insignitam?
1029 2820 1157 2891 Sed
1226 2831 1517 2891 istorum
1566 2831 1914 2891 excusatio
1986 2820 2144 2890 talis
2190 2831 2333 2890 est:
2367 2825 2732 2902 Peccator,

168 2909 427 2998 inquit,
483 2931 668 2991 sum,
724 2909 984 2980 idcirco
1024 2907 1195 2980 festo
1253 2908 1393 2979 diei
1430 2930 1796 2981 occurrere
1842 2930 1980 2980 non
2034 2930 2346 3000 possum.
2417 2912 2735 2986 Maxime.
2841 2917 2848 2922 “

166 2998 490 3086 inquam,
543 2998 633 3068 ob
683 2998 863 3068 hanc
910 3019 1222 3078 causam,
1257 2998 1587 3086 quoniam
1634 3010 1951 3089 peccator
1976 3019 2074 3080 es,
2117 3019 2483 3069 occurrere
2528 2998 2741 3069 debes

168 3086 306 3157 diei
358 3086 554 3167 festo,
592 3099 671 3158 ut
706 3087 945 3178 justus
990 3086 1338 3159 efficiaris.
1384 3090 1462 3158 At
1509 3087 1568 3157 si
1606 3087 1847 3175 justus
1891 3108 2002 3169 es,
2045 3108 2357 3170 occurre,
2402 3108 2490 3157 ne
2525 3111 2578 3158 a
2619 3088 2743 3178 ju-

170 3175 359 3247 stitia
396 3174 700 3247 excidas.
754 3175 1173 3265 Ecquisnam
1235 3197 1319 3247 ex
1367 3175 1775 3248 hominibus
1838 3175 1990 3245 sine
2047 3189 2328 3267 peccato
2375 3175 2536 3247 est?
2579 3181 2743 3247 Pro-

172 3278 410 3356 pterea
466 3264 892 3336 sacrificium
940 3277 1010 3336 et
1069 3263 1363 3335 ecclesia
1392 3319 1408 3346 ,
1464 3277 1827 3356 propterea
1896 3286 2136 3355 preces
2181 3287 2264 3336 ac
2311 3265 2623 3356 jejunia:
2675 3275 2743 3335 et

172 3353 511 3441 quoniam
545 3353 765 3425 multa
812 3366 976 3424 sunt
1000 3354 1278 3424 animae
1310 3353 1622 3435 vulnera,
1656 3365 2016 3445 propterea
2055 3352 2558 3425 medicamenta
2587 3354 2742 3445 ipsa

170 3441 456 3514 inventa
495 3455 684 3524 sunt,
737 3465 920 3530 quae
964 3441 1267 3534 singulis
1298 3443 1577 3516 animae
1600 3441 2017 3513 .vulneribus
2063 3455 2557 3534 congruentem
2594 3464 2741 3513 me-

170 3530 484 3604 dicinam
533 3532 856 3604 afferunt.
895 3532 1122 3603 Habes
1147 3531 1540 3613 ecclesiam,
1585 3545 1656 3610 et
1680 3531 2100 3606 sacrificium
2135 3532 2316 3619 quod
2349 3531 2731 3623 perficitur:

170 3618 389 3692 babes
440 3633 714 3712 patrum
749 3622 1118 3703 orationes,
1173 3620 1391 3692 habes
1439 3621 1742 3714 Spiritus
1791 3621 2024 3692 Sancti
2083 3619 2392 3703 donum,
2450 3633 2518 3691 et
2572 3642 2738 3691 san-

172 3723 449 3782 ctorum
483 3711 1114 3802 congregationem,
1147 3711 1503 3798 multaque
1531 3711 1694 3793 alia,
1719 3732 1898 3798 quae
1930 3722 2094 3784 sunt
2117 3709 2490 3800 ejusmodi,
2523 3729 2740 3796 quae-

166 3819 303 3886 que
354 3813 650 3890 possunt
684 3813 745 3870 te
791 3822 832 3869 a
880 3798 1180 3890 peccatis
1227 3799 1323 3870 ad
1354 3799 1700 3892 justitiam
1752 3820 2093 3871 revocare.
2146 3804 2312 3870 Cum
2366 3821 2475 3870 res
2524 3798 2618 3868 ita
2666 3819 2740 3870 se

170 3886 448 3968 babeat,
496 3900 574 3959 tu
620 3900 847 3959 tamen
876 3887 965 3960 ad
999 3895 1172 3959 Mart
1222 3910 1377 3960 rum
1414 3910 1652 3981 preces
1685 3910 2047 3960 occurrere
2077 3887 2389 3959 noluisti.
2431 3887 2551 3958 Dic
2580 3908 2737 3978 age,

214 3999 383 4049 uam
436 3977 700 4069 peccati
747 3978 1019 4048 veniam
1069 3977 1161 4048 ha
1253 3999 1325 4052 re
1372 3978 1684 4069 poteris?
1727 3978 1911 4049 Nihil
1943 3976 2110 4049 mali
2158 3976 2232 4048 in
2274 3977 2386 4047 via
2433 3975 2739 4068 positum

287 4079 421 4149 rat,
473 4079 544 4137 et
589 4079 816 4138 tamen
852 4066 1173 4140 detentus
1228 4089 1346 4151 es,
1395 4089 1538 4157 quo
1595 4067 1835 4147 *minus
1871 4066 1958 4138 ad
2008 4072 2387 4157 Martyrum
2455 4086 2742 4137 concor-

172 4153 359 4227 diam
410 4155 904 4228 celebrandam
943 4156 1377 4228 convenires.

252 4248 293 4334 ξ
336 4251 429 4320 2.
486 4245 618 4318 Sed
653 4245 868 4328 dices,
918 4267 1136 4320 unam
1182 4245 1517 4334 aliquam,
1568 4267 1651 4324 ex
1697 4243 1787 4316 iis
1830 4266 2009 4332 quae
2054 4242 2274 4333 hujus
2319 4244 2498 4316 vitae
2544 4256 2734 4327 sunt,

177 4354 409 4407 euram
456 4345 524 4407 te
557 4334 965 4407 detinuisse.
1017 4333 1246 4422 majus
1273 4347 1456 4406 certe
1494 4335 1625 4407 hoc
1658 4334 1920 4405 crimen
1969 4346 2097 4419 est,
2133 4355 2297 4405 cum
2343 4356 2429 4406 ne
2459 4334 2735 4405 brevem

222 4463 247 4490 ⁸
272 4461 564 4506 metuntur
582 4459 774 4505 Fidele·
797 4464 855 4504 ut
870 4463 922 4504 in
940 4463 1172 4515 tempium
1189 4463 1280 4505 Det
1298 4463 1358 4504 nd
1376 4472 1510 4504 aaut
1536 4458 1834 4504 conveniant.
