3308 5004
657 329 805 404 meo
1248 343 1334 402 pa.
1371 343 1454 391 3,..
1481 338 1821 402 annum
1865 340 2009 392 m.
2052 338 2441 400 mm
2788 323 2993 402 ΜΝΞ.
3038 323 3146 405 a)

571 429 863 520 ‹penitus
910 427 1388 515 inquietudine
1418 438 1486 497 et
1514 425 2114 506 furore-cessabat.
2153 429 2459 524 Cumque
2484 423 2806 524 eumdem
2833 426 2977 512 jam
3019 426 3144 496 in·-

570 518 955 599 columerm
1010 517 1233 586 filium
1281 529 1478 606 pater
1522 514 1810 588 devotus
1855 513 1941 585 ad
1991 526 2368 592 oratorium
2417 515 2652 586 beatae
2688 517 2801 588 Dei
2831 514 3147 597 Gonia-i:—

567 605 688 678 cis
731 629 890 677 cum
923 606 1302 694 gratiarum
1344 604 1612 675 actione
1643 603 2036 685 deduceret,
2082 602 2543 690 loquebantur
2576 616 2819 682 mutuo
2845 602 3126 686 fratres,

575 695 670 776 jde
715 707 870 770 tam:
904 693 1274 783 multiplici
1323 693 1536 763 unius
1583 690 2254 779 incommodo-pueri
2282 692 2789 779 conquirentes.
2822 689 2916 762 Ad
2934 714 3141 778 -quos

584 795 777 875 pater
820 796 1146 864 sanctus:
1195 805 1235 847 «
1288 781 1695 882 Flagellum,
1750 782 1991 872 inquit,
2048 781 2161 850 Dei
2207 792 2376 860 erat,
2420 792 2485 850 et
2518 780 2807 871 maligni
2839 781 3143 870 spiritus

569 872 734 950 dira
779 871 1064 942 vexatio,
1118 869 1268 939 Vidi
1314 892 1501 944 emm
1555 881 1753 939 nocte
1802 870 2164 958 praeterita
2214 868 2617 942 hoceodem
2661 869 2730 938 in
2776 869 2931 946 loco
2950 870 3144 958 (erat

579 961 770 1031 enim
822 961 1003 1030 'uxta
1050 959 1346 1040 fluvium
1393 959 1666 1042 Albam,
1712 957 1833 1028 ubi
1883 971 2168 1030 sanatus
2212 970 2315 1028 est
2365 957 2566 1048 puer)
2612 958 2750 1040 hic,
2809 958 3130 1045 inquam,

577 1049 728 1134 ,vidi
774 1071 815 1119 o
866 1047 1081 1119 latum
1137 1069 1432 1139 puerum
1483 1047 1714 1127 talem,
1763 1059 2055 1120 exeunte
2092 1047 2180 1116 ab
2206 1068 2293 1118 eo
2330 1048 2581 1137 spiritu
2615 1067 2937 1134 nequam,
2976 1068 3138 1118 om—

571 1160 746 1212 nem
793 1138 1100 1228 recipere
1145 1137 1462 1225 protinus
1507 1136 1907 1226 sospitatem
1955 1156 2305 1222 usumque
2355 1135 2851 1210 membrorum.
2880 1159 2945 1206 -»
2992 1136 3134 1206 Ad-

582 1226 762 1297 didit
806 1227 1009 1300 etiam
1061 1225 1165 1295 vir
1212 1225 1476 1305 heatus,
1528 1224 1614 1298 de
1659 1224 1900 1306 eadem
1950 1223 2215 1302 scilicet
2262 1223 2561 1295 visione:
2616 1229 2919 1311 Cumque
2957 1247 3131 1315 pau-

573 1315 836 1396 lulum.
863 1314 1347 1404 processissem
1399 1315 1472 1382 in
1516 1312 1756 1392 eodem
1808 1312 2265 1400 itinere,·quo
2304 1335 2493 1383 nunc
2524 1313 2901 1402 pergimus,
2929 1314 3137 1402 juxta

583 1404 976 1494 proximum
1027 1403 1253 1476 vicum
1299 1402 1604 1491 (dicebat
1630 1414 1861 1486 autem
1892 1400 1979 1470 de
2004 1423 2111 1482 eo,
2152 1423 2358 1488 quem
2396 1402 2756 1472 nominant
2788 1407 3135 1493 Longum-

575 1490 947 1581 campum)
982 1492 1396 1568 offerebatur
1433 1491 1608 1568 mihi
1640 1489 1939 1562 foemina
1977 1489 2254 1571 clauda,
2294 1503 2363 1560 et
2395 1491 2819 1562 Dominusei
2850 1513 3135 1580 gressus

573 1581 939 1656 ,reddebas
989 1579 1478 1660 Audieram-et
1526 1579 1757 1658 mirati
1788 1577 2297 1662 -suntfratreffit
2334 1579 2548 1649 futuri
2602 1580 2822 1669 magis
2856 1581 3133 1651 attoniti

577 1670 1056 1760 expectatione
1105 1666 1447 1750 miraculi,
1498 1690 1708 1755 quam
1763 1667 2245 1744 recordatione·
2278 1667 2647 1757 praeteriti.
2700 1668 2875 1751 Quid
2934 1669 3128 1740 enim

571 1781 896 1846 unquam
947 1757 1174 1830 simile
1223 1757 1530 1828 mundus
1575 1756 1883 1827 audivitz-
1930 1761 2217 1836 Ventum
2266 1768 2368 1827 est
2413 1756 2503 1826 ad
2552 1757 2805 1838 locum,
2848 1757 3132 1828 inventa

587 1848 692 1922 ibi
736 1847 1054 1937 protinus
1096 1845 1347 1926 mulier
1393 1845 1666 1927 clauda3
1702 1859 2069 1936 expectans
2104 1846 2217 1918 Dei
2248 1846 2596 1931 hominem
2646 1844 3128 1926 transiturum,

575 1948 656 2006 ,ει
697 1959 739 2004 a
788 1933 999 2006 simul
1050 1934 1566 2017 transeuntibus
1603 1935 1801 2024 ‚juxta
1851 1936 2161 2016 verbum,
2211 1935 2395 2022 quod
2440 1934 2890 2024 praedixerat,
2925 1956 3135 2024 expe·

582 2037 790 2098 mata.
844 2023 1083 2095 Oblata
1121 2023 1334 2113 igitur
1361 2024 1452 2094 ab
1482 2023 1584 2093 eis
1614 2023 1735 2109 qui
1769 2023 2140 2103 attulerant
2169 2045 2347 2103 eam,
2384 2038 2449 2095 et
2486 2024 2664 2094 sicut
2699 2023 3133 2113 praedictum

579 2112 832 2192 suerat,
881 2112 1159 2204 signata
1204 2113 1293 2186 ab
1341 2112 1622 2185 homine
1670 2113 1810 2193 Dei,
1864 2135 1944 2182 ex
1996 2112 2111 2182 Dei
2160 2133 2445 2184 munere
2491 2134 2805 2202 gressum
2848 2113 3129 2203 recepit,

585 2215 654 2273 et
692 2202 840 2272 ibat
872 2202 1129 2291 gratias
1161 2223 1401 2290 agens.

635 2294 713 2377 ηδ
761 2295 909 2364 82.
960 2296 1156 2368 Anno
1199 2290 1412 2361 altero
1457 2311 1671 2368 causa
1717 2289 1955 2371 extitit,
1992 2299 2087 2358 -ut
2135 2289 2235 2358 vir
2284 2303 2565 2360 sanctus
2612 2288 2958 2378 Lingonas
3014 2312 3130 2379 pe-

579 2393 788 2461 teret,›
813 2381 1008 2450 inter
1054 2379 1466 2469 Episcopum
1502 2395 1571 2450 et
1601 2378 1870 2456 Clerum
1909 2378 2209 2448 civitatis
2248 2378 2439 2448 illius
2475 2392 2624 2448 orta
2654 2378 2845 2467 gravi
2887 2379 3130 2448 admo·

577 2467 756 2547 dum
801 2467 1176 2557 simultate.
1230 2469 1360 2539 Ubi
1404 2489 1570 2541 cum
1615 2468 1843 2555 prima
1888 2466 2001 2537 die
2056 2466 2499 2538 inefficaciter
2569 2466 2997 2549 laborasset,
3064 2481 3131 2540 et

584 2558 1034 2641 manefffacto.
1087 2557 1290 2628 abire
1316 2570 1606 2648 pararet,
1639 2556 1914 2637 dicebat
1946 2555 2311 2627 fratribus:
2351 2558 2527 2641 Quia
2561 2556 2699 2626 vidi
2741 2578 2861 2644 per
2890 2558 3131 2631 ⁸visum

587 2648 829 2731 noctiS,
885 2646 1256 2717 introeunti
1308 2647 1477 2715 mihi
1525 2645 1885 2715 ecclesiam
1935 2645 2163 2714 offerri
2212 2645 2533 2727 claudam
2585 2645 2955 2715 foeminam
2989 2701 3005 2726 ‚
3065 2659 3135 2716 et

585 2736 841 2813 sanarh
896 2741 1062 2807 Post
1096 2757 1307 2809 unam
1359 2734 1498 2806 sere
1535 2735 1801 2817 horam,
1843 2754 2004 2807 cum
2048 2734 2299 2804 iterum
2339 2734 2579 2807 Clerici
2615 2735 3124 2815 convenissent,

581 2836 854 2925 praeter
887 2844 1090 2913 spem
1143 2824 1458 2897 omnium
1495 2823 1854 2895 reformata
1892 2844 2080 2913 pace,
2119 2822 2361 2895 multis
2401 2824 2725 2912 precibus
2753 2826 3129 2913 coegerunt

583 2912 786 2995 illum
835 2913 1016 2983 beati
1065 2913 1446 2985 Mammetis
1497 2913 1820 3001 martyris
1870 2911 2125 2983 intrare
2170 2912 2555 2991 basilicam,
2610 2926 2677 2981 et
2713 2913 2873 2999 quia
2902 2910 3124 2980 fames

583 3001 992 3083 invaluerat,
1041 3000 1374 3090 populum
1413 3000 1502 3069 ad
1530 2999 2436 3089 eleemosynam-exhortari.
2478 3001 2603 3071 Ubi
2636 3001 2809 3073 inter
2834 3001 3121 3086 loquen-

586 3089 779 3168 dum‚
836 3089 1015 3169 sicut
1063 3088 1513 3177 praedixerat,
1553 3088 1780 3161 oblata
1809 3103 1912 3161 est
1939 3089 2003 3159 ei
2040 3088 2289 3161 clauda
2325 3088 2575 3159 mulier
2604 3103 2671 3160 et
2704 3100 2941 3168 erecta,
2986 3087 3127 3156 mi-

586 3178 903 3257 rantibus
945 3177 1228 3263 quidem
1277 3176 1604 3255 omnibus
1633 3229 1649 3256 ‚
1704 3176 1820 3257 sed
1869 3178 1972 3248 eis
2018 3178 2346 3267 amplius»,
2400 3179 2520 3266 qui
2570 3179 2757 3261 sicut
2802 3177 3129 3251 videbant

585 3265 867 3344 factum,
908 3266 998 3339 ita
1027 3287 1105 3345 se
1131 3252 1997 3349 ,recordabanturaudisse
2037 3267 2375 3347 futurum.
2584 3338 2587 3347 ,
2632 3340 2637 3347 ,

583 3426 588 3435 ,
674 3356 710 3441 ξ
742 3358 894 3426 38.
925 3358 1010 3423 1η
1051 3353 1640 3444 pagoflTrevirensi
1681 3355 2044 3441 antiquum
2084 3368 2265 3429 extat
2301 3355 2738 3435 coenobium,
2769 3356 2956 3444 quod
2991 3361 3132 3427 Ru-

585 3442 836 3527 tilense
864 3452 1176 3523 vocatur:
1214 3443 1336 3513 ubi
1373 3441 1762 3525 celebrante
1799 3438 2178 3530 aliquando
2218 3443 2579 3528 Missarum
2614 3444 2948 3517 solemnia
2986 3446 3135 3515 viro

589 3531 729 3619 Dei,
785 3531 1322 3615 innumerabilis
1363 3530 2027 3619 aderatmultitudO,
2064 3538 2330 3603 Interea
2359 3538 2762 3609 Guntranus
2796 3532 2885 3603 de
2922 3538 3124 3614 Sura,

634 3619 766 3691 uod
816 3632 922 3690 est
966 3619 1302 3708 oppidum
1351 3620 1571 3689 eidem
1627 3622 2017 3712 proximum
2072 3623 2488 3695 monasterio
2519 3677 2536 3703 ‚
2586 3621 2907 3695 claudam
2962 3622 3133 3692 illuc

610 3709 744 3783 ecit
788 3708 1166 3791 foeminam
1209 3709 1462 3779 afferri.
1516 3713 1697 3783 Haec
1727 3731 1809 3783 ex
1848 3708 2066 3781 multo
2087 3709 2234 3797 jam
2272 3725 2579 3801 tempore
2612 3733 2875 3811 repens·
2898 3710 3127 3789 humi,

586 3798 864 3888 penitus
907 3796 1083 3888 erigi
1131 3819 1265 3867 non
1322 3797 1626 3871 valebat:
1681 3797 1798 3869 sed
1843 3797 2219 3873 scabellula
2260 3811 2500 3881 tenens
2532 3800 2881 3880 manibus,
2921 3798 3132 3889 pedes

582 3900 950 3960 emortuos>
985 3900 1134 3975 post
1181 3908 1262 3957 se.
1295 3887 1561 3961 trabere
1598 3887 1979 3969 consuevit.
2019 3892 2183 3957 Cum
2219 3903 2455 3961 autem
2489 3885 3132 3979 praemultitudine

679 3975 822 4066 puli
861 3974 958 4049 ad
1010 3975 1128 4045 Dei
1173 3975 1524 4059 bominem
1578 3973 1925 4057 introduci
1971 3975 2271 4049 foemina
2321 4000 2454 4065 non
2510 3977 2781 4058 valeret,
2832 3977 2903 4047 in
2941 3976 3134 4046 basi·

613 4063 721 4139 ica
770 4064 1002 4141 media
1044 4078 1328 4154 repente
1362 4063 1749 4137 convaluit:
1791 4077 1860 4135 et
1893 4063 2636 4149 emiliensavmhulabat,
2676 4087 2811 4134 non
2840 4065 2998 4138 sine
3028 4064 3133 4137 la·

583 4153 842 4241 ,crymis
881 4152 1146 4242 gratias
1193 4174 1407 4243 agens
1457 4158 1611 4225 Deo.
1647 4154 1858 4240 Cuius
1889 4152 2266 4227 scabellula
2292 4154 2605 4245 populus
2640 4153 2939 4224 'ubilans
2972 4153 3134 4225 tulit

585 4242 906 4330 protinus
947 4240 1040 4311 ad
1085 4239 1323 4322 altare,
1378 4254 1458 4312 ut
1501 4242 1768 4313 sisteret
1800 4263 1881 4313 ea
1923 4243 2209 4325 Domino
2247 4249 2595 4315 et‘Bernar
2643 4265 2683 4314 o
2718 4264 2909 4327 servo
2943 4243 3127 4331 ejus.

590 4334 679 4419 De
719 4329 932 4417 cnjus
978 4329 1175 4399 nobis
1203 4330 1560 4403 curatione
1589 4330 1950 4407 confessus
1984 4344 2089 4402 est
2128 4346 2319 4422 pater
2346 4347 2656 4413 sanctae,
2698 4330 2881 4419 quod
2979 4353 3132 4403 rae-

586 4416 859 4497 cedenti
907 4430 1105 4487 nocte
1149 4418 1281 4503 sibi
1338 4431 1775 4509 praeostensa
1847 4418 2109 4492 fuisset.
2163 4420 2532 4497 Videbatur
2594 4422 2781 4507 ‚enim
2860 4420 2917 4489 si
2974 4421 2995 4490 i
3058 4421 3133 4491 in
