3308 5004
254 323 447 405 ΔΗΕ.
500 337 590 403 20
938 353 1019 402 nx
1062 354 1121 402 s.
1175 352 1506 403 assumo
1553 353 1697 402 m.
1749 351 2136 404 cunavsu..
2451 361 2454 363 >
2579 333 2728 400 477

226 434 569 528 -parvulis
602 433 998 506 Cardinales
1044 435 1483 525 praebebant,
1520 447 1586 506 et
1626 434 1962 526 porrectis
2017 434 2350 508 hincinde
2395 431 2822 506 benedictio-

256 525 493 606 nibuS,
529 545 754 612 usque
799 522 886 594 ad
947 524 1186 595 beatae
1228 524 1487 595 'Mariae
1524 523 1936 595 canonicam
1973 578 1990 605 ,
2046 524 2380 597 dominus
2426 529 2612 613 Papa
2657 542 2821 593 cum

257 615 592 686 comitatu
640 636 767 684 suo
813 613 1110 715 gloriose
1154 613 1523 696 deductus,
1557 625 1625 684 et
1672 613 2050 685 honorifice
2099 627 2469 705 susceptus
2514 624 2640 686 est.

351 711 390 785 ἓ
438 702 978 786 8..Praem1ssi,
1015 713 1386 790 antequam
1420 702 1508 772 de
1548 702 1719 773 urbe
1755 701 2222 793 egrederetur,
2258 701 2614 774 adomino
2636 706 2826 789 Papa

262 792 336 862 in
385 791 640 863 Gallias
686 791 1258 875 fuerantnuncii,
1295 791 1416 880 qui
1462 790 1923 862 dissensionis
1967 804 2034 863 et
2089 792 2575 865 schismatis³a
2628 795 2823 859 Petro

263 880 423 951 facti
455 880 771 951 ordinem
812 880 1206 952 Gallicanae
1243 881 1646 951 intimarent
1677 880 2042 962 Ecclesiae,
2073 894 2140 951 et
2185 881 2626 952 hortarentur
2657 877 2825 969 Epi-

224 992 531 1060 --scopoS,
585 981 663 1041 ut
708 970 780 1040 in
844 970 1173 1042 ultionem
1240 969 1828 1062 praesumptionis
1877 969 2092 1059 hujus
2133 971 2826 1060 accingerenmr,·et

246 1059 839 1151 *damnataparte
871 1060 1338 1142 schismatica,
1391 1058 1910 1130 subscriberent
1966 1058 2241 1131 unitati.
2291 1058 2602 1131 Necdum
2666 1078 2826 1128 vero

263 1147 350 1219 ad
388 1148 674 1239 plenum
710 1161 903 1219 tenor
933 1149 1163 1240 operis
1195 1149 1605 1219 innotuerat
1634 1147 2060 1238 Episcopis,.
2091 1167 2214 1220 nec
2264 1147 2603 1241 privatim.
2632 1146 2827 1232 quis-

309 1260 474 1308 uam
501 1238 943 1309 commodare
979 1237 1914 1330 praesumpsitconsensum,
1946 1236 2166 1308 donec
2203 1237 2492 1308 collecto
2521 1234 2826 1324 Stampis

262 1259 651 1419 eEtampes)
675 1327 982 1418 generali
1029 1339 1391 1403 conventu,
1446 1326 1513 1396 in
1571 1347 1946 1397 commune
1993 1324 2464 1407 decernerent,
2505 1323 2672 1412 quid
2726 1345 2829 1393 re-

263 1415 595 1506 ciperent,
630 1416 799 1505 quid
841 1416 1275 1487 damnarent.
1329 1420 1560 1502 Neque
1591 1415 1781 1485 enim
1832 1415 2116 1486 Francia
2159 1415 2217 1496 ⁴³,
2269 1414 2558 1487 caeteris
2609 1434 2679 1483 re
2732 1411 2830 1482 io-

265 1505 478 1576 nibus
527 1505 950 1597 proclivibus
996 1505 1082 1576 ad
1114 1505 1535 1586 schismata,
1590 1503 1972 1592 aliquando
2018 1504 2326 1576 Guiberti
2379 1503 2484 1574 vel
2534 1507 2635 1573 Bu
2729 1500 2830 1571 ini

267 1595 707 1685 susceptione
738 1594 1008 1666 foedata
1039 1607 1163 1676 est,
1206 1615 1330 1663 nec
1373 1593 1844 1683 malignorum
1880 1594 2225 1682 acquievit
2270 1592 2664 1675 erroribus,
2704 1611 2829 1662 nec

266 1681 596 1754 fabricata
631 1696 734 1756 est
764 1683 1028 1756 idolum
1087 1684 1158 1753 in
1200 1682 1539 1763 Ecclesia,
1596 1704 1720 1752 nec
1765 1693 2082 1753 venerata
2133 1682 2205 1753 in
2267 1682 2447 1753 Petri
2501 1678 2833 1752 cathedra

268 1786 682 1845 monstrum.
736 1778 868 1844 Nec
901 1773 1087 1843 enim
1124 1772 1380 1842 talibus
1410 1772 1480 1840 in
1522 1771 1757 1841 causis
1807 1771 2224 1873 principalia
2269 1769 2650 1860 aliquando
2697 1781 2832 1839 ter-

270 1878 562 1935 ruerunt
591 1861 837 1942 edicta,
874 1875 993 1933 aut
1020 1861 1464 1953 generalibus
1488 1860 1907 1931 utilitatibus
1945 1874 2212 1951 privata
2244 1859 2610 1932 commoda
2639 1879 2834 1949 prae·

270 1950 621 2020 tulerunt:
651 1973 773 2022 nec
802 1951 1230 2021 declinantes
1264 1950 1334 2019 in
1372 1962 1660 2040 partem,
1704 1951 2015 2040 personis
2044 1949 2389 2030 detulere,
2422 1949 2537 2022 sed
2570 1946 2825 2019 causiS.

273 2039 401 2110 Sed
426 2040 484 2109 si
517 2039 683 2141 quid
706 2040 1033 2130 oportuit,
1057 2039 1320 2110 fortiter
1340 2039 1942 2129 persecutionibus
1973 2038 2368 2121 obviarunt,
2395 2060 2519 2109 nec
2543 2037 2828 2118 damna,

274 2149 399 2198 nec
449 2128 652 2199 exilia
718 2129 1206 2200 formidarunt.
1273 2133 1652 2198 convocato
1701 2128 1919 2219 igitur
1976 2128 2063 2197 ad
2117 2133 2434 2218 Stampas
2484 2124 2779 2197 concilio
2811 2179 2829 2206 ,

272 2217 495 2287 Abbas
533 2231 815 2288 sanctus
848 2217 1377 2289 claravallensis
1413 2216 1832 2298 BernarduS,
1885 2216 2277 2308 specialiter
2315 2217 2430 2287 ab·
2453 2216 2610 2307 ipso
2651 2220 2835 2304 Rege

274 2317 341 2375 et
388 2306 782 2397 praecipuis
814 2308 1211 2395 quibusque
1243 2305 1695 2398 pontificibus
1724 2305 2124 2387 accersitus,
2173 2306 2355 2377 sicut
2391 2319 2619 2395 postea
2670 2302 2836 2372 sate-

274 2395 519 2478 batur,
584 2419 721 2466 non
774 2396 1209 2467 mediocriter
1269 2394 1562 2486 pavidus
1608 2408 1676 2465 et
1736 2394 2238 2465 tremebundus
2284 2394 2595 2474 advenit,
2655 2392 2836 2482 peri-

271 2483 509 2555 culum
559 2486 820 2577 quippe
865 2497 929 2556 et
976 2484 1253 2576 pondus
1301 2485 1558 2576 negotii
1607 2507 1744 2556 non
1788 2483 2144 2586 ignorans.
2186 2488 2264 2554 In
2310 2483 2552 2554 itinere
2599 2493 2833 2583 tamen
2919 2532 2926 2539 ψ

268 2575 669 2647 consolatus
717 2588 818 2647 est
850 2597 1015 2645 eum
1049 2579 1251 2656 DeuS,
1294 2573 1667 2645 ostendens
1723 2574 1788 2644 ei
1829 2596 1899 2643 in
1944 2574 2098 2645 visu
2151 2574 2398 2654 noctis,
2456 2570 2836 2643 Ecclesiam

275 2682 600 2752 magnam
652 2664 1085 2735 concorditer
1109 2663 1181 2734 in
1218 2664 1333 2733 Dei
1375 2662 1707 2735 laudibus
1746 2662 2253 2743 concinentem,
2296 2661 2485 2733 unde
2533 2658 2838 2752 speravit

274 2775 514 2844 pacem
565 2753 717 2823 sine
764 2752 978 2823 dubio
1030 2766 1541 2844 proventuram.
1598 2751 1729 2822 Ubi
1763 2774 1920 2822 vero
1965 2751 2053 2821 ad
2105 2750 2335 2823 locum
2390 2760 2669 2821 ventum
2704 2761 2833 2831 est,

194 2920 197 2921 γ
273 2842 617 2913 celebrato
668 2842 861 2934 prius
899 2841 1197 2931 jejunio,
1249 2854 1316 2912 et
1364 2841 1689 2932 precibus
1719 2840 1805 2911 ad
1861 2845 2070 2911 Deum
2123 2839 2323 2922 fusis,
2374 2862 2538 2910 cum
2585 2838 2674 2915 de
2720 2858 2839 2907 eo-

274 2929 433 3000 dem
470 2931 676 3002 verbo
726 2931 1078 3002 tractaturi
1114 2936 1255 3002 Rex
1292 2944 1359 3002 et
1395 2929 1719 3021 Episcopi
1774 2930 2263 3022 principesque
2307 2928 2786 3001 consedissent
2816 2981 2834 3009 ,

275 3020 591 3089 omnium
637 3042 855 3090 unum
896 3019 1269 3091 consilium
1331 3020 1503 3102 fuit,
1557 3042 1701 3090 una
1764 3021 2126 3101 sententia,
2181 3032 2257 3089 ut
2309 3018 2661 3110 negotium
2721 3016 2842 3087 Dei

275 3108 542 3179 famulo
584 3110 1077 3201 imponeretur,
1136 3121 1204 3179 et
1257 3132 1337 3179 ex
1388 3131 1503 3181 ore
1548 3108 1707 3196 ejus
1741 3131 1957 3179 causa
1991 3111 2128 3180 tota'
2248 3107 2486 3179 aderet
2511 3106 2605 3179 ⁴²⁶.
2644 3103 2842 3190 Quod

277 3196 418 3279 ille,
474 3198 726 3270 timens
777 3199 932 3269 licet
977 3211 1044 3267 et
1091 3210 1441 3281 tremens,
1495 3198 1779 3268 monitis
1850 3210 2078 3269 tamen
2206 3196 2471 3268 delium
2531 3196 2841 3267 virorum

277 3288 750 3374 acquiescenS‚
790 3287 1132 3379 suscepit:
1171 3301 1238 3358 et
1266 3287 1637 3378 diligenter
1666 3299 2073 3378 prosecutus
2104 3286 2459 3357 electionis
2492 3285 2837 3366 ordinem,

277 3376 654 3449 electorum
691 3377 958 3457 merita,
1005 3377 1209 3448 vitam
1236 3389 1304 3448 et
1352 3376 1609 3446 famam
1651 3376 1908 3468 prioris
1939 3375 2161 3459 electi,
2194 3376 2465 3469 aperuit
2494 3396 2575 3447 os
2601 3394 2837 3455 suum,

277 3478 345 3535 et
384 3466 687 3556 Spiritus
726 3472 1020 3536 Sanctus
1068 3465 1379 3556 implevit
1411 3465 1611 3536 illud.
1674 3470 1865 3537 Unus
1908 3486 2074 3557 ergo
2122 3466 2440 3536 omnium
2489 3486 2607 3536 ore
2649 3463 2844 3534 locu-

280 3566 416 3636 ωε,
456 3555 983 3646 suscipiendum
1032 3556 1122 3627 ab
1154 3556 1483 3626 omnibus
1509 3575 1878 3626 summum
1898 3554 2299 3625 Pontificem
2347 3552 2841 3624 Innocentium
2943 3625 2947 3629 ⁴

260 3645 688 3726 nominavit,
743 3657 808 3714 et
865 3656 1089 3714 ratum
1140 3666 1291 3715 esse
1336 3665 1582 3713 omnes
1678 3644 1888 3714 ariter
1947 3642 2528 3714 acclamaverunt.
2557 3647 2662 3712 *Et
2697 3640 2843 3711 ‹de-

278 3734 575 3804 cantatis
621 3755 704 3803 ex
752 3755 939 3803 more
986 3731 1318 3804 laudibus
1366 3738 1498 3802 Deo
1527 3787 1545 3814 ,
1595 3752 1636 3802 o
1772 3731 2062 3805 ientiam
2110 3731 2442 3822 deinceps
2500 3730 2834 3823 polliciti,

280 3821 600 3893 electioni
634 3821 1015 3892 Innocentii
1068 3843 1312 3892 omnes
1348 3821 1602 3913 pariter
1649 3821 2243 3909 subscripserunt.

370 3914 407 3999 ἓ
446 3915 540 3983 4.
595 3917 866 3982 Interea
888 3911 1226 3980 dominus
1273 3916 1363 3980 Pa
1417 3934 1480 3994 a,
1535 3910 1775 3982 multis
1805 3910 1876 3980 in
1926 3908 2200 3980 Pisiset
2246 3911 2317 3978 in
2360 3907 2631 3989 Tuscia,
2667 3906 2844 3978 etin

286 3997 439 4071 aliis
490 4000 866 4092 provinciis
908 3999 1305 4090 potestative
1402 3998 1733 4089 ispositis,
1787 3997 2201 4069 valefaciens
2248 3997 2518 4068 Pisanis
2564 4009 2633 4067 et
2731 4019 2845 4067 ra-

288 4088 416 4161 tias
468 4111 707 4180 agens,
763 4091 832 4159 in
881 4089 1310 4159 Provinciam
1380 4088 1661 4179 <navigio
1726 4086 1998 4158 delatus
2048 4099 2188 4157 est:
2253 4099 2320 4158 et
2365 4091 2646 4178 Burgun
2679 4107 2844 4169 ⁸iam

292 4179 653 4261 transienS,
709 4177 1542 4270 Aurelianum-pervenit.
1599 4177 1725 4248 Ubi
1773 4174 2301 4247 occurrentibus
2351 4175 2751 4267 EpiscopiS,
2803 4197 2846 4245 a

341 4355 368 4383 ¹⁰
396 4355 618 4398 runcina
639 4357 753 4397 tunc
773 4357 1000 4408 temporis
1020 4356 1430 4398 aristionis-simae
1448 4354 1760 4404 cognomento
1780 4351 1962 4405 dignae.
1980 4352 2159 4393 londes.

342 4409 399 4436 *¹*
427 4409 598 4459 Quanti
626 4419 713 4460 pro
738 4411 976 4452 Ecclesiae
1005 4419 1160 4457 causa,
1188 4405 1437 4460 pei-arduis
1466 4405 1517 4448 in
1535 4414 1695 4448 rernm
1715 4403 2128 4458 adjunctionem
2147 4402 2212 4447 stt
2230 4404 2499 4448 Bernartius
2518 4405 2781 4458 mannil-3
2797 4407 2846 4450 ct

168 4493 177 4501 .
288 4472 431 4514 quam
450 4462 658 4507 feliciter
674 4465 874 4507 delendo
895 4462 1141 4509 schismati
1164 4460 1476 4505 insudaverit.
