3308 5004
147 349 315 416 Auo.
364 347 444 412 ⁴3
945 365 1024 412 nn
1070 364 1129 412 s.
1179 362 1558 413 nannenunn
1604 363 1840 414 anema
2449 349 2583 415 299

139 462 287 521 ante
326 446 634 520 secretim
684 447 980 519 orationi
1030 448 1499 531 incumbebat,
1546 448 1804 538 jactato
1843 448 2096 533 cilicio,
2134 461 2213 521 ut
2252 450 2400 521 solo
2434 451 2673 522 calens

142 540 392 630 spiritu,
438 538 700 627 jaceret
746 536 906 629 gelu
955 549 1329 628 penetrata,
1386 550 1523 608 tota
1555 556 1781 608 ‘carne
1828 551 2317 629 praemortua:
2361 561 2499 609 non
2549 563 2674 610 cu-

139 650 286 699 rans
319 626 627 718 corporis
687 638 1105 697 tormentum
1147 648 1357 698 >mens
1405 628 1669 697 intenta
1719 627 2082 717 paradiso,
2147 628 2291 698 leve
2340 642 2675 730 reputans

136 716 297 805 quod
345 716 586 797 ferret,
646 726 914 786 tantum
969 736 1055 785 ne
1101 715 1370 786 Christo
1416 715 1792 786 vilesceret.
1847 716 2018 785 Inde
2067 738 2383 808 regressa
2432 740 2503 788 in
2553 740 2677 789 cu·-

142 804 456 887 biculum,
509 803 620 873 vix
670 804 970 895 tepefieri
1025 817 1287 896 poterat
1332 804 1436 875 vel
1485 804 1635 876 foco
1687 805 1790 875 vel
1842 804 2118 876 lectulo.
2175 811 2267 876 De
2313 827 2452 893 qua
2504 809 2672 909 Regi

143 893 803 975 dicebatur,-habere
848 916 1008 964 eum
1063 894 1293 984 potius
1334 892 1645 992 jugalem
1700 895 2112 965 monacham
2149 949 2164 976 ,
2227 917 2439 982 quam
2495 917 2676 987 regi-

141 1003 299 1052 nam.
336 983 529 1053 Unde
575 993 644 1052 et
695 982 846 1074 ipse
892 982 1187 1065 iritatu5‚
1230 1005 1355 1073 pro
1406 984 1607 1054 bonis
1653 994 1801 1053 erat
1839 984 2292 1073 asperrimus.
2351 983 2480 1053 Sed
2524 985 2676 1074 ipsa

140 1085 476 1173 pro-parte
526 1070 841 1154 leniens,
899 1093 1022 1162 pro
1071 1083 1262 1162 parte
1328 1072 1662 1143 tolerabat
1728 1071 2032 1143 modeste
2103 1072 2287 1144 rixas
2356 1072 2588 1143 illatas
2636 1095 2675 1142 a

139 1181 245 1229 con
279 1182 320 1228 u
372 1182 431 1230 e.
2326 1203 2339 1217 ·

211 1182 372 1330 §sf-
426 1249 682 1319 Diebus
729 1269 887 1317 vero
933 1246 1520 1338 Quadragesimae
1553 1248 1723 1318 satis
1752 1262 1855 1318 est
1892 1248 2092 1331 scire,
2128 1248 2426 1337 qualiter
2458 1271 2533 1320 se
2568 1273 2674 1321 re-

133 1335 371 1427 degerit
419 1337 599 1409 inter
646 1349 863 1406 vestes
928 1337 1152 1427 regias
1219 1336 1666 1428 singulariter
1714 1338 2202 1428 poenitentem.
2277 1339 2498 1430 Igitur
2547 1361 2673 1430 ap-

135 1426 625 1517 propinquante
664 1425 923 1515 jejunii
971 1438 1300 1516 tempore,
1339 1426 1425 1495 ad
1461 1426 1855 1517 religiosam
1903 1427 2341 1509 monacham,
2388 1428 2673 1498 nomine

131 1513 326 1596 Piam,
372 1516 708 1595 mittebat,
752 1514 867 1584 cui
907 1513 991 1584 ad
1035 1527 1354 1584 sanctum
1411 1514 1845 1606 propositum
1898 1515 2018 1585 illa
2074 1515 2669 1607 dirigebatvene-

132 1617 342 1673 ranter
385 1606 457 1674 in
510 1604 721 1675 linteo
784 1602 1165 1694 sigillatum
1229 1603 1566 1674 cilicium.
1620 1604 1813 1688 Quod
1866 1618 2105 1675 sancta
2177 1605 2525 1685 induens,
2583 1606 2670 1675 ad

130 1709 362 1782 corpus
411 1715 535 1785 per
583 1705 789 1763 totam
842 1692 1456 1782 Quadragesimam
1495 1692 1735 1763 subter
1772 1706 2025 1763 vestem
2070 1695 2356 1784 regiam,
2393 1693 2667 1765 dulcem

131 1782 425 1935 Portabat
463 1783 532 1851 in
585 1782 959 1854 sarcinam.
1013 1783 1405 1852 Transactis
1453 1793 1682 1852 autem
1746 1782 2039 1865 diebus,
2094 1783 2415 1853 similiter
2470 1784 2527 1852 si
2587 1784 2673 1853 il-

153 1881 326 1939 atum
378 1870 967 1941 retransmittebat
1003 1869 1339 1940 cilicium.
1389 1870 1453 1940 Si
1489 1883 1717 1942 autem
1754 1876 1891 1941 Rex
1921 1871 2179 1953 deerat,
2214 1873 2374 1960 quis
2408 1893 2522 1941 cre
2576 1885 2666 1953 at,

128 1957 404 2042 qualiter
451 1981 525 2030 se
574 1959 866 2030 orationi
917 1959 1373 2040 diffundebat,
1429 1959 1729 2047 qualiter
1775 1982 1848 2030 se
1886 1973 2240 2048 tamquam
2287 1961 2674 2051 praesentis

132 2044 358 2145 §bristi
406 2047 704 2139 pedibus
751 2047 870 2117 alli
923 2060 1029 2117 ata
1062 2102 1077 2128 ‚
1129 2060 1195 2117 et
1240 2048 1443 2139 quasi
1495 2048 1751 2139 repleta
1798 2048 2091 2129 deliciis,
2147 2050 2246 2120 sic
2296 2051 2505 2140 longo
2564 2052 2673 2141 je-

125 2135 306 2223 Junio
344 2137 730 2207 satiabatur
776 2150 841 2207 et
916 2137 1275 2226 acrymis?
1322 2137 1467 2218 Cui,
1521 2136 1643 2207 des
1698 2150 1844 2207 ecto
1891 2138 2150 2208 ventris
2196 2139 2477 2220 edulio,
2534 2152 2674 2210 tota

134 2222 385 2296 refectio
433 2238 500 2297 et
549 2239 686 2297 tota
734 2225 950 2296 fames
980 2237 1126 2295 erat
1173 2225 1242 2293 in
1288 2226 1575 2296 Christo.
1616 2159 1794 2297 Illud
1829 2249 1964 2314 qua
2010 2228 2258 2317 pietate
2297 2228 2674 2319 peragebat

134 2311 398 2397 solicite,
432 2328 513 2386 ut
544 2337 721 2403 quae
754 2337 875 2405 per
908 2314 1203 2385 oratoria
1244 2315 1346 2383 vel
1380 2314 1526 2384 loca
1567 2316 1988 2385 venerabilia
2028 2328 2162 2386 tota
2203 2330 2397 2386 nocte
2432 2317 2672 2407 perlu-

135 2417 390 2486 cerent,
446 2403 770 2474 candelas
817 2405 965 2473 suis
1013 2403 1337 2474 manibus
1400 2402 1613 2473 factas
1646 2459 1663 2486 ‚
1706 2405 1969 2494 jugiter
2027 2404 2498 2475 ministraret?
2546 2411 2671 2474 Pro

131 2510 408 2576 quarum
464 2516 657 2563 mora
706 2493 1027 2574 serotina,
1082 2492 1252 2563 dum
1302 2492 1439 2562 sibi
1488 2493 1939 2564 nunciaretur
1988 2494 2201 2576 tarde,
2247 2493 2433 2582 quod
2476 2517 2549 2564 se
2583 2493 2665 2563 ad

135 2598 423 2651 mensam
479 2588 620 2652 Rex
666 2595 1047 2670 quaereret,
1099 2582 1284 2652 circa
1316 2599 1425 2651 res
1468 2583 1581 2652 Dei
1621 2583 1791 2653 dum
1829 2583 2102 2674 satagit,
2157 2583 2340 2653 rixas
2372 2583 2673 2653 habebat

133 2687 166 2734 a
199 2671 486 2762 conjuge
520 2695 534 2738 :
576 2671 669 2741 ita
698 2685 774 2741 ut
808 2670 1046 2742 multis
1080 2671 1349 2740 vicibus
1384 2671 1707 2762 princeps
1744 2693 1864 2760 per
1899 2692 2188 2741 munera
2220 2671 2665 2752 satisfaceret,

132 2758 296 2840 quod
343 2761 405 2829 ei
462 2781 589 2850 per
635 2759 947 2850 linguam
985 2771 1356 2850 peccasset.
1410 2759 1503 2828 Ad
1557 2759 1760 2847 cujus
1794 2759 2191 2850 opinionem
2227 2760 2286 2828 si
2325 2761 2486 2847 quis
2530 2782 2670 2829 ser-

133 2862 350 2943 vorum
407 2850 524 2918 Dei
576 2849 765 2919 visus
811 2848 1055 2920 fuisset
1105 2870 1227 2939 per
1271 2869 1344 2918 se
1393 2848 1492 2918 vel
1546 2870 1666 2939 per
1713 2848 1927 2919 alium
1966 2861 2245 2920 vocatus
2277 2869 2662 2928 occurrere,

134 2933 374 3006 vlderes
422 2937 623 3007 illam
670 2937 1032 3009 coelestem
1084 2938 1339 3007 habere
1372 2936 1728 3007 laetitiam.
1769 2943 1846 3008 Et
1885 2937 2056 3008 hora
2090 2939 2314 3008 noctis
2345 2938 2666 3018 decursa,

131 3040 267 3092 cum
306 3026 554 3116 paucis
604 3048 896 3117 pergens
943 3039 1010 3096 et
1058 3025 1322 3096 intimis
1375 3048 1493 3116 per
1542 3026 1795 3107 nivem,
1853 3026 2076 3096 lutum
2125 3027 2230 3096 vel
2286 3027 2666 3118 pulverem,

135 3115 290 3195 aqua
335 3115 567 3185 calida
608 3129 867 3205 parata,
923 3116 1072 3206 ipsa
1124 3115 1395 3185 lavabat
1441 3126 1506 3185 et
1552 3116 1862 3206 tergebat
1911 3115 2301 3186 veneranda
2355 3115 2667 3209 vestigia,

138 3217 208 3268 ac
260 3204 616 3275 resistente
668 3226 862 3274 servo
924 3205 1087 3287 Dei,
1140 3207 1203 3274 ei
1273 3204 1686 3294 propinabat
1732 3205 1801 3273 in
1904 3208 2110 3275 atera.
2177 3206 2501 3293 Sequenti
2561 3205 2674 3275 die

141 3284 362 3363 domus
409 3315 656 3363 curam
707 3292 1032 3364 fidelibus
1100 3293 1439 3362 ministris
1503 3314 1821 3363 commen
1877 3316 2003 3364 ans
2038 3350 2053 3375 ,
2111 3294 2262 3383 ipsa
2334 3317 2406 3365 se
2458 3306 2669 3364 totam

145 3381 500 3481 occupabat
546 3382 733 3452 circa
796 3382 925 3451 viri
978 3383 1150 3472 justi
1217 3382 1419 3451 verba
1451 3434 1471 3462 ,
1539 3381 1727 3452 circa
1776 3382 2021 3454 salutis
2070 3382 2379 3452 instituta
2416 3438 2431 3464 ,
2487 3383 2673 3452 circa

149 3459 549 3555 despiciendi
579 3470 824 3542 mundi
860 3471 1213 3552 intuitum,
1257 3483 1322 3540 et
1354 3470 1529 3540 vitae
1566 3471 1881 3542 coelestis
1921 3472 2337 3542 commercia
2376 3485 2671 3542 retenta-

155 3548 322 3647 batur
350 3581 474 3648 per
515 3558 686 3630 dies.
733 3564 948 3643 Quem
999 3559 1240 3628 videns
1293 3558 1658 3630 laetificata
1690 3614 1705 3639 ,
1757 3572 2272 3630 remuneratum
2327 3560 2677 3640 relaxabat

156 3657 278 3726 ipsa
306 3648 522 3719 tristis
555 3648 641 3717 ad
681 3648 984 3740 propria.
1028 3647 1336 3731 Qualiter
1368 3670 1524 3718 vero
1565 3649 1624 3717 si
1665 3650 1825 3736 quis
1869 3671 1991 3739 pro
2043 3649 2250 3739 culpa
2290 3649 2668 3729 criminali,

155 3738 220 3826 ut
244 3737 499 3820 assolet,
541 3759 583 3806 a
624 3743 803 3828 Rege
842 3737 1304 3826 deputabatur
1338 3737 1660 3818 interfici,
1724 3739 2164 3809 sanctissima
2212 3738 2473 3829 Regina
2525 3760 2671 3806 mo-

159 3816 442 3907 nebatur,
479 3827 950 3907 cruciabatur,
1004 3847 1091 3895 ne
1137 3825 1540 3916 designatus
1591 3848 1750 3896 reus
1815 3839 2193 3897 moreretur
2255 3828 2324 3895 in
2383 3825 2675 3916 gladio?

158 3904 420 3983 Qualiter
443 3914 909 3985 concursabat
938 3935 1058 4005 per
1079 3914 1516 3996 domesticoS‚
1557 3914 1795 3986 fideles
1832 3916 2203 3986 servientes
2228 3927 2293 3985 et
2329 3917 2674 4005 proceres?

160 3993 386 4088 Quibus
425 4002 927 4159 blandin÷entis
984 4002 1332 4073 mulcebat
1383 4003 1698 4073 animum
1753 4004 2093 4095 principis
2126 4058 2142 4082 ,
2201 4004 2419 4075 donec
2470 4001 2673 4093 Regis

161 4099 308 4153 iram
348 4093 490 4161 miti
547 4105 691 4161 aret

202 4174 263 4268 ,ἓ
302 4182 380 4248 ὅ.
433 4115 560 4252 Htgs
608 4180 819 4270 igitur
871 4179 1089 4251 beatis
1144 4180 1415 4250 actibus
1462 4191 1867 4270 occupatam
1903 4234 1918 4262 ,
1967 4179 2310 4249 intantum
2365 4178 2674 4269 provexit

153 4253 360 4358 dfvina
397 4269 788 4351 clementia,
833 4281 911 4339 ut
949 4271 1155 4339 etiam
1205 4268 1436 4338 adhuc
1469 4269 1538 4336 in
1580 4269 1831 4359 palatio
1881 4269 2154 4349 laicam,
2201 4269 2490 4338 Domino
2531 4268 2673 4338 lar-

153 4365 378 4435 giente,
416 4357 937 4429 declararentur
984 4380 1105 4449 per
1149 4378 1299 4427 eam
1343 4356 1705 4427 miracula.
1753 4357 2057 4444 Denique
2105 4358 2173 4426 in
2218 4363 2479 4426 Perona
2513 4357 2675 4428 villa

153 4451 292 4522 post
320 4446 687 4532 prandium
715 4447 882 4517 dum
916 4446 1304 4517 ambularet
1336 4468 1456 4537 per
1488 4445 1767 4516 hortum
1796 4446 2258 4528 sanctissima,
2296 4447 2388 4517 rei
2425 4447 2674 4518 retrusi
