3308 5004
669 332 802 398 426
1244 348 1323 396 nn
1370 348 1426 397 s.
1471 346 1842 397 rmuanro
1889 347 2131 396 uun
2178 341 2476 396 cumr.
2803 327 2989 396 AUG.
3040 330 3136 396 20

580 433 993 504 mirificante
1021 432 1308 503 Domino
1343 444 1657 504 sanctum
1687 454 1920 514 suum,
1959 430 2204 514 caecis,
2251 431 2507 515 surdis,
2551 430 2846 514 claudis,
2885 431 3135 514 mutis,

579 521 1002 613 paralyticiS,
1057 521 1473 612 hydropicis,
1509 522 1935 610 caeterisque
1969 521 2305 592 morbidis
2346 533 2783 611 praestantur
2821 519 3141 590 remedia

579 611 669 682 ab
713 633 794 770 elo
832 612 955 770 «1Ἇί
1002 610 1193 682 solus
1239 609 1401 682 facit
1461 610 1846 692 mirabilia,
1913 610 2144 682 vivens
2190 622 2255 682 et
2315 632 2614 703 regnans
2685 632 2807 702 per
2853 609 3141 682 infinita

583 721 747 771 secu
777 723 839 784 a,
947 721 1130 771 men.

1075 975 1317 1076 VITA
1383 976 1463 1077 S.
1514 975 2117 1078 PHlLlBERTI
2191 976 2633 1079 ABBATlS

1290 1235 1548 1285 scmru
1591 1237 1676 1284 Ab
1723 1237 2009 1285 aalma!
2055 1235 2415 1287 coscnnwu

1181 1344 1256 1391 m*
1319 1341 1600 1392 rannus
1666 1342 2162 1393 cssmricnnsls
2226 1344 2517 1395 commun

1333 1450 1573 1499 STYLU!
1610 1449 1889 1500 luunt
1926 1452 2115 1500 LAUR.
2151 1453 2379 1501 sumus

1213 1650 1399 1705 Flor.
1446 1663 1621 1706 saec.
1668 1649 1803 1705 vn
1844 1679 1922 1690 —
1963 1650 2121 1707 Nat.
2161 1649 2486 1707 Francus.
2552 1715 2558 1720 ,

670 1853 707 1938 ἕ
756 1856 832 1922 1.
888 1853 1052 1918 Cum
1106 1848 1333 1937 prisca
1369 1852 1647 1918 Patrum
1699 1861 1887 1939 gesta
1934 1868 2606 1928 commemoramus,
2664 1846 2748 1916 ad
2802 1846 3137 1916 nosmeti-

585 1961 751 2031 psos
788 1959 912 2009 nos
962 1958 1384 2018 revocamuS,
1436 1950 1501 2006 et
1557 1935 1744 2006 velut
1795 1937 1863 2005 in
1931 1936 2212 2026 speculo
2262 1948 2530 2024 nostros
2577 1933 3136 2026 contemplamur

584 2026 837 2097 vultus.
895 2031 976 2095 Ut
1025 2047 1180 2095 vero
1227 2025 1466 2095 sitiens
1530 2038 1806 2116 potum,
1858 2038 1923 2094 et
1969 2024 2330 2095 famelicus
2428 2046 2626 2094 anem
2678 2024 2975 2115 appetit:
3044 2023 3137 2093 ita

581 2137 710 2206 ego
756 2115 1058 2185 divinam
1140 2113 1435 2204 imploro
1481 2136 1728 2205 opem,
1781 2125 1859 2184 ut
1910 2126 2202 2205 praestet
2276 2048 2449 2183 milii
2520 2114 2857 2183 sinceram
2912 2111 3136 2182 animi

580 2204 1004 2275 devotionem
1040 2258 1057 2286 ,
1130 2217 1197 2273 et
1260 2204 1399 2273 oris
1468 2202 1909 2272 facundiam:
1981 2204 2086 2273 uti
2148 2224 2232 2272 ne
2279 2202 2642 2272 temeritati
2690 2201 3138 2273 adscribatur

582 2293 765 2381 quod
815 2314 940 2383 ego
974 2293 1190 2382 patris
1238 2290 1621 2381 spiritualis
1645 2291 1964 2362 Coscbini
2003 2291 2303 2374 Abbatis,
2335 2290 2764 2378 fratrumque
2809 2292 3136 2361 omnium

584 2381 984 2452 Gemmetici
1033 2381 1431 2451 monasterii
1447 2381 1657 2472 jussu
1679 2394 1745 2451 et
1791 2380 2139 2451 voluntate
2173 2379 2943 2471 suscepi,·cupientium
2981 2402 3138 2450 mea

585 2492 794 2561 opera
843 2471 1093 2541 habere
1134 2484 1662 2542 monumentum
1714 2469 1994 2559 aliquod
2036 2492 2266 2540 rerum
2313 2492 2353 2541 a
2403 2480 2592 2562 patre
2645 2480 2875 2540 nostro
2922 2467 3142 2539 Phili-

583 2561 772 2630 berto
821 2574 1193 2651 gestarum.
1267 2561 1535 2644 Quibus
1590 2573 1667 2629 ut
1706 2581 1964 2630 morem
2029 2581 2381 2649 gererem,
2454 2580 2674 2648 pauca
2731 2580 2929 2628 excer
2983 2559 3048 2628 si
3099 2580 3136 2629 e

583 2649 847 2732 multiS,
899 2671 1075 2738 quae
1123 2649 1209 2718 ad
1249 2650 1642 2719 animarum
1700 2648 2244 2718 aedificationem
2282 2647 2572 2717 faciant:
2627 2658 2704 2717 ut
2753 2669 2877 2718 nec
2955 2661 3141 2719 ecto·

585 2737 782 2808 ribus
830 2738 1068 2819 oneri,
1138 2760 1263 2807 nec
1311 2737 1745 2808 auditoribus
1806 2736 2080 2807 fastidio
2137 2737 2322 2818 sint,
2383 2735 2806 2825 satisfiatque
2853 2736 3134 2827 piorum

584 2827 948 2918 precibus,
1004 2826 1565 2914 quandoquidem
1634 2825 1828 2897 fortis
1883 2839 1984 2896 est
2046 2837 2125 2895 ut
2173 2846 2358 2896 mors
2406 2825 2704 2896 dilectio.
2774 2825 3140 2895 Sufficiant

584 2929 839 2997 autem,
894 2937 1173 3003 quaeso,
1243 2937 1459 3006 pauca
1510 2938 1545 2984 e
1597 2913 1941 3006 pluribus,
1992 2914 2476 2984 convenienter
2535 2914 2638 2984 illi
2697 2914 3132 3009 sententiffi:

585 3005 707 3075 Cui
743 3027 961 3093 pauca
998 3025 1133 3074 non
1182 3003 1561 3085 sufficiunt,
1618 3001 1835 3073 multa
1884 3002 1980 3072 nil
2025 3002 2426 3093 proderunt.

673 3095 709 3248 ῗ
759 3098 848 3163 ῡ.
901 3097 1136 3180 Itaque
1183 3091 1424 3162 beatus
1464 3091 1904 3174 philibertus,
1943 3091 2266 3162 Helisano
2299 3090 2703 3162 *territorio
2752 3102 2968 3173 ortus,
3024 3112 3138 3161 se-

586 3204 675 3251 cu
706 3182 845 3251 aris
896 3179 1289 3251 literaturae
1337 3182 1624 3251 minime
1673 3180 1909 3263 rudiS,
1966 3203 2090 3271 pro
2153 3179 2379 3270 gentis
2439 3180 2630 3251 illius
2679 3202 2870 3250 more
2927 3180 3139 3271 plane

587 3280 934 3350 strenuuS,
991 3270 1060 3338 in
1117 3268 1260 3339 vico
1291 3269 1457 3339 Julii
1508 3270 1577 3304 ⁴²*
1622 3282 1726 3339 est
1781 3269 2155 3350 educatus,
2219 3291 2301 3340 ea
2346 3271 2786 3371 potissimum
2838 3270 3132 3348 ratione.

584 3357 768 3444 quod
838 3370 1093 3448 patrem
1142 3358 1296 3427 e'us
1354 3357 1832 3428 Philibaudem
1867 3414 1882 3441 ,
1951 3357 2179 3429 favore
2227 3380 2414 3460 regio
2478 3357 2692 3429 laicae
2750 3355 3137 3430 functionis

586 3445 971 3516 ministerio
1004 3382 1423 3529 absolutum,
1462 3446 1589 3517 loci
1632 3448 1783 3537 ejus
1822 3450 2004 3519 cives
2045 3447 2178 3517 sibi
2210 3453 2622 3538 Episcopum
2665 3448 3134 3537 expetiissent.

587 3534 717 3619 Qui
765 3557 923 3604 cum
968 3534 1385 3625 jampridem
1437 3537 1866 3627 cognovisset
1911 3536 2411 3608 adolescentem
2455 3536 2904 3607 Philibertum
2949 3536 3132 3607 bona

585 3646 666 3694 ac
716 3623 983 3693 liberali
1030 3646 1178 3694 esse
1217 3623 1470 3707 indole,
1524 3647 1680 3694 eum
1712 3627 1878 3716 Regi
1930 3629 2305 3716 Dagoberto
2352 3624 2882 3705 commendavit,
2924 3647 3136 3713 quem

585 3714 768 3783 inter
813 3718 1228 3784 Francorum
1281 3718 1496 3805 Reges
1541 3727 1810 3785 constat
1855 3714 2068 3786 fuisse
2119 3713 2596 3784 fortissimum.
2649 3719 2726 3783 At
2774 3736 2933 3783 vero
2980 3714 3138 3784 Phi-

586 3802 877 3872 libertus
928 3802 1275 3872 nobilitate
1322 3803 1780 3892 conspicuuS,
1853 3804 1922 3872 in
1973 3803 2275 3873 Audoeni
2347 3802 2696 3892 optimatis
2766 3802 3137 3873 familiari·

588 3905 790 3961 tatem
829 3890 1179 3960 admissus
1225 3902 1362 3961 est:
1415 3892 1535 3978 qui
1584 3913 1773 3975 sane,
1810 3913 2019 3962 aureo
2070 3891 2227 3961 licet
2278 3890 2501 3961 balteo
2548 3891 2861 3973 cinctus,
2915 3896 3133 3962 Deum

585 3980 898 4081 impense
947 3979 1244 4061 amabat,
1311 3991 1376 4050 et
1422 3981 1598 4050 inter
1644 3981 1816 4051 alios
1865 3980 2064 4051 aulae
2126 3982 2440 4071 proceres
2501 3980 2918 4071 cumprimis
2968 3980 3136 4050 illu-

586 4080 746 4138 stris
779 4068 1199 4139 habebatur:
1264 4068 1809 4157 clarissimisque
1856 4071 2032 4139 vitae
2073 4068 2335 4140 meritis
2393 4068 2717 4160 insignis,
2759 4068 3135 4139 Rothoma-

588 4158 821 4246 gensis
867 4157 1453 4260 ecclesiae-factus
1510 4158 1914 4250 Episcopus,
1954 4158 2285 4228 virtutum
2335 4158 2557 4246 signis
2608 4158 2813 4229 modo
2858 4158 3136 4250 egregie

587 4258 902 4315 coruscat
943 4269 1011 4315 in
1055 4260 1273 4317 terris.

640 4456 667 4484 ⁸
695 4457 839 4498 Ranae
856 4459 1170 4501 insstsconia.
1914 4462 1968 4488 ⁰⁸
1997 4461 2148 4511 Vulgo
2175 4461 2391 4501 rte-loun
