3308 5004
693 312 822 377 688
1167 329 1249 376 nu
1294 247 1379 376 s.-
1404 326 1761 376 Ancusrmo
1807 297 2131 378 11¹5an
2175 325 2347 383 tecm.
2412 323 2594 386 noct.
2808 308 3009 376 ma.
3065 309 3154 375 28

605 415 1003 495 scribentes,
1053 424 1119 483 et
1146 412 1571 501 ubicumque
1618 424 1953 504 poterant,
2007 412 2287 502 publice
2314 423 2381 483 et
2419 434 2542 504 per
2568 411 2813 483 domos
2859 411 3170 500 loquen-

606 515 729 583 tes,
833 524 908 572 er
953 523 1171 572 annos
1218 502 1432 571 ferme
1478 501 1712 571 decem
1767 500 2138 581 laboravit,
2193 500 2525 573 librorum
2569 501 2786 571 multa
2834 501 3170 571 condens

604 603 670 661 et
715 614 751 661 e
803 612 949 673 ens,
1000 603 1065 660 et
1112 591 1184 660 in
1232 590 1521 661 ecclesia
1563 590 1841 692 populis
1887 612 1967 660 ex
2014 590 2251 660 eodem
2298 612 2528 661 errore
2587 589 3172 679 frequentissime

605 679 714 750 dis
766 694 993 750 utans.
1046 684 1125 749 Et
1169 681 1495 769 quoniam
1550 679 1755 749 iidem
1796 679 2094 771 perversi
2134 679 2288 750 Sedi
2338 679 2759 770 Apostolicae
2789 699 2920 782 per
2949 700 3170 750 suam

605 790 716 837 am
775 770 1049 841 itionem
1085 768 1394 839 eamdem
1448 767 1808 859 perfidiam
1844 768 2257 860 persuadere
2293 769 2744 851 conabantur,
2789 769 3176 842 instantis-

607 859 781 929 sime
827 859 1045 943 etiam,
1095 857 1410 928 conciliis
1471 857 1806 928 Africanis
1864 871 2258 929 sanctorum
2316 857 2807 948 Episcoporum
2870 869 3174 947 gestum

605 960 729 1028 est,
782 959 861 1018 ut
894 960 1132 1019 sancto
1164 951 1386 1036 Papae
1422 947 1617 1016 urbis
1649 951 1931 1028 Romae,
1969 960 2037 1016 et
2069 946 2265 1037 prius
2296 945 2667 1017 venerabili
2705 947 3166 1027 Innocentio,

605 1049 671 1105 et
712 1050 942 1126 postea
975 1048 1211 1106 sancto
1244 1036 1509 1106 Zozimo
1536 1037 1687 1120 ejus
1734 1037 2115 1106 successori
2161 1035 2711 1126 persuaderetur,
2759 1056 2988 1123 quam
3040 1034 3174 1104 illa

608 1139 790 1195 secta
849 1148 889 1195 a
941 1124 1287 1196 Catholica
1348 1122 1483 1195 fide
1530 1124 1998 1194 abominanda
2044 1139 2110 1196 et
2156 1124 2554 1194 damnanda
2600 1124 2865 1194 suisset.
2926 1129 3013 1194 At
3063 1123 3173 1193 illi

609 1224 836 1285 tantae
883 1214 1077 1284 Sedis
1126 1213 1494 1289 antistites.
1530 1215 1678 1284 suis
1711 1214 2002 1286 diversis
2032 1213 2460 1305 temporibus
2488 1213 2760 1283 eosdem
2798 1225 3168 1293 notantes,

609 1315 812 1390 atque
840 1325 879 1373 a
918 1303 1247 1373 membris
1277 1301 1617 1373 Ecclesiae
1666 1301 2158 1392 praecidenteS,
2184 1302 2365 1372 datis
2402 1302 2641 1372 Literis
2676 1300 2760 1371 ad
2784 1300 3176 1371 Africanas

488 1408 494 1414 ·
608 1393 907 1462 Orientis
952 1404 1019 1462 et
1072 1391 1459 1462 Occidentis
1506 1390 1889 1472 Ecclesiae,
1943 1413 2060 1462 eos
2118 1389 2797 1461 anathematizandos
2846 1402 2921 1459 et
2974 1390 3172 1461 devi-

581 1481 859 1568 ⁸tandos
905 1481 993 1551 ab
1041 1480 1367 1550 omnibus
1428 1480 1794 1551 Catholicis
1856 1494 2299 1562 censuerunt.
2366 1485 2441 1550 Et
2506 1481 2634 1550 hoc
2695 1478 2832 1549 tale
2876 1479 2981 1548 de
3029 1479 3174 1550 illis

612 1566 956 1640 Ecclesiae
1003 1568 1380 1640 catholicae
1430 1569 1771 1659 prolatum
1830 1568 2202 1658 judicium,
2255 1569 2460 1640 etiam
2515 1569 2878 1659 piissimus
2938 1573 3171 1660 Impe-

609 1671 795 1728 rator
827 1659 1173 1728 Honorius
1211 1658 1505 1729 audiens
1552 1681 1631 1727 ac
1685 1680 1982 1745 sequens
2011 1713 2026 1739 ,
2082 1660 2229 1728 suis
2279 1680 2395 1728 eos
2435 1657 2703 1749 legibus
2739 1656 3166 1735 damnatos,

610 1747 790 1817 inter
819 1747 1195 1817 haereticos
1227 1747 1466 1818 haberi
1496 1747 1745 1818 debere
1776 1747 2153 1819 constituit.
2194 1747 2387 1818 Unde
2421 1745 2735 1817 nonnulli
2783 1765 2872 1815 ex
2903 1746 3049 1828 eis,
3087 1747 3170 1816 ad

613 1849 889 1906 sanctae
939 1836 1178 1905 matris
1208 1835 1548 1907 Ecclesiae
1588 1837 1956 1926 gremium,
1999 1835 2188 1906 unde
2221 1835 2627 1917 resilierant,
2668 1834 3071 1917 redierunt,
3113 1849 3173 1905 et

613 1924 841 1994 adbuc
875 1924 992 1993 alii
1034 1923 1344 2005 redeunt,
1389 1926 1858 1994 innotescente
1890 1938 1954 1993 et
1988 1924 2533 2014 praevalescente
2575 1924 2922 1994 adversus
2970 1925 3168 1995 illum

611 2012 1080 2083 detestabilem
1117 2034 1414 2083 errorem
1454 2025 1675 2083 rectae
1706 2012 1866 2083 fidei
1895 2013 2197 2084 veritate.
3259 2017 3260 2032 ¹

701 2103 739 2189 ὃ
789 2106 950 2173 ¹2.
1005 2107 1079 2170 Et
1126 2114 1273 2171 erat
1320 2102 1436 2173 ille
1486 2101 1958 2173 memorabilis
2003 2103 2107 2170 vir
2153 2103 2624 2191 Augustinus,
2694 2103 3164 2192 praecipuum

614 2190 955 2260 Dominici
1005 2190 1314 2281 corporis
1365 2192 1777 2272 membrum,
1830 2191 2009 2259 circa
2061 2189 2472 2264 universalis
2511 2189 2864 2261 Ecclesiae
2899 2190 3166 2261 utilita-

614 2291 749 2348 tem
801 2279 1113 2349 solicitus
1160 2301 1434 2369 semper
1479 2302 1559 2350 ac
1612 2278 1922 2370 pervigil.
1977 2284 2055 2348 Et
2101 2279 2202 2349 illi
2249 2280 2583 2350 divinitus
2628 2278 2984 2349 donatum
3043 2295 3157 2358 est,

614 2380 691 2437 ut
735 2368 820 2438 de
867 2390 1151 2438 suorum
1203 2368 1516 2438 laborum
1567 2368 1822 2450 fructu,
1872 2369 2077 2438 etiarn
2129 2369 2198 2437 in
2241 2369 2370 2438 hac
2411 2368 2546 2439 vita
2578 2367 2891 2459 gaudere
2935 2389 3162 2459 prove·

615 2457 861 2527 nisset:
914 2457 1109 2548 prius
1155 2456 1434 2545 quidem
1487 2458 1556 2527 in
1609 2456 2034 2548 Hipponensi
2084 2456 2386 2528 Ecclesia
2417 2470 2485 2528 et
2516 2458 2821 2559 regione,
2870 2457 3006 2529 cui
3040 2479 3157 2527 ma·

614 2547 799 2616 xime
849 2545 1279 2637 praesidebat
1323 2548 1587 2618 unitate
1632 2569 1712 2617 ac
1745 2569 1910 2638 pace
1945 2546 2280 2636 perfecta:
2318 2546 2568 2616 deinde
2599 2570 2669 2616 in
2707 2546 2878 2617 aliis
2911 2548 3152 2617 Africae
3259 2606 3260 2629 2

619 2635 956 2725 partibus,
1011 2636 1153 2704 sive
1202 2657 1324 2725 per
1369 2636 1702 2727 seipsum,
1754 2637 1896 2705 sive
1944 2656 2065 2726 per
2111 2635 2307 2716 alios,
2360 2649 2425 2706 et
2471 2657 2645 2723 quos
2688 2636 2848 2737 ipse
2890 2635 3142 2706 deden!

619 2724 1010 2794 sacerdotes
1058 2724 1461 2815 pullulasse,
1512 2736 1580 2793 et
1626 2724 2153 2815 multiplicatam
2205 2724 2420 2794 fuisse
2467 2725 2738 2794 Domini
2781 2725 3136 2795 Ecclesia
3258 2724 3260 2787 l

620 2813 1024 2903 pervidens,
1081 2812 1371 2900 illosque
1419 2812 1883 2895 ManichanS‚
1940 2814 2357 2893 Donatistas,
2410 2811 2925 2913 Pelagianistas
2964 2818 3146 2884 eth·
3259 2830 3260 2833 ’

619 2922 837 2993 ganos
881 2923 961 2971 ex
1012 2923 1261 2991 magna
1315 2916 1502 2991 parte
1548 2901 1925 2983 defecisse,
1980 2915 2047 2972 et
2092 2901 2433 2973 Ecclesiae
2491 2907 2601 2972 Dei
2659 2902 2978 2973 sociatos
3021 2918 3134 2971 w

619 2991 1088 3080 congaudens.
1141 2990 1565 3061 Profectibus
1612 3013 1887 3078 quoque
1932 3003 1998 3061 et
2030 2990 2280 3061 studiis
2309 2989 2546 3061 favens
2575 3002 2723 3060 erat
2753 2991 3128 3062 etatulam

619 3080 959 3149 bonorum
1011 3080 1352 3160 omnium,
1404 3079 2112 3181 indisciplinationem
2166 3080 2276 3171 pie
2322 3102 2403 3149 ac
2432 3093 2664 3150 sancte
2696 3075 3130 3173 toleranti-⁸3
3259 3160 3260 3165 Ἰ

619 3179 833 3248 trum,
886 3169 954 3237 in
1009 3169 1483 3257 emiscensque
1528 3168 1614 3239 de
1664 3169 2146 3256 iniquitatibus
2190 3167 2739 3250 malorum,⁴sive
2768 3178 3143 3265 θοι-αμφὶ)

621 3256 803 3325 intra
853 3261 979 3325 Ecc
1009 3257 1249 3337 esiam,
1307 3259 1447 3327 sive
1493 3278 1729 3328 eorum
1770 3258 1890 3345 qui
1931 3270 2117 3327 extra
2153 3257 2525 3329 Ecclesiam
2566 3268 2733 3326 sunt
2779 3256 3152 3333 constituti,
3259 3306 3260 3319 ,

626 3345 1025 3425 Dominicis,
1079 3359 1158 3415 ut
1203 3346 1369 3428 dixi,
1424 3346 1639 3416 lucris
1687 3368 1960 3437 semper
2053 3345 2341 3427 audens,
2394 3359 2460 3416 et
2505 3346 2788 3415 damnis
2831 3365 3164 3418 moe-reus.

624 3439 837 3502 Tanta
884 3448 1112 3503 autem
1161 3436 1251 3505 ab
1295 3434 1536 3505 eodem
1584 3435 1837 3505 dictata
1868 3450 1933 3504 et
1965 3457 2002 3505 e
2057 3438 2146 3505 ita
2180 3448 2365 3515 sunt,
2403 3446 2727 3520 tantaque
2761 3434 2834 3503 in
2881 3432 3174 3506 Ecclesia
3259 3454 3260 3535 g

625 3521 997 3611 disputata,
1053 3537 1331 3614 excepta
1379 3538 1584 3612 atque
1631 3524 2016 3608 emendata,
2073 3523 2171 3593 vel
2221 3523 2554 3594 adversus
2582 3523 2913 3595 diversos
2953 3524 3180 3594 haere-

626 3611 797 3681 ticos
844 3614 1275 3702 conscripta,
1332 3613 1434 3681 vel
1483 3633 1564 3682 ex
1610 3614 1968 3683 canonicis
2015 3613 2212 3683 libris
2256 3613 2561 3703 exposita
2608 3611 2695 3681 ad
2744 3613 3184 3684 aedificatio-
3259 3670 3260 3681 ,

625 3722 781 3769 nem
835 3714 1227 3771 sanctorum
1281 3701 1618 3773 Ecclesiae
1667 3701 2013 3781 filiorum,
2069 3716 2145 3771 ut
2200 3724 2280 3771 ea
2337 3702 2574 3771 omnia
2623 3701 2734 3779 vix
2794 3705 3186 3806 quisquam

627 3789 1093 3859 studiosorum
1148 3812 1348 3861 nosse
1393 3805 1458 3860 et
1488 3789 1675 3881 perle
1724 3812 1837 3861 ere
1866 3789 2187 3861 sufficiat.
2223 3796 2703 3860 Verumtamen
2742 3810 2834 3859 ne
2873 3792 3192 3862 veritatis

627 3877 1064 3949 avidissimos
1109 3879 1180 3947 in
1230 3878 1464 3967 aliquo
1512 3879 1663 3950 srau
1717 3901 1832 3949 are
1881 3879 2260 3958 videamur,
2302 3880 2533 3962 statui,
2581 3884 2711 3971 Deo
2754 3892 3193 3969 praestante,

632 3965 702 4035 in
755 3966 966 4125 hu{us
1013 3968 1335 4058 opusculi
1384 3969 1520 4038 fine
1565 3969 1771 4038 etiam
1817 3968 2217 4038 eorumdem
2254 3969 2616 4047 librorum,
2658 3979 3108 4040 tractatuum
3137 3982 3198 4040 et
3259 4050 3260 4063 χ

627 4055 848 4144 episto
880 4077 1077 4126 arum
1127 4057 1517 4127 indiculum
1567 4056 1967 4146 adjungere.
2009 4063 2155 4141 Quo
2191 4056 2384 4138 lecto,
2422 4057 2814 4147 quiemagis
2851 4057 2976 4127 Dei
3019 4060 3202 4128 veri-

630 4155 862 4225 tatem,
916 4164 1128 4232 quam
1179 4146 1588 4235 temporales
1634 4158 1869 4215 amant
1916 4146 2214 4228 divitias,
2265 4145 2398 4216 sibi
2446 4145 2769 4233 quisque,
2820 4145 3028 4232 quod
3087 4168 3204 4217 vo-

638 4233 862 4312 luerit,
919 4232 1005 4302 ad
1043 4233 1407 4324 legendum
1443 4249 1509 4304 et
1537 4235 2093 4324 cognoscendum
2130 4234 2358 4326 eligat,
2394 4246 2461 4305 et
2498 4234 2564 4303 id
2601 4232 2690 4304 ad
2725 4234 3201 4306 scribendum

629 4319 736 4388 vel
785 4321 869 4390 de
916 4320 1336 4422 Bibliotheca
1382 4323 1849 4414 Hipponensis
1895 4324 2224 4394 ecclesiae
2270 4315 2474 4415 p‘etat,
2525 4323 2654 4413 ubi
2703 4322 3204 4397 emanantium

632 4408 1048 4498 exemplaria
1094 4408 1263 4481 forte
1314 4412 1610 4502 potuerit
1656 4412 2004 4483 invenire:
2057 4412 2160 4483 vel
2196 4413 2382 4483 unde
2414 4411 2706 4484 valuerit
2741 4411 3108 4502 inquirat,
3143 4424 3203 4483 et
