<?xml version="1.0" encoding="UTF-8"?>
<!DOCTYPE html PUBLIC "-//W3C//DTD XHTML 1.0 Transitional//EN"
    "http://www.w3.org/TR/xhtml1/DTD/xhtml1-transitional.dtd">
<html xmlns="http://www.w3.org/1999/xhtml" xml:lang="en" lang="en">
 <head>
  <title>
</title>
<meta http-equiv="Content-Type" content="text/html;charset=utf-8" />
  <meta name='ocr-system' content='tesseract 3.04.00' />
  <meta name='ocr-capabilities' content='ocr_page ocr_carea ocr_par ocr_line ocrx_word'/>
</head>
<body>
  <div class='ocr_page' id='page_1' title='image "./historiaeseuvit01lippgoog_0285.png"; bbox 0 0 3308 5004; ppageno 0'>
   <div class='ocr_carea' id='block_1_1' title="bbox 235 220 2681 395">
    <p class='ocr_par' dir='ltr' id='par_1_1' title="bbox 235 220 2681 395">
     <span class='ocr_line' id='line_1_1' title="bbox 522 220 576 272; baseline 0 -36"><span class='ocrx_word' id='word_1_1' title='bbox 522 220 576 272; x_wconf 45' lang='lat' dir='ltr'>q.</span> 
     </span>
     <span class='ocr_line' id='line_1_2' title="bbox 235 307 2681 395; baseline 0.003 -9"><span class='ocrx_word' id='word_1_2' title='bbox 235 307 425 387; x_wconf 76' lang='lat' dir='ltr'>AUG‘.</span> <span class='ocrx_word' id='word_1_3' title='bbox 480 320 563 384; x_wconf 70' lang='lat'>,12</span> <span class='ocrx_word' id='word_1_4' title='bbox 1141 339 1220 386; x_wconf 75' lang='lat' dir='ltr'>nr.</span> <span class='ocrx_word' id='word_1_5' title='bbox 1269 339 1323 387; x_wconf 92' lang='lat' dir='ltr'>s.</span> <span class='ocrx_word' id='word_1_6' title='bbox 1376 337 1577 388; x_wconf 63' lang='lat' dir='ltr'>curu</span> <span class='ocrx_word' id='word_1_7' title='bbox 1624 339 1883 390; x_wconf 75' lang='lat' dir='ltr'>vmcmss</span> <span class='ocrx_word' id='word_1_8' title='bbox 2564 330 2681 395; x_wconf 65' lang='lat'>274</span> 
     </span>
    </p>
   </div>
   <div class='ocr_carea' id='block_1_2' title="bbox 200 421 2785 4513">
    <p class='ocr_par' dir='ltr' id='par_1_2' title="bbox 227 421 2785 778">
     <span class='ocr_line' id='line_1_3' title="bbox 235 421 2785 519; baseline 0.004 -26"><span class='ocrx_word' id='word_1_9' title='bbox 235 422 703 493; x_wconf 89' lang='lat' dir='ltr'>delibamenta</span> <span class='ocrx_word' id='word_1_10' title='bbox 732 421 1026 505; x_wconf 89' lang='lat' dir='ltr'>virtutis,</span> <span class='ocrx_word' id='word_1_11' title='bbox 1075 422 1242 493; x_wconf 90' lang='lat' dir='ltr'>tales</span> <span class='ocrx_word' id='word_1_12' title='bbox 1275 424 1623 514; x_wconf 77' lang='lat' dir='ltr'>primitiae</span> <span class='ocrx_word' id='word_1_13' title='bbox 1653 426 1965 515; x_wconf 84' lang='lat' dir='ltr'>spiritus,</span> <span class='ocrx_word' id='word_1_14' title='bbox 2024 428 2181 498; x_wconf 86' lang='lat' dir='ltr'>talia</span> <span class='ocrx_word' id='word_1_15' title='bbox 2219 429 2579 519; x_wconf 84' lang='lat' dir='ltr'>praeludia</span> <span class='ocrx_word' id='word_1_16' title='bbox 2626 452 2785 502; x_wconf 90' lang='lat' dir='ltr'>san-</span> 
     </span>
     <span class='ocr_line' id='line_1_4' title="bbox 232 509 2784 608; baseline 0.004 -26"><span class='ocrx_word' id='word_1_17' title='bbox 232 511 512 583; x_wconf 89' lang='lat' dir='ltr'>ctitatis.</span> <span class='ocrx_word' id='word_1_18' title='bbox 552 515 680 582; x_wconf 91' lang='lat' dir='ltr'>Ore</span> <span class='ocrx_word' id='word_1_19' title='bbox 725 509 1007 598; x_wconf 89' lang='lat' dir='ltr'>quidem</span> <span class='ocrx_word' id='word_1_20' title='bbox 1042 510 1426 584; x_wconf 90' lang='lat' dir='ltr'>vicinorum</span> <span class='ocrx_word' id='word_1_21' title='bbox 1476 513 1749 584; x_wconf 90' lang='lat' dir='ltr'>laudari</span> <span class='ocrx_word' id='word_1_22' title='bbox 1798 515 2029 586; x_wconf 90' lang='lat' dir='ltr'>nescia</span> <span class='ocrx_word' id='word_1_23' title='bbox 2077 518 2323 608; x_wconf 88' lang='lat' dir='ltr'>coepit,</span> <span class='ocrx_word' id='word_1_24' title='bbox 2375 532 2440 589; x_wconf 94' lang='lat' dir='ltr'>et</span> <span class='ocrx_word' id='word_1_25' title='bbox 2488 533 2784 593; x_wconf 86' lang='lat' dir='ltr'>secretos</span> 
     </span>
     <span class='ocr_line' id='line_1_5' title="bbox 229 599 2784 758; baseline 0.003 -86"><span class='ocrx_word' id='word_1_26' title='bbox 229 613 429 702; x_wconf 76' lang='lat' dir='ltr'>actus</span> <span class='ocrx_word' id='word_1_27' title='bbox 481 599 780 758; x_wconf 75' lang='lat' dir='ltr'>velridica</span> <span class='ocrx_word' id='word_1_28' title='bbox 846 599 1030 671; x_wconf 74' lang='lat' dir='ltr'>fama</span> <span class='ocrx_word' id='word_1_29' title='bbox 1092 600 1442 692; x_wconf 79' lang='lat' dir='ltr'>prodente,</span> <span class='ocrx_word' id='word_1_30' title='bbox 1512 625 1751 674; x_wconf 91' lang='lat' dir='ltr'>rumor</span> <span class='ocrx_word' id='word_1_31' title='bbox 1796 603 2123 678; x_wconf 91' lang='lat' dir='ltr'>bonitatis</span> <span class='ocrx_word' id='word_1_32' title='bbox 2168 606 2320 697; x_wconf 89' lang='lat' dir='ltr'>ejus</span> <span class='ocrx_word' id='word_1_33' title='bbox 2371 608 2784 701; x_wconf 78' lang='lat' dir='ltr'><strong>vulgabatur</strong></span> 
     </span>
     <span class='ocr_line' id='line_1_6' title="bbox 227 711 639 778; baseline -0.005 -18"><span class='ocrx_word' id='word_1_34' title='bbox 227 712 301 760; x_wconf 88' lang='lat' dir='ltr'>m</span> <span class='ocrx_word' id='word_1_35' title='bbox 404 711 544 778; x_wconf 87' lang='lat' dir='ltr'>opu</span> <span class='ocrx_word' id='word_1_36' title='bbox 575 711 639 760; x_wconf 95' lang='lat' dir='ltr'>o.</span> 
     </span>
    </p>

    <p class='ocr_par' dir='ltr' id='par_1_3' title="bbox 204 712 2784 3537">
     <span class='ocr_line' id='line_1_7' title="bbox 317 712 2783 873; baseline 0.004 -24"><span class='ocrx_word' id='word_1_37' title='bbox 317 712 495 866; x_wconf 52' lang='lat' dir='ltr'>§pa</span> <span class='ocrx_word' id='word_1_38' title='bbox 547 776 852 849; x_wconf 78' lang='lat' dir='ltr'>Audiens</span> <span class='ocrx_word' id='word_1_39' title='bbox 899 799 1057 847; x_wconf 92' lang='lat' dir='ltr'>vero</span> <span class='ocrx_word' id='word_1_40' title='bbox 1120 787 1284 849; x_wconf 88' lang='lat' dir='ltr'>tunc</span> <span class='ocrx_word' id='word_1_41' title='bbox 1332 778 1601 850; x_wconf 82' lang='lat' dir='ltr'>celebre</span> <span class='ocrx_word' id='word_1_42' title='bbox 1668 801 1917 851; x_wconf 89' lang='lat' dir='ltr'>nomen</span> <span class='ocrx_word' id='word_1_43' title='bbox 1969 783 2360 867; x_wconf 89' lang='lat' dir='ltr'>Francisci‚</span> <span class='ocrx_word' id='word_1_44' title='bbox 2423 785 2544 873; x_wconf 90' lang='lat' dir='ltr'>qui</span> <span class='ocrx_word' id='word_1_45' title='bbox 2594 786 2783 859; x_wconf 90' lang='lat' dir='ltr'>velut</span> 
     </span>
     <span class='ocr_line' id='line_1_8' title="bbox 233 865 2779 962; baseline 0.004 -26"><span class='ocrx_word' id='word_1_46' title='bbox 233 889 452 937; x_wconf 89' lang='lat' dir='ltr'>novus</span> <span class='ocrx_word' id='word_1_47' title='bbox 498 867 733 948; x_wconf 90' lang='lat' dir='ltr'>homo,</span> <span class='ocrx_word' id='word_1_48' title='bbox 786 865 1214 938; x_wconf 83' lang='lat' dir='ltr'>obliteratam</span> <span class='ocrx_word' id='word_1_49' title='bbox 1266 867 1336 937; x_wconf 93' lang='lat' dir='ltr'>in</span> <span class='ocrx_word' id='word_1_50' title='bbox 1390 868 1653 939; x_wconf 92' lang='lat' dir='ltr'>mundo</span> <span class='ocrx_word' id='word_1_51' title='bbox 1701 869 1883 939; x_wconf 87' lang='lat' dir='ltr'>viam</span> <span class='ocrx_word' id='word_1_52' title='bbox 1935 871 2373 962; x_wconf 84' lang='lat' dir='ltr'>perfectionis</span> <span class='ocrx_word' id='word_1_53' title='bbox 2407 875 2602 946; x_wconf 90' lang='lat' dir='ltr'>novis</span> <span class='ocrx_word' id='word_1_54' title='bbox 2643 876 2779 946; x_wconf 90' lang='lat' dir='ltr'>vir-</span> 
     </span>
     <span class='ocr_line' id='line_1_9' title="bbox 236 955 2784 1046; baseline 0.004 -20"><span class='ocrx_word' id='word_1_55' title='bbox 236 956 499 1026; x_wconf 90' lang='lat' dir='ltr'>tutibus</span> <span class='ocrx_word' id='word_1_56' title='bbox 529 955 923 1038; x_wconf 90' lang='lat' dir='ltr'>renovabat,</span> <span class='ocrx_word' id='word_1_57' title='bbox 961 978 1117 1026; x_wconf 86' lang='lat' dir='ltr'>mox</span> <span class='ocrx_word' id='word_1_58' title='bbox 1150 955 1412 1046; x_wconf 83' lang='lat' dir='ltr'>alloqui</span> <span class='ocrx_word' id='word_1_59' title='bbox 1445 978 1604 1027; x_wconf 89' lang='lat' dir='ltr'>eum</span> <span class='ocrx_word' id='word_1_60' title='bbox 1637 957 1984 1030; x_wconf 79' lang='lat' dir='ltr'>desiderat</span> <span class='ocrx_word' id='word_1_61' title='bbox 2029 972 2093 1031; x_wconf 89' lang='lat' dir='ltr'>et</span> <span class='ocrx_word' id='word_1_62' title='bbox 2142 962 2394 1044; x_wconf 90' lang='lat' dir='ltr'>videre,</span> <span class='ocrx_word' id='word_1_63' title='bbox 2449 963 2784 1035; x_wconf 90' lang='lat' dir='ltr'>suadente</span> 
     </span>
     <span class='ocr_line' id='line_1_10' title="bbox 229 1045 2777 1137; baseline 0.003 -22"><span class='ocrx_word' id='word_1_64' title='bbox 229 1045 597 1136; x_wconf 88' lang='lat' dir='ltr'>hocipsum</span> <span class='ocrx_word' id='word_1_65' title='bbox 651 1057 840 1136; x_wconf 91' lang='lat' dir='ltr'>patre</span> <span class='ocrx_word' id='word_1_66' title='bbox 887 1045 1287 1136; x_wconf 88' lang='lat' dir='ltr'>spirituum,</span> <span class='ocrx_word' id='word_1_67' title='bbox 1342 1047 1550 1135; x_wconf 87' lang='lat' dir='ltr'>cujus</span> <span class='ocrx_word' id='word_1_68' title='bbox 1590 1045 1738 1134; x_wconf 82' lang='lat' dir='ltr'>jam</span> <span class='ocrx_word' id='word_1_69' title='bbox 1789 1061 2101 1137; x_wconf 89' lang='lat' dir='ltr'>uterque,</span> <span class='ocrx_word' id='word_1_70' title='bbox 2156 1050 2314 1121; x_wconf 90' lang='lat' dir='ltr'>licet</span> <span class='ocrx_word' id='word_1_71' title='bbox 2360 1050 2777 1136; x_wconf 84' lang='lat' dir='ltr'>differenter,</span> 
     </span>
     <span class='ocr_line' id='line_1_11' title="bbox 227 1133 2781 1231; baseline 0.003 -28"><span class='ocrx_word' id='word_1_72' title='bbox 227 1146 589 1226; x_wconf 88' lang='lat' dir='ltr'>acceperat</span> <span class='ocrx_word' id='word_1_73' title='bbox 639 1133 1012 1225; x_wconf 88' lang='lat' dir='ltr'>primitiva.</span> <span class='ocrx_word' id='word_1_74' title='bbox 1066 1140 1197 1205; x_wconf 89' lang='lat' dir='ltr'>Nec</span> <span class='ocrx_word' id='word_1_75' title='bbox 1245 1134 1482 1206; x_wconf 89' lang='lat' dir='ltr'>minus</span> <span class='ocrx_word' id='word_1_76' title='bbox 1514 1134 1631 1205; x_wconf 92' lang='lat' dir='ltr'>ille</span> <span class='ocrx_word' id='word_1_77' title='bbox 1673 1149 1807 1207; x_wconf 87' lang='lat' dir='ltr'>tam</span> <span class='ocrx_word' id='word_1_78' title='bbox 1841 1139 2182 1228; x_wconf 86' lang='lat' dir='ltr'>gratiosae</span> <span class='ocrx_word' id='word_1_79' title='bbox 2219 1139 2488 1231; x_wconf 89' lang='lat' dir='ltr'>puellae</span> <span class='ocrx_word' id='word_1_80' title='bbox 2519 1141 2781 1212; x_wconf 87' lang='lat' dir='ltr'>celebri</span> 
     </span>
     <span class='ocr_line' id='line_1_12' title="bbox 224 1222 2780 1324; baseline 0.004 -32"><span class='ocrx_word' id='word_1_81' title='bbox 224 1222 415 1294; x_wconf 70' lang='lat' dir='ltr'>fama</span> <span class='ocrx_word' id='word_1_82' title='bbox 465 1223 793 1324; x_wconf 86' lang='lat' dir='ltr'>perflatus</span> <span class='ocrx_word' id='word_1_83' title='bbox 827 1277 842 1303; x_wconf 93' lang='lat'>,</span> <span class='ocrx_word' id='word_1_84' title='bbox 898 1223 1126 1293; x_wconf 91' lang='lat' dir='ltr'>videre</span> <span class='ocrx_word' id='word_1_85' title='bbox 1174 1224 1354 1294; x_wconf 90' lang='lat' dir='ltr'>hanc</span> <span class='ocrx_word' id='word_1_86' title='bbox 1401 1235 1467 1295; x_wconf 91' lang='lat' dir='ltr'>et</span> <span class='ocrx_word' id='word_1_87' title='bbox 1513 1224 1776 1312; x_wconf 87' lang='lat' dir='ltr'>alloqui</span> <span class='ocrx_word' id='word_1_88' title='bbox 1822 1229 2053 1317; x_wconf 89' lang='lat' dir='ltr'>cupit,</span> <span class='ocrx_word' id='word_1_89' title='bbox 2111 1228 2168 1298; x_wconf 90' lang='lat' dir='ltr'>si</span> <span class='ocrx_word' id='word_1_90' title='bbox 2266 1251 2354 1299; x_wconf 92' lang='lat' dir='ltr'>uo</span> <span class='ocrx_word' id='word_1_91' title='bbox 2406 1230 2607 1300; x_wconf 90' lang='lat' dir='ltr'>modo</span> <span class='ocrx_word' id='word_1_92' title='bbox 2657 1231 2780 1319; x_wconf 92' lang='lat' dir='ltr'>qui</span> 
     </span>
     <span class='ocr_line' id='line_1_13' title="bbox 225 1311 2779 1409; baseline 0.004 -28"><span class='ocrx_word' id='word_1_93' title='bbox 225 1325 410 1382; x_wconf 92' lang='lat' dir='ltr'>totus</span> <span class='ocrx_word' id='word_1_94' title='bbox 465 1312 780 1382; x_wconf 78' lang='lat' dir='ltr'>inhiabat</span> <span class='ocrx_word' id='word_1_95' title='bbox 838 1311 924 1382; x_wconf 89' lang='lat' dir='ltr'>ad</span> <span class='ocrx_word' id='word_1_96' title='bbox 990 1312 1315 1402; x_wconf 86' lang='lat' dir='ltr'>praedam</span> <span class='ocrx_word' id='word_1_97' title='bbox 1353 1367 1368 1395; x_wconf 97' lang='lat'>,</span> <span class='ocrx_word' id='word_1_98' title='bbox 1440 1335 1870 1404; x_wconf 82' lang='lat' dir='ltr'>regnumque</span> <span class='ocrx_word' id='word_1_99' title='bbox 1925 1316 2170 1387; x_wconf 88' lang='lat' dir='ltr'>mundi</span> <span class='ocrx_word' id='word_1_100' title='bbox 2276 1318 2779 1409; x_wconf 89' lang='lat' dir='ltr'>epopulaturus</span> 
     </span>
     <span class='ocr_line' id='line_1_14' title="bbox 224 1399 2780 1502; baseline 0.002 -30"><span class='ocrx_word' id='word_1_101' title='bbox 224 1400 645 1481; x_wconf 89' lang='lat' dir='ltr'>advenerat,</span> <span class='ocrx_word' id='word_1_102' title='bbox 703 1399 1004 1472; x_wconf 91' lang='lat' dir='ltr'>nobilem</span> <span class='ocrx_word' id='word_1_103' title='bbox 1055 1404 1257 1471; x_wconf 89' lang='lat' dir='ltr'>istam</span> <span class='ocrx_word' id='word_1_104' title='bbox 1311 1402 1634 1502; x_wconf 81' lang='lat' dir='ltr'>praedam</span> <span class='ocrx_word' id='word_1_105' title='bbox 1669 1457 1684 1485; x_wconf 90' lang='lat'>,</span> <span class='ocrx_word' id='word_1_106' title='bbox 1740 1404 1973 1475; x_wconf 88' lang='lat' dir='ltr'>seculo</span> <span class='ocrx_word' id='word_1_107' title='bbox 2030 1428 2328 1494; x_wconf 88' lang='lat' dir='ltr'>nequam</span> <span class='ocrx_word' id='word_1_108' title='bbox 2381 1408 2597 1497; x_wconf 89' lang='lat' dir='ltr'>possit</span> <span class='ocrx_word' id='word_1_109' title='bbox 2642 1408 2780 1478; x_wconf 90' lang='lat' dir='ltr'>eri-</span> 
     </span>
     <span class='ocr_line' id='line_1_15' title="bbox 227 1489 2778 1597; baseline 0.004 -39"><span class='ocrx_word' id='word_1_110' title='bbox 227 1511 435 1591; x_wconf 86' lang='lat' dir='ltr'>pere,</span> <span class='ocrx_word' id='word_1_111' title='bbox 493 1510 754 1578; x_wconf 88' lang='lat' dir='ltr'>suoque</span> <span class='ocrx_word' id='word_1_112' title='bbox 803 1489 1090 1561; x_wconf 91' lang='lat' dir='ltr'>Domino</span> <span class='ocrx_word' id='word_1_113' title='bbox 1141 1489 1526 1561; x_wconf 82' lang='lat' dir='ltr'>vendicare.</span> <span class='ocrx_word' id='word_1_114' title='bbox 1594 1491 1832 1562; x_wconf 89' lang='lat' dir='ltr'>Visitat</span> <span class='ocrx_word' id='word_1_115' title='bbox 1895 1493 2011 1564; x_wconf 93' lang='lat' dir='ltr'>ille</span> <span class='ocrx_word' id='word_1_116' title='bbox 2062 1494 2264 1565; x_wconf 91' lang='lat' dir='ltr'>istam</span> <span class='ocrx_word' id='word_1_117' title='bbox 2297 1550 2313 1577; x_wconf 98' lang='lat'>,</span> <span class='ocrx_word' id='word_1_118' title='bbox 2379 1510 2445 1567; x_wconf 89' lang='lat' dir='ltr'>et</span> <span class='ocrx_word' id='word_1_119' title='bbox 2500 1497 2778 1597; x_wconf 88' lang='lat' dir='ltr'>saepius</span> 
     </span>
     <span class='ocr_line' id='line_1_16' title="bbox 222 1577 2777 1673; baseline 0.004 -25"><span class='ocrx_word' id='word_1_120' title='bbox 222 1592 358 1648; x_wconf 79' lang='lat' dir='ltr'>lsta</span> <span class='ocrx_word' id='word_1_121' title='bbox 408 1578 607 1648; x_wconf 90' lang='lat' dir='ltr'>illum</span> <span class='ocrx_word' id='word_1_122' title='bbox 640 1633 655 1658; x_wconf 91' lang='lat'>‚</span> <span class='ocrx_word' id='word_1_123' title='bbox 729 1577 1195 1650; x_wconf 88' lang='lat' dir='ltr'>visitationum</span> <span class='ocrx_word' id='word_1_124' title='bbox 1267 1602 1556 1650; x_wconf 88' lang='lat' dir='ltr'>suarum</span> <span class='ocrx_word' id='word_1_125' title='bbox 1614 1593 1925 1673; x_wconf 89' lang='lat' dir='ltr'>tempora</span> <span class='ocrx_word' id='word_1_126' title='bbox 1986 1583 2464 1667; x_wconf 89' lang='lat' dir='ltr'>moderantes,</span> <span class='ocrx_word' id='word_1_127' title='bbox 2517 1586 2777 1673; x_wconf 83' lang='lat' dir='ltr'>quibus</span> 
     </span>
     <span class='ocr_line' id='line_1_17' title="bbox 224 1666 2783 1763; baseline 0.003 -27"><span class='ocrx_word' id='word_1_128' title='bbox 224 1667 543 1738; x_wconf 89' lang='lat' dir='ltr'>divinum</span> <span class='ocrx_word' id='word_1_129' title='bbox 596 1666 769 1738; x_wconf 88' lang='lat' dir='ltr'>illud</span> <span class='ocrx_word' id='word_1_130' title='bbox 821 1666 1127 1737; x_wconf 88' lang='lat' dir='ltr'>studium</span> <span class='ocrx_word' id='word_1_131' title='bbox 1182 1687 1307 1738; x_wconf 90' lang='lat' dir='ltr'>nec</span> <span class='ocrx_word' id='word_1_132' title='bbox 1357 1669 1619 1759; x_wconf 88' lang='lat' dir='ltr'>percipi</span> <span class='ocrx_word' id='word_1_133' title='bbox 1667 1671 1755 1740; x_wconf 92' lang='lat' dir='ltr'>ab</span> <span class='ocrx_word' id='word_1_134' title='bbox 1806 1670 2085 1741; x_wconf 90' lang='lat' dir='ltr'>homine</span> <span class='ocrx_word' id='word_1_135' title='bbox 2133 1673 2394 1763; x_wconf 89' lang='lat' dir='ltr'>possit,</span> <span class='ocrx_word' id='word_1_136' title='bbox 2466 1695 2592 1743; x_wconf 91' lang='lat' dir='ltr'>nec</span> <span class='ocrx_word' id='word_1_137' title='bbox 2658 1697 2783 1745; x_wconf 89' lang='lat' dir='ltr'>ru-</span> 
     </span>
     <span class='ocr_line' id='line_1_18' title="bbox 226 1755 2780 1846; baseline 0.003 -20"><span class='ocrx_word' id='word_1_138' title='bbox 226 1777 419 1826; x_wconf 88' lang='lat' dir='ltr'>more</span> <span class='ocrx_word' id='word_1_139' title='bbox 469 1755 749 1846; x_wconf 90' lang='lat' dir='ltr'>publico</span> <span class='ocrx_word' id='word_1_140' title='bbox 795 1756 1182 1827; x_wconf 87' lang='lat' dir='ltr'>detrectari.</span> <span class='ocrx_word' id='word_1_141' title='bbox 1236 1762 1405 1827; x_wconf 91' lang='lat' dir='ltr'>Nam</span> <span class='ocrx_word' id='word_1_142' title='bbox 1458 1759 1665 1828; x_wconf 88' lang='lat' dir='ltr'>unica</span> <span class='ocrx_word' id='word_1_143' title='bbox 1715 1772 1981 1830; x_wconf 89' lang='lat' dir='ltr'>tantum</span> <span class='ocrx_word' id='word_1_144' title='bbox 2041 1760 2370 1831; x_wconf 89' lang='lat' dir='ltr'>familiari</span> <span class='ocrx_word' id='word_1_145' title='bbox 2428 1762 2618 1833; x_wconf 71' lang='lat' dir='ltr'>socia</span> <span class='ocrx_word' id='word_1_146' title='bbox 2664 1785 2780 1833; x_wconf 88' lang='lat' dir='ltr'>co-</span> 
     </span>
     <span class='ocr_line' id='line_1_19' title="bbox 224 1844 2778 1939; baseline 0.003 -26"><span class='ocrx_word' id='word_1_147' title='bbox 224 1844 540 1927; x_wconf 90' lang='lat' dir='ltr'>mitante,</span> <span class='ocrx_word' id='word_1_148' title='bbox 596 1859 917 1935; x_wconf 90' lang='lat' dir='ltr'>paternos</span> <span class='ocrx_word' id='word_1_149' title='bbox 965 1845 1143 1917; x_wconf 90' lang='lat' dir='ltr'>lares</span> <span class='ocrx_word' id='word_1_150' title='bbox 1193 1845 1426 1937; x_wconf 89' lang='lat' dir='ltr'>puella</span> <span class='ocrx_word' id='word_1_151' title='bbox 1471 1846 1857 1939; x_wconf 78' lang='lat' dir='ltr'>egredienS,</span> <span class='ocrx_word' id='word_1_152' title='bbox 1915 1847 2381 1922; x_wconf 88' lang='lat' dir='ltr'>clandestinos</span> <span class='ocrx_word' id='word_1_153' title='bbox 2427 1850 2512 1921; x_wconf 93' lang='lat' dir='ltr'>ad</span> <span class='ocrx_word' id='word_1_154' title='bbox 2549 1851 2778 1921; x_wconf 90' lang='lat' dir='ltr'>virum</span> 
     </span>
     <span class='ocr_line' id='line_1_20' title="bbox 220 1933 2778 2031; baseline 0.003 -28"><span class='ocrx_word' id='word_1_155' title='bbox 220 1933 348 2003; x_wconf 91' lang='lat' dir='ltr'>Dei</span> <span class='ocrx_word' id='word_1_156' title='bbox 398 1933 873 2021; x_wconf 85' lang='lat' dir='ltr'>frequentabat</span> <span class='ocrx_word' id='word_1_157' title='bbox 936 1956 1297 2017; x_wconf 89' lang='lat' dir='ltr'>accessus,</span> <span class='ocrx_word' id='word_1_158' title='bbox 1350 1936 1553 2027; x_wconf 87' lang='lat' dir='ltr'>cujus</span> <span class='ocrx_word' id='word_1_159' title='bbox 1602 1936 1738 2007; x_wconf 90' lang='lat' dir='ltr'>sibi</span> <span class='ocrx_word' id='word_1_160' title='bbox 1788 1937 1993 2007; x_wconf 89' lang='lat' dir='ltr'>verba</span> <span class='ocrx_word' id='word_1_161' title='bbox 2039 1939 2471 2009; x_wconf 86' lang='lat' dir='ltr'>flammantia</span> <span class='ocrx_word' id='word_1_162' title='bbox 2503 1994 2519 2021; x_wconf 93' lang='lat'>,</span> <span class='ocrx_word' id='word_1_163' title='bbox 2573 1939 2778 2031; x_wconf 88' lang='lat' dir='ltr'>cujus</span> 
     </span>
     <span class='ocr_line' id='line_1_21' title="bbox 225 2022 2778 2119; baseline 0.003 -28"><span class='ocrx_word' id='word_1_164' title='bbox 225 2022 413 2092; x_wconf 89' lang='lat' dir='ltr'>ultra</span> <span class='ocrx_word' id='word_1_165' title='bbox 463 2023 813 2093; x_wconf 89' lang='lat' dir='ltr'>hominem</span> <span class='ocrx_word' id='word_1_166' title='bbox 863 2046 1072 2115; x_wconf 87' lang='lat' dir='ltr'>opera</span> <span class='ocrx_word' id='word_1_167' title='bbox 1105 2024 1539 2095; x_wconf 88' lang='lat' dir='ltr'>videbantur.</span> <span class='ocrx_word' id='word_1_168' title='bbox 1576 2029 1903 2096; x_wconf 90' lang='lat' dir='ltr'>Hortatur</span> <span class='ocrx_word' id='word_1_169' title='bbox 1938 2048 2090 2097; x_wconf 92' lang='lat' dir='ltr'>eam</span> <span class='ocrx_word' id='word_1_170' title='bbox 2133 2040 2326 2119; x_wconf 89' lang='lat' dir='ltr'>pater</span> <span class='ocrx_word' id='word_1_171' title='bbox 2365 2028 2778 2099; x_wconf 87' lang='lat' dir='ltr'>Franciscus</span> 
     </span>
     <span class='ocr_line' id='line_1_22' title="bbox 225 2110 2777 2208; baseline 0.002 -28"><span class='ocrx_word' id='word_1_172' title='bbox 225 2110 314 2180; x_wconf 90' lang='lat' dir='ltr'>ad</span> <span class='ocrx_word' id='word_1_173' title='bbox 380 2110 625 2182; x_wconf 90' lang='lat' dir='ltr'>mundi</span> <span class='ocrx_word' id='word_1_174' title='bbox 684 2125 1206 2203; x_wconf 87' lang='lat' dir='ltr'>contemptum:</span> <span class='ocrx_word' id='word_1_175' title='bbox 1261 2113 1558 2203; x_wconf 89' lang='lat' dir='ltr'>speciem</span> <span class='ocrx_word' id='word_1_176' title='bbox 1611 2114 1827 2185; x_wconf 90' lang='lat' dir='ltr'>seculi</span> <span class='ocrx_word' id='word_1_177' title='bbox 1893 2115 2157 2185; x_wconf 89' lang='lat' dir='ltr'>aridam</span> <span class='ocrx_word' id='word_1_178' title='bbox 2208 2130 2272 2187; x_wconf 90' lang='lat' dir='ltr'>et</span> <span class='ocrx_word' id='word_1_179' title='bbox 2320 2139 2514 2208; x_wconf 89' lang='lat' dir='ltr'>spem</span> <span class='ocrx_word' id='word_1_180' title='bbox 2575 2117 2777 2188; x_wconf 89' lang='lat' dir='ltr'>dece-</span> 
     </span>
     <span class='ocr_line' id='line_1_23' title="bbox 229 2198 2778 2294; baseline 0.002 -24"><span class='ocrx_word' id='word_1_181' title='bbox 229 2198 487 2289; x_wconf 88' lang='lat' dir='ltr'>ptivam</span> <span class='ocrx_word' id='word_1_182' title='bbox 523 2200 673 2277; x_wconf 92' lang='lat' dir='ltr'>vivo</span> <span class='ocrx_word' id='word_1_183' title='bbox 702 2223 1017 2272; x_wconf 89' lang='lat' dir='ltr'>sermone</span> <span class='ocrx_word' id='word_1_184' title='bbox 1048 2201 1474 2272; x_wconf 89' lang='lat' dir='ltr'>demonstrat</span> <span class='ocrx_word' id='word_1_185' title='bbox 1504 2226 1518 2271; x_wconf 93' lang='lat'>:</span> <span class='ocrx_word' id='word_1_186' title='bbox 1574 2202 1873 2274; x_wconf 87' lang='lat' dir='ltr'>Instillat</span> <span class='ocrx_word' id='word_1_187' title='bbox 1919 2204 2207 2275; x_wconf 89' lang='lat' dir='ltr'>auribus</span> <span class='ocrx_word' id='word_1_188' title='bbox 2239 2205 2392 2294; x_wconf 85' lang='lat' dir='ltr'>ejus</span> <span class='ocrx_word' id='word_1_189' title='bbox 2422 2227 2500 2276; x_wconf 93' lang='lat' dir='ltr'>ea</span> <span class='ocrx_word' id='word_1_190' title='bbox 2540 2206 2778 2277; x_wconf 88' lang='lat' dir='ltr'>dulcia</span> 
     </span>
     <span class='ocr_line' id='line_1_24' title="bbox 224 2288 2776 2385; baseline 0.003 -27"><span class='ocrx_word' id='word_1_191' title='bbox 224 2288 578 2358; x_wconf 89' lang='lat' dir='ltr'>connubia</span> <span class='ocrx_word' id='word_1_192' title='bbox 628 2289 900 2370; x_wconf 86' lang='lat' dir='ltr'>Christi,</span> <span class='ocrx_word' id='word_1_193' title='bbox 942 2290 1244 2361; x_wconf 88' lang='lat' dir='ltr'>suadens</span> <span class='ocrx_word' id='word_1_194' title='bbox 1292 2291 1651 2382; x_wconf 85' lang='lat' dir='ltr'>virginalis</span> <span class='ocrx_word' id='word_1_195' title='bbox 1694 2292 2068 2383; x_wconf 89' lang='lat' dir='ltr'>pudicitiae</span> <span class='ocrx_word' id='word_1_196' title='bbox 2101 2295 2546 2385; x_wconf 83' lang='lat' dir='ltr'>margaritam</span> <span class='ocrx_word' id='word_1_197' title='bbox 2578 2295 2776 2365; x_wconf 89' lang='lat' dir='ltr'>beato</span> 
     </span>
     <span class='ocr_line' id='line_1_25' title="bbox 226 2376 2777 2467; baseline 0.002 -21"><span class='ocrx_word' id='word_1_198' title='bbox 226 2376 332 2446; x_wconf 92' lang='lat' dir='ltr'>illi</span> <span class='ocrx_word' id='word_1_199' title='bbox 385 2381 671 2467; x_wconf 83' lang='lat' dir='ltr'>SponSO,</span> <span class='ocrx_word' id='word_1_200' title='bbox 724 2399 928 2465; x_wconf 91' lang='lat' dir='ltr'>quem</span> <span class='ocrx_word' id='word_1_201' title='bbox 980 2401 1176 2449; x_wconf 88' lang='lat' dir='ltr'>amor</span> <span class='ocrx_word' id='word_1_202' title='bbox 1228 2380 1669 2461; x_wconf 89' lang='lat' dir='ltr'>humanavit,</span> <span class='ocrx_word' id='word_1_203' title='bbox 1726 2380 1867 2451; x_wconf 88' lang='lat' dir='ltr'>fore</span> <span class='ocrx_word' id='word_1_204' title='bbox 1915 2382 2350 2453; x_wconf 81' lang='lat' dir='ltr'>servandam.</span> <span class='ocrx_word' id='word_1_205' title='bbox 2412 2383 2590 2466; x_wconf 88' lang='lat' dir='ltr'>Quid</span> <span class='ocrx_word' id='word_1_206' title='bbox 2643 2384 2777 2452; x_wconf 88' lang='lat' dir='ltr'>im-</span> 
     </span>
     <span class='ocr_line' id='line_1_26' title="bbox 223 2466 2770 2563; baseline 0.002 -28"><span class='ocrx_word' id='word_1_207' title='bbox 223 2485 451 2537; x_wconf 89' lang='lat' dir='ltr'>morer</span> <span class='ocrx_word' id='word_1_208' title='bbox 500 2466 794 2537; x_wconf 73' lang='lat' dir='ltr'>multis‘?</span> <span class='ocrx_word' id='word_1_209' title='bbox 842 2472 1148 2539; x_wconf 89' lang='lat' dir='ltr'>Instante</span> <span class='ocrx_word' id='word_1_210' title='bbox 1196 2481 1386 2559; x_wconf 88' lang='lat' dir='ltr'>patre</span> <span class='ocrx_word' id='word_1_211' title='bbox 1434 2469 1896 2551; x_wconf 89' lang='lat' dir='ltr'>sanctissimo,</span> <span class='ocrx_word' id='word_1_212' title='bbox 1951 2492 2087 2540; x_wconf 89' lang='lat' dir='ltr'>non</span> <span class='ocrx_word' id='word_1_213' title='bbox 2127 2471 2333 2541; x_wconf 88' lang='lat' dir='ltr'>trahit</span> <span class='ocrx_word' id='word_1_214' title='bbox 2374 2472 2444 2541; x_wconf 92' lang='lat' dir='ltr'>in</span> <span class='ocrx_word' id='word_1_215' title='bbox 2482 2470 2770 2563; x_wconf 88' lang='lat' dir='ltr'>longum</span> 
     </span>
     <span class='ocr_line' id='line_1_27' title="bbox 220 2555 2771 2659; baseline 0.004 -38"><span class='ocrx_word' id='word_1_216' title='bbox 220 2555 414 2645; x_wconf 90' lang='lat' dir='ltr'>virgo</span> <span class='ocrx_word' id='word_1_217' title='bbox 462 2578 903 2627; x_wconf 90' lang='lat' dir='ltr'>consensum.</span> <span class='ocrx_word' id='word_1_218' title='bbox 957 2557 1238 2627; x_wconf 90' lang='lat' dir='ltr'>Coelesti</span> <span class='ocrx_word' id='word_1_219' title='bbox 1288 2579 1587 2645; x_wconf 89' lang='lat' dir='ltr'>namque</span> <span class='ocrx_word' id='word_1_220' title='bbox 1635 2559 1795 2659; x_wconf 84' lang='lat' dir='ltr'>igne</span> <span class='ocrx_word' id='word_1_221' title='bbox 1843 2581 2200 2641; x_wconf 89' lang='lat' dir='ltr'>succensa,</span> <span class='ocrx_word' id='word_1_222' title='bbox 2266 2575 2574 2631; x_wconf 89' lang='lat' dir='ltr'>terrenae</span> <span class='ocrx_word' id='word_1_223' title='bbox 2622 2560 2771 2651; x_wconf 85' lang='lat' dir='ltr'>glo-</span> 
     </span>
     <span class='ocr_line' id='line_1_28' title="bbox 220 2644 2770 2738; baseline 0.002 -25"><span class='ocrx_word' id='word_1_224' title='bbox 220 2644 396 2714; x_wconf 91' lang='lat' dir='ltr'>riam</span> <span class='ocrx_word' id='word_1_225' title='bbox 448 2645 766 2717; x_wconf 89' lang='lat' dir='ltr'>vanitatis</span> <span class='ocrx_word' id='word_1_226' title='bbox 826 2645 926 2716; x_wconf 88' lang='lat' dir='ltr'>sic</span> <span class='ocrx_word' id='word_1_227' title='bbox 993 2668 1072 2715; x_wconf 83' lang='lat' dir='ltr'>ex</span> <span class='ocrx_word' id='word_1_228' title='bbox 1121 2644 1257 2716; x_wconf 90' lang='lat' dir='ltr'>alto</span> <span class='ocrx_word' id='word_1_229' title='bbox 1314 2660 1775 2738; x_wconf 78' lang='lat' dir='ltr'>contempsit,</span> <span class='ocrx_word' id='word_1_230' title='bbox 1847 2660 1923 2718; x_wconf 91' lang='lat' dir='ltr'>ut</span> <span class='ocrx_word' id='word_1_231' title='bbox 1971 2648 2146 2717; x_wconf 86' lang='lat' dir='ltr'>nihil</span> <span class='ocrx_word' id='word_1_232' title='bbox 2188 2648 2334 2736; x_wconf 86' lang='lat' dir='ltr'>jam</span> <span class='ocrx_word' id='word_1_233' title='bbox 2383 2649 2469 2718; x_wconf 93' lang='lat' dir='ltr'>de</span> <span class='ocrx_word' id='word_1_234' title='bbox 2521 2648 2770 2719; x_wconf 90' lang='lat' dir='ltr'>mundi</span> 
     </span>
     <span class='ocr_line' id='line_1_29' title="bbox 217 2731 2771 2826; baseline 0.002 -24"><span class='ocrx_word' id='word_1_235' title='bbox 217 2731 570 2825; x_wconf 90' lang='lat' dir='ltr'>applausu</span> <span class='ocrx_word' id='word_1_236' title='bbox 639 2735 790 2825; x_wconf 88' lang='lat' dir='ltr'>ejus</span> <span class='ocrx_word' id='word_1_237' title='bbox 851 2734 1214 2805; x_wconf 85' lang='lat' dir='ltr'>affectibus</span> <span class='ocrx_word' id='word_1_238' title='bbox 1283 2735 1691 2806; x_wconf 90' lang='lat' dir='ltr'>inhaereret.</span> <span class='ocrx_word' id='word_1_239' title='bbox 1770 2736 2007 2809; x_wconf 87' lang='lat' dir='ltr'>Carnis</span> <span class='ocrx_word' id='word_1_240' title='bbox 2074 2759 2351 2826; x_wconf 89' lang='lat' dir='ltr'>quoque</span> <span class='ocrx_word' id='word_1_241' title='bbox 2410 2737 2771 2808; x_wconf 86' lang='lat' dir='ltr'>illecebras</span> 
     </span>
     <span class='ocr_line' id='line_1_30' title="bbox 221 2822 2773 2918; baseline 0.002 -27"><span class='ocrx_word' id='word_1_242' title='bbox 221 2822 775 2911; x_wconf 88' lang='lat' dir='ltr'>perhorrescens,</span> <span class='ocrx_word' id='word_1_243' title='bbox 827 2823 971 2913; x_wconf 89' lang='lat' dir='ltr'>jam</span> <span class='ocrx_word' id='word_1_244' title='bbox 1023 2834 1247 2894; x_wconf 88' lang='lat' dir='ltr'>torum</span> <span class='ocrx_word' id='word_1_245' title='bbox 1279 2824 1349 2893; x_wconf 92' lang='lat' dir='ltr'>in</span> <span class='ocrx_word' id='word_1_246' title='bbox 1382 2824 1628 2894; x_wconf 89' lang='lat' dir='ltr'>delicto</span> <span class='ocrx_word' id='word_1_247' title='bbox 1663 2846 1737 2895; x_wconf 89' lang='lat' dir='ltr'>se</span> <span class='ocrx_word' id='word_1_248' title='bbox 1785 2825 2204 2897; x_wconf 86' lang='lat' dir='ltr'>nescituram</span> <span class='ocrx_word' id='word_1_249' title='bbox 2242 2826 2587 2918; x_wconf 88' lang='lat' dir='ltr'>proponit,</span> <span class='ocrx_word' id='word_1_250' title='bbox 2643 2825 2773 2897; x_wconf 90' lang='lat' dir='ltr'>soli</span> 
     </span>
     <span class='ocr_line' id='line_1_31' title="bbox 214 2910 2771 3016; baseline 0.002 -36"><span class='ocrx_word' id='word_1_251' title='bbox 214 2915 350 2980; x_wconf 91' lang='lat' dir='ltr'>Deo</span> <span class='ocrx_word' id='word_1_252' title='bbox 399 2910 486 2980; x_wconf 90' lang='lat' dir='ltr'>de</span> <span class='ocrx_word' id='word_1_253' title='bbox 549 2932 834 3001; x_wconf 86' lang='lat' dir='ltr'>corpore</span> <span class='ocrx_word' id='word_1_254' title='bbox 897 2935 1022 2982; x_wconf 91' lang='lat' dir='ltr'>suo</span> <span class='ocrx_word' id='word_1_255' title='bbox 1088 2912 1425 3004; x_wconf 89' lang='lat' dir='ltr'>templum</span> <span class='ocrx_word' id='word_1_256' title='bbox 1474 2913 1697 2984; x_wconf 79' lang='lat' dir='ltr'>facere</span> <span class='ocrx_word' id='word_1_257' title='bbox 1762 2913 2099 3004; x_wconf 80' lang='lat' dir='ltr'>cupienS,</span> <span class='ocrx_word' id='word_1_258' title='bbox 2169 2927 2234 2985; x_wconf 86' lang='lat' dir='ltr'>et</span> <span class='ocrx_word' id='word_1_259' title='bbox 2300 2915 2538 3016; x_wconf 83' lang='lat' dir='ltr'>magni</span> <span class='ocrx_word' id='word_1_260' title='bbox 2587 2937 2659 2985; x_wconf 90' lang='lat' dir='ltr'>re</span> <span class='ocrx_word' id='word_1_261' title='bbox 2712 2914 2771 2984; x_wconf 92' lang='lat' dir='ltr'>is</span> 
     </span>
     <span class='ocr_line' id='line_1_32' title="bbox 212 2999 2770 3092; baseline 0.002 -22"><span class='ocrx_word' id='word_1_262' title='bbox 212 2999 568 3071; x_wconf 90' lang='lat' dir='ltr'>connubia</span> <span class='ocrx_word' id='word_1_263' title='bbox 615 3002 861 3071; x_wconf 89' lang='lat' dir='ltr'>virtute</span> <span class='ocrx_word' id='word_1_264' title='bbox 892 3002 1267 3092; x_wconf 90' lang='lat' dir='ltr'>promereri</span> <span class='ocrx_word' id='word_1_265' title='bbox 1298 3002 1744 3073; x_wconf 88' lang='lat' dir='ltr'>contendens.</span> <span class='ocrx_word' id='word_1_266' title='bbox 1784 3008 2045 3074; x_wconf 84' lang='lat' dir='ltr'>Extunc</span> <span class='ocrx_word' id='word_1_267' title='bbox 2095 3005 2445 3074; x_wconf 81' lang='lat' dir='ltr'>Francisci</span> <span class='ocrx_word' id='word_1_268' title='bbox 2478 3003 2668 3074; x_wconf 91' lang='lat' dir='ltr'>consi</span> <span class='ocrx_word' id='word_1_269' title='bbox 2705 3004 2770 3074; x_wconf 92' lang='lat' dir='ltr'>io</span> 
     </span>
     <span class='ocr_line' id='line_1_33' title="bbox 216 3089 2769 3182; baseline 0.001 -22"><span class='ocrx_word' id='word_1_270' title='bbox 216 3111 291 3160; x_wconf 89' lang='lat' dir='ltr'>se</span> <span class='ocrx_word' id='word_1_271' title='bbox 338 3101 557 3159; x_wconf 83' lang='lat' dir='ltr'>totam</span> <span class='ocrx_word' id='word_1_272' title='bbox 597 3089 985 3172; x_wconf 89' lang='lat' dir='ltr'>committit,</span> <span class='ocrx_word' id='word_1_273' title='bbox 1040 3090 1274 3182; x_wconf 89' lang='lat' dir='ltr'>ipsum</span> <span class='ocrx_word' id='word_1_274' title='bbox 1336 3104 1489 3182; x_wconf 88' lang='lat' dir='ltr'>post</span> <span class='ocrx_word' id='word_1_275' title='bbox 1537 3096 1747 3161; x_wconf 88' lang='lat' dir='ltr'>Deum</span> <span class='ocrx_word' id='word_1_276' title='bbox 1800 3104 2110 3162; x_wconf 87' lang='lat' dir='ltr'>statuens</span> <span class='ocrx_word' id='word_1_277' title='bbox 2149 3116 2315 3163; x_wconf 91' lang='lat' dir='ltr'>suae</span> <span class='ocrx_word' id='word_1_278' title='bbox 2362 3093 2769 3163; x_wconf 88' lang='lat' dir='ltr'>directionis</span> 
     </span>
     <span class='ocr_line' id='line_1_34' title="bbox 212 3177 2772 3269; baseline 0.002 -23"><span class='ocrx_word' id='word_1_279' title='bbox 212 3180 561 3268; x_wconf 77' lang='lat' dir='ltr'>aurigam.</span> <span class='ocrx_word' id='word_1_280' title='bbox 616 3177 869 3249; x_wconf 89' lang='lat' dir='ltr'>Pendet</span> <span class='ocrx_word' id='word_1_281' title='bbox 914 3180 1161 3249; x_wconf 84' lang='lat' dir='ltr'>exinde</span> <span class='ocrx_word' id='word_1_282' title='bbox 1212 3180 1447 3250; x_wconf 89' lang='lat' dir='ltr'>anima</span> <span class='ocrx_word' id='word_1_283' title='bbox 1494 3180 1647 3269; x_wconf 89' lang='lat' dir='ltr'>ejus</span> <span class='ocrx_word' id='word_1_284' title='bbox 1696 3180 1783 3250; x_wconf 92' lang='lat' dir='ltr'>ad</span> <span class='ocrx_word' id='word_1_285' title='bbox 1832 3203 2030 3251; x_wconf 90' lang='lat' dir='ltr'>sacra</span> <span class='ocrx_word' id='word_1_286' title='bbox 2091 3182 2284 3253; x_wconf 84' lang='lat' dir='ltr'>illius</span> <span class='ocrx_word' id='word_1_287' title='bbox 2335 3183 2644 3264; x_wconf 89' lang='lat' dir='ltr'>monita,</span> <span class='ocrx_word' id='word_1_288' title='bbox 2706 3194 2772 3252; x_wconf 91' lang='lat' dir='ltr'>et</span> 
     </span>
     <span class='ocr_line' id='line_1_35' title="bbox 212 3266 2762 3360; baseline 0.002 -25"><span class='ocrx_word' id='word_1_289' title='bbox 212 3266 299 3336; x_wconf 88' lang='lat' dir='ltr'>de</span> <span class='ocrx_word' id='word_1_290' title='bbox 333 3266 517 3336; x_wconf 90' lang='lat' dir='ltr'>bono</span> <span class='ocrx_word' id='word_1_291' title='bbox 548 3267 723 3338; x_wconf 81' lang='lat' dir='ltr'>Jesu</span> <span class='ocrx_word' id='word_1_292' title='bbox 751 3267 976 3338; x_wconf 91' lang='lat' dir='ltr'>calido</span> <span class='ocrx_word' id='word_1_293' title='bbox 1005 3268 1258 3358; x_wconf 87' lang='lat' dir='ltr'>excipit</span> <span class='ocrx_word' id='word_1_294' title='bbox 1283 3283 1575 3359; x_wconf 91' lang='lat' dir='ltr'>pectore,</span> <span class='ocrx_word' id='word_1_295' title='bbox 1663 3270 1948 3358; x_wconf 89' lang='lat' dir='ltr'>uicquid</span> <span class='ocrx_word' id='word_1_296' title='bbox 1981 3272 2235 3360; x_wconf 84' lang='lat' dir='ltr'>promit</span> <span class='ocrx_word' id='word_1_297' title='bbox 2266 3271 2383 3341; x_wconf 92' lang='lat' dir='ltr'>ille</span> <span class='ocrx_word' id='word_1_298' title='bbox 2417 3293 2762 3342; x_wconf 89' lang='lat' dir='ltr'>sermone.</span> 
     </span>
     <span class='ocr_line' id='line_1_36' title="bbox 212 3354 2770 3447; baseline 0.002 -23"><span class='ocrx_word' id='word_1_299' title='bbox 212 3354 493 3426; x_wconf 82' lang='lat' dir='ltr'>Moleste</span> <span class='ocrx_word' id='word_1_300' title='bbox 519 3356 668 3446; x_wconf 91' lang='lat' dir='ltr'>jam</span> <span class='ocrx_word' id='word_1_301' title='bbox 718 3356 846 3427; x_wconf 90' lang='lat' dir='ltr'>fert</span> <span class='ocrx_word' id='word_1_302' title='bbox 892 3357 1225 3428; x_wconf 89' lang='lat' dir='ltr'>secularis</span> <span class='ocrx_word' id='word_1_303' title='bbox 1272 3371 1557 3428; x_wconf 90' lang='lat' dir='ltr'>ornatus</span> <span class='ocrx_word' id='word_1_304' title='bbox 1653 3380 1947 3441; x_wconf 91' lang='lat' dir='ltr'>ecorem,</span> <span class='ocrx_word' id='word_1_305' title='bbox 1985 3371 2049 3429; x_wconf 92' lang='lat' dir='ltr'>et</span> <span class='ocrx_word' id='word_1_306' title='bbox 2087 3361 2288 3447; x_wconf 89' lang='lat' dir='ltr'>quasi</span> <span class='ocrx_word' id='word_1_307' title='bbox 2346 3371 2611 3432; x_wconf 89' lang='lat' dir='ltr'>stercus</span> <span class='ocrx_word' id='word_1_308' title='bbox 2660 3381 2770 3429; x_wconf 89' lang='lat' dir='ltr'>ar-</span> 
     </span>
     <span class='ocr_line' id='line_1_37' title="bbox 204 3442 2107 3537; baseline 0.003 -24"><span class='ocrx_word' id='word_1_309' title='bbox 204 3442 602 3515; x_wconf 89' lang='lat' dir='ltr'>bitrabatur</span> <span class='ocrx_word' id='word_1_310' title='bbox 631 3446 887 3528; x_wconf 89' lang='lat' dir='ltr'>omnia,</span> <span class='ocrx_word' id='word_1_311' title='bbox 923 3458 1001 3516; x_wconf 92' lang='lat' dir='ltr'>ut</span> <span class='ocrx_word' id='word_1_312' title='bbox 1034 3446 1380 3517; x_wconf 87' lang='lat' dir='ltr'>Christum</span> <span class='ocrx_word' id='word_1_313' title='bbox 1417 3446 1821 3517; x_wconf 89' lang='lat' dir='ltr'>lucrifacere</span> <span class='ocrx_word' id='word_1_314' title='bbox 1856 3460 2107 3537; x_wconf 89' lang='lat' dir='ltr'>posset.</span> 
     </span>
    </p>

    <p class='ocr_par' dir='ltr' id='par_1_4' title="bbox 200 3534 2766 4513">
     <span class='ocr_line' id='line_1_38' title="bbox 303 3534 2766 3628; baseline -0.001 -21"><span class='ocrx_word' id='word_1_315' title='bbox 303 3536 337 3621; x_wconf 78' lang='lat'><strong>§</strong></span> <span class='ocrx_word' id='word_1_316' title='bbox 386 3540 474 3607; x_wconf 72' lang='lat'>4.</span> <span class='ocrx_word' id='word_1_317' title='bbox 528 3535 848 3605; x_wconf 86' lang='lat' dir='ltr'>Protinus</span> <span class='ocrx_word' id='word_1_318' title='bbox 880 3557 965 3605; x_wconf 92' lang='lat' dir='ltr'>ne</span> <span class='ocrx_word' id='word_1_319' title='bbox 1014 3534 1376 3626; x_wconf 85' lang='lat' dir='ltr'>speculum</span> <span class='ocrx_word' id='word_1_320' title='bbox 1427 3534 1734 3606; x_wconf 88' lang='lat' dir='ltr'>illibatae</span> <span class='ocrx_word' id='word_1_321' title='bbox 1780 3536 2034 3607; x_wconf 89' lang='lat' dir='ltr'>mentis</span> <span class='ocrx_word' id='word_1_322' title='bbox 2082 3538 2486 3609; x_wconf 88' lang='lat' dir='ltr'>mundanus</span> <span class='ocrx_word' id='word_1_323' title='bbox 2535 3536 2766 3628; x_wconf 91' lang='lat' dir='ltr'>pulvis</span> 
     </span>
     <span class='ocr_line' id='line_1_39' title="bbox 212 3621 2765 3719; baseline 0.002 -28"><span class='ocrx_word' id='word_1_324' title='bbox 212 3621 510 3693; x_wconf 88' lang='lat' dir='ltr'>ulterius</span> <span class='ocrx_word' id='word_1_325' title='bbox 557 3623 896 3710; x_wconf 88' lang='lat' dir='ltr'>inquinet.</span> <span class='ocrx_word' id='word_1_326' title='bbox 952 3637 1273 3714; x_wconf 89' lang='lat' dir='ltr'>properat</span> <span class='ocrx_word' id='word_1_327' title='bbox 1320 3623 1584 3694; x_wconf 87' lang='lat' dir='ltr'>Claram</span> <span class='ocrx_word' id='word_1_328' title='bbox 1633 3624 1926 3695; x_wconf 89' lang='lat' dir='ltr'>educere</span> <span class='ocrx_word' id='word_1_329' title='bbox 1957 3626 2118 3717; x_wconf 89' lang='lat' dir='ltr'>pius</span> <span class='ocrx_word' id='word_1_330' title='bbox 2167 3638 2359 3719; x_wconf 90' lang='lat' dir='ltr'>pater</span> <span class='ocrx_word' id='word_1_331' title='bbox 2406 3626 2491 3696; x_wconf 93' lang='lat' dir='ltr'>de</span> <span class='ocrx_word' id='word_1_332' title='bbox 2531 3626 2765 3696; x_wconf 90' lang='lat' dir='ltr'>seculo</span> 
     </span>
     <span class='ocr_line' id='line_1_40' title="bbox 214 3710 2766 3796; baseline 0.001 -17"><span class='ocrx_word' id='word_1_333' title='bbox 214 3710 597 3781; x_wconf 80' lang='lat' dir='ltr'>tenebroso,</span> <span class='ocrx_word' id='word_1_334' title='bbox 652 3710 957 3783; x_wconf 89' lang='lat' dir='ltr'>Instabat</span> <span class='ocrx_word' id='word_1_335' title='bbox 1004 3711 1399 3783; x_wconf 88' lang='lat' dir='ltr'>Palmarum</span> <span class='ocrx_word' id='word_1_336' title='bbox 1449 3712 1598 3783; x_wconf 92' lang='lat' dir='ltr'>dies</span> <span class='ocrx_word' id='word_1_337' title='bbox 1647 3713 2003 3796; x_wconf 90' lang='lat' dir='ltr'>solemnis,</span> <span class='ocrx_word' id='word_1_338' title='bbox 2056 3737 2217 3785; x_wconf 89' lang='lat' dir='ltr'>cum</span> <span class='ocrx_word' id='word_1_339' title='bbox 2251 3715 2338 3784; x_wconf 92' lang='lat' dir='ltr'>ad</span> <span class='ocrx_word' id='word_1_340' title='bbox 2381 3715 2604 3785; x_wconf 89' lang='lat' dir='ltr'>virum</span> <span class='ocrx_word' id='word_1_341' title='bbox 2649 3714 2766 3783; x_wconf 91' lang='lat' dir='ltr'>Dei</span> 
     </span>
     <span class='ocr_line' id='line_1_41' title="bbox 212 3798 2760 3886; baseline 0.001 -18"><span class='ocrx_word' id='word_1_342' title='bbox 212 3798 445 3886; x_wconf 87' lang='lat' dir='ltr'>puella</span> <span class='ocrx_word' id='word_1_343' title='bbox 494 3799 752 3869; x_wconf 88' lang='lat' dir='ltr'>fervido</span> <span class='ocrx_word' id='word_1_344' title='bbox 799 3799 1005 3870; x_wconf 91' lang='lat' dir='ltr'>corde</span> <span class='ocrx_word' id='word_1_345' title='bbox 1052 3822 1124 3871; x_wconf 91' lang='lat' dir='ltr'>se</span> <span class='ocrx_word' id='word_1_346' title='bbox 1170 3800 1475 3882; x_wconf 86' lang='lat' dir='ltr'>confert,</span> <span class='ocrx_word' id='word_1_347' title='bbox 1538 3801 1907 3874; x_wconf 90' lang='lat' dir='ltr'>sciscitans</span> <span class='ocrx_word' id='word_1_348' title='bbox 1964 3803 2048 3872; x_wconf 92' lang='lat' dir='ltr'>de</span> <span class='ocrx_word' id='word_1_349' title='bbox 2096 3825 2225 3874; x_wconf 91' lang='lat' dir='ltr'>sua</span> <span class='ocrx_word' id='word_1_350' title='bbox 2271 3802 2760 3883; x_wconf 90' lang='lat' dir='ltr'>conversione,</span> 
     </span>
     <span class='ocr_line' id='line_1_42' title="bbox 215 3887 2766 3981; baseline 0.002 -26"><span class='ocrx_word' id='word_1_351' title='bbox 215 3887 379 3972; x_wconf 90' lang='lat' dir='ltr'>quid</span> <span class='ocrx_word' id='word_1_352' title='bbox 427 3899 496 3958; x_wconf 93' lang='lat' dir='ltr'>et</span> <span class='ocrx_word' id='word_1_353' title='bbox 541 3888 836 3976; x_wconf 87' lang='lat' dir='ltr'>qualiter</span> <span class='ocrx_word' id='word_1_354' title='bbox 884 3888 972 3959; x_wconf 91' lang='lat' dir='ltr'>sit</span> <span class='ocrx_word' id='word_1_355' title='bbox 1020 3889 1391 3980; x_wconf 89' lang='lat' dir='ltr'>agendum.</span> <span class='ocrx_word' id='word_1_356' title='bbox 1443 3890 1659 3962; x_wconf 86' lang='lat' dir='ltr'>Jubet</span> <span class='ocrx_word' id='word_1_357' title='bbox 1708 3906 1899 3981; x_wconf 89' lang='lat' dir='ltr'>pater</span> <span class='ocrx_word' id='word_1_358' title='bbox 1945 3892 2376 3973; x_wconf 69' lang='lat' dir='ltr'>Franciscus,</span> <span class='ocrx_word' id='word_1_359' title='bbox 2428 3904 2508 3961; x_wconf 88' lang='lat' dir='ltr'>ut</span> <span class='ocrx_word' id='word_1_360' title='bbox 2539 3892 2610 3960; x_wconf 93' lang='lat' dir='ltr'>in</span> <span class='ocrx_word' id='word_1_361' title='bbox 2651 3889 2766 3959; x_wconf 94' lang='lat' dir='ltr'>die</span> 
     </span>
     <span class='ocr_line' id='line_1_43' title="bbox 215 3973 2764 4071; baseline 0.002 -28"><span class='ocrx_word' id='word_1_362' title='bbox 215 3973 382 4045; x_wconf 91' lang='lat' dir='ltr'>festo</span> <span class='ocrx_word' id='word_1_363' title='bbox 409 3991 684 4068; x_wconf 88' lang='lat' dir='ltr'>compta</span> <span class='ocrx_word' id='word_1_364' title='bbox 731 3990 797 4047; x_wconf 89' lang='lat' dir='ltr'>et</span> <span class='ocrx_word' id='word_1_365' title='bbox 841 3990 1084 4049; x_wconf 91' lang='lat' dir='ltr'>ornata</span> <span class='ocrx_word' id='word_1_366' title='bbox 1132 3978 1456 4070; x_wconf 88' lang='lat' dir='ltr'>procedat</span> <span class='ocrx_word' id='word_1_367' title='bbox 1502 3980 1589 4049; x_wconf 91' lang='lat' dir='ltr'>ad</span> <span class='ocrx_word' id='word_1_368' title='bbox 1639 3980 1944 4071; x_wconf 89' lang='lat' dir='ltr'>palmam</span> <span class='ocrx_word' id='word_1_369' title='bbox 1993 4000 2156 4050; x_wconf 90' lang='lat' dir='ltr'>cum</span> <span class='ocrx_word' id='word_1_370' title='bbox 2204 3980 2589 4069; x_wconf 89' lang='lat' dir='ltr'>frequentia</span> <span class='ocrx_word' id='word_1_371' title='bbox 2641 4001 2764 4070; x_wconf 90' lang='lat' dir='ltr'>po-</span> 
     </span>
     <span class='ocr_line' id='line_1_44' title="bbox 213 4063 2763 4160; baseline 0.001 -26"><span class='ocrx_word' id='word_1_372' title='bbox 213 4063 562 4153; x_wconf 87' lang='lat' dir='ltr'>pulorum,</span> <span class='ocrx_word' id='word_1_373' title='bbox 616 4088 695 4135; x_wconf 92' lang='lat' dir='ltr'>ac</span> <span class='ocrx_word' id='word_1_374' title='bbox 732 4079 928 4138; x_wconf 89' lang='lat' dir='ltr'>nocte</span> <span class='ocrx_word' id='word_1_375' title='bbox 961 4068 1273 4155; x_wconf 90' lang='lat' dir='ltr'>sequenti</span> <span class='ocrx_word' id='word_1_376' title='bbox 1304 4069 1538 4138; x_wconf 85' lang='lat' dir='ltr'>exiens</span> <span class='ocrx_word' id='word_1_377' title='bbox 1585 4080 1774 4139; x_wconf 81' lang='lat' dir='ltr'>extra</span> <span class='ocrx_word' id='word_1_378' title='bbox 1821 4079 2068 4149; x_wconf 89' lang='lat' dir='ltr'>castra,</span> <span class='ocrx_word' id='word_1_379' title='bbox 2120 4070 2553 4140; x_wconf 89' lang='lat' dir='ltr'>mundanum</span> <span class='ocrx_word' id='word_1_380' title='bbox 2592 4091 2763 4160; x_wconf 88' lang='lat' dir='ltr'>gau-</span> 
     </span>
     <span class='ocr_line' id='line_1_45' title="bbox 208 4151 2761 4249; baseline 0.002 -27"><span class='ocrx_word' id='word_1_381' title='bbox 208 4151 403 4223; x_wconf 91' lang='lat' dir='ltr'>dium</span> <span class='ocrx_word' id='word_1_382' title='bbox 454 4166 805 4226; x_wconf 88' lang='lat' dir='ltr'>convertat</span> <span class='ocrx_word' id='word_1_383' title='bbox 852 4157 921 4226; x_wconf 90' lang='lat' dir='ltr'>in</span> <span class='ocrx_word' id='word_1_384' title='bbox 975 4157 1240 4227; x_wconf 89' lang='lat' dir='ltr'>luctum</span> <span class='ocrx_word' id='word_1_385' title='bbox 1293 4158 1690 4228; x_wconf 90' lang='lat' dir='ltr'>Dominicae</span> <span class='ocrx_word' id='word_1_386' title='bbox 1738 4157 2102 4249; x_wconf 89' lang='lat' dir='ltr'>passionis.</span> <span class='ocrx_word' id='word_1_387' title='bbox 2163 4159 2278 4228; x_wconf 91' lang='lat' dir='ltr'>Die</span> <span class='ocrx_word' id='word_1_388' title='bbox 2344 4158 2573 4246; x_wconf 92' lang='lat' dir='ltr'>itaque</span> <span class='ocrx_word' id='word_1_389' title='bbox 2633 4164 2761 4227; x_wconf 91' lang='lat' dir='ltr'>Do-</span> 
     </span>
     <span class='ocr_line' id='line_1_46' title="bbox 204 4242 2761 4338; baseline 0.002 -27"><span class='ocrx_word' id='word_1_390' title='bbox 204 4242 467 4314; x_wconf 88' lang='lat' dir='ltr'>minico</span> <span class='ocrx_word' id='word_1_391' title='bbox 519 4244 871 4327; x_wconf 90' lang='lat' dir='ltr'>veniente,</span> <span class='ocrx_word' id='word_1_392' title='bbox 924 4246 994 4315; x_wconf 93' lang='lat' dir='ltr'>in</span> <span class='ocrx_word' id='word_1_393' title='bbox 1048 4247 1250 4317; x_wconf 88' lang='lat' dir='ltr'>turba</span> <span class='ocrx_word' id='word_1_394' title='bbox 1311 4245 1753 4317; x_wconf 89' lang='lat' dir='ltr'>dominarum</span> <span class='ocrx_word' id='word_1_395' title='bbox 1812 4245 2179 4337; x_wconf 88' lang='lat' dir='ltr'>splendore</span> <span class='ocrx_word' id='word_1_396' title='bbox 2226 4246 2463 4318; x_wconf 90' lang='lat' dir='ltr'>festivo</span> <span class='ocrx_word' id='word_1_397' title='bbox 2530 4246 2761 4338; x_wconf 90' lang='lat' dir='ltr'>puella</span> 
     </span>
     <span class='ocr_line' id='line_1_47' title="bbox 201 4332 2758 4425; baseline 0.002 -24"><span class='ocrx_word' id='word_1_398' title='bbox 201 4332 711 4421; x_wconf 79' lang='lat' dir='ltr'>praeradianS‚</span> <span class='ocrx_word' id='word_1_399' title='bbox 778 4356 938 4405; x_wconf 93' lang='lat' dir='ltr'>cum</span> <span class='ocrx_word' id='word_1_400' title='bbox 1011 4334 1298 4423; x_wconf 86' lang='lat' dir='ltr'>reliquis</span> <span class='ocrx_word' id='word_1_401' title='bbox 1366 4336 1576 4405; x_wconf 90' lang='lat' dir='ltr'>intrat</span> <span class='ocrx_word' id='word_1_402' title='bbox 1639 4335 2028 4405; x_wconf 89' lang='lat' dir='ltr'>ecclesiam.</span> <span class='ocrx_word' id='word_1_403' title='bbox 2101 4336 2230 4406; x_wconf 91' lang='lat' dir='ltr'>Ubi</span> <span class='ocrx_word' id='word_1_404' title='bbox 2299 4334 2474 4406; x_wconf 91' lang='lat' dir='ltr'>illud</span> <span class='ocrx_word' id='word_1_405' title='bbox 2546 4336 2758 4425; x_wconf 82' lang='lat' dir='ltr'>digno</span> 
     </span>
     <span class='ocr_line' id='line_1_48' title="bbox 200 4422 2758 4513; baseline 0.001 -22"><span class='ocrx_word' id='word_1_406' title='bbox 200 4422 569 4512; x_wconf 87' lang='lat' dir='ltr'>praesagio</span> <span class='ocrx_word' id='word_1_407' title='bbox 617 4423 927 4513; x_wconf 85' lang='lat' dir='ltr'>contigit,</span> <span class='ocrx_word' id='word_1_408' title='bbox 980 4436 1058 4494; x_wconf 91' lang='lat' dir='ltr'>ut</span> <span class='ocrx_word' id='word_1_409' title='bbox 1102 4425 1388 4496; x_wconf 89' lang='lat' dir='ltr'>caeteris</span> <span class='ocrx_word' id='word_1_410' title='bbox 1436 4424 1521 4494; x_wconf 88' lang='lat' dir='ltr'>ad</span> <span class='ocrx_word' id='word_1_411' title='bbox 1573 4446 1803 4495; x_wconf 90' lang='lat' dir='ltr'>ramos</span> <span class='ocrx_word' id='word_1_412' title='bbox 1852 4425 2316 4507; x_wconf 77' lang='lat' dir='ltr'>currentibuS,</span> <span class='ocrx_word' id='word_1_413' title='bbox 2361 4425 2529 4495; x_wconf 90' lang='lat' dir='ltr'>dum</span> <span class='ocrx_word' id='word_1_414' title='bbox 2563 4425 2758 4495; x_wconf 90' lang='lat' dir='ltr'>Clara</span> 
     </span>
    </p>
   </div>
  </div>
 </body>
</html>
