3308 5004
703 321 832 386 552
1295 339 1376 386 nn
1421 338 1478 387 s.
1530 334 1862 387 annuntio
1908 338 2051 385 Ana.
2104 335 2486 385 cunum..
2832 318 3021 386 AUG.
3074 319 3176 385 20

541 433 546 438 ’
614 422 777 494 fidei
822 434 890 494 et
934 422 1314 494 devotionis
1361 422 1662 502 iutuitu,
1727 434 1804 494 ut
1847 422 2070 493 eidem
2114 421 2433 513 Apostolo
2479 421 2549 490 in
2600 420 2715 491 die
2760 422 3178 492 communis

615 512 1139 583 resurrectionis
1176 511 1564 582 adhaereat.
1617 512 1818 582 Prius
1859 524 2111 592 tamen,
2151 532 2361 599 quam
2398 511 2942 582 sacratissimum
2980 510 3177 581 illud

615 624 869 692 corpus
913 600 1179 672 tumulo
1228 600 1646 682 redderetur,
1682 622 1868 671 unus
1914 623 1951 671 e
1983 600 2338 681 fratribuS,
2386 599 2508 688 qui
2547 621 2628 669 ex
2668 598 2907 669 multis
2953 601 3183 671 annis

615 690 877 761 caduco
909 689 1146 759 morbo
1176 690 1472 780 graviter
1510 689 1865 771 laboravit,
1907 688 2109 772 plena
2142 688 2276 758 fide
2323 709 2521 779 opem
2559 689 2998 790 flagitaturus
3050 711 3181 759 ac—

616 779 841 850 cessit.
886 783 1099 863 Quem
1136 801 1323 848 nunc
1351 801 1576 868 usque
1623 778 2060 869 superstitem
2116 778 2458 858 novimus,
2512 791 2576 847 et
2618 777 2791 848 nihil
2826 799 3179 866 unquam

615 891 693 939 cx
731 890 811 938 ea
856 867 1025 938 hora
1073 867 1460 959 praedictae
1495 868 1916 939 infelicitatis
1944 878 2327 958 expertum.

701 959 740 1046 ξ
784 961 936 1030 19.
993 961 1191 1026 Facta
1242 969 1404 1028 sunt
1452 956 1620 1027 haec
1668 956 1907 1027 eodem
1956 978 2164 1037 anno,
2217 977 2355 1044 quo
2413 954 2657 1027 beatus
2705 960 2886 1045 Papa
2928 968 3184 1028 noster

617 1045 968 1137 Eugenius
1011 1047 1300 1126 TertiuS,
1354 1044 1666 1134 ejusdem
1722 1045 1938 1137 patris
1985 1045 2205 1115 sancti
2244 1045 2316 1113 in
2367 1057 2607 1115 sancta
2638 1045 3182 1115 conversatione

615 1134 828 1218 filius,
866 1134 952 1204 ab
994 1140 1120 1205 hac
1160 1134 1334 1217 luce,
1374 1133 1475 1204 vel
1511 1135 1733 1224 magis
1770 1133 1859 1204 ab
1890 1134 2017 1204 bac
2048 1133 2346 1224 caligine
2380 1132 2701 1223 migravit
2745 1133 2829 1203 ad
2876 1133 3119 1203 lucem
3157 1158 3174 1192 t

615 1225 819 1314 cujus
868 1224 1110 1294 merita
1139 1224 1211 1293 in
1251 1225 1426 1314 ipsa,
1480 1223 1595 1293 cui
1626 1236 1765 1293 tam
1810 1224 2176 1313 insigniter
2224 1221 2541 1314 praefuit,
2582 1222 2757 1292 Urbe
2799 1222 3180 1292 miraculis

615 1312 941 1403 pluribm
985 1311 1323 1382 illustrata
1363 1323 1751 1394 coruscant,
1788 1334 2183 1383 successore
2215 1313 2367 1415 ejus
2407 1313 2760 1382 Anastasio
2810 1316 3180 1381 Romanae

617 1401 959 1471 Ecclesiae
991 1401 1445 1492 praesidente:
1481 1401 1934 1493 regnantibus
1967 1416 2194 1471 autem
2240 1423 2306 1469 in
2352 1404 2818 1470 Romanorum
2858 1401 3180 1490 Imperio

619 1489 960 1560 Friderico
1011 1489 1289 1572 illustri,
1356 1490 1423 1559 in
1482 1495 1898 1560 Francorum
1951 1512 2164 1581 regno
2212 1489 2526 1580 piissimo
2560 1511 2717 1580 rege
2766 1489 3127 1560 Ludovico
3156 1547 3172 1571 ,

618 1578 761 1649 filio
797 1578 1163 1649 Ludovici:
1217 1578 1682 1680 principatum
1734 1578 2075 1649 Ecclesiae
2114 1573 2485 1648 ‘universae
2514 1632 2529 1659 ,
2582 1599 2661 1649 ac
2713 1579 2917 1649 totius
2965 1600 3177 1648 crea-

618 1681 812 1738 turae
871 1667 1164 1739 visibilis
1224 1680 1290 1737 et
1330 1666 1697 1738 invisibilis
1747 1668 2218 1738 monarchiam
2286 1680 2554 1737 tenente
2616 1668 2728 1737 Dei
2797 1667 2940 1736 filio
2994 1667 3177 1738 lesu

618 1757 903 1837 Christo,
957 1779 1141 1828 anno
1171 1756 1261 1827 ab
1293 1757 1765 1827 incarnatione
1804 1778 1930 1827 sua
1965 1755 2336 1828 millesimo
2382 1757 2758 1826 centesimo
2805 1756 3178 1844 quinqua·
3298 1819 3299 1838 ,

664 1846 1101 1916 esimotertio.

619 1868 663 1935 g
704 1937 742 2022 ξ
792 1937 963 2008 81).
988 1939 1139 2003 Jam
1174 1932 1262 2003 de
1290 1956 1502 2026 supra
1529 1933 1926 2004 memoratis
1966 1932 2495 2004 revelationibus
2517 1955 2735 2024 pauca
2771 1932 3176 2013 dicturi,ab

618 2044 698 2092 eo
738 2045 1102 2093 sumamus
1134 2022 1438 2105 initium,
1491 2021 1672 2111 quod
1718 2023 2144 2115 praedictum
2194 2034 2297 2094 est
2336 2044 2520 2094 anno
2563 2023 2855 2112 septimo
2889 2077 2905 2103 ,
2964 2036 3173 2093 ante-

617 2132 824 2201 quam
861 2112 1073 2182 fieret.
1114 2116 1318 2181 Erant
1349 2112 1489 2182 duo
1517 2110 1760 2183 fratres
1793 2113 1862 2182 in
1907 2111 2344 2194 monasterio,
2383 2111 2468 2181 de
2499 2133 2695 2181 sacra
2729 2111 2909 2180 beati
2938 2114 3170 2201 patris

618 2200 756 2270 vita
808 2213 875 2270 et
910 2198 1228 2270 felicibus
1272 2200 1542 2271 actibus
1587 2202 1737 2290 ejus
1789 2199 2302 2290 colloquentes:
2353 2222 2651 2289 quorum
2687 2199 2859 2270 alter
2903 2200 2992 2270 ab
3055 2202 3174 2270 in-

616 2302 823 2360 eunte
855 2289 1309 2359 adolescentia
1358 2290 1694 2360 educatus
1742 2289 2025 2373 ibidem,
2069 2289 2153 2360 ad
2200 2289 2491 2359 alterum
2526 2290 2671 2359 ait:
2724 2290 2933 2370 Nosti,
2989 2304 3170 2377 quot

618 2379 822 2448 annis
851 2378 1275 2449 sitvicturus
1306 2378 1416 2449 hic
1449 2378 1891 2450 beatissimus
1943 2391 2132 2469 pater
2181 2380 2453 2449 noster?
2498 2378 2616 2449 Cui
2669 2377 2829 2447 ille:
2884 2382 2976 2447 Ne
3064 2380 3161 2459 io,

618 2467 866 2558 inquit.
918 2472 995 2538 Et
1041 2466 1253 2538 alter:
1308 2473 1469 2560 Ego,
1506 2468 1623 2551 ait,
1664 2467 1820 2539 novi
1852 2489 2013 2539 eum
2053 2489 2168 2539 sex
2215 2479 2335 2540 aut
2368 2479 2890 2560 septem-annos
2924 2490 2963 2537 a
3021 2467 3167 2539 huc

618 2557 687 2626 in
738 2578 948 2628 carne
997 2557 1368 2628 victurum.
1422 2562 1562 2628 Hoc
1610 2568 1839 2627 autem
1896 2558 2083 2628 unde
2130 2557 2384 2639 sciret,
2444 2557 2731 2627 minime
2769 2557 2919 2645 jam
2980 2558 3168 2628 scire

619 2668 1034 2736 possumus:
1086 2646 1248 2734 quia
1298 2668 1421 2716 nec
1455 2658 1619 2717 tunc
1662 2646 2011 2728 indicavit,
2056 2658 2120 2715 et
2151 2658 2309 2717 ante
2350 2660 2612 2738 patrem
2655 2658 2973 2716 sanctum
3010 2646 3167 2737 ipse

618 2734 933 2813 decessit.
984 2739 1191 2805 Porro
1221 2734 1503 2806 alterius
1539 2734 1877 2825 hodieque
1911 2736 2300 2827 superstitis
2348 2734 2677 2805 relatione
2706 2735 2837 2805 hoc
2869 2734 3161 2804 verbum

618 2824 817 2896 nobis
852 2824 1171 2904 innotuit,
1222 2824 1342 2911 qui
1383 2838 1548 2894 tunc
1588 2825 1893 2915 primum
1939 2824 2158 2916 magis
2214 2824 2505 2895 miratus
2550 2835 2651 2893 est
2708 2845 2782 2892 se
2828 2823 3107 2894 audisse
3137 2879 3156 2905 ,

617 2912 918 3002 quand0,
952 2925 1031 2982 ut
1058 2913 1145 2982 ab
1183 2911 1345 2982 olim
1377 2912 1712 2993 audierat,
1754 2915 1847 2984 ita
1882 2912 2073 2983 vidit.
2108 2911 2290 2983 Talis
2330 2934 2485 2983 vero
2517 2912 2632 2982 ille
2669 2924 2797 2994 est,
2834 2912 2917 2982 de
2945 2911 3152 3000 cujus

620 3001 1007 3072 testimonio
1040 3022 1163 3071 nec
1202 3023 1327 3071 nos
1364 3002 1813 3091 ambigimu5‚
1855 3024 1979 3072 nec
2007 3002 2291 3073 cuilibet
2324 3001 2545 3082 alteri,
2583 3002 2705 3090 qui
2736 3023 2891 3072 eum
2940 3019 3145 3068 nove-

554 3164 574 3194 4
618 3090 727 3171 rit,
764 3089 1226 3160 dubitandum
1276 3089 1648 3160 credimus.
1684 3095 1912 3178 Neque
1952 3090 2020 3160 id
2063 3091 2314 3173 solum,
2352 3091 2470 3161 sed
2509 3090 2692 3178 quod
2735 3112 2865 3160 non
2896 3087 3153 3158 minori

616 3177 906 3269 dignum
941 3177 1395 3248 admiratione
1426 3178 1717 3261 videtur,
1758 3200 2003 3250 nomen
2054 3201 2327 3269 quoque
2358 3192 2423 3250 et
2469 3202 2835 3272 personam
2878 3197 3158 3249 succes-

619 3267 793 3337 soris
840 3266 1085 3357 ipsius,
1131 3266 1477 3337 indicante
1527 3266 1660 3337 sibi
1707 3267 1946 3338 eodem
1986 3266 2216 3351 fratre,
2268 3291 2349 3338 ex
2404 3281 2568 3339 tunc
2621 3267 3002 3339 innotuisse
3050 3279 3158 3335 te-

618 3367 860 3425 statur.
897 3354 1245 3425 Manifeste
1274 3357 1457 3425 enim
1508 3354 1743 3427 eadem
1787 3357 1957 3427 hora
2003 3355 2212 3427 frater
2257 3357 2372 3428 ille
2404 3356 2767 3448 praedixit,
2825 3356 2986 3444 quia
3035 3354 3160 3425 do·

622 3444 858 3514 minus
888 3443 1248 3526 Robertus,
1291 3445 1411 3533 qui
1461 3444 1664 3515 hodie
1694 3446 1914 3516 Abbas
1947 3458 2050 3517 est
2076 3445 2161 3516 de
2196 3449 2433 3529 Dunis,
2470 3459 2622 3538 post
2657 3445 2844 3516 bunc
2880 3446 3160 3514 beatum

620 3544 882 3624 patrem
915 3533 1138 3603 Abbas
1168 3532 1446 3603 futurus
1482 3546 1584 3605 est
1630 3534 2083 3605 Claraevallis.
2140 3540 2304 3605 Nam
2362 3534 2542 3627 quod
2579 3533 2995 3624 disjunctive
3043 3554 3167 3603 sex

619 3633 740 3693 aut
785 3634 1044 3713 septem
1095 3643 1315 3693 annos
1362 3624 1701 3693 victurum
1753 3623 2049 3705 dicebat,
2093 3623 2176 3694 ad
2213 3624 2343 3694 hoc
2382 3623 2796 3715 pertinuisse
2831 3623 3101 3693 videtur
3133 3677 3153 3701 ,

617 3710 802 3800 quod
834 3710 1154 3782 inventus
1184 3712 1272 3782 sit
1304 3712 1642 3785 terminus
1675 3712 1857 3782 idem
1888 3712 2071 3783 ultra
2101 3726 2367 3784 sextum
2401 3733 2689 3795 annum,
2730 3713 2911 3782 intra
2953 3712 3171 3803 septi-

620 3821 813 3870 mum
866 3813 1120 3871 tamen.

704 3892 742 3978 ξ
791 3896 934 3963 ²1.
990 3895 1204 3982 Prope
1248 3890 1390 3978 jam
1445 3901 1589 3961 erat
1645 3901 1941 3991 tempus,
1993 3901 2059 3960 et
2096 3889 2463 3961 festinabat
2500 3903 2783 3960 sanctus
2833 3900 3028 3991 pater
3069 3887 3163 3957 ad

620 3991 895 4049 metam.
951 3979 1442 4050 infirmabatur
1493 3979 1706 4060 enim,
1751 3990 1931 4048 sicut
1975 3978 2045 4047 in
2104 3979 2318 4070 hujus
2368 3978 2583 4049 libelli
2634 3978 2978 4081 principio
3018 3998 3167 4047 me-

617 4068 1084 4149 moravimuS‚
1137 4068 1316 4139 adeo
1384 4079 1463 4139 ut
1522 4067 1640 4137 illa
1697 4067 2096 4137 infirmitate
2147 4068 2367 4159 ipsius
2418 4067 2655 4160 perfici
2706 4067 2961 4147 virtuS,
3007 4066 3161 4157 jam

616 4156 979 4226 imminere
1023 4157 1246 4227 exitus
1297 4156 1662 4227 videretur.
1716 4160 1984 4227 Interea
2049 4155 2291 4227 fratres
2349 4157 2653 4227 institere
2708 4177 2840 4246 sup
2894 4154 3168 4225 licatio-

615 4243 823 4316 nibus
848 4258 912 4315 et
935 4245 1547 4327 obsecrationibus,
1581 4244 1839 4333 quibus
1869 4257 2203 4336 poterant,
2241 4246 2424 4336 apud
2457 4250 2695 4316 Deum.
2729 4249 2828 4315 Un
2883 4266 2921 4313 e
2951 4244 3165 4313 etiam

616 4347 898 4405 sanctus
942 4334 1087 4426 ipse
1121 4356 1542 4425 cognoscens
1570 4388 1586 4415 ,
1645 4334 1971 4426 precibus
2008 4356 2244 4406 eorum
2283 4334 2705 4406 desiderium
2760 4354 2968 4405 suum
3025 4330 3169 4401 dif-

617 4419 804 4503 ferri,
849 4444 1012 4493 cum
1045 4422 1399 4511 aliquanto
1445 4422 1696 4494 melius
1730 4423 2114 4495 secundum
2164 4445 2419 4516 corpus
2466 4424 2719 4495 habere
2764 4421 3156 4514 coepisset,
