3308 5004
182 358 371 425 AUG.
427 359 467 423 6
990 378 1069 424 nr.
1116 376 1615 425 raansrmunu.
1670 377 1919 427 cnmsrr
2290 413 2296 424 .
2524 365 2637 430 tet

184 460 448 530 flebat?
496 460 564 530 Si
614 482 751 529 non
799 472 945 532 erat
995 465 1196 541 DeuS,
1252 474 1602 531 mortuum
1648 461 1794 549 jam
1844 464 2392 550 quatriduanum
2478 466 2591 536 uis
2616 464 2739 553 ju-

182 548 413 620 bendo
449 549 703 640 ejecit?
751 549 820 619 Si
870 571 1005 619 non
1055 562 1201 621 erat
1246 571 1406 620 caro
1441 605 1456 633 ‚
1517 550 1767 620 Judaei
1823 574 2030 639 quem
2080 553 2429 644 apprehen
2484 558 2742 624 erunt?

183 639 256 710 Si
294 659 434 708 non
464 649 610 707 erat
641 642 842 720 DeuS‚
877 639 1037 726 quis
1072 649 1288 709 terrae
1335 639 1719 729 imperavit,
1758 651 1823 709 et
1854 662 1971 711 eos
2012 662 2267 731 pronos
2301 642 2500 712 humi
2523 643 2742 731 jecit?

178 740 247 798 et
291 727 673 798 abscissam
725 727 1111 797 auriculam
1159 750 1200 798 a
1249 733 1442 797 Petro
1479 728 1639 815 quis
1691 728 2074 801 medicatus
2121 742 2267 802 est.
2320 742 2386 801 et
2443 732 2739 802 restituit

178 817 252 886 in
302 815 533 886 locum
586 816 850 885 suum?
897 816 965 886 Si
1015 837 1152 885 non
1213 828 1358 887 erat
1404 838 1608 896 caro,
1666 818 2038 905 cujusnam
2091 818 2300 909 pedes
2354 833 2421 889 et
2485 841 2743 890 manus

180 906 372 976 fuere
418 903 634 975 clavis
673 904 977 974 confixi?
1022 905 1091 975 si
1141 926 1276 974 non
1343 917 1487 975 erat
1534 910 1714 976 Deus
1743 961 1760 988 ,
1817 907 2054 997 templi
2111 907 2337 977 velum
2388 909 2741 996 quomodo

186 995 479 1067 scissum
527 1004 652 1074 est,
704 1006 771 1062 et
818 1006 1048 1083 petrae
1099 1007 1342 1083 ruptae
1389 1007 1576 1075 sunt,
1631 1008 1698 1064 et
1747 995 2068 1085 sepulcra
2116 1010 2281 1065 sunt
2326 1002 2615 1087 aperta?
2665 999 2733 1067 Si

190 1105 319 1153 non
356 1092 504 1152 erat
540 1103 723 1164 caro,
745 1082 902 1170 quis
927 1081 1272 1164 clamavit,
1302 1087 1477 1153 Deus
1503 1107 1715 1166 meuS,
1744 1088 1918 1154 Deus
1945 1107 2154 1166 meus,
2185 1095 2262 1154 ut
2293 1087 2460 1176 quid
2488 1108 2591 1155 me
2621 1087 2739 1156 de-

186 1173 576 1264 reliquisti?
610 1171 678 1241 Si
722 1193 854 1240 non
889 1183 1034 1241 erat
1067 1176 1268 1253 Deus,
1295 1173 1454 1259 quis
1484 1171 1679 1254 dixit,
1712 1177 1936 1247 Pater,
1966 1175 2231 1265 z‘qnosce
2261 1176 2406 1244 illis
2430 1175 2465 1243 P
2498 1175 2567 1244 Si
2602 1195 2735 1245 non

183 1275 326 1332 erat
354 1281 539 1342 ear0,
576 1260 735 1347 quis
761 1261 830 1330 in
860 1281 1065 1330 cruce
1096 1260 1421 1351 pependit
1444 1282 1603 1331 cum
1638 1260 2056 1332 latronibus?
2081 1263 2148 1331 Si
2181 1284 2317 1332 non
2350 1275 2496 1332 erat
2522 1268 2729 1343 DeuS,

182 1350 534 1438 quomodo
590 1349 762 1419 dixit
819 1349 1113 1419 latroni:
1164 1350 1378 1420 Hodie
1431 1373 1690 1420 mecum
1748 1353 1879 1420 eris
1929 1353 2002 1421 in
2045 1352 2430 1442 paradiso?
2477 1352 2546 1422 Si
2597 1374 2735 1421 non

180 1453 325 1510 erat
374 1460 535 1509 caro
564 1493 580 1520 ,
646 1437 1019 1527 cujusnam
1072 1437 1253 1509 latus
1300 1439 1599 1530 pupugit
1666 1439 1905 1509 lancea
1940 1494 1956 1521 ,
2009 1452 2076 1510 et
2122 1440 2286 1510 exiit
2334 1440 2622 1531 sanguis
2671 1455 2738 1509 et

181 1530 419 1616 aqua?
467 1528 536 1597 Si
595 1548 729 1596 non
797 1538 942 1596 erat
1006 1531 1225 1608 Deus,
1280 1527 1652 1616 cujusnam
1712 1528 1921 1618 jussu
1992 1529 2245 1599 mortui
2314 1551 2352 1598 e
2416 1529 2738 1625 sepulcro

180 1616 442 1708 egressi
474 1619 686 1685 sunt?
726 1615 794 1685 si
830 1637 965 1685 non
1004 1628 1148 1687 erat
1172 1638 1352 1698 caro,
1393 1614 1695 1706 Apostoli
1720 1638 2094 1704 quemnam
2131 1618 2453 1688 viderunt
2483 1618 2553 1687 in
2589 1640 2740 1688 coe-

180 1705 435 1776 naculo
459 1707 491 1772 Τ
529 1705 594 1775 Si
630 1726 768 1774 non
797 1717 941 1774 erat
977 1708 1175 1785 Deus,
1209 1705 1557 1793 quomodo
1591 1704 1851 1775 clausis
1893 1705 2158 1776 foribus
2192 1718 2295 1776 est
2330 1707 2741 1797 ingressus?

183 1795 249 1866 Si
291 1816 430 1863 non
463 1806 608 1863 erat
653 1815 835 1874 care,
880 1792 1252 1882 cujusnam
1301 1793 1657 1863 clavorum
1706 1806 1772 1863 et
1821 1793 2097 1865 lanceae
2146 1794 2387 1898 plagas
2437 1795 2737 1865 Thomas

180 1882 624 1954 contrectavit
672 1882 1053 1953 manibus?
1112 1894 1178 1952 et
1224 1882 1295 1951 in
1360 1883 1533 1951 mari
1582 1883 1985 1984 Tyberiadis
2050 1906 2210 1972 quis
2257 1883 2616 1955 comedit?
2675 1899 2741 1953 et

179 1993 555 2061 quemnam
608 1970 928 2041 viderunt
974 1970 1274 2062 Apostoli
1321 1970 1586 2042 assumi
1622 1994 1690 2055 in
1727 1972 2042 2043 coelum?
2091 1974 2160 2043 Si
2209 1994 2347 2043 non
2383 1985 2530 2042 erat
2561 1978 2739 2042 Deus

181 2061 250 2131 in
302 2060 673 2151 cujusnam
727 2060 932 2150 jussu
991 2059 1350 2150 impletum
1416 2072 1517 2129 est
1576 2065 1768 2130 rete?
1814 2074 1880 2130 et
1944 2061 2215 2132 coelum
2274 2062 2556 2132 cuinam
2609 2061 2741 2131 fuit

183 2152 560 2240 apertum?
608 2148 676 2217 Si
726 2170 858 2216 non
910 2160 1054 2219 erat
1103 2153 1281 2218 Deus
1326 2161 1391 2217 et
1437 2150 1687 2230 homo,
1741 2149 1915 2220 falsa
1961 2162 2064 2220 est
2102 2150 2458 2221 decaetero
2507 2161 2736 2220 nostra

182 2237 420 2308 salus:
472 2236 685 2306 falsae
741 2250 903 2306 sunt
965 2238 1171 2306 etiam
1222 2259 1419 2307 voces
1468 2238 1991 2328 Prophetarum.
2062 2238 2187 2308 Sed
2254 2240 2394 2332 veri
2455 2236 2739 2309 fuerunt

181 2327 584 2417 Prophetae,
619 2338 684 2395 et
711 2347 752 2395 a
795 2325 1149 2396 mendacio
1176 2325 1403 2396 aliena
1449 2348 1686 2396 eorum
1731 2327 2144 2398 testimonia.
2186 2328 2518 2397 Dixerunt
2544 2328 2731 2397 enim

180 2437 260 2485 ea
310 2436 491 2504 quae
515 2414 697 2502 jussi
744 2413 1051 2485 fuerant:
1092 2415 1387 2506 Spiritus
1422 2419 1716 2485 Sanctus
1758 2438 1878 2507 per
1916 2438 2032 2487 eos
2070 2430 2174 2486 est
2206 2415 2504 2486 locutus.

272 2507 313 2592 ξ
363 2510 509 2575 ¹2.
563 2504 896 2585 Quocirca
934 2517 1166 2574 castus
1197 2526 1474 2592 quoque
1502 2504 1824 2587 JoanneS,
1863 2507 1984 2592 qui
2016 2527 2227 2596 super
2262 2518 2501 2596 peetus
2541 2506 2739 2574 ilam—

186 2615 343 2664 mae
391 2592 728 2675 recubuit,
782 2594 1204 2663 confirmans
1252 2602 1449 2663 voces
1497 2595 2017 2685 Prophetarum,
2063 2595 2148 2663 de
2192 2594 2551 2663 divinitate
2597 2593 2740 2664 dis-

180 2703 445 2763 serenS,
482 2682 550 2750 in
592 2682 977 2771 Evangeliis
1008 2681 1263 2763 docuit,
1317 2682 1602 2751 dicens:
1654 2688 1736 2752 In
1770 2684 2106 2774 principio
2138 2693 2286 2753 erat
2328 2684 2630 2763 Verbum,
2676 2694 2738 2752 et

193 2772 485 2841 Verbum
517 2781 662 2840 erat
694 2771 880 2862 apud
908 2775 1139 2851 Deum,
1185 2782 1248 2840 et
1295 2772 1478 2841 Deus
1517 2782 1665 2841 erat
1713 2773 2012 2841 Verbum.
2069 2774 2310 2842 Omnia
2344 2795 2467 2864 per
2511 2774 2736 2863 ipsum

178 2863 372 2948 facta
398 2869 582 2941 sunt,
608 2870 670 2929 et
701 2862 839 2928 sine
870 2861 1012 2950 ipso
1049 2862 1307 2948 factum
1346 2860 1649 2929 estnihil
1680 2862 1856 2952 quod
1889 2862 2151 2953 factum
2181 2872 2300 2931 est.
2329 2865 2412 2931 Et
2459 2862 2739 2930 Verbum

180 2973 341 3019 caro
362 2951 626 3038 sactum
657 2958 775 3028 est,
812 2958 874 3017 et
915 2949 1245 3017 habitavit
1277 2951 1346 3017 in
1377 2950 1583 3018 nobis.
1618 2949 1746 3031 Qui
1780 2956 1989 3019 estex
2031 2954 2164 3019 Deo
2196 2956 2375 3020 Deus
2406 2949 2731 3030 Verbum,

180 3049 245 3108 et
271 3060 355 3107 ex
386 3042 583 3106 Patre
632 3035 845 3106 Filius
877 3037 1322 3127 unigenitus:
1377 3038 1506 3120 Qui
1555 3051 1658 3108 est
1705 3037 2015 3128 ejusdem
2063 3059 2224 3108 cum
2262 3044 2457 3108 Patre
2503 3059 2741 3108 essen-

184 3127 366 3196 tiae:
418 3124 550 3208 Qui
597 3138 699 3196 est
745 3146 824 3194 ex
872 3147 973 3207 eo,
1026 3126 1147 3212 qui
1194 3137 1318 3206 est,
1362 3126 1658 3196 Verbum
1711 3139 1868 3196 ante
1917 3126 2150 3196 secula
2179 3182 2194 3208 ,
2248 3149 2327 3197 ex
2380 3138 2572 3217 patre
2620 3149 2740 3218 ge-

186 3216 380 3284 nitus
411 3214 563 3284 sine
592 3226 809 3283 matre
835 3225 990 3283 ante
1015 3215 1248 3284 omnia
1276 3214 1509 3285 secula
1535 3216 1995 3296 ineffabiliter,
2031 3215 2209 3286 idem
2239 3216 2308 3284 in
2340 3216 2739 3287 novissimis

182 3303 436 3374 diebus
462 3304 771 3373 nascitur
808 3325 888 3372 ex
921 3302 1065 3372 filia
1095 3304 1421 3385 hominis,
1460 3327 1537 3374 ex
1569 3305 1780 3375 Maria
1821 3305 1924 3373 vir
1973 3305 2085 3374 ine
2119 3304 2269 3376 sine
2302 3317 2495 3396 patre
2523 3326 2738 3375 carne

184 3392 503 3474 indutuS‚
557 3415 635 3462 ex
678 3392 830 3481 ipsa
858 3413 1130 3461 earnem
1169 3406 1469 3480 gestans,
1513 3405 1579 3463 et
1628 3392 1833 3463 homo
1865 3416 1901 3462 e
1954 3406 2169 3474 ectus,
2219 3393 2400 3481 quod
2452 3392 2734 3480 quidem

186 3503 318 3553 non
373 3494 544 3561 erat,
602 3502 887 3550 manens
937 3485 1133 3563 Deus,
1187 3481 1255 3550 id
1304 3482 1489 3569 quod
1539 3495 1728 3551 erat:
1790 3494 1870 3552 ut
1919 3481 2260 3553 mundum
2319 3481 2588 3552 salvum
2639 3483 2742 3550 fa-

186 3583 388 3640 ceret.
446 3575 526 3639 Et
556 3570 705 3662 ipse
742 3582 845 3639 est
892 3568 1200 3641 Christus
1241 3570 1356 3640 Dei
1390 3570 1619 3653 filius,
1672 3572 2078 3661 unigenitus
2124 3593 2206 3641 ex
2254 3577 2448 3641 Patre
2477 3626 2493 3653 ,
2545 3583 2740 3641 etex

186 3666 403 3731 matr'e
444 3659 873 3748 unigenitus

267 3751 304 3836 ξ
352 3752 508 3821 18.
562 3746 899 3817 Confiteor
944 3748 1266 3817 eumdem
1313 3769 1462 3819 esse
1509 3748 1891 3850 perfectum
1937 3754 2191 3830 Deum,
2243 3760 2309 3819 et
2356 3747 2735 3839 perfeetum

177 3836 570 3915 hominem,
605 3836 726 3923 qui
762 3836 831 3905 in
865 3835 1143 3906 duabus
1176 3838 1467 3918 naturiS,
1504 3860 1574 3907 1n
1612 3838 1966 3928 hvpostasi
1999 3860 2122 3907 seu
2159 3858 2451 3927 persona
2484 3836 2726 3915 unitiS,

179 3925 652 4017 cognoscitur,
690 3935 755 3994 et
792 3924 963 3995 eitra
1010 3925 1444 4007 divisionem,
1498 3908 2114 4013 confusionemque
2151 3938 2215 3995 et
2251 3925 2731 4004 mutationem,

181 4035 463 4084 carnem
507 4013 736 4083 induit
781 4015 1186 4096 animatam,
1237 4025 1304 4083 et
1333 4016 1638 4085 animam
1691 4015 1954 4084 ratione
2003 4014 2384 4105 praeditam
2434 4025 2501 4083 et
2534 4012 2740 4081 intei-

183 4100 542 4205 ligentem,
587 4102 809 4172 factus
852 4112 953 4172 est
1006 4103 1292 4172 omnino
1349 4103 1616 4184 iisdem,
1674 4105 1934 4190 quibus
1984 4125 2132 4185 neS,
2187 4102 2527 4173 obnoxius
2575 4102 2738 4169 ati'e-

181 4193 577 4271 ctionibus,
633 4203 898 4282 praeter
946 4190 1170 4260 solum
1225 4204 1603 4281 peceatum.
1659 4192 1850 4262 Idem
1902 4204 2211 4262 terrenus
2259 4202 2324 4260 et
2369 4188 2685 4260 coelestis
2714 4246 2729 4271 ,

183 4279 590 4372 temporalis
636 4292 702 4349 et
749 4292 1110 4350 aeternus:
1175 4280 1297 4367 qui
1358 4282 1627 4371 coepit,
1699 4294 1765 4350 et
1808 4281 1929 4367 qui
1990 4292 2091 4352 est
2137 4280 2287 4349 sine
2334 4279 2730 4371 principio·

182 4390 424 4459 expers
476 4368 828 4459 temporiS,
867 4380 932 4439 et
981 4369 1335 4459 subjectus
1370 4369 1699 4460 tempori:
1753 4381 2026 4440 creatus
2070 4383 2136 4443 et
2174 4369 2563 4439 increatus:
2623 4391 2739 4458 pa-

187 4458 422 4541 tibilis,
465 4468 534 4528 et
565 4456 1022 4548 impatibilis:
1077 4463 1257 4529 Deus
1293 4470 1358 4530 et
1390 4459 1593 4530 homo
1624 4482 1640 4524 ι
1693 4459 1767 4529 in
1799 4459 2115 4550 utrisque
2147 4458 2514 4550 perfectuS,
2549 4480 2736 4529 unus
