3308 5004
2963 130 3126 184 “,-’“

848 357 977 428 656
1336 401 1343 406 -
1489 373 1569 422 nt
1614 373 1672 422 S.
1725 370 2033 423 causamn
2079 371 2282 423 tusc.
2335 373 2602 423 mur.
2946 353 3092 423 Auo.
3123 355 3178 420 27

760 471 988 530 tamen
1035 457 1440 532 canonicam
1474 457 1798 528 monachi
1829 456 2394 541 modulationem,
2429 477 2805 547 numquam
2829 457 3180 530 Lirinensium

760 547 1051 618 fratrum
1093 547 1407 618 instituta
1455 546 1807 635 relinquit.
1859 547 2116 619 Ordine
2160 560 2228 619 et
2258 547 2485 638 officio
2515 547 2829 628 Clericus,
2877 547 3181 624 humilitate,

765 635 1120 717 charitate,
1176 634 1593 718 obedientia,
1646 657 1855 707 cruce
1914 637 2300 707 monachus
2349 649 2725 727 permanet.
2791 641 2860 706 ln
2919 635 3181 706 ecclesiam

766 725 1127 798 matutinis
1159 724 1454 812 aliisque
1492 724 1948 796 conventibus
1999 726 2269 817 primus
2323 724 2742 817 ingreditur,
2805 724 3048 794 ultimus
3082 722 3181 791 inde

762 813 1079 886 discedit.
1112 819 1256 886 Non
1306 812 1516 896 oculi,
1576 834 1712 884 non
1762 835 1968 885 aures
2005 815 2158 904 ejus
2216 815 2534 885 animum
2568 835 2609 884 a
2655 813 3011 885 coelestium
3046 812 3181 883 bono

761 924 922 974 rum
979 900 1563 994 contemplatione
1611 905 1924 986 avocant,
1977 903 2076 973 ita
2120 914 2199 974 ut
2260 903 2332 974 in
2392 903 2550 992 ejus
2604 903 2795 974 vultu
2854 902 3045 972 nescio
3077 897 3181 989 quid

762 990 1054 1064 coeleste
1085 1012 1360 1083 semper
1396 990 1671 1063 elucere
1700 991 2071 1064 videretur.

849 1084 887 1170 ἓ
934 1087 1029 1153 8.
1082 1079 1414 1152 Defuncto
1443 1090 1676 1151 autem
1727 1080 1797 1149 in
1843 1080 2251 1152 suburbana
2283 1079 2583 1151 civitatis
2624 1079 2846 1152 insula
2884 1078 3101 1158 Abbate,
3132 1075 3180 1143 ab

764 1169 1103 1262 Episcopo
1149 1169 1362 1241 Eonio
1418 1190 1500 1240 eo
1548 1169 1908 1240 Caesarius
1969 1170 2310 1250 mittitur,
2379 1182 2459 1240 ut
2513 1167 2979 1240 monasterium
3016 1177 3177 1236 rectore

764 1258 1199 1342 destitutum,
1253 1258 1403 1350 ipse
1438 1258 1508 1328 in
1558 1257 1801 1328 eadem
1834 1258 2253 1329 reverentiae
2276 1257 2678 1329 auctoritate
2725 1255 3068 1336 succedens,
3094 1272 3176 1349 mgr

767 1347 1035 1419 nastica
1082 1347 1456 1437 disciplina
1526 1346 1952 1418 informaret.
2029 1352 2268 1435 ltaque
2317 1347 2386 1416 in
2436 1346 2837 1418 suburbano
2889 1355 3173 1415 monasterio

769 1435 994 1509 libens
1025 1457 1177 1507 eam
1210 1435 1698 1527 complectitur
1741 1435 1920 1506 vitae
1952 1436 2313 1515 rationem,
2349 1456 2561 1524 quam
2593 1436 2799 1506 etiam
2839 1435 2993 1504 intra
3025 1430 3170 1527 urbem

702 1593 707 1600 .
765 1525 1190 1613 quotidianis
1229 1546 1503 1617 semper
1548 1524 1804 1596 studiis
1840 1524 2208 1606 coluisset,
2251 1536 2318 1595 et
2371 1525 2724 1616 perpetuis
2770 1532 3026 1615 optasset
3057 1529 3166 1587 vous.

766 1618 1005 1705 Ipsum
1040 1635 1200 1685 vero
1234 1613 1733 1685 monasterium
1771 1613 1864 1684 ita
1892 1614 2299 1702 quotidiana
2344 1613 2676 1684 instantia
2723 1625 2790 1683 et
2816 1611 3030 1682 divinis
3051 1605 3168 1677 infor

771 1703 980 1773 mavit
1024 1703 1294 1784 officiis,
1340 1715 1418 1773 ut
1456 1702 1821 1790 hodieque,
1869 1707 2000 1773 Deo
2059 1703 2378 1794 propiti0,
2431 1701 2575 1771 illic
2624 1702 2850 1773 videre
2898 1700 3039 1770 licet.
3077 1699 3162 1764 cum

767 1804 996 1862 autem
1029 1793 1096 1861 in
1130 1812 1210 1861 ea
1247 1791 1478 1862 insula
1517 1790 1703 1862 ultra
1740 1791 2117 1862 triennium
2149 1791 2428 1862 Abbatis
2453 1791 2681 1862 officio
2704 1791 3064 1882 fungeretur,
3082 1800 3163 1851 sar

771 1891 925 1950 ctus
956 1880 1215 1951 Eonius
1249 1880 1629 1971 Episcopus
1659 1879 1929 1950 Clerum
1951 1892 2017 1950 et
2045 1881 2228 1951 cives
2252 1879 2343 1950 ali
2397 1893 2519 1950 uot
2563 1879 2943 1969 alloquitur,
2970 1877 3159 1970 ipsosque

771 1989 1005 2069 rerum
1055 1968 1375 2039 dominos
1470 1990 1546 2039 er
1614 1969 2092 2040 internuncios
2157 1970 2360 2072 appel
2391 1981 2499 2050 at,
2553 1980 2633 2040 ut
2683 1981 3058 2068 posteaquam
3088 1974 3157 2053 ¹99?

774 2061 1065 2127 Domino
1097 2056 1365 2127 volente
1458 2057 1802 2139 ecesserit,
1860 2057 2135 2128 nullum
2185 2059 2432 2139 alium,
2487 2079 2702 2146 quam
2732 2045 3151 2129 Caesanum‚⁵¹h¹

772 2144 1218 2228 substituant,
1271 2159 1349 2217 ut
1394 2146 1952 2217 Ecclesiasticum
1997 2149 2324 2239 vigorem,
2361 2168 2566 2235 quem
2608 2147 3003 2235 querebatur,
3036 2129 3149 2231 set&

777 2255 971 2305 versa
1018 2234 1428 2325 impeditum
1482 2235 1900 2317 valetudine,
1957 2236 2027 2305 in
2079 2236 2318 2307 multis
2358 2258 2507 2307 esse
2545 2236 2869 2316 laxatum,
2902 2252 2993 2324 per
3020 2226 3144 2296 Chrssss

770 2344 1047 2394 servum
1097 2324 1490 2395 Caesarium
1533 2325 1603 2394 in
1657 2347 1865 2395 suum
1907 2323 2137 2395 locum
2185 2337 2252 2396 et
2299 2338 2554 2395 statum
2615 2324 2973 2396 fraternitas
2993 2327 3139 2419 few·

771 2423 915 2483 tum
959 2412 1367 2505 gratuletur,
1400 2413 1627 2502 sitque
1668 2414 2090 2485 successoris
2148 2413 2363 2496 labor,
2402 2413 2688 2502 aliquod
2722 2414 3136 2508 decessorum&

773 2499 1161 2574 Iumentum
1193 2558 1208 2586 ,
1261 2515 1327 2573 et
1377 2502 1493 2574 tali
1545 2515 1700 2594 post
1764 2525 1835 2573 se
1884 2502 2119 2574 relicto
2166 2505 2503 2596 Episcopo
2533 2558 2549 2586 ,
2605 2504 2678 2573 in
2731 2501 3037 2575 sanctim!
3062 2499 3126 2576 ’Ψ

771 2589 1103 2663 electione
1157 2604 1471 2663 aeternae
1520 2592 1961 2663 haereditatis
2011 2593 2346 2683 percipiat
2387 2594 2912 2673 incrementum,
2941 2572 3125 2682 ΜΡΝ

773 2679 978 2750 etiam
1033 2693 1185 2771 post
1229 2681 1497 2752 obitum
1539 2681 1898 2752 electionis
1930 2681 2170 2752 socius.
2211 2693 2365 2752 voto
2412 2703 2576 2764 suo,
2628 2684 2758 2771 qui
2797 2690 2948 2753 esset
2992 2672 3127 2757 “³5⁰⁰

774 2768 1049 2840 decreto
1086 2781 1351 2840 auctor.
1414 2774 1652 2858 Itaque
1704 2770 1813 2840 his
1858 2770 2188 2841 omnibus
2245 2771 2483 2843 divina
2531 2770 2936 2861 providentia
3043 2757 3135 2851 'ter

772 2858 1187 3017 ffusli‘u‘is’
1243 2880 1538 2930 securus
1608 2858 1697 2929 de
1744 2880 2185 2941 successore,
2240 2859 2481 2931 beatus
2556 2862 2819 2931 Eonius
2873 2854 3024 2942 migra
3056 2826 3138 2907 ²⁸⁶

829 2967 1169 3018 ominum.

862 3037 899 3136 ς
943 3040 1022 3108 2.
1075 3040 1241 3105 Cum
1274 3045 1508 3107 autem
1557 3034 1982 3127 pervenisset
2014 3036 2099 3107 ad
2144 3036 2461 3107 notitiam
2512 3037 2737 3127 patris
2769 3029 2971 3110 nostri,
3002 3019 3142 3097 ΜΨ)

776 3144 1076 3215 agimus,
1112 3124 1296 3212 quod
1338 3136 1517 3196 esset
1544 3124 1979 3195 ordinandus
2010 3125 2612 3217 Episcopus,intra
2641 3124 2954 3213 quaedam
2971 3101 3144 3200 sepulcri

778 3233 925 3282 sese
957 3213 1342 3284 abscondit.
1398 3212 1524 3284 Sed
1594 3213 1804 3284 latere
1844 3236 1983 3285 non
2034 3215 2278 3306 potuit,
2330 3235 2537 3302 quem
2585 3214 2837 3285 detexit
2881 3225 2986 3280 nou
3023 3189 3139 3278 tull*

778 3300 895 3371 sed
946 3302 1189 3391 gratia.
1234 3302 1559 3373 Trahitur
1604 3303 1886 3395 igiture
1930 3303 2233 3391 quodam
2292 3302 2613 3394 sepulcro
2653 3303 2869 3383 vivus,
2909 3291 3143 3384 quffl,⁰⁰¹¹

782 3400 1155 3473 mortuum,
1208 3391 1324 3463 sed
1360 3391 1686 3472 celatum,
1726 3392 1900 3462 vitae
1945 3391 2224 3463 claritas
2256 3391 2701 3464 ostendebat:
2741 3389 2971 3481 cogitur
3000 3380 3144 3464 ΒΡΙΒΨ.

777 3488 982 3579 patus
1029 3480 1375 3550 sarcinam
1411 3480 1791 3572 suscipere.
1836 3478 1913 3551 Et
1960 3480 2077 3551 ille
2100 3480 2410 3569 quidem,
2440 3503 2570 3552 ceu
2607 3488 2994 3551 mansuetum
3015 3461 3144 3562 ‚fabflff‘f

766 3579 1192 3659 jumentum,
1277 3569 1679 3660 impositum
1743 3569 1877 3639 sibi
1946 3592 2127 3641 onus
2190 3569 2499 3641 modesto
2546 3568 2677 3640 fert
2744 3554 3158 3656 tempemffl⁸⁰l⁰³

779 3678 981 3758 porro
1018 3655 1106 3728 de
1143 3671 1552 3729 cunctorum
1594 3657 2015 3748 profectibus
2048 3658 2358 3730 solicitus
2387 3670 2453 3729 et
2485 3658 2812 3749 providus
2855 3660 3039 3748 paslssfv
3107 3710 3112 3723 .

774 3745 1096 3828 instituit,
1150 3757 1226 3818 ut
1271 3746 1579 3849 quotidie
1626 3748 1888 3827 Tertiae
1917 3802 1934 3830 ,
1990 3752 2224 3818 Sextae
2270 3760 2336 3819 et
2360 3752 2590 3819 Nonae
2635 3745 2921 3818 officium
2957 3753 3039 3830 w,

776 3834 1108 3926 Stephani
1161 3836 1469 3917 basllica,
1509 3835 1754 3907 Clerici
1816 3857 1976 3907 cum
2034 3836 2318 3928 hymnis
2383 3836 2862 3928 persolverent,
2906 3837 2965 3897 ul
2999 3838 3044 3888 ³¹
3123 3888 3124 3891 ,

776 3922 945 3995 forte
992 3925 1411 3997 secularium
1465 3924 1568 3996 vel
1631 3925 2178 4026 poenitentium,
2231 3938 2554 3996 sanctum
2616 3946 2795 4017 opus
2842 3921 3068 4016 exercet?

775 4025 990 4105 peret,
1044 4013 1306 4103 absque
1351 4027 1795 4086 excusatlone
1839 4013 2075 4104 aliqua
2099 4014 2507 4103 quotidiano
2601 4024 2784 4085 osset
2830 4006 3050 4103 efflet-⁰,

772 4106 1013 4174 esse.1
1065 4124 1138 4173 se
1188 4125 1368 4185 vero,
1424 4104 1671 4195 rejecta
1701 4103 1893 4175 omni
1944 4106 2115 4175 cura
2156 4116 2223 4175 et
2251 4103 2528 4175 solicitu
2582 4103 2696 4173 ine
2730 4106 3002 4172 tert-estu,

773 4195 1021 4283 Aposto
1052 4211 1279 4274 orum,
1332 4192 1649 4265 culturae
1712 4192 2060 4263 solertiam
2120 4192 2620 4285 dispensationi
2685 4189 3082 4261 Diaoouomm·

771 4301 1012 4349 eorum
1058 4280 1320 4369 quibus
1364 4303 1443 4352 ea
1490 4280 1907 4352 demandata
1944 4293 2147 4366 esset,
2186 4305 2348 4355 cum
2402 4281 2619 4352 divini
2678 4271 2946 4374 nominis
2977 4258 3042 4363 qb

772 4368 955 4437 tione
991 4369 1435 4440 commissam
1473 4370 1710 4452 voluit,
1763 4392 1973 4461 seque
2010 4383 2227 4443 totum
2278 4371 2483 4442 verbo
2524 4370 2663 4453 Dei,
2707 4381 2773 4440 et
2800 4366 3072 4441 lectioni!

774 4457 990 4529 sacris
1063 4458 1518 4530 concionibus
1577 4459 1868 4531 addixit.
1925 4465 2184 4533 Revera
2238 4460 2571 4553 spiritalis
2617 4456 2938 4530 medicus.
2997 4452 3075 4526 ‘1¹¹¹
