3308 5004
676 317 806 382 486
1383 319 1479 382 mz‘
1508 335 2010 384 runsrtcunu.
2063 335 2312 385 mintsn
2833 317 3035 383 Ano.
3083 319 3129 383 6

581 417 863 504 quando
913 428 1327 508 rumpentur
1372 438 1620 509 capsae
1671 432 2321 494 monumentorum,
2383 419 2644 490 vinctos
2688 418 3121 489 emittentes:

583 505 861 592 quando
898 506 1407 596 judicabuntur
1448 509 1821 598 proposita,
1853 508 2028 578 facta
2057 523 2123 579 et
2150 509 2479 600 cogitata:
2527 508 2806 596 quando
2855 509 3127 579 vinctus

582 594 968 666 adducetur
1012 595 1356 678 diaboluS,
1408 595 1495 665 de
1526 618 1664 684 quo
1692 597 2211 687 tyrannicarum
2257 610 2622 668 sumentur
2654 618 2910 687 poenae
2939 597 3131 688 cogi-

585 685 919 754 tationum
950 707 965 752 z
1001 684 1280 772 quando
1314 706 1387 754 se
1438 686 1827 757 arabuntur
1857 709 2097 788 greges
2149 687 2536 768 hominum,
2576 699 2652 756 ut
2681 687 2940 758 sciatur
2964 687 3130 773 quis

581 774 857 843 cuinam
902 773 990 842 sit
1017 773 1189 864 parti
1221 774 1377 845 attri
1432 773 1729 855 uenduS‚
1767 797 2089 863 quisnam
2120 776 2208 845 sit
2254 774 2531 844 futurus
2562 776 2805 845 Christi
2836 775 3126 865 judiciS,

581 873 703 932 aut
732 861 1173 932 condemnati
1224 863 1558 933 latronis:
1610 864 1892 951 quando
1946 865 2153 934 simul
2206 864 2507 934 viventes
2553 875 2618 934 et
2666 865 2918 934 mortui
2964 865 3134 933 con'-

583 953 821 1021 ssuent.
876 951 1016 1021 Erit
1043 953 1227 1021 enim
1278 974 1420 1022 una
1458 954 1775 1022 omnium
1822 953 2151 1036 adoratio,
2204 952 2767 1040 quandoquidem
2816 953 3135 1022 celeritas

586 1041 1103 1110 resurrectionis
1150 1039 1352 1111 faciet
1382 1062 1646 1121 eorum,
1702 1042 1823 1129 qui
1864 1042 2444 1122 immutabuntur,
2482 1063 2771 1132 corpora
2804 1041 2872 1111 in
2913 1063 3135 1111 cursu

580 1130 938 1214 aequalia,
1011 1129 1497 1199 convenienter
1545 1129 1693 1197 voci
1743 1131 1919 1201 beati
1969 1131 2203 1201 Pauli:
2273 1135 2404 1201 Nos
2450 1133 2573 1223 qui
2625 1132 2952 1211 vivimus,
3007 1133 3141 1221 qui

577 1219 806 1288 relicti
828 1240 1082 1297 sumus,
1137 1241 1267 1287 non
1292 1220 1805 1309 praeveniemus
1839 1242 1944 1288 eos
1982 1221 2104 1310 qui
2134 1220 2594 1289 dormierunt:
2624 1225 2753 1290 Nec
2778 1220 2908 1289 erit
2941 1240 3134 1288 mor-

581 1320 744 1377 tuus
793 1306 903 1386 iis,
956 1308 1075 1395 qui
1111 1307 1390 1386 vivunt,
1463 1320 1739 1397 propter
1787 1307 2181 1398 sepulcrum
2247 1307 2527 1377 tardior.
2573 1312 2651 1377 Et
2689 1329 2931 1377 omnes
2975 1307 3134 1397 ejus

578 1395 990 1464 sententiam
1031 1395 1489 1486 expectabunt
1533 1418 1693 1464 cum
1748 1396 2012 1469 timore.
2052 1397 2454 1478 nescienteS,
2497 1418 2583 1466 an
2619 1397 2759 1466 sint
2786 1396 3126 1477 audituri,

595 1485 813 1554 Venite
841 1484 1170 1553 benedicti
1204 1488 1427 1554 Patris
1458 1487 1627 1554 mei:
1671 1507 1784 1564 an,
1839 1485 2026 1555 Abite
2067 1488 2136 1554 in
2166 1487 2468 1555 tenebras
2511 1488 2899 1566 emteriores,
2949 1509 3134 1576 qnae

574 1582 732 1641 sunt
776 1583 1066 1663 paratae
1108 1574 1373 1644 diabolo
1424 1584 1487 1642 et
1540 1577 1805 1664 anyelis
1852 1577 2033 1665 ejus:
2087 1574 2368 1662 quando
2422 1575 2681 1644 trutina
2726 1573 3135 1665 appendens

581 1682 813 1751 opera,
863 1683 970 1731 res
1016 1662 1538 1732 circumscribet
1576 1662 1714 1733 fine
1761 1663 2215 1732 convenienti.

658 1751 705 1837 ξ
750 1753 832 1821 8.
886 1751 1110 1841 Hujus
1142 1773 1303 1842 ergo
1335 1751 1705 1840 spectaculi
1759 1752 2130 1842 imaginem
2171 1750 2361 1820 dedit
2394 1752 2726 1821 Dominus
2757 1750 3122 1841 Apostolis.

576 1838 790 1928 ,Cujus
840 1859 964 1909 nos
1005 1853 1329 1911 terrorem
1382 1854 1802 1941 reputanteS,
1859 1863 2082 1910 mores
2124 1854 2472 1910 mutemus
2519 1855 2675 1910 ante
2707 1840 2776 1910 id
2820 1854 3123 1930 tempuS,

581 1926 782 1996 bonis
829 1928 1217 2004 actionibus
1264 1927 1590 1998 fiduciam
1641 1950 2126 2018 comparemus
2155 1982 2170 2010 ‚
2231 1941 2297 1998 et
2346 1942 2504 1998 ante
2552 1943 2824 2015 tempus
2867 1929 3129 1998 ludicii

587 2014 996 2086 meditemur
1043 2016 1533 2097 defensionem,
1571 2040 1654 2086 ne
1706 2022 1847 2088 una
1893 2017 2438 2088 condemnemur
2476 2039 2637 2087 cum
2690 2017 2974 2087 inimico
3000 2018 3131 2105 qui
3187 2035 3192 2040 “

574 2102 962 2186 judicatur:
1017 2105 1131 2175 sed
1202 2127 1360 2175 cum
1429 2104 1760 2195 diligente
1823 2107 2085 2178 Christo
2157 2106 2224 2175 in
2275 2105 2543 2175 coelum
2614 2106 3130 2189 ascendamus,

585 2192 909 2263 haeredes
962 2194 1122 2275 Dei,
1173 2193 1586 2265 cohaeredes
1642 2208 1871 2265 autern
1938 2196 2221 2265 Christi:
2276 2194 2613 2278 Quoniam
2662 2195 2722 2265 ei
2780 2195 3003 2285 gloria
3051 2195 3131 2265 in

574 2281 814 2353 secula
861 2282 1277 2364 seculorum,
1329 2288 1565 2352 Amen.

859 2554 1117 2633 ITEM
1171 2554 1308 2633 DE
1364 2492 2417 2660 TRANsmeURATtoNE
2473 2553 2842 2634 DOMINI

1335 2770 1636 2838 ORATIO
1687 2772 1753 2837 S.
1792 2770 2129 2838 EPHREM
2181 2771 2369 2838 SYRI

1465 2986 1578 3032 EST
1625 2985 1693 3033 IN
1741 2985 1872 3032 sm.
1924 2981 2242 3032 uErAPnR.

670 3173 708 3259 ξ
753 3176 831 3243 1.
885 3175 1172 3260 Exagro
1211 3192 1467 3241 messes
1513 3183 1578 3240 et
1625 3170 1945 3252 laetitiae,
1985 3182 2051 3241 et
2078 3193 2158 3241 ex
2191 3171 2388 3241 vinea
2433 3170 2700 3242 fructus
2745 3171 3130 3254 esculenti,

580 3270 648 3329 et
691 3282 771 3329 ex
820 3260 1194 3348 scripturis
1238 3259 1551 3330 doctrina
1601 3259 1894 3330 vivifica.
1947 3264 2119 3352 Ager
2167 3260 2369 3333 habet
2423 3281 2566 3331 uno
2624 3273 2928 3350 tempore
2977 3261 3137 3331 vin-

580 3348 919 3418 demiam:
972 3369 1053 3417 ex
1100 3348 1452 3438 Scriptura
1506 3362 1734 3419 autem
1795 3370 2069 3440 semper
2120 3350 2407 3421 scaturit
2469 3349 2781 3419 doctrina
2828 3348 3135 3420 vivifica.

580 3441 774 3528 Ager,
813 3436 1091 3524 quando
1137 3449 1239 3506 est
1277 3437 1546 3518 messis,
1603 3438 1981 3508 minuitur:
2033 3450 2103 3508 et
2147 3438 2339 3521 vitis,
2384 3438 2665 3526 quando
2712 3435 2918 3507 fuerit
2970 3438 3137 3508 viu-

580 3526 926 3606 demiata,
981 3524 1277 3596 efficitur
1323 3526 1586 3616 abjecta
1641 3540 1707 3596 et
1756 3525 2063 3596 humilis.
2113 3527 2468 3618 Scriptura
2524 3540 2755 3597 autem
2819 3526 3142 3613 quotidie

584 3614 906 3695 metitur,
958 3628 1024 3684 et
1081 3615 1313 3704 spicae
1390 3616 1842 3704 interpretum
1920 3616 1986 3684 in
2036 3637 2115 3685 ea
2184 3638 2319 3686 non
2396 3615 2753 3685 deficiunt.
2808 3615 3142 3699 Quotidie

579 3702 1065 3779 vindemiatur,
1095 3715 1161 3773 et
1208 3702 1385 3773 botri
1417 3704 1590 3794 eJuS,
1637 3705 1874 3774 vineae
1921 3725 2306 3790 numquam
2342 3717 2878 3774 consumuntur.
2922 3708 3147 3776 Acce-

579 3790 830 3863 damus
875 3813 1038 3882 ergo
1084 3791 1168 3861 ad
1224 3792 1410 3862 hunc
1457 3814 1730 3884 agrum,
1768 3806 1835 3862 et
1883 3791 2172 3864 vivificis
2223 3794 2376 3883 ejus
2413 3791 2627 3864 sulcis
2673 3791 3014 3873 fruamur,
3070 3808 3150 3867 et

578 3902 661 3951 ex
705 3902 786 3950 eo
836 3895 1177 3952 metamus
1236 3880 1466 3972 spicas
1524 3882 1740 3961 vitae,
1796 3902 2046 3984 nempe
2092 3882 2297 3953 verba
2358 3881 2627 3951 Domini
2689 3883 2906 3952 nostri
2960 3887 3147 3956 Jesu

580 3969 852 4051 Christi,
888 3971 1007 4057 qui
1038 3968 1211 4039 dixit
1241 3992 1256 4034 ε
1307 3972 1477 4041 Sunt
1524 3969 1632 4038 laic
1659 3972 1817 4053 viri,
1853 3993 1972 4061 qut
2000 3993 2132 4040 non
2170 3970 2538 4061 qustabunt
2566 3982 2869 4051 mortem,
2924 3971 3150 4043 donec

577 4059 870 4129 viderint
915 4061 1172 4129 Filium
1201 4060 1505 4129 Hominis
1536 4060 1906 4128 venientem
1955 4060 2025 4127 in
2069 4061 2298 4149 qloria
2326 4081 2477 4128 sua.
2523 4064 2605 4130 Ει
2633 4071 2783 4151 post
2831 4082 2957 4129 sem
2986 4061 3148 4133 dies

576 4146 859 4217 assicmit
908 4153 1105 4218 Iesus
1148 4151 1481 4219 Simonem
1532 4152 1827 4228 Petram,
1864 4157 1927 4216 et
1971 4147 2318 4228 Iacobum,
2371 4157 2434 4216 et
2464 4152 2792 4219 Joannem
2835 4150 3146 4237 fratrem

580 4237 749 4326 ejus,
803 4246 867 4306 et
895 4236 1101 4307 dumet
1128 4258 1231 4307 eos
1258 4239 1331 4307 in
1374 4246 1664 4306 montem
1715 4240 2059 4306 excelsum
2093 4236 2319 4315 valde,
2358 4246 2422 4306 et
2468 4239 2996 4328 transfiquratus
3031 4252 3148 4311 est

580 4346 807 4393 coram
836 4327 1025 4414 ipsis.
1074 4330 1159 4395 Et
1185 4326 1599 4428 resplenduit
1629 4326 1841 4414 facies
1870 4327 2015 4415 ejus
2065 4327 2240 4394 sicut
2285 4326 2425 4408 Sol,
2464 4336 2526 4395 et
2553 4336 2763 4397 vestes
2793 4327 2940 4417 ejus
2972 4328 3147 4415 fue-

580 4423 739 4481 runt
787 4414 983 4483 albae
1018 4416 1191 4483 sicut
1219 4436 1348 4483 mm
1376 4418 1515 4497 (Εω
1542 4415 1781 4484 Matala.
1816 4436 1945 4495 xv1,
1991 4413 2179 4502 xvu).
