3308 5004
666 329 791 394 274
1487 346 1566 392 nr
1614 346 1671 393 s.
1726 344 1926 393 cumi
1974 343 2230 391 VIRGINE
2744 392 2749 397 ,
2806 324 2992 391 AUG.
3047 326 3129 391 ⁴2

568 443 919 511 montana,
946 429 1159 520 hujus
1183 428 1498 500 coelestis
1529 429 1832 501 aedificii
1865 428 2126 499 fabrica
2158 428 2594 498 decorantur.
2625 427 3126 519 Multiplicatur

566 519 900 590 castitatis
937 520 1168 588 cultus
1204 518 1273 587 in
1324 517 1580 599 seculo,
1636 518 1832 589 Clara
1870 517 2311 588 sanctissima
2360 515 2845 607 praecedente,
2890 530 2955 586 et
3016 540 3126 587 re-

568 608 842 679 divivus
888 607 1056 678 ordo
1107 607 1456 697 virgineus
1497 607 1567 677 in
1616 607 1927 678 medium
1972 618 2325 676 revocatus
2364 619 2490 676 est.

659 700 695 785 ξ
740 701 818 768 2.
873 702 1053 768 Haec
1102 697 1211 765 sui
1260 696 1539 768 Ordinis
1573 695 1754 786 lapis
1794 695 2192 787 primarius.
2247 695 2315 764 in
2355 695 2805 765 fundamento
2850 709 3130 766 sanctae

568 785 1005 865 humilitatis.
1062 786 1393 856 virtutum
1442 785 1759 855 omnium
1796 784 2127 855 fabricam
2156 784 2243 854 ab
2276 784 2427 874 ipso
2481 783 2824 875 principio
2860 784 3132 856 studuit

569 874 927 945 collocare.
966 879 1167 943 Beato
1201 895 1503 960 namque
1530 874 1895 943 Francisco
1922 873 2385 945 obedientiam
2427 883 2735 943 sanctam
2776 874 3122 963 promisit,

570 975 635 1034 et
673 987 708 1033 a
761 963 1102 1053 promisso
1150 962 1551 1033 nullatenus
1598 962 1914 1032 deviavit.
1953 962 2272 1032 Triennio
2320 984 2477 1031 vero
2516 974 2665 1052 post
2705 984 2908 1032 suam
2959 985 3131 1033 con-

569 1052 987 1133 versionem,
1044 1073 1292 1122 nomen
1342 1063 1409 1121 et
1467 1050 1776 1121 officium
1833 1051 2228 1122 Abbatissae
2282 1050 2690 1132 declinans,
2765 1051 3132 1122 humiliter

570 1143 855 1212 subesse
906 1141 1121 1211 voluit
1169 1140 1422 1231 potiuS,
1488 1161 1698 1228 quam
1753 1161 2109 1230 praeesse,
2160 1153 2226 1210 et
2287 1140 2466 1210 inter
2522 1140 2771 1210 Christi
2829 1141 3126 1212 ancillas

571 1231 823 1301 servire
864 1229 1189 1300 libentius
1236 1251 1445 1330 quam
1496 1228 1759 1300 serviri.
1806 1234 2096 1320 cogente
2141 1241 2369 1299 autem
2412 1234 2483 1298 B.
2539 1229 2945 1311 FranciscO,
3005 1253 3131 1301 su-

569 1320 786 1410 scepit
824 1317 1098 1389 tandem
1133 1319 1438 1408 regimen
1486 1317 1970 1388 dominarum:
2014 1317 2099 1386 de
2143 1340 2283 1404 quo
2332 1318 2400 1387 in
2450 1318 2657 1388 corde
2705 1340 2830 1388 suo
2879 1318 3116 1401 timor,

569 1430 707 1478 non
759 1420 1031 1487 tumor,
1084 1407 1426 1477 exoritur:
1484 1429 1607 1476 nec
1680 1407 1958 1477 libertas
1992 1461 2009 1487 ‚
2062 1406 2181 1476 sed
2232 1407 2525 1476 servitus
2597 1421 3117 1495 augmentatur.

570 1501 718 1580 Quo
764 1496 950 1565 enim
999 1497 1148 1586 jam
1197 1495 1521 1583 aliqualis
1583 1496 2026 1586 praelationis
2092 1496 2319 1586 specie
2366 1495 2569 1566 altior
2636 1497 2987 1577 cernitur,
3040 1519 3129 1568 eo

570 1585 999 1675 reputatione
1042 1585 1319 1675 propria
1367 1584 1585 1666 vilior,
1638 1584 1970 1672 obsequio
2020 1584 2437 1675 promptior,
2497 1584 2690 1654 cultu
2738 1584 3131 1675 despectior

569 1676 931 1763 reperitur.
970 1672 1205 1743 Nullos
1222 1674 1368 1763 jam
1404 1672 1825 1743 famularum
1860 1674 2363 1764 respuitactus,
2404 1673 2575 1742 adeo
2602 1686 2676 1743 ut
2707 1674 3126 1762 plerumque

569 1783 885 1833 sororum
925 1761 1249 1832 manibus
1297 1784 1546 1850 aquam
1585 1761 2000 1834 infunderet.
2040 1761 2440 1831 sedentibus
2467 1761 2837 1842 assisteret,
2891 1784 3128 1833 come-

569 1851 894 1921 dentibus
944 1851 1387 1920 ministraret.
1444 1850 1663 1920 Invita
1729 1849 1923 1920 valde
1983 1850 2246 1938 aliquid
2301 1851 2685 1941 praecepit:
2740 1863 3128 1951 spontanea

568 1961 726 2009 vero
774 1939 958 2019 facit,
996 1940 1218 2030 magis
1250 1939 1514 2030 eligens
1565 1961 1685 2029 per
1719 1939 2017 2029 seipsam
2054 1939 2298 2020 facere,
2333 1962 2542 2027 quain
2580 1941 2936 2010 sororibus
2987 1941 3125 2011 im-

572 2050 831 2118 perare.
873 2027 1318 2098 infirmarum
1367 2027 1612 2097 sedilia
1663 2028 1682 2095 i
1738 2050 1812 2098 sa
1868 2028 2184 2111 lavabat,
2240 2029 2390 2116 ipsa
2439 2030 2766 2119 tergebat,
2823 2051 2948 2099 suo
2997 2030 3124 2101 illo

571 2117 788 2187 nobili
838 2117 1087 2207 spiritu
1138 2138 1263 2186 nec
1334 2117 1613 2186 sordida
1710 2117 1999 2207 ugiens‚
2056 2141 2180 2187 nec
2250 2117 2500 2187 foetida
2564 2117 3120 2208 perhorrescens.

568 2206 781 2276 Pedes
814 2205 1234 2275 famularum
1279 2204 1534 2276 deforis
1591 2207 2074 2276 revertentium
2126 2207 2404 2297 saepius
2435 2205 2695 2287 abluit,
2754 2220 2820 2276 et
2864 2207 3125 2278 ablutis

570 2293 809 2366 oscula
836 2295 1199 2384 imprimit.
1240 2295 1534 2365 Lavabat
1560 2294 1770 2365 semel
1801 2295 2166 2381 cujusdam
2208 2295 2566 2364 servientis
2596 2296 2851 2365 sororis
2883 2296 3119 2385 pedes:

566 2405 741 2471 quos
770 2383 937 2453 dum
987 2384 1374 2454 deosculari
1426 2387 1768 2475 properat,
1832 2367 1950 2453 illa
1989 2396 2251 2454 tantam
2311 2383 2774 2454 humilitatem
2840 2406 2977 2453 non
3026 2385 3125 2455 fe-

569 2495 755 2554 rens,
811 2473 1052 2564 pedem
1105 2474 1471 2556 subtrahit,
1501 2473 1999 2561 dominamque
2045 2496 2244 2543 suam
2296 2472 2468 2566 pede
2502 2474 2570 2543 in
2606 2495 2723 2544 ore
2753 2475 3117 2564 percussit.

567 2566 645 2631 At
693 2563 811 2632 illa
862 2562 1103 2653 pedem
1154 2563 1454 2633 famulae
1501 2562 1757 2633 blande
1805 2563 2117 2645 resumit,
2174 2575 2241 2633 et
2287 2564 2418 2634 sub
2477 2563 2629 2654 ipsa
2677 2563 2910 2654 planta
2959 2564 3123 2633 stri-

565 2663 749 2721 ctum
803 2651 1121 2722 osculum
1175 2652 1345 2752 figit.

655 2748 692 2822 ἓ
740 2744 824 2812 S.
876 2745 1267 2841 Paupertau
1317 2741 1626 2831 spirituS‚
1680 2762 1858 2828 quae
1907 2761 2063 2810 vera
2092 2740 2451 2810 humilitas
2478 2753 2603 2822 est,
2643 2751 2710 2810 et
2747 2754 3121 2831 paupertas

564 2850 795 2899 rerum
847 2851 1158 2899 omnium
1209 2830 1678 2899 conveniebat.
1734 2829 2043 2898 Primum
2080 2829 2147 2897 in
2196 2851 2362 2898 suae
2407 2830 2877 2900 conversionis
2918 2830 3119 2900 initio

563 2931 920 3007 paternam
973 2916 1484 2999 haereditatem,
1537 2940 1717 3006 quae
1758 2917 1842 2987 ad
1894 2939 2046 2985 eam
2098 2930 2536 3008 pervenerat,
2582 2918 2875 2988 distrahi
2925 2919 3109 3000 fecit,

561 3006 835 3090 sibique
871 3003 957 3073 de
989 3006 1204 3095 pretio
1234 3005 1406 3075 nihil
1441 3028 1818 3086 reservans,
1859 3018 2075 3076 totum
2115 3007 2539 3096 pauperibus
2577 3008 2898 3099 erogavit.
2937 3008 3119 3079 Hinc

567 3093 800 3165 seculo
847 3092 1014 3162 foris
1046 3093 1306 3176 relicto,
1364 3110 1588 3165 mente
1636 3096 1826 3165 intus
1872 3095 2109 3176 ditata,
2166 3107 2317 3185 post
2368 3096 2711 3167 Christum
2764 3098 2913 3166 sine
2961 3118 3120 3166 sac-

564 3181 721 3251 culo
770 3193 1132 3252 exonerata
1168 3184 1526 3274 percurrit.
1571 3189 1861 3253 Tantum
1902 3183 2201 3271 denique
2233 3207 2391 3254 cum
2428 3198 2666 3256 sancta
2715 3197 3120 3276 paupertate

564 3270 807 3342 foedus
858 3270 1038 3352 iniit,
1109 3293 1552 3359 amoremque
1599 3273 1980 3354 contraxit,
2048 3285 2125 3343 ut
2174 3273 2347 3343 nihil
2419 3286 2685 3364 praeter
2743 3275 3115 3344 Dominum

560 3365 800 3429 Jesum
850 3358 1049 3429 vellet
1087 3360 1361 3442 habere,
1425 3360 1598 3430 nihil
1650 3360 1830 3433 filias
1877 3383 2043 3431 suas
2092 3362 2443 3453 possidere
2493 3363 2950 3453 permitteret,
3009 3362 3112 3431 nil

564 3461 833 3539 praeter
879 3450 1343 3520 necessarium
1399 3450 1653 3519 victum
1688 3463 1754 3520 et
1787 3449 2104 3522 vestitum
2139 3474 2177 3520 a
2227 3452 2579 3522 sororibus
2620 3452 2856 3541 recipi,
2894 3449 2991 3519 vel
3037 3450 3114 3519 in

563 3548 916 3628 posterum
960 3538 1311 3608 reservari.
1367 3538 1679 3609 Inculcat
1725 3540 1872 3611 suis
1918 3539 2257 3627 frequenti
2331 3561 2646 3610 sermone
2707 3539 3060 3611 sororibus
3090 3594 3108 3620 ‚

563 3640 728 3696 tunc
762 3626 1181 3717 acceptabile
1215 3627 1389 3697 illud
1442 3633 1571 3697 Deo
1619 3627 1763 3696 fore
1795 3628 2189 3719 collegium,
2242 3650 2404 3699 cum
2457 3641 2857 3720 paupertate
2904 3627 3116 3698 fuerit

560 3715 969 3806 opulentum
1002 3739 1017 3783 ε
1069 3729 1133 3787 et
1168 3728 1332 3786 tunc
1368 3727 1698 3808 perpetuo
1731 3717 1974 3787 stabile
2015 3739 2576 3818 permansurum,
2623 3717 2684 3787 si
2731 3717 3114 3787 altissimae

558 3804 983 3895 paupertatis
1021 3803 1226 3875 fuerit
1272 3827 1542 3895 semper
1593 3818 1778 3874 turre
1837 3819 2211 3876 munitum.
2265 3810 2590 3876 Hortatur
2636 3828 2752 3875 eas
2814 3807 2880 3875 in
2936 3827 3114 3895 pau-

559 3894 842 3984 pertatis
892 3893 1135 3964 nidulo
1209 3894 1472 3964 Christo
1544 3893 1833 3985 pauperi
1893 3895 2349 3977 conformari,
2416 3916 2622 3983 quem
2686 3892 3114 4051 pautpercula

561 3996 778 4053 mater
824 3984 895 4052 in
955 3995 1143 4053 arcto
1205 3983 1562 4074 praesepio
1624 3983 1991 4072 parvulum
2051 3984 2428 4057 reclinavit.
2501 3983 2748 4053 Volens
2854 3982 3112 4082 enique

556 4071 959 4161 religionem
1009 4094 1208 4141 suam
1258 4072 1595 4142 intitulari
1639 4070 1836 4142 titulo
1871 4074 2317 4162 paupertatiS,
2370 4095 2409 4141 a
2459 4072 2680 4141 bonae
2729 4092 3110 4141 memoriae

558 4160 958 4231 Innocentio
997 4161 1239 4242 Terti0‚
1286 4160 1712 4252 paupertatis
1739 4161 2182 4260 privilegium
2217 4160 2607 4251 postulavit.
2654 4161 2778 4244 Qui
2819 4160 2919 4228 vir
2953 4182 3108 4230 ma-

561 4248 883 4336 gnificus,
942 4262 1126 4320 tanto
1175 4251 1462 4341 virginis
1508 4249 1755 4319 fervori
1802 4250 2317 4342 congratulans,
2373 4249 2725 4340 singulare
2763 4249 2930 4318 dicit
2956 4270 3108 4319 esse

555 4338 1010 4490 propositum,
1063 4337 1248 4425 quod
1319 4360 1677 4426 nunquam
1742 4338 1874 4408 tale
1923 4339 2166 4429 privile
2221 4338 2362 4408 ium
2421 4361 2460 4407 a
2510 4338 2670 4409 sede
2717 4338 3105 4428 Apostolica

587 4439 762 4492 uerit
803 4426 1251 4514 postulatum.
1282 4432 1360 4497 Et
1382 4440 1459 4497 ut
1491 4427 1805 4498 insolitae
1834 4428 2144 4520 petitioni
2200 4449 2362 4497 avor
2389 4428 2711 4499 insolitus
2738 4427 3095 4509 arrideret,
