3308 5004
189 321 381 392 Aue.
432 325 519 392 22
868 341 878 349 ·
953 343 1035 392 ιιι
1081 344 1137 393 s.
1191 341 1635 395 ammomum
1680 346 1970 395 naum:
2520 331 2650 399 567

189 449 385 498 meae
425 440 658 499 tenore
683 427 986 499 sustinui
1021 452 1037 497 :
1091 427 1209 498 sed
1249 429 1386 500 nisi
1418 428 1587 500 deae
1626 430 1829 500 matri
1869 430 2389 515 sacrificaveris,
2442 432 2649 504 hodie
2677 444 2741 507 te

188 516 435 608 poenis
466 516 798 587 omnibus
840 517 1334 601 excruciatum,
1372 517 1651 609 capitali
1702 521 2079 591 sententiae
2109 521 2740 613 suinciam.=sym-

188 606 578 707 phorianus
611 605 824 676 dixit:
879 628 916 673 «
951 610 1091 698 Ego
1142 611 1354 678 Deum
1405 607 1945 698 omnipotentem
1987 622 2052 679 et
2105 609 2337 680 vivum
2388 610 2618 693 timeo,
2672 622 2740 684 et

187 694 296 765 1tti
335 695 462 764 uni
495 695 741 766 servio.
778 699 877 766 Tu
902 716 1159 787 corpus
1195 716 1427 766 meum
1459 697 1543 766 ad
1575 708 1851 787 tempus
1884 697 2096 770 habes
2124 697 2194 768 in
2229 711 2343 770 tua
2379 713 2730 790 potestate,

189 784 499 853 animam
565 804 703 854 non
769 782 1006 854 habes.
1063 806 1101 852 »
1149 788 1331 855 Haec
1386 796 1623 859 sancto
1681 785 2180 876 symphoriano
2233 801 2729 889 prosequente,

176 871 398 964 judex
437 871 669 943 furore
699 871 1002 963 percitus
1048 872 1189 944 ait:
1246 872 1800 964 symphorianus
1846 875 2112 965 publici
2162 877 2480 947 criminis
2527 899 2687 949 reus
2716 933 2733 961 ‚

184 961 313 1051 qui
369 960 505 1031 diis
545 961 799 1033 nostris
855 962 1246 1032 sacrificare
1292 961 1730 1044 detrectans,
1786 964 2148 1057 sacrilegio
2205 987 2276 1035 se
2323 965 2731 1050 obstrinxit,

182 1049 407 1123 sacris
438 1050 643 1121 etiam
675 1049 818 1120 aris
846 1049 1131 1122 nefariis
1168 1051 1455 1122 vocibus
1493 1051 1825 1140 injuriam
1863 1052 2212 1145 irrogavit,
2248 1053 2481 1146 gladio
2513 1054 2738 1126 ultore

179 1139 525 1211 feriatur:
577 1150 655 1209 ut
701 1138 869 1209 dum
905 1139 1202 1210 crimina
1242 1139 1514 1210 funesta
1552 1143 1980 1224 coercentur,
2040 1142 2325 1214 deorum
2369 1143 2628 1234 pariter
2672 1157 2741 1215 et

180 1228 429 1319 legum
477 1227 869 1298 vindicetur
913 1228 1192 1317 injuria.
1257 1233 1347 1298 Ea
1405 1227 1665 1319 prolata
1718 1230 2081 1315 sententiA,
2132 1253 2293 1302 cum
2345 1230 2448 1301 vir
2495 1230 2738 1304 beatus

176 1317 560 1388 duceretur
590 1315 678 1386 ad
728 1328 1041 1396 mortem,
1086 1316 1335 1388 Christi
1388 1318 1665 1389 victima
1710 1318 2012 1402 futurus,
2050 1320 2477 1392 venerabilis
2515 1334 2736 1393 mater

174 1407 343 1498 ejus
374 1405 460 1475 de
492 1425 694 1476 muro
724 1404 962 1477 sedula
995 1405 1192 1477 illum
1224 1426 1387 1476 voce
1411 1419 1478 1477 et
1501 1408 1810 1478 oratione
1838 1407 1929 1478 ita
1956 1409 2465 1481 exhortabatur:
2492 1415 2730 1493 «Nate,

175 1508 349 1566 nate
378 1494 904 1585 Symphoriane,
951 1508 1295 1565 memento
1321 1495 1438 1566 Dei
1474 1495 1636 1566 vivi.
1682 1498 1976 1589 Concipe
2023 1497 2149 1582 fili,
2183 1498 2469 1590 concipe
2516 1500 2734 1571 animi

176 1583 676 1656 constantiam.
729 1585 994 1655 Timere
1027 1604 1167 1654 non
1225 1605 1601 1675 possumus
1634 1598 1949 1668 mortem,
1995 1608 2174 1675 quae
2219 1587 2390 1657 citra
2438 1586 2729 1658 dubium

176 1671 509 1767 perducit
540 1672 624 1742 ad
669 1672 905 1743 vitam.
941 1677 1258 1754 Sursum,
1297 1671 1425 1754 fili,
1460 1685 1686 1744 erecto
1732 1674 1961 1758 corde,
2013 1676 2295 1767 adspice
2342 1675 2571 1758 illum,
2611 1677 2734 1765 qui

175 1773 432 1854 regnat
478 1762 548 1831 in
598 1761 832 1832 coelis.
884 1760 1102 1832 Hodie
1149 1760 1298 1842 tibi,
1353 1773 1532 1844 nate,
1581 1763 1717 1833 vita
1766 1784 1899 1833 non
1944 1763 2229 1847 tollitur,
2269 1764 2386 1835 sed
2426 1778 2736 1836 mutatur

175 1852 253 1922 in
297 1849 575 1920 melius.
627 1855 705 1921 Et
730 1851 1047 1939 quamvis
1076 1862 1418 1952 angustus
1464 1850 1664 1922 collis
1695 1864 1761 1921 et
1807 1852 1936 1924 iter
1980 1853 2235 1924 durum
2287 1865 2733 1954 atque-scru-

176 1938 520 2042 pulosum
568 1959 937 2009 aerumnas
964 1950 1032 2010 et
1077 1939 1482 2009 afflictiones
1518 1940 1826 2011 adferat:
1879 1952 1950 2011 at
1979 1953 2207 2013 tamen
2258 1940 2428 2013 haec
2462 1964 2572 2012 via
2601 1957 2727 2026 est,

176 2050 256 2098 in
309 2048 449 2115 qua
501 2048 974 2117 percussorem
1018 2041 1214 2098 tuum
1266 2040 1652 2119 prostratus
1708 2029 2064 2102 interficis.
2141 2036 2458 2103 Facessat
2516 2032 2733 2134 igitur

180 2127 418 2187 metus
471 2117 699 2188 omnis
746 2128 1294 2198 tormentorum,
1348 2118 1628 2218 quando
1685 2118 2093 2191 brevissimo
2146 2121 2323 2190 vitae
2381 2120 2733 2192 curriculo

179 2225 320 2297 pro
370 2205 581 2294 inqua
629 2217 810 2276 meta
857 2205 1067 2276 finem
1116 2206 1435 2297 imponit.
1490 2207 1559 2276 si
1607 2207 1812 2277 hodie
1859 2208 2340 2298 perduraveris
2369 2262 2386 2290 ,
2437 2209 2586 2291 fili,
2641 2209 2730 2280 ad

178 2315 310 2396 coe
338 2306 544 2395 estem
596 2292 886 2453 ggeriam
926 2307 995 2365 et
1025 2313 1398 2386 supernam
1437 2294 2294 2368 nobilitatem³felicissima
2341 2311 2729 2368 commuta-

179 2395 371 2454 ttone
405 2406 499 2452 ml
552 2405 625 2453 ra
677 2404 761 2453 ta.
810 2404 848 2450 »

266 2474 307 2562 ξ
355 2471 449 2544 8.
503 2405 604 2543 fta
650 2492 817 2564 ergo
863 2484 1143 2543 sanctus
1189 2470 1757 2564 symphonianus
1798 2484 1989 2544 extra
2037 2491 2276 2545 muros
2327 2472 2645 2557 eductu&
2690 2497 2731 2546 a

169 2561 510 2632 carnifice
546 2582 790 2632 caesus
825 2575 951 2644 est,
988 2561 1321 2653 purpurei
1354 2563 1720 2652 sanguinis
1749 2564 1860 2633 sui
1908 2562 2097 2633 unda
2132 2558 2479 2652 perfusus.
2520 2567 2726 2635 Porro

168 2650 502 2722 homines
547 2649 851 2742 religiosi
898 2651 1050 2741 ejus
1095 2671 1349 2752 corpus
1381 2649 1668 2721 latenter
1714 2649 1876 2721 inde
1907 2651 2361 2724 sustulerunt.
2399 2651 2730 2726 Conditus

169 2752 413 2811 autem
442 2750 545 2809 est
577 2739 761 2829 apud
797 2738 1078 2821 fontem,
1116 2761 1239 2828 qui
1271 2750 1374 2811 est
1403 2751 1592 2810 extra
1623 2761 1868 2830 agrum
1922 2738 2307 2831 publicum,
2366 2739 2439 2809 in
2475 2740 2728 2813 cellula

169 2848 394 2921 parva
426 2882 443 2909 ,
493 2839 562 2898 at
610 2842 834 2900 tamen
868 2846 1142 2918 semper
1190 2848 1264 2898 se
1313 2828 1462 2897 suis
1511 2828 1883 2899 virtutibus
1929 2827 2252 2919 prodens,
2296 2832 2392 2899 ita
2430 2842 2509 2900 ut
2556 2831 2730 2921 ipsis

165 2936 458 3006 quoque
487 2916 886 3007 gentilibus,
948 2916 1036 2987 ob
1085 2915 1421 2987 miracula
1468 2928 1534 2986 et
1571 2918 1947 2988 sanitatum
1988 2917 2327 2989 beneficia
2385 2919 2728 3009 stupenti·-

166 3007 333 3087 bus,
380 3006 448 3074 in
492 3006 792 3077 maximo
824 3007 1084 3078 honore
1120 3027 1201 3076 ea
1232 3016 1629 3096 tempestate
1659 3005 2050 3088 haberetur,
2090 3027 2226 3076 non
2278 3005 2481 3098 longe
2515 3029 2554 3077 a
2605 3008 2727 3078 ba-

167 3095 376 3165 silica
426 3114 597 3176 sua,
654 3115 831 3182 quae
877 3094 1108 3166 studio
1146 3114 1424 3165 summo
1470 3094 1797 3166 antistitis
1846 3095 2062 3165 nostri
2123 3095 2388 3166 celsum
2438 3095 2730 3187 protulit

168 3183 539 3254 aedificata
580 3182 959 3275 fastigium,
993 3182 1348 3274 fulgetque
1382 3204 1517 3254 non
1554 3206 1698 3255 uno
1732 3184 2043 3257 muneris
2089 3183 2198 3254 sui
2234 3197 2475 3255 ornata
2509 3184 2728 3276 privi-

170 3272 384 3364 legio,
425 3270 541 3341 sed
576 3272 971 3363 praecipuis
1017 3271 1288 3363 patroni
1335 3273 1554 3343 nostri
1594 3277 1755 3363 Sym
1815 3273 2084 3343 horiani
2122 3273 2445 3366 martyris
2478 3274 2727 3345 referta

169 3359 587 3433 virtutibus:
640 3361 771 3444 Qui
805 3359 1370 3452 praetervolantis
1399 3361 1575 3432 vitae
1615 3382 1753 3432 nau
1788 3363 2001 3455 ragia,
2038 3361 2207 3433 dum
2239 3361 2326 3432 de
2360 3375 2423 3433 te
2452 3361 2726 3434 diabole

171 3449 588 3540 triumphat,
622 3447 934 3531 exclusit,
971 3447 1291 3520 defensor
1326 3449 1549 3521 factus
1587 3452 1850 3553 patriae
1889 3473 2079 3533 suae,
2135 3450 2307 3521 dum
2354 3449 2440 3521 ad
2489 3472 2722 3523 veram

172 3536 459 3609 festinat
521 3539 862 3628 patriam:
913 3538 1382 3629 Apparuitque
1430 3552 1643 3611 turris
1704 3539 2132 3613 fortitudinis
2176 3551 2418 3611 contra
2475 3540 2723 3611 faciem

173 3626 609 3697 adversantis
653 3626 947 3709 inimici,
999 3647 1206 3715 quam
1258 3629 1625 3720 sanguinis
1658 3629 1768 3701 sui
1798 3628 2135 3700 effusione
2162 3630 2569 3700 construxit.
2613 3635 2725 3698 In-

173 3715 710 3807 expugnabilem
769 3737 1052 3786 murum
1102 3715 1362 3787 auxilio
1416 3718 1727 3808 corporis
1788 3718 1897 3789 sui
1969 3717 2294 3807 perennis
2360 3717 2724 3818 patrocinii

177 3803 519 3875 mediator
566 3803 858 3887 attollit,
911 3804 1314 3876 innumeras
1356 3808 1749 3877 curationes
1798 3806 2198 3879 meritorum
2251 3826 2535 3877 suorum
2585 3826 2724 3875 vtr-

179 3900 319 3961 tute
364 3893 596 3964 efficit.
650 3893 954 3995 Denique
1002 3915 1124 3985 per
1167 3915 1327 3965 eum
1371 3894 1571 3966 nobis
1602 3893 1789 3996 apud
1841 3895 2211 3965 Dominum
2249 3894 2496 3964 Jesum
2532 3893 2725 3964 Chri-

180 3989 358 4049 stum
392 3983 675 4054 evidens
706 3982 1220 4053 misericordiae
1269 3982 1596 4074 panditur
1641 4005 1775 4064 via,
1828 3995 1893 4052 et
1940 3984 2013 4053 in
2061 3983 2375 4053 omnium
2409 3994 2724 4052 votorum
2850 4038 2855 4041 .

183 4064 683 4152 plenitudinem
731 4071 891 4142 felix
937 4072 1246 4162 aperitur
1276 4072 1673 4162 ingressus:
1726 4077 2119 4141 Praestante
2164 4071 2455 4141 Domino
2486 4083 2725 4142 nostro

178 4156 343 4224 Jesu
387 4160 690 4243 Christe,
742 4162 865 4250 qui
910 4174 1013 4232 est
1058 4161 1196 4230 vita
1241 4161 1558 4232 omnium
1608 4161 1760 4230 sine
1806 4159 1946 4230 fine
2003 4171 2399 4230 sanctorum
2433 4213 2451 4243 ‚
2501 4171 2570 4230 et
2617 4180 2725 4230 re·-

183 4256 367 4402 gnatl
391 4270 548 4319 cum
586 4255 780 4322 Patre
812 4250 882 4320 in
916 4249 1182 4320 unitate
1230 4249 1528 4341 Spiritus
1558 4249 1789 4321 Sancti
1830 4254 2030 4331 Deus,
2071 4268 2194 4339 per
2224 4248 2460 4319 omnia
2489 4247 2725 4320 secula

184 4348 344 4401 secu
372 4356 596 4408 orum.
