3308 5004
177 295 370 362 AUG.
423 294 509 360 3⁰
1027 311 1106 359 na
1154 313 1211 361 S.
1266 309 1427 361 nosti
1473 313 1645 361 vlaa.
1701 314 1830 361 mr.
2509 299 2625 364 76⁴

177 396 522 469 vulnerati
570 394 804 467 lateris
877 396 1305 487 myrothecio
1376 417 1526 467 eam
1578 397 1880 490 benigne
1951 398 2367 500 applicatam
2419 401 2505 472 ad
2556 401 2729 473 bau-

178 486 491 567 riendam
527 506 781 587 aquam
832 484 1077 558 salutis
1122 485 1210 557 de
1266 485 1577 579 fontibus
1617 486 1987 559 Salvatoris
2052 486 2241 559 illico
2286 511 2564 581 aegram
2616 512 2726 560 sa-

175 575 388 648 navit.
440 576 537 646 Ab
585 574 1077 645 innocentibus
1108 574 1498 665 virginibus
1544 574 1692 646 visa
1722 588 1826 647 est
1854 597 2016 647 cum
2052 577 2204 668 ipso
2250 583 2417 649 Jesu
2451 579 2720 659 sistere,

171 664 590 755 quandoque
626 661 835 734 etiam
883 661 1352 746 deambulare,
1403 676 1472 735 et
1516 664 1983 737 secretissima
2042 666 2335 737 miscere
2379 667 2728 758 colloquia

176 753 296 826 tali
341 775 502 825 cum
570 752 947 843 majestate,
998 764 1100 835 ut,
1152 773 1597 842 quocumque
1666 754 1912 844 pedem
1989 754 2250 827 fixisset
2323 755 2464 837 ille,
2539 758 2729 847 pavi-

175 855 487 914 mentum
533 840 827 932 fulgenti
875 840 1144 912 lumine
1181 839 1595 932 splenderet.
1657 848 1872 931 thue
1902 842 2061 914 talis
2091 848 2269 915 Rosa
2303 844 2481 916 nulli
2522 846 2717 917 alteri

176 931 453 1025 plantae
517 930 919 1001 adhaereret
963 951 1174 1032 quam
1222 931 1285 1002 ei
1332 931 1456 1020 qui
1523 943 1631 1002 est
1681 932 1807 1003 flos
1877 933 2107 1025 campi
2175 947 2241 1003 et
2289 933 2515 1004 lilium
2566 956 2729 1005 con-

174 1021 488 1101 vallium,
542 1018 803 1090 invenit
850 1018 1217 1091 basilicum
1255 1042 1379 1091 seu
1411 1020 1715 1091 ozimum
1754 1021 1990 1113 (quem
2025 1021 2409 1093 studiosius
2457 1022 2741 1094 colebat·

172 1120 596 1181 reservatum
646 1120 726 1179 ut
772 1107 1079 1211 plantam
1131 1109 1393 1201 regiam
1442 1110 1581 1201 ipsi
1629 1131 1701 1181 re
1752 1112 1773 1179 i
1822 1110 2295 1201 saeculorum)
2340 1110 2605 1184 siccum
2654 1126 2719 1182 et

171 1198 640 1278 eradicatum;
684 1219 825 1279 cui,
862 1197 948 1268 de
993 1197 1125 1268 hoc
1171 1197 1459 1282 dolenti,
1513 1199 1664 1289 ipse
1750 1199 2016 1275 hristus
2061 1222 2408 1303 apparens
2444 1200 2617 1272 dixit
2648 1223 2721 1272 sa

175 1288 325 1361 suis
360 1287 689 1357 manibus
734 1286 935 1357 illum
984 1286 1374 1360 eradicasse
1419 1299 1487 1358 et
1534 1287 1930 1378 projecisse,
1983 1302 2060 1359 ut
2115 1311 2265 1379 ipse
2311 1289 2504 1361 solus
2550 1307 2727 1362 esset

174 1379 329 1469 ejus
376 1398 581 1447 verus
627 1374 989 1447 basilicus,
2487 1421 2498 1432 ·

259 1469 297 1555 ἓ
339 1470 499 1539 ²8,
536 1465 661 1535 His
692 1463 994 1535 ostendit
1027 1465 1492 1548 verissimum,
1518 1464 1701 1553 quod
1736 1465 1809 1535 in
1840 1466 2088 1536 exstasi
2114 1465 2395 1536 cuidam
2432 1466 2719 1549 dixerat,

169 1555 350 1626 idest
395 1576 469 1625 se
517 1560 767 1626 Rosam
816 1567 1084 1645 gestare
1151 1553 1220 1624 in
1300 1554 1548 1624 intimo
1595 1554 1708 1625 sui
1774 1554 1992 1623 divini
2050 1554 2281 1624 cordis
2356 1556 2713 1645 penetrali,

170 1666 331 1715 cum
382 1643 588 1714 sciret
633 1642 937 1714 vicissim
974 1642 1044 1712 in
1088 1642 1240 1729 ejus
1287 1642 1595 1733 virgineo
1637 1642 1919 1713 corculo
1974 1664 2047 1714 se
2084 1643 2311 1713 solum
2376 1645 2714 1733 tranquil·

170 1732 436 1803 lissime
505 1731 918 1817 inhabitare.
971 1730 1244 1802 Adstitit
1296 1733 1504 1802 etiam
1561 1753 1767 1823 saepe
1828 1731 2092 1821 Regina
2148 1732 2320 1804 coeli
2370 1754 2412 1802 a
2469 1733 2724 1804 dextris

167 1822 346 1911 ejuS,
398 1821 489 1891 ita
539 1832 617 1891 ut
661 1821 750 1892 ab
798 1819 1170 1891 undecimo
1216 1820 1458 1891 aetatis
1505 1842 1673 1891 suae
1705 1842 1890 1891 anno
1937 1842 2162 1909 usque
2217 1821 2300 1892 ad
2335 1831 2717 1894 extremum

170 1932 310 1980 non
367 1909 663 1980 defuerit
709 1911 775 1980 ei
836 1909 966 1980 hoc
1068 1909 1394 1980 retiosum
1459 1909 1952 1980 familiaritatis
2012 1910 2572 1982 contubernium.
2646 1917 2719 1981 In

171 1998 551 2069 Rosariano
596 1999 783 2069 enim
834 1997 1014 2069 sacel
1046 2020 1086 2068 o
1118 2020 1200 2069 ex
1232 1997 1474 2069 sedulo
1508 1998 1895 2069 ministerio
1927 2010 2169 2075 mutua
2203 2022 2363 2070 cum
2413 2000 2536 2071 illa
2574 2016 2713 2071 erat

174 2088 239 2157 ei
289 2088 740 2168 conversatiO,
790 2109 1006 2175 eoque
1039 2086 1299 2157 honore
1333 2087 1513 2157 hauc
1548 2109 1746 2156 suam
1781 2087 2116 2158 famulam
2152 2088 2437 2179 dignata
2476 2102 2600 2167 est,
2640 2104 2716 2160 ut

171 2175 641 2247 cubiculariae
692 2176 827 2267 ipsi
873 2175 1262 2247 exhibuerit
1302 2176 1709 2258 ministeria,
1746 2175 2107 2247 excitando
2139 2198 2291 2247 eam
2343 2177 2484 2248 illis
2545 2179 2722 2248 voci-

170 2264 340 2337 bus:
391 2268 609 2356 Surqe
663 2267 755 2336 ad
802 2267 1195 2346 orationem,
1253 2266 1430 2355 filia,
1476 2287 1703 2355 sui-qe,
1746 2288 1907 2335 nam
1964 2267 2172 2335 instat
2228 2266 2418 2335 hora.
2474 2265 2721 2354 Illique

173 2366 605 2445 experrectae
653 2375 726 2423 se
782 2354 1152 2445 praebebat
1217 2352 1583 2422 videndam
1632 2352 1807 2422 facie
1876 2352 1961 2422 ad
2021 2353 2290 2434 faciem,
2359 2354 2719 2443 majestate

170 2442 521 2526 decoram,
559 2454 624 2515 et
657 2441 916 2534 gloriae
968 2441 1281 2513 coelestis
1338 2442 1770 2534 paradisum,
1830 2441 2242 2513 exclamanti
2301 2463 2464 2513 cum
2506 2443 2717 2514 altera

170 2533 557 2605 Elisabeth:
615 2533 796 2602 Unde
830 2532 948 2603 hoc
975 2534 1170 2612 mihi,
1206 2543 1282 2601 ut
1310 2533 1539 2602 veniat
1565 2541 1786 2602 mater
1814 2533 2083 2601 Domini
2108 2533 2200 2602 ad
2226 2533 2382 2601 mc?

260 2623 487 2710 §84
543 2621 725 2691 Misit
769 2621 973 2690 etiam
1042 2621 1376 2690 Dominus
1427 2620 1756 2711 angelum
1817 2643 2052 2701 suum,
2097 2621 2219 2709 qui
2282 2622 2716 2712 praecederet

168 2715 448 2790 Rosam,
515 2723 580 2781 et
632 2709 990 2780 visibiliter
1036 2707 1436 2790 custodiret,
1493 2731 1573 2779 ac
1641 2707 2107 2780 introduceret
2153 2730 2301 2779 eam
2353 2710 2424 2779 in
2486 2712 2710 2782 locum

166 2819 377 2887 quem
420 2798 521 2869 illi
558 2811 935 2890 paraverat.
985 2798 1138 2869 Fuit
1189 2798 1373 2868 enim
1419 2811 1558 2868 tam
1598 2797 1978 2869 domestica
2039 2797 2297 2869 fiducia
2330 2800 2543 2890 hujus
2584 2801 2716 2869 vir·
2769 2851 2774 2858 .

166 2886 353 2978 ginis
401 2910 561 2958 cum
595 2910 700 2970 eo,
744 2903 822 2959 ut
857 2888 1179 2959 habuerit
1218 2885 1417 2955 illum
1462 2908 1596 2957 non
1634 2887 1861 2958 solum
1902 2900 1979 2957 ut
2018 2887 2551 2977 amicissimum,
2594 2892 2707 2959 sed

165 2975 375 3046 etiam
409 2988 487 3047 ut
527 2977 903 3068 pararium‚
948 2990 1067 3047 aut
1098 2974 1529 3056 viridarium,
1573 2977 2147 3064 quotiescumque
2189 2978 2360 3047 hora
2391 2980 2715 3048 consueta

167 3068 479 3154 Sponsus
519 3088 652 3137 non
725 3066 1127 3158 apparebat.
1194 3063 1530 3136 Deficiens
1572 3064 1875 3153 quadam
1946 3076 2142 3135 nocte
2200 3066 2469 3136 viribus
2531 3067 2718 3136 misit

168 3174 329 3224 eum
380 3152 466 3223 ad
518 3156 800 3225 Mariam
851 3154 937 3224 de
992 3153 1326 3244 Usatigui,
1378 3166 1459 3224 ut
1517 3154 1865 3223 nuntiaret
1896 3153 1958 3223 ei
2020 3176 2093 3223 se
2141 3176 2340 3245 egere
2382 3155 2710 3236 remedio,

165 3242 350 3331 quod
395 3265 517 3333 per
565 3243 910 3315 famulum
952 3241 1182 3312 statim
1240 3241 1362 3311 illa
1426 3243 1834 3328 transmisit,
1874 3241 2146 3313 vidente
2183 3256 2250 3314 et
2300 3266 2337 3313 a
2394 3256 2716 3315 noscente

164 3331 299 3402 hoc
347 3355 388 3401 a
421 3331 565 3402 filia
598 3354 722 3422 per
742 3331 1219 3415 ‚obedientiam
1256 3344 1497 3402 matre.
1550 3331 1648 3402 Ab
1686 3331 1923 3403 eodem
1974 3332 2177 3402 etiam
2215 3333 2302 3402 ab
2391 3333 2522 3403 orti
2576 3332 2714 3403 cel-

165 3420 342 3502 luta,
414 3421 974 3511 aperienteipso
1036 3441 1225 3490 seras
1291 3434 1673 3510 portarum,
1738 3421 1825 3491 ad
1887 3420 2244 3511 genitricis
2308 3420 2709 3492 cubiculum

164 3509 546 3580 incolumis
576 3509 781 3580 ducta
823 3509 974 3580 suit.
1034 3509 1199 3578 Aliis
1237 3510 1444 3580 etiarn
1499 3509 1767 3600 angelis
1808 3508 2163 3581 mandavit
2216 3515 2395 3584 Deus
2433 3510 2518 3580 de
2553 3510 2710 3580 illa:

165 3599 537 3670 astiterunt
563 3599 748 3668 enirn
788 3610 1064 3690 propter
1100 3599 1253 3688 ejus
1286 3621 1523 3690 preces
1556 3599 1836 3669 cuidam
1875 3597 2193 3699 religioso
2225 3600 2297 3668 in
2331 3599 2716 3690 periculoso

163 3686 435 3770 itinere,
490 3688 708 3759 donec
741 3689 869 3758 iste
899 3689 968 3757 in
1006 3687 1311 3758 deterius
1343 3700 1651 3759 mutatus
1684 3688 1856 3769 suit;
1907 3708 2020 3757 cui
2056 3709 2215 3758 cum
2254 3688 2407 3777 ipsa
2447 3688 2713 3778 virgine

165 3776 255 3847 de
311 3778 442 3847 hac
499 3776 939 3848 derelictione
1002 3777 1449 3865 conquerenti
1510 3776 1833 3847 revelavit
1886 3776 2294 3865 mysterium
2343 3788 2411 3844 et
2464 3799 2709 3847 arcana

168 3865 554 3956 singularia
610 3866 742 3957 ipsi
785 3866 913 3937 soli
946 3879 1010 3936 et
1045 3871 1178 3936 Deo
1220 3878 1400 3946 nota,
1448 3880 1514 3936 et
1567 3888 1745 3954 quae
1778 3888 1816 3935 a
1871 3867 2059 3935 tanta
2107 3864 2438 3935 distantia
2488 3865 2709 3935 solum

166 3953 321 4045 ipso
354 3955 643 4026 Domino
698 3968 818 4025 aut
873 3955 1120 4046 angelo
1172 3954 1512 4024 revelante
1575 3955 1830 4044 virgini
1895 3954 2281 4025 innotuisse
2314 3966 2708 4045 potuerunt.

167 4047 383 4134 Saepe
428 4045 660 4126 etiam,
705 4067 784 4115 ex
816 4067 954 4132 quo
1002 4043 1132 4115 suit
1177 4044 1239 4113 ei
1273 4066 1313 4113 a
1361 4044 1628 4114 Christo
1672 4043 1957 4112 Domino
1990 4042 2254 4113 data‘in
2309 4043 2708 4132 magistram

165 4147 407 4205 sancta
454 4133 820 4204 catharina
885 4132 1232 4214 SenensiS,
1298 4132 1467 4202 haec
1520 4154 1668 4201 eam
1739 4131 2101 4202 visibiliter
2150 4133 2597 4202 conveniebat
2647 4133 2711 4200 in

166 4224 396 4304 terris,
434 4223 834 4312 praesertim
867 4245 1026 4292 cum
1064 4222 1215 4312 ejus
1249 4221 1557 4311 regulam
1604 4234 2067 4302 scrutaretur;
2119 4220 2429 4309 adeoque
2474 4221 2709 4290 crebra

165 4321 234 4379 et
281 4313 505 4381 amica
552 4311 680 4383 suit
729 4313 906 4382 inter
941 4312 1066 4381 lias
1117 4310 1417 4400 virgines
1467 4310 1919 4392 conversatio,
1981 4323 2058 4380 ut
2095 4332 2175 4380 ex
2237 4310 2429 4380 vultu
2479 4310 2712 4381 beatae

168 4399 574 4471 Catharinae
624 4401 692 4472 in
728 4400 973 4472 faciem
1024 4404 1240 4470 Rosae
1276 4399 1675 4469 transierint
1706 4399 2014 4482 lumina3
2069 4399 2241 4470 itaut
2274 4412 2339 4469 et
2369 4400 2603 4471 vivens
2648 4413 2709 4468 et
