3308 5004
162 338 334 404 AUG.
391 339 471 404 ⁴5
754 358 833 404 nn
881 355 1187 405 Assunrr.
1243 356 1525 410 nuans&
1580 355 1754 402 vinc.
1807 355 2049 402 namt
2481 339 2598 405 35⁴

164 440 459 511 luminis,
499 440 847 511 nativitate
873 463 1000 512 sua
1032 462 1234 510 mane
1267 440 1740 511 clarissimum
1769 439 2131 525 serenavit.
2163 443 2344 510 Haec
2369 453 2471 511 est
2503 442 2700 513 stella

166 530 487 600 matutina
510 529 578 597 in
612 528 838 599 medio
876 529 1186 609 nebulae,
1212 552 1390 617 quae
1415 530 1486 597 in
1513 527 1686 598 coeli
1715 527 1998 598 cardine
2024 550 2301 598 summo
2328 530 2699 620 splendore

161 639 541 698 coruscans,
577 617 811 689 orbem
844 618 1203 689 subditum
1238 616 1830 709 splendidioribus
1863 616 2076 686 radiis
2123 616 2483 689 incolorat.
2516 624 2699 691 Haec

163 720 255 777 est
288 729 555 789 aurora,
591 729 800 794 quam
852 707 1188 794 sequitur,
1243 708 1457 776 immo
1496 705 1582 775 de
1630 725 1770 792 qua
1819 705 2134 775 nascitur
2180 705 2290 775 Sol
2333 706 2649 794 justitiae
2677 763 2693 791 ,

162 794 364 865 solius
394 795 568 866 Solis
595 796 891 865 claritati
928 796 1415 866 succumbens.
1454 799 1636 866 Haec
1683 806 1787 864 est
1834 815 2107 875 aurora,
2146 815 2358 881 quam
2410 796 2527 867 ille
2559 820 2695 868 non

164 883 339 964 vidit,
389 885 507 971 qui
559 884 728 953 vidit
774 906 980 955 omne
1027 884 1374 964 sublime,
1441 897 1506 953 et
1551 894 1701 952 orat
1757 883 1999 953 beatus
2052 882 2178 952 Job
2227 895 2304 953 ut
2364 886 2428 953 ei
2477 886 2697 957 multa

163 974 634 1062 suppressione
667 972 1055 1054 claudatur,
1106 972 1391 1042 dicens:
1444 977 1587 1043 Non
1637 970 1863 1041 videat
1909 982 2136 1041 ortum
2187 994 2312 1041 sur
2360 975 2539 1043 entis
2572 997 2698 1045 au-

163 1081 361 1130 rorae.
412 1066 601 1132 Tuus
637 1074 738 1132 est
784 1061 934 1132 dies
967 1118 982 1144 ,
1038 1062 1322 1133 Domine
1354 1114 1370 1142 ,
1432 1062 1500 1131 in
1559 1081 1698 1148 quo
1744 1060 1955 1129 Adam
2005 1075 2110 1130 est
2154 1081 2281 1130 con
2344 1063 2525 1134 itus:
2579 1077 2698 1135 tua

159 1163 247 1219 est
293 1172 443 1230 nox,
497 1151 567 1220 in
617 1173 757 1238 qua
803 1152 1011 1221 Adam
1064 1174 1101 1221 a
1150 1151 1263 1229 die
1307 1162 1410 1220 est
1455 1150 1761 1238 ejectus:
1819 1162 1891 1218 tu
1949 1148 2326 1220 fabricatus
2372 1171 2447 1221 es
2485 1173 2693 1222 auro-

162 1259 318 1318 ram,
364 1239 430 1308 id
465 1253 569 1311 est
604 1240 945 1341 Virginem
1000 1245 1304 1321 Matrem,
1357 1251 1423 1309 et
1457 1238 1707 1317 Solem,
1748 1236 1971 1307 Solem
2015 1237 2331 1309 videlicet
2354 1240 2690 1329 justitiae,

159 1328 265 1413 qui
304 1328 387 1397 de
426 1328 751 1431 virginali
784 1328 1085 1399 thalamo
1122 1328 1573 1398 consurrexit.
1619 1332 1786 1397 Nam
1826 1326 2007 1397 sicut
2038 1349 2287 1397 aurora
2323 1328 2691 1399 terminum

161 1416 386 1497 noctis,
431 1417 572 1487 diet
623 1417 1042 1508 principium
1093 1417 1333 1487 adesse
1382 1428 1707 1488 testatur:
1761 1414 1861 1485 sic
1908 1427 1973 1485 et
2021 1417 2224 1507 Virgo
2275 1429 2539 1486 noctem
2581 1440 2698 1488 ex-

161 1504 321 1592 pulit
349 1506 867 1594 sempiternam,
906 1519 973 1576 et
1003 1506 1087 1576 de
1119 1505 1230 1575 die
1262 1505 1471 1587 diem,
1516 1505 1602 1575 de
1637 1520 1815 1575 terra
1847 1526 2016 1575 suae
2050 1506 2464 1597 virginitatis
2493 1527 2691 1578 exor-

161 1606 318 1674 tum,
372 1595 573 1665 terris
615 1594 892 1664 infudit.

235 1684 269 1769 §
313 1687 389 1754 2.
443 1682 906 1784 Progreditur,
960 1682 1208 1770 inquit,
1262 1683 1484 1770 quasi]
1512 1680 1754 1774 procul
1789 1682 2161 1773 egreditur,
2214 1683 2379 1769 quia
2470 1684 2688 1765 rocul,

157 1783 214 1838 et
255 1770 335 1841 de
383 1771 647 1842 ultimts
695 1772 956 1842 finibus
1007 1773 1298 1861 pretium
1351 1772 1525 1862 ejus.
1557 1772 1895 1851 *Aurora,
1927 1772 2090 1858 quia
2129 1772 2346 1841 noctis
2452 1774 2580 1853 nis,
2628 1785 2695 1844 et

160 1856 319 1929 lucis
351 1861 655 1930 initium.
686 1866 950 1931 Consur
1043 1882 1144 1941 na,
1188 1860 1349 1947 quia
1391 1860 1477 1929 de
1507 1860 1795 1930 cadente
1828 1881 2336 1951 supersurgens
2377 1862 2687 1932 materia.

158 1948 433 2019 Pulchra
472 1963 550 2019 ut
584 1949 773 2019 luna.
810 1951 936 2033 Qui
1030 1953 1218 2019 Luna
1255 1948 1640 2037 pulchrius,
1696 1970 1855 2018 cum
1899 1948 2116 2019 stellis
2163 1952 2697 2021 coruscantibus

161 2034 219 2104 in
274 2038 600 2127 signifero
667 2038 932 2120 limite,
1003 2038 1424 2125 reliquorum
1496 2039 1804 2108 siderum
1872 2038 2308 2120 splendorem
2373 2039 2699 2109 excedit?

162 2128 511 2198 Considera
574 2149 785 2215 quam
853 2127 1149 2197 stellaris
1205 2138 1271 2197 et
1318 2148 1558 2196 serena
1622 2126 1957 2205 vibratio,
2036 2134 2246 2212 quam
2303 2126 2698 2200 luminosus

161 2211 368 2302 fulgor
399 2218 809 2286 circularem
843 2217 1080 2286 orbem
1132 2216 1301 2285 tanti
1333 2215 1580 2285 sideris
1609 2238 1692 2284 su
1744 2213 2089 2296 ersundat,
2128 2230 2222 2285 ·ut
2253 2216 2548 2285 aliorum
2587 2216 2698 2287 lu-

165 2302 410 2374 minum
462 2305 840 2375 claritatem
904 2327 1038 2375 non
1104 2304 1539 2375 mediocriter
1604 2305 1693 2374 ob
1725 2317 1937 2374 uscet.
1992 2305 2102 2374 Sic
2150 2317 2217 2374 et
2264 2305 2467 2394 Virgo
2519 2306 2699 2375 inter

163 2391 407 2463 animas
456 2407 881 2474 sanctorum,
918 2409 984 2464 et
1016 2393 1427 2484 Angelorum
1465 2393 1712 2465 choros
1742 2394 2292 2483 supereminens,
2338 2407 2404 2463 et
2434 2408 2689 2475 evecta,

162 2483 377 2552 merita
444 2483 884 2574 singulorum
917 2539 932 2564 ,
984 2497 1051 2554 et
1096 2482 1411 2554 omnium
1464 2481 1701 2554 titulos
1749 2481 2113 2552 antecedit.
2170 2482 2737 2575 Quantumlibet'

162 2567 317 2640 aliae
362 2573 602 2642 stellae
649 2572 1022 2652 reluceant,
1078 2577 1267 2642 Luna
1311 2586 1535 2641 tamen
1597 2587 1664 2641 et
1714 2571 2197 2662 magnitudine
2264 2572 2692 2661 praeminet,

161 2669 216 2724 et
258 2660 643 2750 splendore.
691 2662 799 2732 Sic
848 2675 1214 2748 utramque
1266 2675 1580 2729 naturam
1634 2661 1838 2750 Virgo
1887 2659 2268 2750 singularis
2319 2673 2695 2750 exuperat,

160 2756 215 2813 et
257 2749 713 2821 immensitate
809 2752 1043 2831 ratiae,
1081 2764 1145 2819 et
1191 2749 1286 2819 ful
1343 2771 1458 2817 ore
1510 2749 1865 2820 virtutum.
1923 2747 2147 2817 Electa
2194 2761 2268 2818 ut
2301 2749 2450 2818 sol:
2505 2754 2700 2820 Hanc

160 2839 412 2908 attende
441 2773 998 2920 similitutfinem,
1038 2861 1175 2926 qua
1213 2860 1306 2908 nu
1342 2839 1400 2907 la
1453 2838 1524 2918 in
1577 2838 1783 2907 rebus
1834 2837 2080 2907 mundi
2131 2851 2352 2926 potest
2382 2859 2532 2907 esse
2584 2861 2702 2909 su-

161 2921 440 2998 blimior.
486 2927 665 2999 Nihil
716 2929 898 2998 enim
939 2928 1182 2998 habuit
1230 2927 1527 3016 Spiritus
1551 2927 1628 2996 in
1674 2926 2066 2996 visibilibus
2108 2928 2449 2997 creaturis
2477 2926 2703 2996 excel-

163 3009 418 3092 lentius,
474 3018 589 3087 cui
638 3017 1108 3086 excellentiam
1161 3016 1463 3107 Virginis
1503 3029 1960 3104 compararet.
2015 3014 2230 3085 Multo
2269 3016 2455 3084 enim
2490 3015 2701 3086 altius

161 3100 403 3189 aliquid
456 3107 661 3176 habet
698 3107 974 3177 claritas
1017 3105 1216 3185 Solis,
1269 3126 1478 3192 quam
1534 3110 1788 3183 Lunae,
1837 3104 2001 3190 quia
2041 3105 2169 3173 etsi
2230 3104 2349 3172 illa
2399 3105 2701 3175 minores

159 3192 372 3263 stellas
418 3195 788 3275 obscurat,
854 3217 985 3264 non
1032 3207 1259 3264 tamen
1307 3195 1578 3284 penitus
1625 3193 1970 3262 occultat:
2025 3192 2137 3262 hic
2189 3215 2349 3264 vero
2397 3192 2702 3263 lucidius

161 3277 662 3362 incandescens,
703 3286 795 3353 ita
829 3284 959 3352 sibi
1002 3283 1308 3353 siderum
1341 3296 1405 3351 et
1443 3288 1669 3351 Lunae
1711 3283 1888 3383 rapit
1941 3282 2378 3369 positionem,
2424 3294 2500 3350 ut
2533 3283 2694 3362 sint,

159 3371 337 3451 quasi
401 3394 532 3441 non
577 3374 761 3452 sint,
815 3385 880 3441 et
935 3372 1146 3440 videri
1205 3394 1337 3439 non
1392 3372 1680 3462 possint.
1737 3370 2066 3440 Stmiliter
2114 3384 2180 3440 et
2235 3373 2422 3460 virga
2480 3377 2693 3452 Jesse,

161 3459 280 3527 veri
334 3461 604 3549 praevia
645 3461 954 3534 luminis,
998 3462 1064 3530 in
1102 3460 1218 3530 illa
1255 3460 1712 3530 inaccessibili
1751 3459 1905 3529 luce
1958 3460 2345 3549 perlucens,
2386 3460 2485 3528 sic
2517 3473 2701 3529 utro-

162 3563 437 3635 rumque
471 3551 841 3640 spirituum
883 3549 1154 3619 hebetat
1200 3549 1606 3639 dignitatem
1633 3603 1648 3629 ,
1705 3562 1777 3617 ut
1814 3551 1880 3617 in
1936 3549 2450 3639 comparatione
2486 3548 2697 3638 Virgi-

163 3633 280 3712 niS,
318 3660 440 3706 nec
475 3640 757 3728 possint.
822 3660 944 3708 nec
994 3637 1290 3709 debeant
1336 3659 1693 3727 apparere.
1739 3643 1832 3707 An
1871 3652 2098 3727 putaS,
2139 3637 2324 3725 quod
2360 3658 2494 3706 non
2530 3658 2700 3706 con-

164 3726 491 3822 tremiscat
532 3740 670 3797 tota
726 3727 1083 3799 rationalis
1132 3738 1442 3796 creatura
1478 3726 1562 3795 ad
1613 3727 2263 3816 contemplationem
2321 3738 2547 3795 tantae
2594 3724 2700 3824 di-

163 3816 472 3895 gnitatis?
518 3816 885 3886 Considera
936 3828 1001 3886 et
1047 3817 1324 3903 quaein
1361 3815 1594 3892 coelis,
1647 3826 1714 3884 et
1745 3837 1922 3902 quae
1966 3817 2033 3884 in
2090 3815 2287 3885 terris
2317 3816 2386 3882 in
2424 3814 2702 3902 Virgine

166 3898 595 3984 refabricata,
665 3910 873 3974 Deum
910 3960 926 3986 ,
979 3907 1098 3992 qui
1149 3904 1415 3973 coelum
1466 3903 1694 3994 palmo
1746 3906 2043 3982 metitur,
2101 3904 2390 3994 virginei
2443 3901 2700 3970 ventris

166 3983 470 4063 brevitate
517 3993 955 4075 conclusum,
1012 3993 1481 4082 redemptione
1533 3993 1923 4072 hominum,
1980 3992 2393 4081 Angelorum
2437 4003 2701 4059 restau-

169 4076 506 4162 rationem,
542 4082 841 4170 denique
870 4083 1203 4170 quicquid
1253 4093 1377 4161 est,
1423 4081 1573 4161 fuit,
1627 4095 1693 4151 et
1739 4081 1888 4161 erit,
1940 4102 2056 4170 per
2086 4080 2388 4170 Virginis
2423 4091 2698 4149 uterum

168 4181 571 4252 renovatum,
624 4185 688 4241 et
739 4186 902 4241 tunc
954 4172 1077 4242 tibi
1125 4171 1447 4261 cogitatio
1495 4183 1841 4261 suggeret,
1887 4169 2069 4257 quod
2110 4169 2364 4238 locutio
2411 4167 2703 4237 demon-

170 4263 365 4326 strare
411 4281 543 4329 non
584 4273 818 4350 potest.
878 4262 1128 4343 Electa,
1186 4259 1433 4346 inquit,
1495 4270 1607 4328 seu
1650 4272 1716 4328 et
1765 4258 2167 4349 praeelecta.
2220 4262 2300 4328 Ut
2348 4256 2483 4339 Sol,
2536 4257 2702 4343 quia

173 4411 454 4508 Μῖῑῐὲἑῑέίωο
475 4420 650 4470 figurae
671 4422 985 4471 explanantur
1005 4421 1179 4472 qulbus
1197 4422 1418 4470 Aurorae,
1438 4419 1600 4465 Lunae.
1619 4420 1726 4469 Soli,
1748 4419 1908 4469 Virque
1924 4419 2059 4465 Iesse,
2089 4417 2371 4458 Aromatfflus
2400 4413 2548 4457 Maria
2576 4426 2706 4458 com-
