3308 5004
198 331 400 400 Aue.
455 334 494 399 7
912 348 991 398 nn
1039 349 1095 398 s.
1148 345 1427 397 nutare
1474 345 1657 396 conr.
1712 346 2065 397 cananum
2552 329 2716 396 205

198 436 300 506 ab
345 457 427 505 ea
477 434 835 504 devotione
884 454 1042 503 eum
1093 432 1392 512 retraxit,
1450 432 1906 521 animumque
1959 433 2152 523 ejuS,
2219 431 2582 523 cujusdam
2632 431 2772 503 foe-

195 525 440 594 minae
489 544 727 594 amore
774 523 1258 592 inflammavit.
1314 521 1437 592 Ille
1487 542 1642 591 vero
1675 542 1748 591 se
1794 520 2097 608 sentiens
2153 521 2389 592 animo
2423 521 2764 603 saucium,

198 613 607 703 postposuit
655 611 1022 705 pristinam
1074 610 1504 681 devotionem
1537 664 1553 692 ,
1606 621 1674 680 et
1720 631 1955 681 secum
2009 611 2246 680 statuit
2299 631 2461 680 cum
2510 630 2591 680 ea
2637 609 2774 680 foe-

198 703 406 772 mina
455 719 655 771 suam
706 699 980 792 explere
1028 698 1419 769 libidinem.
1472 703 1711 787 Itaque
1757 698 2058 787 quodam
2108 698 2221 768 die
2271 697 2579 787 loquitur
2608 721 2770 769 cum

198 813 332 870 ea,
389 790 614 882 aperit
661 789 765 859 illi
831 788 1252 860 voluntatem
1306 809 1504 859 suam
1537 841 1558 870 ,
1614 788 1733 858 illa
1782 809 1855 857 se
1903 798 2290 879 promptam
2342 801 2407 857 et
2461 802 2770 876 paratam

198 879 432 950 offert.
488 884 672 949 Haec
720 900 878 949 vero
926 899 1063 948 non
1117 877 1423 948 latebant
1470 876 1696 947 virum
1748 875 1890 946 Dei.
1933 875 2118 946 Clam
2170 876 2385 967 igitur
2415 876 2499 946 ad
2545 876 2772 947 locum

199 981 555 1040 secretum
607 988 767 1037 eum
817 979 1054 1048 vocat,
1115 966 1412 1057 explicat
1457 966 1518 1035 ei
1569 966 1806 1036 omnia
1852 986 2030 1053 quae
2076 987 2235 1036 cum
2288 964 2578 1035 muliere
2617 987 2774 1056 per—

196 1072 483 1148 petrare
516 1055 986 1126 deliberasset.
1020 1061 1189 1125 Tum
1229 1054 1347 1125 ille
1376 1077 1414 1124 a
1443 1066 1678 1126 sancto
1709 1055 1854 1124 viro
1886 1054 2152 1124 veniam
2187 1053 2373 1144 petit,
2405 1066 2471 1123 et
2500 1053 2619 1124 illo
2650 1075 2772 1144 pro

195 1168 286 1216 eo
336 1157 601 1224 orante,
644 1144 943 1235 priorem
993 1166 1157 1236 erga
1199 1144 1447 1215 Christi
1482 1149 1763 1214 Matrem
1799 1143 2180 1235 virgineam
2224 1142 2353 1214 sibi
2397 1143 2613 1213 sensit
2662 1165 2769 1212 re-

201 1236 523 1308 stitutam
576 1233 1031 1304 devotionem.

297 1327 335 1482 f
384 1329 536 1398 16.
572 1322 851 1392 Volebat
891 1322 996 1391 vir
1029 1321 1143 1391 Dei
1179 1321 1541 1391 hominum
1583 1319 1822 1413 fugere
1867 1320 2349 1408 frequentiam,
2402 1333 2468 1390 et
2505 1319 2767 1391 alicubi

202 1412 295 1482 de
330 1414 633 1482 itescere.
688 1416 926 1500 Itaque
975 1411 1103 1480 iter
1150 1410 1507 1501 ingressus
1554 1422 1658 1480 est
1722 1414 2103 1480 Messanam
2155 1430 2438 1490 versus,
2501 1409 2621 1479 ubi
2670 1421 2774 1480 cst

206 1501 538 1591 Episcopi
586 1499 826 1582 sedeS,
880 1511 1084 1587 atque
1148 1497 1335 1588 apud
1400 1498 1590 1568 illam
1654 1498 1726 1567 in
1776 1498 2126 1587 quoddam
2197 1498 2555 1590 tugurium
2619 1518 2769 1569 sese

206 1589 505 1672 abdidit,
558 1589 890 1660 orationis
929 1603 993 1659 et
1022 1587 1402 1658 devotionis
1432 1591 1669 1658 causa.
1729 1588 1850 1658 Ubi
1900 1608 2058 1658 cum
2096 1586 2245 1657 dies
2284 1586 2549 1675 aliquot
2578 1607 2774 1656 man-

208 1679 439 1759 sisset,
495 1692 561 1748 et
612 1678 849 1748 mortis
896 1699 1063 1748 suae
1111 1689 1385 1768 tempus
1433 1676 1800 1747 adventare
1845 1676 2323 1767 cognovisset,
2377 1676 2568 1767 gravi
2618 1698 2774 1746 cor·

205 1779 453 1859 reptus
504 1767 766 1847 morbo,
814 1766 1079 1857 rogavit
1126 1767 1521 1847 Dominum,
1577 1778 1654 1836 ut
1703 1766 1933 1856 ipsum
1984 1763 2071 1834 ad
2111 1786 2185 1834 se
2212 1786 2495 1835 evocare
2527 1765 2775 1855 digna-

211 1868 434 1926 retur.
490 1856 819 1926 Utebatur
864 1869 1094 1925 autem
1145 1855 1275 1925 hac
1325 1853 1649 1944 precandi
1692 1852 2036 1925 formula:
2091 1876 2127 1920 «
2172 1853 2240 1924 Si
2294 1854 2574 1944 proprio
2625 1853 2772 1924 filio

209 1957 334 2015 tuo
383 1966 521 2015 non
573 1966 795 2026 suam,
850 1943 969 2014 sed
1020 1956 1207 2014 tuam
1263 1943 1605 2014 mandasti
1656 1943 1880 2014 facere
1912 1942 2359 2025 voluntatem,
2407 1965 2541 2013 non
2591 1964 2766 2026 mea,

214 2033 553 2115 Domine,
608 2033 725 2103 sed
775 2047 890 2102 tua
940 2032 1259 2103 voluntas
1306 2033 1446 2102 fiat.
1484 2056 1521 2099 »
1573 2037 1674 2102 Ita
1721 2054 1883 2123 ergo
1933 2031 2049 2101 ille
2098 2032 2165 2101 in
2218 2031 2459 2102 orandi
2512 2031 2776 2102 fervore

209 2121 511 2213 positus,
558 2133 623 2192 et
668 2122 869 2210 quasi
919 2121 1168 2192 mentis
1214 2121 1534 2192 ecstasim
1589 2122 1881 2212 patiens,
1935 2119 2200 2191 audivit
2232 2142 2464 2192 vocem
2501 2121 2771 2209 ejusce·

216 2211 463 2280 modi:
518 2211 761 2281 Anima
794 2222 911 2281 tua
960 2211 1029 2279 in
1072 2222 1466 2280 sanctorum
1520 2209 1999 2281 Confessorum
2051 2211 2475 2279 consortium
2527 2210 2777 2280 admit-

215 2311 422 2382 tetur,
477 2299 754 2391 gaudiis
788 2312 1117 2391 perpetuo
1164 2298 1518 2369 duraturis
1567 2299 1885 2370 fruitura.
1943 2298 2269 2381 Quamvis
2316 2320 2480 2389 ergo
2520 2321 2775 2389 magna

211 2400 391 2458 esset
430 2400 632 2458 antea
660 2411 834 2459 usus
869 2387 1198 2479 precandi
1237 2388 1667 2469 assiduitate,
1709 2399 1778 2458 at
1810 2410 1997 2458 nunc
2031 2409 2235 2477 porro
2272 2387 2540 2458 diutius
2575 2388 2645 2455 in
2688 2409 2770 2456 ea

218 2477 701 2568 perseveravit.
744 2477 1036 2568 Legebat
1069 2498 1191 2568 pro
1247 2477 1557 2548 betarum
1588 2475 1894 2558 oracula,
1932 2475 2166 2546 divina
2200 2477 2271 2545 in
2311 2476 2412 2546 eis
2449 2476 2775 2566 mysteria

219 2566 734 2657 contemplans,
789 2566 1130 2654 dulceque
1179 2566 1279 2636 ili
1326 2579 1470 2637 erat
1517 2588 1679 2638 cum
1730 2565 2170 2637 sanctissima
2218 2564 2335 2634 Dei
2386 2570 2593 2660 Matre
2644 2566 2768 2633 mi-

217 2677 408 2725 scere
456 2654 823 2743 colloquia.
861 2650 1157 2725 Cernens
1188 2670 1416 2726 autem
1462 2678 1673 2746 prope
1701 2655 1942 2725 adesse
1974 2666 2359 2724 extremum
2394 2654 2569 2724 vitae
2605 2675 2771 2725 suae

213 2744 425 2826 diem,
480 2744 727 2814 accivit
774 2744 858 2814 ad
902 2767 973 2814 se
1023 2750 1309 2826 Fratres,
1365 2756 1430 2815 et
1475 2744 1789 2846 exemplo
1837 2755 2233 2814 sanctorum
2291 2746 2597 2824 Patrum,
2640 2743 2773 2811 mi·-

217 2833 487 2903 tissima
521 2852 681 2903 voce
728 2855 846 2903 eos
892 2832 1343 2924 compellans,
1402 2834 1638 2925 Cupie,
1679 2834 1925 2921 inquit,
1980 2833 2279 2912 dissolvi,
2333 2843 2396 2901 et
2444 2854 2581 2900 csse
2622 2854 2773 2900 cum

222 2922 532 2993 Christo:
584 2920 989 3011 addiditque
1037 2935 1386 3010 tamquam
1437 2923 1858 2992 vaticinans:
1914 2944 1950 2988 «
1984 2920 2279 3011 Hocipso
2318 2920 2431 2989 die
2481 2919 2772 3013 spiritus

221 3031 423 3080 meus
470 3032 508 3080 e
554 3010 787 3080 carnis
833 3011 1180 3102 ergastulo
1230 3012 1659 3092 liberabitur,
1715 3010 1893 3082 etad
1930 3010 2326 3090 Dominum,
2366 3008 2488 3097 qui
2522 3010 2777 3081 creavit

219 3119 377 3169 eum
412 3153 427 3180 ,
487 3098 849 3190 dirigetur.
922 3100 1173 3169 Eodem
1222 3113 1450 3170 autem
1503 3100 1834 3191 temporis
1884 3112 2140 3190 puncto
2189 3120 2465 3169 mecum
2517 3097 2774 3189 pariter

220 3187 592 3283 emigrabit
641 3209 835 3258 soror
882 3211 1127 3258 mea.»
1178 3194 1366 3272 Quae
1396 3188 1680 3277 quidam
1718 3188 1951 3259 aberat
2000 3209 2040 3256 a
2089 3187 2260 3269 loce,
2316 3188 2383 3258 in
2436 3208 2575 3275 quo
2626 3200 2774 3258 tum

223 3290 368 3346 erat
401 3276 506 3345 vir
538 3288 845 3358 sanctus,
885 3277 967 3346 ad
1004 3277 1299 3348 ducenta
1329 3290 1394 3347 et
1419 3278 1771 3368 sexaginta
1804 3275 2152 3347 milliaria.
2194 3281 2776 3367 Compertumque

220 3378 320 3434 est
355 3377 614 3455 postea,
655 3364 740 3435 de
770 3366 924 3452 ejus
962 3366 1158 3437 obitu
1191 3388 1348 3437 vera
1396 3367 1746 3438 Albertum
1783 3364 2230 3458 praedixisse.

304 3456 342 3541 ξ
390 3456 527 3527 12.
582 3454 837 3524 Deinde
883 3466 1119 3525 orante
1166 3448 1285 3525 illo
1333 3467 1394 3526 et
1445 3456 1744 3546 graviter
1808 3455 2206 3534 laborante,
2269 3459 2536 3523 Fratres
2582 3454 2772 3544 apud

226 3540 423 3611 illum
478 3542 537 3610 vi
592 3541 877 3624 ilabant,
913 3557 978 3613 et
1026 3545 1348 3633 precibus
1398 3545 1545 3615 suis
1591 3545 1898 3614 animam
1949 3544 2103 3633 ejus
2154 3548 2283 3613 Deo
2326 3542 2775 3613 commenda-

222 3630 412 3700 bant.
470 3635 560 3700 Su
660 3631 900 3702 horam
952 3645 1179 3703 autem
1230 3635 1687 3725 vespertinam
1725 3633 2027 3703 sentiens
2067 3631 2435 3702 imminere
2463 3633 2774 3721 corporis

227 3717 780 3820 dissoluti-onem,
816 3721 918 3791 vir
956 3734 1238 3792 sanctus
1289 3723 1356 3791 in
1407 3744 1633 3813 genua
1684 3744 1757 3792 se
1805 3721 2172 3802 submittit,
2224 3733 2289 3791 et
2325 3742 2560 3791 coram
2613 3725 2774 3791 Fra-

225 3808 449 3878 tribus
497 3829 596 3878 sic
643 3821 826 3880 orat:
886 3835 911 3873 c
955 3811 1238 3880 Domine
1281 3812 1445 3882 Jesu
1506 3811 1814 3892 Christe,
1867 3811 1987 3897 qui
2050 3821 2300 3880 cuncta
2359 3809 2655 3889 creasti,
2710 3821 2777 3879 et

224 3897 458 3966 omnia
511 3918 632 3985 pro
679 3911 794 3968 tua
843 3898 1191 3969 voluntate
1251 3899 1696 3990 disposuisti,
1750 3920 2253 3986 conservaeque
2308 3920 2388 3967 ea
2436 3897 2777 3997 sapientia

229 3996 291 4054 et
316 3984 746 4076 providentia
779 3999 918 4067 tua,
950 4008 1275 4058 conserva
1325 3989 1626 4058 animam
1664 4010 1886 4058 meam
1919 3987 2253 4057 ineffabili
2293 3985 2774 4056 misericordia

232 4084 345 4143 tua
381 4097 395 4141 :
453 4076 644 4144 tuere
691 4075 882 4145 illam
916 4077 1003 4146 ab
1037 4076 1229 4147 hoste
1277 4077 1605 4169 maligno,
1652 4093 1719 4146 et
1753 4075 2011 4168 perduc
2039 4097 2192 4145 eam
2239 4076 2312 4144 in
2346 4074 2774 4145 consortium

235 4161 597 4233 electorum
641 4176 943 4235 tuorum.
981 4188 1017 4231 »
1068 4164 1323 4234 Deinde
1364 4165 1526 4257 legit
1555 4166 1906 4236 Psalmum
1943 4189 1956 4232 ε
2010 4170 2208 4243 Deus,
2249 4166 2320 4233 in
2356 4165 2620 4234 nomine
2662 4176 2776 4233 tuo

233 4253 490 4320 salvum
528 4275 632 4323 me
663 4256 775 4342 fac
804 4279 826 4322 .·
878 4255 990 4324 cui
1040 4254 1356 4344 adjunxit
1389 4254 1767 4336 Psalmum,
1803 4258 1884 4323 In
1915 4266 1974 4323 te
2009 4256 2279 4324 Domine
2316 4256 2607 4344 speravi.
2650 4253 2776 4324 Illo

233 4338 567 4423 absolute,
619 4363 777 4412 cum
829 4343 1113 4414 dixisset
1160 4343 1365 4413 semel
1417 4344 1793 4413 orationem
1849 4342 2319 4424 Dominicam,
2366 4354 2432 4413 et
2486 4342 2594 4412 bis
2643 4349 2776 4412 An-

236 4427 529 4518 gelicam,
572 4431 1092 4514 salutationem,
1150 4432 1393 4504 iterum
1460 4433 1727 4523 repetiit
1788 4432 2139 4504 Psalmum
2176 4488 2191 4515 ,
2247 4435 2322 4501 In
2379 4443 2444 4502 te
2491 4433 2776 4502 Domine
