3308 5004
203 368 511 435 ‚infixas
1106 384 1185 431 nn
1223 383 1280 432 s.
1333 382 1534 432 emax
1581 383 1837 432 vmcnm
2527 370 2646 435 29⁴

204 477 524 543 Succurre
571 479 808 539 sancta
859 469 1076 550 Clara,
1131 489 1497 540 succurre:
1545 468 1669 538 tibi
1720 468 1790 537 in
1820 468 1951 540 hac
1998 470 2168 541 hora
2201 470 2506 561 puellam
2541 472 2745 542 istam

203 557 617 631 commendo.
671 563 832 648 Ipsa
892 558 1236 645 denique,
1293 555 1611 627 mirabile
1671 556 1911 640 dictu,
1980 581 2159 648 quae
2222 559 2370 651 lupi
2418 560 2747 633 dentibus

201 648 608 741 portabatur,
659 660 896 717 contra
927 647 1176 738 lupum
1207 646 1576 728 invehitur,
1629 646 1896 718 dicens:
1932 648 2243 718 Portabis
2283 671 2391 720 me
2440 663 2513 720 tu
2564 650 2747 721 latro

200 737 499 829 ulterius,
551 747 778 806 tantae
810 736 1061 829 virgini
1105 735 1711 825 commendatam?
1757 740 1904 820 Qua
1954 738 2339 807 invectione
2369 739 2737 823 confusuS,

205 826 492 985 Euellam
540 825 771 896 statim
820 825 896 895 in
944 839 1192 896 terram
1253 823 1549 895 molliter
1598 825 1851 915 posuit,
1904 836 1969 896 et
2026 827 2233 914 quasi
2279 826 2749 920 latro-depre-

246 938 473 996 ensuS,
527 914 776 984 festine
823 914 1168 985 discessit.

281 1006 314 1092 ἓ
363 1008 519 1078 48.
573 1003 939 1075 Residente
986 1016 1214 1074 autem
1263 1002 1337 1072 in
1386 1001 1547 1093 sede
1592 1001 1774 1074 beati
1822 1003 2000 1073 Petri
2033 1002 2414 1076 Alexandro
2441 1011 2522 1076 lv
2571 1005 2741 1077 dum

205 1093 436 1164 horum
476 1092 903 1163 mirabilium
951 1092 1186 1163 relatio
1233 1102 1576 1173 curreret,
1623 1103 1689 1162 et
1727 1091 1812 1161 de
1859 1091 1970 1162 die
2019 1088 2090 1165 in
2139 1092 2327 1163 diem
2375 1093 2559 1165 sama
2609 1096 2749 1165 vir-

203 1196 412 1254 tutum
465 1181 755 1272 virginis
803 1181 1013 1252 latius
1086 1182 1473 1263 insonaret,
1526 1181 2118 1251 canonizationem
2167 1194 2398 1253 tantae
2454 1184 2559 1253 vir
2611 1183 2748 1256 inis

202 1273 337 1372 ipse
374 1271 524 1362 jam
564 1269 870 1341 mundus
909 1293 1073 1342 cum
1121 1269 1466 1341 desiderio
1520 1271 1942 1361 expectabat.
2006 1271 2243 1342 Dictus
2290 1272 2521 1361 itaque
2621 1295 2750 1344 on·-

203 1361 373 1442 tlsex,
431 1371 777 1430 tantorum
836 1360 1041 1429 turba
1100 1358 1463 1450 signorum
1511 1361 1713 1447 quasi
1764 1382 1833 1429 re
1895 1360 2171 1430 insolita
2224 1362 2560 1432 excitatus
2592 1415 2608 1443 ,
2663 1361 2750 1445 de

200 1449 706 1520 canonizatione
738 1449 889 1540 ejus
919 1470 1060 1518 una
1091 1471 1253 1518 cum
1287 1447 1771 1519 Cardinalibus
1801 1449 2025 1540 coepit
2058 1449 2312 1520 habere
2345 1461 2739 1522 tractatum.

201 1538 728 1609 Committuntur
777 1538 1091 1629 pel-sonis
1145 1536 1574 1608 solemnibus
1611 1550 1679 1607 et
1736 1537 2055 1609 discretis
2101 1538 2565 1609 examinanda
2614 1539 2748 1608 mi-

202 1627 453 1709 racula,
507 1628 680 1697 vitae
727 1647 1007 1715 quoque
1060 1626 1410 1728 magnalia
1456 1625 1893 1697 discutienda
1942 1625 2335 1697 traduntur.
2390 1627 2752 1698 Invenitur

201 1716 405 1798 Clara,
460 1714 628 1787 dum
671 1714 944 1798 viveret,
1003 1736 1321 1786 omnium
1371 1715 1702 1785 virtutum
1744 1716 2065 1786 exercitio
2105 1717 2507 1807 conspicua:
2557 1717 2751 1787 inve-

202 1805 379 1876 nitur
427 1818 580 1896 post
628 1805 997 1875 transitum
1047 1805 1225 1874 veris
1271 1814 1337 1874 ct
1387 1805 1692 1894 probatis
1742 1804 2102 1875 miraculis
2134 1805 2587 1876 admiranda.
2629 1806 2751 1876 Die

198 1896 372 1963 enim
413 1894 506 1963 ad
559 1893 689 1963 hoc
737 1905 1034 1975 statuta,
1089 1916 1253 1964 cum
1300 1906 1535 1964 coetus
1584 1893 2056 1964 Cardinalium
2105 1895 2561 1976 convenisset,
2626 1898 2749 1964 Ar-

199 1983 796 2074 chiepiscoporum
847 1995 914 2053 et
963 1982 1461 2083 Episcoporum
1504 1995 1883 2054 conventus
1921 1983 2213 2065 adesset,
2270 1984 2442 2054 Cleri
2504 1983 2746 2054 concio

200 2094 271 2141 ac
319 2072 797 2163 religiosorum
826 2127 841 2154 ,
896 2072 1316 2162 sapientium
1354 2092 1628 2158 quoque
1676 2084 1741 2141 et
1779 2083 2140 2229 ‘potentum
2209 2072 2513 2162 plurima
2560 2073 2743 2142 mul-

203 2160 411 2231 titudo
483 2162 861 2231 assisteret:
930 2183 1206 2232 summo
1253 2159 1581 2229 Pontifice
1646 2159 1774 2229 illu
1898 2161 2177 2231 salubre
2248 2162 2603 2253 negotium
2678 2162 2751 2231 in

202 2250 503 2320 medium
553 2261 1001 2342 proponente,
1058 2271 1138 2319 ac
1206 2248 1671 2318 Praelatorum
1711 2249 2063 2340 judicium
2120 2250 2753 2331 sciscitante,·uni-

201 2339 369 2408 versi
418 2354 738 2430 prompto
777 2338 1004 2411 favore
1043 2340 1457 2430 propensius
1484 2350 1895 2420 annuentes,
1931 2339 2193 2408 Claram
2232 2339 2477 2410 dicunt
2524 2338 2751 2430 gloria

200 2428 657 2498 coronandam
683 2429 756 2497 in
792 2428 1013 2509 terris,
1051 2448 1259 2516 quam
1307 2432 1479 2497 Deus
1517 2426 1928 2530 glorificavit
1965 2428 2035 2496 in
2066 2428 2377 2499 excelsis.
2433 2434 2748 2498 Instante

200 2539 348 2587 vero
396 2518 512 2588 die
558 2518 992 2609 migrationis
1030 2519 1181 2609 ejus
1218 2516 1305 2586 ad
1359 2520 1762 2598 Dominum,
1814 2517 2091 2588 duobus
2136 2518 2341 2587 annis
2380 2518 2468 2588 ab
2516 2517 2744 2607 ipsius

203 2607 492 2678 transitu
539 2607 886 2690 revolutis»,
939 2606 1401 2677 Praelatorum
1469 2618 1534 2676 et
1582 2606 1789 2677 totius
1848 2607 2039 2690 Cleri,
2082 2606 2530 2677 multitudine
2576 2629 2746 2676 con-

203 2707 451 2778 vocata,
493 2718 809 2768 sermone
853 2718 1129 2785 quoque
1180 2695 1593 2786 praemiss0‚
1647 2694 1810 2765 felix
1856 2695 2270 2778 Alexander,
2322 2696 2439 2766 cui
2487 2696 2656 2765 haec
2706 2718 2748 2765 a

203 2787 486 2855 Domino
514 2784 737 2855 fuerat
782 2786 1003 2877 gratia
1058 2794 1420 2864 reservata,
1463 2805 1624 2854 cum
1673 2784 2067 2856 celebritate
2114 2785 2541 2876 permaxima
2587 2806 2748 2854 san-

204 2884 460 2945 ctorum
497 2875 805 2965 catalogo
838 2874 1104 2945 Claram
1156 2884 1537 2943 reverenter
1568 2874 1960 2964 adscripsit,
2006 2872 2259 2945 festum
2291 2874 2445 2965 ejus
2493 2872 2746 2946 solem-

204 2962 370 3033 niter
416 2964 493 3033 in
544 2975 679 3034 tota
713 2964 1013 3034 Ecclesia
1046 2962 1535 3034 celebrandum
1568 2964 1890 3045 instituit,
1925 2975 2129 3051 atque
2162 2963 2308 3054 ipse
2348 2963 2544 3054 prius
2583 2984 2747 3032 cum

207 3061 331 3121 tota
363 3053 571 3122 Curia
617 3052 1125 3124 solemnissime
1177 3051 1566 3122 celebravit.
1619 3056 1781 3123 Acta
1852 3064 2015 3123 sunt
2059 3067 2289 3123 autem
2338 3053 2508 3122 haec
2555 3050 2748 3143 apud

208 3141 580 3230 Anagniam
611 3142 682 3212 in
713 3142 1002 3214 ecclesia
1050 3142 1319 3233 majori,
1372 3163 1554 3212 anno
1602 3142 1998 3213 Dominicae
2046 3141 2544 3212 incarnationis
2593 3140 2749 3210 mil-

209 3225 442 3300 lesimo
512 3230 987 3302 ducentesimo
1046 3231 1909 3321 quinquagesimoquintO,
1979 3232 2425 3302 Pontificatus
2472 3230 2747 3300 Domini

208 3315 556 3388 Alexandri
606 3326 828 3411 Papae
865 3325 948 3390 lv
980 3342 1164 3390 anno
1202 3321 1463 3412 primo:
1518 3320 1605 3390 ad
1656 3320 1938 3391 laudem
1979 3320 2252 3390 Domini
2304 3320 2519 3390 nostri
2574 3324 2744 3389 Jesu

212 3405 471 3489 Christi,
526 3409 648 3496 qui
697 3432 857 3479 cum
891 3415 1085 3480 Patre
1117 3421 1183 3481 et
1221 3409 1480 3501 Spiritu
1505 3415 1753 3482 Sancto
1800 3410 1962 3480 vivit
1992 3421 2058 3481 et
2106 3422 2345 3500 regnat
2391 3410 2463 3478 in
2513 3407 2749 3478 secula

216 3497 621 3580 seculorum,
686 3503 925 3569 Amen.
