3308 5004
140 342 324 410 ΔΗΕ.
372 341 461 408 28
681 361 761 409 on
808 361 863 408 s.
918 360 1276 409 Aucusnno
1322 360 1523 410 tusc.
1575 361 1654 409 ιι·
1698 360 1874 410 mci..
1925 360 2105 410 socr.
2451 344 2583 410 683

139 444 249 525 iis,
288 444 412 532 qui
458 442 750 515 oderunt
791 466 1055 535 pacem,
1106 457 1299 515 erant
1352 444 1663 537 pacifici,
1716 456 1782 515 ct
1826 467 1986 515 cum
2037 445 2504 534 loquerentur,
2555 444 2673 516 de·-

138 533 576 605 bell'abantur
616 534 835 626 gratis
872 535 961 603 ab
993 534 1119 604 eis.

224 628 370 698 ss.
424 621 795 710 Aliquoties
841 644 999 693 vero
1044 623 1248 694 etiam
1299 623 1444 693 vias
1491 622 1740 698 armati
1802 621 2011 693 iidem
2067 623 2674 694 Circumceliiones

135 713 372 782 contra
418 710 758 781 famulum
802 712 918 783 Dei
949 713 1407 803 Augustinum
1458 711 1899 792 obsederunt,
1953 711 2121 782 dum
2163 711 2335 781 fior-te
2388 712 2516 783 iret
2561 734 2674 794 ro·

225 812 334 871 tus
364 800 451 869 ,ad
485 800 862 870 visitandas
911 800 1489 888 instruendasque
1536 813 1602 870 et
1624 801 2088 872 exhortandas
2120 798 2496 870 catholicas
2530 801 2675 892 ple-

136 822 300 960 ἔξει
351 889 535 977 quod
587 889 734 980 ipse
795 890 1348 977 frequentissime
1403 889 1718 959 faciebat.
1772 894 1847 959 Et
1910 889 2287 978 aliquando
2333 889 2516 960 conti
2573 890 2666 973 ‘t,

139 989 214 1047 ut
248 978 346 1047 illi
384 979 877 1049 succenturiati
919 979 1250 1050 hacteuus
1280 979 1641 1069 perderent
1665 979 2057 1069 captionem
2085 1003 2104 1046 t
2133 979 2360 1048 evenit
2388 980 2507 1066 qui
2560 999 2670 1052 em

138 1066 253 1136 Dei
303 1067 749 1159 providentia,
788 1068 904 1137 sed
952 1068 1261 1138 ductoris
1311 1067 1613 1138 hominis
1658 1088 1911 1150 errore,
1964 1079 2040 1138 ut
2088 1087 2210 1160 per
2244 1066 2454 1137 aliam
2489 1069 2667 1142 viam

131 1178 292 1226 cum
343 1157 491 1227 suis
536 1157 907 1227 comitibus
946 1157 1263 1227 sacerdos
1308 1178 1446 1246 quo
1501 1156 1844 1238 tendebat,
1897 1155 2240 1236 venisset,
2295 1168 2502 1243 atque
2555 1176 2676 1246 per

132 1244 323 1316 hunc
358 1300 373 1328 ,
432 1267 635 1333 quem
701 1260 931 1337 postea
978 1246 1318 1336 cognovit,
1366 1266 1696 1326 errorem,
1737 1266 1986 1315 manus
2017 1244 2269 1336 impias
2316 1244 2668 1314 evasisset.

130 1338 214 1404 Et
268 1355 427 1404 cum
496 1334 566 1404 iu
614 1335 939 1404 omnibus
986 1334 1333 1405 liberatori
1390 1339 1518 1404 Deo
1566 1334 1826 1424 gratias
1869 1334 2171 1423 egisset,
2225 1332 2329 1403 ilii
2387 1332 2673 1404 omuino

128 1444 263 1494 suo
310 1443 499 1492 more
550 1445 673 1492 nec
721 1423 918 1493 laicis
964 1445 1092 1494 nec
1139 1423 1407 1493 clericis
1470 1435 1963 1513 pepercerunt,
2017 1422 2197 1492 sicut
2245 1421 2526 1512 publica
2572 1433 2673 1492 te-

130 1523 406 1583 stantur
450 1524 663 1603 gesta.
727 1517 991 1582 Interea
1054 1511 1398 1582 silendum
1449 1533 1585 1583 non
1632 1523 1787 1592 est,
1837 1510 2019 1598 quod
2067 1511 2155 1580 ad
2211 1509 2488 1580 laudem
2555 1510 2672 1580 Dei

129 1622 259 1692 per
303 1599 492 1670 illius
556 1615 691 1670 tam
743 1601 998 1692 egregii
1050 1602 1118 1669 in
1168 1600 1453 1670 ecclesia
1518 1599 1643 1669 viri
1693 1599 2049 1682 studium,
2117 1599 2510 1686 domusque
2559 1599 2671 1668 Dei

124 1689 354 1759 zelum
391 1743 406 1768 ,
457 1688 787 1759 adversus
852 1690 1233 1780 praedictos
1283 1688 1808 1778 rebaptizatores
1858 1689 2241 1759 Donatistas
2290 1700 2558 1778 gestum
2607 1700 2675 1758 et

126 1777 508 1870 perfectum
558 1789 682 1848 est.
735 1783 902 1849 Cum
952 1778 1121 1848 forte
1167 1799 1399 1857 unus,
1453 1799 1535 1846 ex
1582 1778 1669 1847 iis
1714 1799 1889 1865 quos
1934 1777 2022 1847 de
2077 1799 2204 1848 suo
2255 1776 2673 1848 monasterio

127 1879 195 1937 et
241 1865 427 1937 clero
475 1867 851 1958 Episcopus
897 1867 1225 1937 ecclesiae
1271 1878 1790 1969 propagaverat,
1842 1865 1926 1934 ad
1980 1888 2175 1936 suam
2228 1886 2467 1936 curam
2568 1886 2665 1934 er·

124 1956 459 2025 tinentem
512 1955 931 2026 calamensis
969 1955 1297 2026 ecclesiae
1343 1955 1709 2026 dioecesim
1765 1954 2088 2035 visitaret,
2142 1967 2221 2025 ut
2265 1975 2444 2042 quae
2537 1953 2674 2022 idi-

126 2057 321 2113 cerat
369 2065 491 2135 pro
538 2067 704 2136 pace
766 2045 1105 2116 Ecclesiae
1142 2099 1157 2128 ,
1229 2058 1466 2114 contra
1529 2044 1724 2114 illam
1787 2044 2143 2118 haeresim.
2191 2042 2666 2134 praedicarett

127 2131 389 2202 factum
437 2147 561 2214 est,
615 2147 691 2204 ut
737 2134 805 2202 in
847 2134 1070 2204 medio
1100 2134 1364 2213 itinere,
1414 2156 1577 2202 cum
1608 2153 1852 2202 eorum
1905 2133 2197 2203 insidias
2237 2132 2667 2211 incurrisset,

126 2242 213 2290 ae
298 2242 334 2290 e
380 2243 534 2291 cum
585 2222 912 2293 omnibus
958 2245 1030 2292 se
1075 2223 1570 2292 comitantibus
1613 2222 1946 2302 evaserit,
2002 2222 2334 2309 injuriam
2389 2235 2617 2289 tamen
2647 2273 2667 2300 ,

127 2309 221 2379 ab
251 2311 378 2380 atis
416 2333 536 2401 per
570 2311 703 2381 vim
746 2312 1085 2400 jumentis
1134 2311 1426 2398 aliisque
1463 2311 1712 2386 rebus,
1766 2311 2170 2400 gravissime
2218 2309 2526 2377 affectus.
2581 2312 2674 2377 De

122 2420 266 2487 qua
303 2421 395 2479 re,
434 2421 518 2469 ne
552 2401 740 2490 pacis
778 2399 1105 2470 ecclesiae
1136 2400 1440 2490 amplius
1466 2397 1919 2488 impediretur
1948 2398 2314 2487 profectuS,
2354 2396 2674 2465 defensor

118 2487 458 2565 ecclesiae
493 2490 670 2559 inter
696 2489 882 2580 leges
933 2511 1064 2559 non
1119 2487 1332 2559 siluit.

217 2579 254 2735 ῗ
302 2583 448 2650 18.
504 2583 582 2647 Et
630 2591 1037 2669 praeceptus
1101 2591 1202 2648 est
1251 2576 1607 2666 Crispinus
1640 2630 1657 2658 ,
1759 2576 1832 2644 ui
1881 2574 2127 2645 iisdem
2182 2574 2551 2644 Donatistis
2596 2572 2669 2642 in

119 2672 211 2736 Ca
248 2668 510 2738 amensi
546 2667 814 2738 civitate
846 2680 910 2737 ct
958 2668 1234 2758 regione
1284 2666 1665 2756 Episcopus
1742 2665 1865 2744 uit,
1931 2663 2364 2754 praedicator
2409 2662 2674 2731 scilicet

114 2755 370 2834 salsus,
420 2767 487 2823 ct
534 2755 733 2824 inulti
785 2758 1113 2846 temporis
1160 2756 1433 2837 doctor,
1484 2752 1567 2822 ad
1625 2752 1953 2825 mulctam
2006 2753 2219 2822 teneri
2269 2750 2613 2820 aurariam
2651 2804 2666 2829 ‚

102 2842 432 2936 publicis
480 2841 749 2932 legibus
780 2857 1017 2915 contra
1068 2844 1442 2914 haereticos
1491 2842 1960 2911 constitutam.
2015 2842 2145 2924 Qui
2191 2839 2540 2909 resultans
2577 2838 2674 2907 le·

108 2932 358 3025 gibus.
406 2953 570 3000 cum
625 2947 1096 3023 praesentatus
1142 2932 1329 3023 apud
1381 2929 1868 3001 Proconsulem
1919 2951 1991 2999 se
2049 2942 2327 3031 negaret
2375 2927 2669 2997 baereti-

106 3040 315 3098 cum,
370 3020 604 3090 oborta
654 3035 758 3091 est
810 3023 1198 3100 necessitas,
1254 3033 1327 3090 ut
1356 3020 1483 3102 illi,
1525 3019 1881 3091 recedente
1914 3018 2253 3088 Eccles1ae
2286 3015 2665 3098 defensore,

111 3133 156 3181 a
215 3107 557 3178 catholico
623 3112 958 3201 Episcopo
1007 3112 1476 3184 resisteretur.
1529 3121 1595 3177 et
1640 3107 2206 3187 convinceretur,
2259 3127 2418 3185 eum
2463 3124 2664 3185 esse,

104 3195 311 3286 quod
350 3219 422 3265 se
461 3197 671 3275 fuisse
703 3210 1065 3290 negaverat
1098 3221 1112 3265 :
1168 3198 1504 3282 Quoniam
1534 3198 1598 3266 si
1632 3220 1670 3266 a
1712 3196 2055 3266 catholieo
2084 3193 2665 3273 dissimularetur,

106 3287 299 3358 forte
347 3286 734 3357 catholicus
784 3289 1185 3377 EpiscopuS,
1240 3286 1359 3375 qui
1406 3298 1555 3355 erat
1604 3286 2012 3365 haereticuS,
2076 3284 2495 3362 crederetur,
2552 3282 2672 3351 illo

106 3398 219 3455 se,
282 3374 464 3461 quod
517 3389 682 3455 erat,
737 3391 1052 3467 negante,
1108 3387 1311 3464 atque
1360 3375 1450 3444 ita
1500 3397 1579 3442 ex
1626 3374 1758 3444 hac
1806 3373 2073 3445 desidia
2121 3372 2423 3442 infirmis
2468 3393 2673 3440 scan-

104 3463 368 3535 dalum
422 3477 840 3534 nasceretur.
896 3470 973 3533 Et
1018 3478 1183 3534 tunc
1250 3462 1680 3532 memorabili
1741 3464 2123 3552 Augustino
2175 3461 2476 3532 antistite
2518 3480 2673 3529 om·-

106 3550 431 3624 nimodis
481 3552 798 3633 instante,
851 3553 935 3623 ad
987 3553 1520 3623 controversiam
1585 3551 1791 3622 ambo
1839 3552 1973 3641 ipsi
2035 3551 2469 3622 calamenses
2517 3547 2673 3638 Epi-

104 3640 372 3731 scopi,
428 3641 818 3711 catholicus
877 3643 1138 3712 scilicet
1203 3654 1268 3712 et
1332 3640 1764 3720 haereticus;
1828 3653 2209 3722 venerunt,
2273 3652 2340 3708 et
2383 3638 2470 3706 de
2520 3638 2672 3728 ipsa

104 3732 399 3800 diversa
437 3731 927 3800 communione
975 3732 1174 3801 tertio
1216 3730 1548 3799 conflictu
1596 3749 1827 3798 secum
1879 3741 2209 3819 eger-unt,
2255 3747 2502 3817 magna
2553 3747 2673 3815 po·-

112 3819 453 3911 pulorum
518 3819 1065 3889 Christianorum
1134 3817 1579 3888 multitudine
1649 3838 1901 3887 causac
1971 3818 2227 3887 exitum
2267 3872 2282 3896 ,
2347 3827 2418 3884 et
2481 3812 2668 3904 autad

108 3906 632 3998 Carthaginem,
667 3921 733 3977 et
758 3930 880 3997 per
910 3919 1116 3978 totam
1152 3907 1443 3976 Africam
1477 3917 1896 3995 expecta-nte:
1933 3919 2139 3994 atque
2172 3904 2287 3974 ille
2318 3901 2673 4004 Crispinus

118 3996 610 4086 proconsulari
658 4010 724 4066 et
772 3996 1065 4065 libellari
1133 3995 1493 4066 sententia>
1523 4007 1627 4063 est
1677 3996 2177 4085 pronunciatus
2236 3995 2667 4062 haereticus:

121 4090 397 4169 Proque
437 4085 554 4154 illo
602 4085 786 4175 apud
838 4086 1259 4176 cognitorem
1308 4082 1692 4153 catholicus
1721 4085 2103 4185 Episcopus
2138 4081 2542 4158 intercessit.
2588 4099 2675 4148 ne

118 4173 414 4242 auraria
462 4173 676 4244 multa
724 4175 1130 4276 exigeretur,
1186 4185 1252 4242 et
1295 4173 1357 4242 ei
1389 4171 1801 4241 beneficium
1843 4184 1945 4241 est
1978 4183 2443 4261 impetratum.
2484 4166 2674 4240 Unde

110 4282 291 4331 cum
329 4262 640 4351 ingratus
672 4264 757 4332 ad
796 4264 1189 4353 piissimum
1232 4261 1610 4352 principem
1650 4274 2106 4349 provocasset,
2138 4261 2225 4329 ab
2257 4265 2674 4349 Imperatore

113 4361 231 4421 est
283 4371 684 4441 responsum
737 4366 805 4422 et
850 4363 1349 4439 consequenter
1400 4363 1890 4440 praeceptum,
1948 4349 2142 4419 nullo
2192 4370 2475 4440 prorsus
2526 4347 2674 4416 loco

108 4438 509 4511 haereticos
559 4441 941 4512 Donatistas
987 4463 1135 4511 esse
1174 4439 1444 4519 debere,
1495 4450 1562 4507 et
1590 4459 1708 4507 eos
1736 4437 1821 4507 ad
1859 4437 1995 4511 vim
2042 4437 2271 4529 legum
2321 4435 2668 4518 omnium,
