3308 5004
164 350 346 419 AUG.
402 351 489 419 27
798 368 880 419 nt
927 369 984 417 s.
1037 365 1311 417 stoacio
1356 365 1525 417 nuc.
1576 369 1656 417 ar
1702 365 1903 417 socus
1951 366 2067 416 ιι.
2497 348 2625 416 645

209 452 430 524 arvuli
465 452 780 524 foventur
811 466 1172 544 parentum
1208 452 1576 534 industria,
1621 473 1747 522 nec
1785 452 2171 523 educantur
2209 451 2444 523 cuncti
2473 473 2712 523 eorum

189 544 420 614 abore.
471 548 639 614 Nam
688 541 814 612 etsi
860 564 1099 613 eorum
1152 542 1426 614 solertia
1475 562 1979 629 nonnunquam
2030 541 2205 611 bene
2237 542 2710 624 enutriuntur,

162 631 333 703 solet
385 643 611 702 tamen
676 630 970 712 evenire,
1024 642 1109 702 ut
1156 653 1283 702 suo
1342 643 1576 722 postea
1624 630 2088 721 depraventur
2134 629 2331 711 vitio,
2385 641 2718 720 ponentes

162 720 387 791 lucem
440 720 778 802 tenebras,
814 731 880 790 et
910 719 1114 792 dulce
1163 719 1231 789 in
1264 742 1607 790 amarum.
1636 723 2068 811 Quapropter
2096 718 2501 789 committite
2531 719 2714 790 filias

164 823 423 881 vestras
469 808 745 879 divinae
786 820 1052 880 tantum
1093 807 1626 889 misericordiae,
1681 822 1757 879 ut
1804 821 2036 879 votum
2088 819 2389 878 vestrum
2453 807 2716 879 nullius

165 898 606 989 obligationis
655 897 932 968 vinculo
978 909 1343 979 retentum,
1394 919 1470 968 ea
1515 896 1829 986 juvante,
1874 917 2360 967 consummare
2403 897 2710 986 possitis.

253 990 289 1075 §
332 991 415 1059 8.
460 986 680 1077 Igitur
723 1007 885 1057 cum
939 1007 1106 1067 nos,
1158 984 1473 1074 quandiu
1549 985 1669 1057 illa
1722 983 2160 1056 horribilium
2212 983 2517 1056 claustra
2562 1006 2716 1055 car-

162 1097 400 1146 cerum
453 1076 777 1157 habuere,
829 1097 964 1146 non
1015 1073 1372 1145 desisteret
1418 1074 1719 1157 visitare,
1776 1073 2206 1162 frequentius
2255 1086 2484 1144 tamen
2545 1096 2712 1163 pru-

160 1163 565 1235 dentissima
615 1164 767 1253 ejus
825 1164 1077 1254 conjux
1152 1163 1379 1234 locum
1431 1163 1660 1245 illum,
1700 1185 1839 1253 quo
1883 1162 2361 1234 sanctissimae
2411 1162 2717 1252 virgines

161 1253 360 1324 Flora
407 1265 473 1323 et
499 1253 731 1322 ’Maria
782 1250 1313 1332 detinebantur,
1369 1272 1502 1322 non
1570 1249 1798 1323 ‘solum
1863 1250 2011 1334 die,
2067 1273 2300 1321 verum
2353 1261 2419 1320 et
2451 1263 2663 1322 noctu
2696 1306 2711 1332 ,

209 1342 362 1413 uasi
424 1363 564 1411 una
611 1362 648 1410 e
686 1340 1140 1432 compeditiS,
1195 1340 1526 1412 incoluit:
1580 1341 1683 1412 uti
1747 1339 2223 1412 consolaretur
2266 1362 2406 1421 eas,
2462 1361 2546 1410 ne
2594 1339 2714 1410 de—

158 1364 448 1502 gestent
493 1430 563 1498 in
616 1430 957 1521 pressuris
991 1484 1007 1511 ,
1075 1428 1178 1499 vel
1235 1452 1309 1500 se
1367 1430 1639 1500 affectui
1688 1427 2203 1499 commendaret
2273 1429 2711 1500 certantium.

159 1521 476 1590 Instabat
521 1517 861 1607 siquidem
913 1517 1260 1610 precibus,
1298 1528 1363 1589 et
1410 1518 1766 1589 laborabat
1812 1516 2433 1598 obsecrationibus,
2464 1531 2543 1589 ut
2574 1529 2717 1586 me*

162 1630 395 1680 mores
439 1619 668 1678 essent
698 1606 806 1679 sui
854 1607 981 1676 viri
1031 1617 1097 1677 et
1144 1607 1389 1698 ipsius,
1429 1608 1488 1678 si
1532 1629 1672 1695 quo
1715 1605 1917 1677 modo
1966 1620 2394 1678 mererentur
2440 1605 2524 1676 ad
2563 1605 2717 1696 pal-

161 1718 349 1766 mam
388 1695 696 1785 martyrii
750 1695 1156 1786 pertingere.
1213 1701 1385 1767 Dant
1422 1695 1508 1767 ad
1549 1696 1720 1766 haec
1775 1695 2103 1765 fiduciam
2158 1695 2557 1786 praestandi
2595 1695 2717 1765 be-

162 1784 490 1856 neficium
542 1795 818 1855 sanctae
864 1785 1189 1877 virgines,
1220 1806 1399 1873 quae
1445 1806 1611 1856 suas
1642 1796 1971 1854 noverant
2002 1783 2070 1852 in
2124 1782 2320 1855 nullo
2355 1783 2711 1876 repulsam

163 1873 308 1964 pati
357 1883 510 1964 post
556 1872 910 1944 vtctoriam
947 1894 1229 1965 preces:
1285 1895 1408 1945 nec
1440 1884 1756 1975 poterant
1802 1895 1970 1943 suae
2001 1874 2402 1962 compat-tici
2460 1874 2483 1943 i
2527 1873 2720 1961 quic-

165 1983 379 2049 quam
431 1983 702 2051 negare,
753 1983 929 2051 quae
988 1982 1061 2033 se
1110 1983 1243 2033 non
1294 1962 1707 2033 dubitabant
1766 1961 2227 2053 praestantius
2288 1983 2377 2033 au
2434 1961 2519 2031 iri
2572 1971 2746 2052 post

168 2049 495 2141 adeptum
547 2051 784 2140 sponsi
832 2050 1279 2122 consortium.
1348 2055 1515 2122 Cum
1563 2073 1728 2141 ergo
1776 2050 2247 2140 pervenissent
2285 2051 2468 2121 intra
2517 2050 2720 2121 breve

170 2139 472 2229 spatium
549 2139 635 2210 ad
684 2139 751 2209 id
793 2139 977 2228 quod
1055 2138 1427 2230 optabant.
1481 2151 1963 2210 consummato
2040 2139 2285 2230 agonis
2332 2161 2548 2220 cursu
2596 2160 2721 2229 per

171 2248 459 2318 poenam
510 2228 769 2318 gladii,
851 2240 1326 2329 apparuerunt
1371 2227 1592 2297 eidem
1662 2227 1966 2299 Nataliae
2005 2227 2314 2384 Suadam
2385 2239 2581 2298 nocte
2648 2229 2716 2297 in

170 2315 457 2399 somnis,
514 2317 729 2388 niveis
776 2328 1065 2388 amictae
1093 2315 1543 2397 indumentis,
1576 2315 1762 2386 velut
1793 2316 1862 2385 in
1895 2337 2003 2385 me
2057 2315 2121 2385 io
2155 2314 2713 2397 candidatorum,

168 2405 242 2476 in
305 2405 601 2476 circuitu
664 2404 1140 2477 residentium.
1200 2405 1287 2476 Hi
1335 2404 1747 2475 videbantur
1794 2402 2067 2494 phialas
2118 2403 2186 2472 in
2243 2403 2569 2482 manibus
2600 2458 2615 2484 ,
2653 2416 2720 2473 et

166 2494 632 2583 quorumdam
668 2494 916 2567 florum
970 2494 1366 2654 manipulos
1412 2517 1550 2566 una
1590 2516 1751 2564 cum
1806 2492 1975 2583 ipsis
2025 2497 2157 2562 Deo
2212 2490 2462 2565 dicatis
2511 2492 2722 2584 virgi-

163 2582 379 2654 nibus
419 2595 669 2655 tenere.
722 2587 905 2667 Quas
942 2606 1102 2656 cum
1146 2584 1166 2653 i
1199 2584 1289 2666 la,
1326 2595 1402 2655 ut
1447 2582 1924 2653 arbitrabatur.
1963 2579 2283 2673 dignum,
2350 2581 2719 2652 humilima

161 2672 676 2763 supplicatione
729 2671 814 2742 ad
865 2672 1243 2743 sedendum
1298 2671 1494 2742 vellet
1543 2671 1853 2753 invitare,
1901 2691 2026 2739 nec
2084 2669 2414 2753 auderet,
2481 2668 2748 2741 territa'

163 2761 529 2849 majestate
559 2761 1000 2832 coelicorum:
1037 2761 1142 2831 vix
1179 2760 1367 2831 tenui
1401 2758 1818 2830 allocutione
1840 2757 2114 2829 tandem
2149 2758 2552 2850 aggreditur
2575 2781 2716 2842 eas,

164 2849 456 2919 dicens:
511 2872 547 2917 «
581 2854 797 2932 Quam
842 2850 1170 2921 fiduciam
1203 2904 1219 2931 ,
1272 2870 1313 2919 o
1373 2848 1881 2919 sacratissimae
1927 2847 2256 2937 virgines,
2308 2870 2417 2918 me
2456 2847 2718 2932 jubetis

162 2936 427 3010 habere
472 2938 544 3007 in
603 2937 736 3020 his,
781 2959 960 3026 quae
1009 2937 1179 3009 mihi
1231 2958 1453 3027 nuper
1498 2957 1633 3006 non
1675 2938 1841 3008 estis
1888 2932 2302 3026 dedignatae
2351 2935 2716 3040 polliceri,

161 3027 338 3097 dum
391 3024 869 3098 detineremini
917 3027 1148 3103 adhuc
1177 3026 1358 3096 intra
1403 3025 1701 3096 carceris
1738 3025 2121 3096 claustrum
2149 3026 2180 3093 Ρ
2205 3037 2272 3097 et
2310 3047 2368 3095 s1
2410 3038 2720 3095 votorum

163 3136 489 3187 meorum
521 3116 906 3188 commodis
954 3116 1253 3207 potitura
1301 3115 1430 3185 sim
1489 3114 1927 3206 gratissimis,
1974 3114 2033 3183 si
2082 3113 2345 3211 placet,
2393 3112 2724 3205 explicate

163 3203 550 3295 responsis,
605 3226 690 3274 ne
720 3204 899 3276 vires
939 3203 1069 3274 mei
1119 3205 1409 3274 conatos
1457 3225 1630 3274 vano
1677 3214 2180 3273 consumantur
2226 3202 2496 3284 labore,
2551 3203 2720 3273 dum

124 3291 366 3364 *aliud
416 3293 703 3363 intentio
734 3294 1025 3381 quaerit,
1079 3304 1144 3362 et
1190 3290 1378 3362 aliud
1416 3292 1653 3362 merita
1704 3301 2083 3382 expectant.
2117 3295 2284 3362 Cum
2325 3292 2511 3361 enim
2545 3296 2724 3362 Deus

165 3382 336 3475 plus
370 3380 656 3458 meritis.
687 3403 896 3469 quam
938 3380 1257 3473 precibus
1290 3381 1529 3462 faveat,
1569 3402 1806 3451 vereor
1838 3401 1925 3450 ne
1951 3401 2261 3451 meorum
2300 3379 2726 3471 repellantur

164 3482 497 3562 congesta
546 3470 1284 3561 precaminum,quam
1337 3492 1473 3540 non
1508 3467 2033 3560 juvat'dignitas
2074 3468 2503 3540 meritorum.
2536 3475 2722 3553 Qua-

167 3571 455 3652 propter
506 3558 829 3630 dominae
882 3579 1095 3640 meae,
1149 3580 1441 3649 sponsae
1489 3558 1784 3640 Christi,
1841 3557 1899 3628 si
1956 3555 2284 3647 deinceps
2331 3557 2724 3629 sustinendi

166 3647 563 3741 praemium
604 3646 1000 3738 sponsionis
1047 3660 1307 3718 vestrae
1361 3669 1520 3737 spes
1567 3647 1767 3718 nobis
1801 3646 1939 3717 fida
2002 3645 2342 3727 subsistit,
2404 3666 2725 3717 enarrare

168 3738 466 3818 studete,
509 3758 646 3824 quo
697 3736 1086 3828 promptius
1131 3757 1257 3826 ego
1303 3748 1370 3805 et
1415 3736 1519 3805 vir
1576 3757 1772 3806 meus
1818 3733 1903 3805 ad
1954 3756 2253 3826 superna
2304 3735 2671 3806 tendamus
2703 3790 2718 3817 ,

169 3850 251 3898 ac
305 3825 609 3897 validius
656 3825 725 3895 in
761 3836 1106 3895 certamen
1159 3825 1641 3896 roboremur.»

258 3918 296 4003 ξ
342 3918 443 3987 9.
495 3919 684 3984 Tunc
730 3934 883 3984 eam
951 3924 1228 3983 sanctae
1295 3913 1592 4003 virgines
1641 3909 1967 3998 alloquiis
1997 3965 2012 3992 ‚
2065 3911 2465 3982 coelestium
2516 3910 2725 3981 diffu-

173 4003 365 4074 sione
484 4002 810 4073 ratiarum
863 4000 1192 4092 praeditis
1224 4054 1239 4083 ,
1291 4000 1803 4071 demulcentes:
1879 3999 2299 4084 Commoda,
2353 4000 2719 4087 inquiunt,

176 4092 378 4161 vestri
456 4090 686 4160 aboris
720 4090 787 4159 in
831 4090 1102 4160 aethere
1142 4090 1436 4179 reposita
1468 4144 1484 4171 ,
1549 4102 1854 4179 tempore
1905 4090 2291 4160 necessario
2353 4089 2545 4160 vobis
2583 4110 2726 4160 me-

180 4179 382 4250 tenda
423 4192 830 4251 servantur:
872 4199 994 4248 nec
1044 4177 1318 4249 labatur
1364 4199 1602 4249 eorum
1666 4198 1932 4248 merces
1983 4177 2052 4247 in
2112 4178 2510 4260 certamine,
2560 4178 2725 4264 quia

177 4267 378 4339 saciet
448 4268 734 4359 insuper
801 4267 1094 4338 athletas
1169 4267 1659 4338 invictissimos
1732 4267 1830 4337 ire
1892 4264 1975 4336 ad
2041 4287 2360 4356 regnum.
2423 4266 2728 4352 Denique

180 4357 585 4448 martyrium
640 4355 830 4427 vobis
878 4378 918 4427 a
962 4355 1449 4426 constitutione
1500 4355 1748 4426 mundi
1799 4354 2133 4425 divinitus
2190 4355 2607 4445 praescitum
2658 4365 2726 4424 et

179 4445 767 4538 praedestinatum
839 4445 1272 4537 cognoscite:
1348 4443 1530 4533 quod
1597 4443 1798 4514 solito
1858 4441 2283 4515 felicioribus
2331 4444 2727 4515 insistentes

2157 4620 2182 4655 Ο
