3308 5004
673 344 804 411 376
1239 358 1320 407 nr.
1365 357 1422 407 s.
1469 357 1808 408 nummo
1850 358 2181 409 suassmn.
2229 358 2431 410 amc.
2801 343 2987 410 me.
3043 313 3149 409 ⁴5

581 446 796 518 fidem
854 457 1070 517 tuam.
1123 448 1271 514 Mox
1320 442 1484 526 illa,
1538 443 1792 535 apertis
1836 444 2102 525 oculis,
2154 443 2341 515 clare
2388 443 2580 515 vidit.
2632 449 2724 515 Ea
2770 467 2845 515 re
2883 445 3150 519 clerus

583 534 884 695 {nultum
914 533 1358 615 exhilaratus,
1391 532 1461 602 in
1482 533 1951 624 praepotentis
1973 533 2091 604 Dei
2118 532 2391 604 laudem
2426 535 2762 606 cantavit:
2804 540 2885 605 Te
2909 536 3150 606 Deum

615 624 973 695 audemus.

669 715 708 801 ξ
752 717 910 786 471.
962 717 1111 796 Quo
1157 721 1462 802 tempore
1505 710 1612 780 vir
1660 710 1774 781 Dei
1823 711 2000 782 inter
2046 710 2378 783 Flandros
2427 733 2665 803 paoem
2713 733 3148 803 componere

580 800 949 883 nitebatur,
979 802 1048 870 in
1176 821 1345 891 gum
1375 797 1661 869 Tui-holt
1691 799 1895 883 venit,
1924 813 2174 891 agente
2199 800 2559 882 daemone,
2603 801 3144 873 contentionum

581 902 647 960 et
693 890 996 963 rixarum
1155 888 1362 959 mmis
1408 888 1787 958 ardentem.
1838 893 2164 960 Horta-nte
2210 902 2439 961 autem
2490 901 2731 962 sancto
2774 891 2918 961 viro
2965 913 3147 981 pro-

579 980 879 1070 pinquos
923 979 1100 1070 ejus,
1151 977 1354 1067 cujus
1401 977 1690 1068 sanguis
1736 975 1934 1048 fusus
1980 990 2149 1059 erat,
2201 990 2281 1049 ut
2328 1000 2567 1069 pacem
2626 979 3146 1069 amplecteren-

580 1080 718 1151 tur,
770 1080 836 1138 et
881 1081 1163 1138 satanae
1207 1064 1530 1135 incendia
1563 1065 1892 1156 sopirent,
1941 1067 2348 1138 adolescens
2394 1066 2677 1155 quidem
2724 1068 3084 1141 Herradus
3118 1112 3139 1149 ,

582 1155 871 1227 Herradi
919 1154 1302 1248 presbyter-i
1348 1154 1560 1234 filius,
1616 1153 1914 1225 malebat
1960 1154 2175 1227 surda
2218 1178 2387 1226 aure
2420 1157 2612 1247 pacis
2641 1156 2931 1227 consilia
2954 1178 3145 1227 con-

583 1258 909 1325 temnere,
945 1265 1161 1333 quam
1209 1242 1314 1313 vei
1350 1263 1445 1324 se,
1488 1241 1589 1313 vel
1621 1241 1797 1313 alios
1841 1242 1928 1314 ad
1977 1244 2170 1335 pacis
2213 1244 2526 1315 studium
2570 1244 3140 1316 accommodare.

583 1338 678 1404 Ea
724 1336 937 1404 cansa
980 1355 1063 1403 ex
1104 1332 1283 1402 atrio
1328 1331 1693 1414 ecclesiae,
1744 1332 1817 1402 in
1865 1354 2003 1420 quo
2052 1334 2273 1405 stabat
2314 1335 2721 1424 Episcopus,
2774 1334 2958 1404 exire
3005 1356 3144 1404 vo-

587 1422 767 1503 luit,
835 1443 921 1491 ne
984 1421 1322 1492 salutares
1377 1421 1538 1513 ejus
1599 1420 2113 1492 admonitiones
2176 1421 2490 1493 audiret:
2567 1422 2965 1511 dictumque
3014 1434 3145 1494 est

583 1510 957 1601 Episcopo,
1012 1510 1203 1580 abire
1243 1509 1487 1592 iilum,
1541 1509 1663 1596 qui
1706 1510 2135 1601 permaxima
2185 1532 2344 1602 pars
2386 1522 2568 1583 esset
2610 1511 2854 1582 turbae
2882 1511 3138 1601 hujuS.

584 1598 951 1669 Confestim
984 1598 1183 1669 illum
1221 1598 1532 1686 sequitur
1562 1611 1844 1670 sanctus
1889 1600 2271 1691 Episcopus
2299 1621 2523 1688 usque
2549 1600 2635 1670 ad
2671 1600 2944 1671 Comitis
2980 1614 3145 1670 sta-

585 1687 868 1770 tionem,
910 1699 1116 1776 atque
1162 1688 1259 1757 ibi
1306 1687 1376 1756 in
1428 1687 1722 1758 humum
1771 1709 1844 1757 se
1890 1688 2225 1779 abjiciens
2276 1710 2509 1759 coram
2562 1688 2718 1771 ille,
2770 1688 3145 1760 humiliter

583 1777 845 1859 orabat,
896 1788 976 1846 ut
1023 1797 1266 1867 pacem
1330 1789 1895 1876 nou4respueret.
1947 1782 2024 1847 At
2071 1776 2188 1847 ille
2236 1776 2529 1866 juvenili
2577 1777 2964 1868 arrogantia
3006 1789 3146 1849 tu-

584 1865 843 1947 miduS,
897 1864 1118 1935 noluit
1149 1864 1294 1935 illic
1309 1877 1715 1945 consistere,
1753 1865 1869 1935 sed
1902 1866 2183 1948 verituS,
2234 1888 2323 1935 ne
2370 1866 2458 1936 ab
2494 1864 2650 1936 aliis
2679 1867 3139 1951 detineretur,

585 1954 896 2024 celeriter
924 1952 1216 2044 aufugit.
1250 1958 1420 2024 Ecce
1451 1966 1680 2024 autem
1726 1953 2103 2045 fugientem
2135 1955 2382 2046 arripit
2418 1955 2771 2114 malignus
2802 1954 3134 2046 spiritus,

586 2042 684 2112 ita
727 2054 807 2113 ¹ut
848 2042 1152 2112 amentia
1196 2042 1502 2123 affectus,
1538 2041 1844 2132 seipsum
1890 2042 2217 2113 dentibus
2262 2058 2329 2113 et
2370 2044 2591 2135 ungui
2644 2066 2728 2114 us
2766 2043 3138 2115 laceraret.

584 2131 664 2201 Id
697 2131 1074 2222 conspicati
1119 2131 1327 2201 amici
1373 2142 1440 2200 et
1484 2129 1725 2201 affines
1769 2131 1944 2222 ejus,
1982 2132 2287 2203 vinctum
2340 2132 2746 2222 pertrahunt
2773 2132 2857 2202 ad
2893 2131 3140 2202 virum

586 2219 729 2300 Dei,
784 2219 1170 2311 plurimum
1207 2219 1672 2300 obsecrantes,
1724 2233 1803 2289 ut
1849 2220 2147 2312 superbo
2190 2236 2257 2291 et
2300 2220 2488 2292 fatuo
2528 2233 2883 2311 agnoscat,
2916 2233 2985 2290 et
3011 2220 3141 2292 in-

579 2308 843 2400 juriam
891 2307 1151 2379 illatam
1201 2308 1587 2379 voluntaria
1632 2307 1975 2380 oblivione
2019 2322 2346 2381 conterat.
2400 2310 2516 2379 Vir
2550 2310 2673 2379 ‘Dei
2722 2308 3134 2401 respo-dit:

589 2420 626 2464 «
666 2397 1007 2486 Injuriam
1057 2419 1182 2489 pro
1229 2398 1507 2467 veritate
1552 2397 1919 2488 irrogatam
1990 2399 2214 2470 libens
2259 2399 2660 2490 amplector,
2710 2398 2831 2469 sed
2884 2397 3136 2470 cordis

585 2486 737 2589 ejus
782 2485 1038 2559 duritia
1086 2508 1196 2558 me
1229 2486 1472 2557 -dolore
1505 2485 1743 2557 afficit.
1792 2487 1867 2557 Si
1913 2510 2076 2580 ergo
2114 2487 2342 2568 vultis,
2395 2498 2473 2557 ut
2507 2510 2629 2578 pro
2670 2487 2827 2577 ejus
2872 2485 3143 2559 libera-

585 2588 770 2648 tione
799 2577 1168 2646 Dominum
1203 2597 1498 2658 exorem,
1540 2575 1748 2646 fidem
1781 2589 2037 2646 certam
2067 2577 2266 2658 detis,
2305 2599 2424 2647 vos
2452 2598 2719 2657 omneS,
2760 2576 2918 2647 velit
2950 2576 3140 2649 nal-it

582 2664 724 2747 ille,
759 2687 998 2757 pacem
1045 2665 1323 2735 firmam
1373 2677 1939 2735 conservaturos:
1992 2679 2058 2735 et
2100 2666 2163 2735 si
2190 2687 2368 2752 quas
2396 2664 2514 2735 ille
2549 2666 2733 2735 rixas
2779 2677 2899 2735 aut
2940 2664 3138 2735 sedi-

583 2755 806 2825 tiones
835 2753 1169 2835 excitarit,
1223 2753 1568 2823 neminem
1608 2775 1646 2822 e
1693 2754 1888 2824 vobis
1937 2754 2290 2844 suppetias
2320 2754 2381 2823 ei
2420 2753 2750 2824 laturum.
2784 2778 2822 2821 »
2861 2758 3137 2825 Omnes

582 2864 727 2914 una
765 2863 922 2912 voce
965 2841 1335 2912 dixerunt:
1388 2841 1762 2911 Anathema
1790 2842 1929 2911 erit
1972 2842 2152 2912 inter
2201 2864 2347 2924 nos,
2398 2842 2717 2930 quisquis
2761 2842 2867 2912 illi
2918 2864 3129 2933 opem

583 2930 841 3011 tulerit,
893 2930 1024 3000 nisi
1072 2932 1141 3000 in
1177 2930 1264 3000 iis
1295 2928 1379 2999 ad
1415 2949 1592 3018 quae
1621 2941 1698 3000 tu
1727 2952 1851 3001 nos
1882 2930 2198 3001 hortaris.
2251 2929 2377 3000 Illa
2412 2931 2867 3022 promissione
2907 2932 3135 3003 flexus

585 3024 637 3089 E
689 3020 993 3109 iscopuS,
1047 3040 1300 3107 aquam
1346 3039 1509 3088 cum
1560 3019 1960 3090 exorcismis
2007 3020 2471 3090 consecravit:
2531 3042 2671 3108 qua
2724 3020 3132 3091 adolescens

585 3106 637 3176 il
669 3129 706 3177 e
738 3127 1176 3198 conspersum
1229 3129 1387 3177 mox
1421 3107 1603 3177 malo
1641 3106 1975 3178 daenmne
2012 3108 2344 3180 liberatus
2379 3121 2505 3190 est,
2541 3123 2608 3180 et
2652 3110 2904 3180 mentis
2949 3109 3133 3180 bene

588 3216 871 3287 compos
905 3197 1213 3277 effectus,
1244 3217 1491 3286 pacem
1522 3208 1589 3267 et
1623 3195 2059 3267 concordiam
2102 3211 2334 3268 sancte
2370 3198 2608 3268 coluit.

675 3285 714 3371 ἓ
757 3289 913 3358 48.
965 3290 1041 3355 In
1087 3285 1403 3375 paroecia
1456 3284 1845 3356 Gisteilensi
1888 3298 1993 3357 est
2043 3286 2385 3376 quaedam
2426 3299 2646 3357 terrae
2688 3307 2864 3356 vena
2888 3287 3135 3378 ‹niger-

587 3373 790 3454 rima,
840 3373 1186 3444 interdum
1252 3373 1501 3455 rubra,
1549 3394 1731 3459 quae
1765 3375 2028 3446 crebris
2078 3375 2451 3466 paludibus
2498 3374 2937 3457 intermixta,
2988 3396 3133 3446 non

589 3460 791 3531 facile
838 3473 1101 3552 poterat
1134 3462 1338 3532 adiri.
1390 3467 1600 3549 Atque
1649 3462 1724 3532 in
1768 3464 1861 3533 iis
1902 3463 2077 3534 locis
2129 3476 2435 3534 mora-tur
2480 3486 2707 3555 genus
2760 3464 3132 3535 hominum

589 3550 1125 3633 atrocissimum,
1163 3551 1285 3638 qui
1313 3571 1587 3620 omnem
1621 3552 1844 3642 gentis
1879 3553 2092 3642 huius
2119 3553 2556 3626 ferocitatem.
2590 3553 2834 3624 innata
2863 3553 2965 3624 eis
3002 3576 3135 3623 au·

591 3639 790 3709 dacia
829 3639 1078 3720 animi,
1118 3658 1444 3730 superare
1481 3638 1822 3711 videntur.
1880 3641 1975 3711 Ad
2030 3664 2111 3713 ea
2150 3664 2225 3712 er
2272 3664 2313 3709 ο
2344 3640 2494 3711 loca
2530 3641 2631 3712 vir
2668 3642 2940 3713 Domini
2970 3664 3135 3732 per—

591 3740 875 3810 tractuS,
925 3741 1005 3799 ut
1048 3747 1286 3799 eorum
1317 3728 1672 3799 saevitiam
1726 3730 2045 3801 nonnihil
2254 3744 2565 3802 cratetur
2601 3752 2682 3801 ae
2708 3731 3133 3821 comprime—

589 3829 714 3899 ret,
755 3838 797 3886 a
833 3816 1145 3904 *quadam
1189 3817 1493 3888 foemina
1533 3818 1993 3910 cotnrpellat-ur
2023 3874 2040 3902 ‚
2103 3841 2264 3889 cum
2316 3818 2650 3909 lacrymis
2702 3831 2770 3889 et
2814 3818 3136 3910 singultu

587 3906 682 3975 ita
738 3906 1050 3976 dicente:
1109 3910 1313 3976 Serve
1372 3907 1491 3976 Dei
1522 3961 1541 3989 ,
1593 3907 1915 3980 miserere
1971 3908 2102 3978 mei
2131 3961 2151 3989 ,
2218 3920 2284 3977 et
2336 3929 2423 3977 ne
2458 3930 2736 3979 recuses
2781 3909 3012 3978 ‘venire
3056 3909 3133 3978 in

585 3995 946 4086 tugurium
974 3994 1395 4086 paupertatis
1417 4017 1635 4076 meae,
1672 3997 1952 4067 visurus
1985 3996 2440 4087 multiplicem
2481 3997 2837 4067 materiam
2868 3995 3133 4067 doloris

536 4132 547 4146 .
585 4096 653 4153 et
679 4082 1094 4154 calamitatis
1139 4104 1359 4154 meae.
1409 4084 1742 4155 Jaeebant
1779 4086 1964 4156 enim
2008 4085 2080 4155 in
2122 4084 2396 4156 lectulis
2420 4086 2733 4173 quinque
2773 4085 2898 4155 filii
2946 4086 3127 4176 ejus,

585 4191 731 4242 uno
767 4171 1145 4260 eodemque
1178 4171 1511 4263 languore
1547 4173 1792 4256 affecti,
1840 4195 1963 4244 nec
2000 4186 2312 4266 poterant
2342 4187 2664 4245 mutuam
2698 4174 2832 4245 sibi
2863 4174 3010 4245 ulla
3050 4175 3131 4244 in

587 4281 662 4328 re
700 4281 976 4350 operam
1007 4274 1382 4351 praestare,
1431 4273 1553 4333 aut
1599 4262 1861 4350 aliquid
1896 4263 2077 4334 ferre
2115 4263 2433 4334 subsidii.
2477 4264 2581 4334 Ait
2616 4286 2788 4355 *ergo
2826 4264 3124 4334 mulier:

586 4347 774 4429 Vide,
828 4370 1018 4450 serve
1050 4350 1189 4431 Dei,
1241 4361 1500 4438 quanta
1538 4351 1625 4420 sit
1664 4352 1940 4422 miseria
1975 4374 2148 4435 mea,
2200 4352 2360 4440 quis
2412 4375 2520 4422 me
2567 4351 2763 4423 dolor
2793 4352 3119 4433 obtineat,

591 4455 730 4523 quo
775 4457 993 4506 animi
1043 4457 1346 4507 moerore
1385 4460 1701 4530 occuper.
1757 4442 1988 4511 Servio
2026 4441 2173 4512 sola
2217 4440 2524 4529 quinque
2574 4442 2737 4514 viris
2766 4497 2783 4525 ‚
2836 4463 3132 4534 propero
