3308 5004
149 281 348 348 AUG.
404 278 487 348 17
1049 298 1128 344 nr.
1177 297 1233 344 s.
1287 296 1587 344 mmmm
1634 297 1829 343 mar.
2502 267 2636 347 399

152 383 390 464 fuerit,
428 383 488 453 si
536 381 727 452 lubet
769 403 851 450 ex
888 381 1198 471 ejusdem
1248 380 1484 450 Basilii
1535 379 1758 450 verbis
1801 381 2214 452 audiamus:
2277 411 2300 447 e
2345 388 2714 468 Memores‚

154 474 406 565 inquit,
458 482 670 543 estote
717 471 1034 560 Martyris
1066 480 1400 562 quotquot
1448 468 1567 538 illo
1606 491 1727 560 per
1759 471 2028 540 somnia
2064 471 2260 561 potiti
2290 473 2477 554 estis,
2514 485 2719 560 quot-

153 572 325 650 quot
364 561 435 629 in
473 561 601 629 hoc
650 559 797 630 loco
845 555 1199 629 constituti
1249 558 1637 646 adjutorem
1701 556 1932 647 ipsum
1973 557 2057 628 ad
2114 560 2538 648 precandum
2592 563 2722 633 ha-

153 649 434 732 buistiS,
487 648 1048 737 quibuscumque
1078 670 1159 718 ex
1194 648 1473 717 nomine
1504 646 1881 717 advocatus
1907 647 2079 736 ipsis
2113 647 2333 718 adfuit
2359 650 2714 739 operibus,

154 750 496 827 quotquot
542 737 939 808 aberrantes
978 735 1066 807 ad
1117 736 1297 806 viam
1333 736 1625 816 reduxit,
1664 757 2142 824 quoscumque
2199 739 2479 808 sanitati
2522 741 2720 810 resti-

160 828 314 910 tuit,
354 826 916 916 quibuscumque
954 825 1137 895 filios
1162 825 1308 913 jam
1336 837 1643 894 mortuos
1673 824 1757 893 ad
1793 825 1994 894 vitam
2035 825 2353 896 reductos
2390 827 2711 911 reddidit,

159 927 495 1004 quotquot
543 915 716 985 vitae
776 914 1107 984 terminos
1168 914 1577 1005 prorogavit.
1634 911 1945 984 Collectis
2015 914 2086 983 in
2139 936 2358 983 unum
2413 915 2522 985 his
2569 939 2719 986 om-

161 1006 372 1094 nibus
404 1026 486 1074 ex
532 1003 891 1073 communi
939 1002 1279 1093 symb010‚
1319 1001 1595 1092 Martyri
1641 1002 2036 1071 encomium
2093 1004 2491 1074 construite.
2550 1010 2719 1075 Con·

154 1092 327 1165 ferte
360 1093 538 1163 inter
584 1114 702 1163 vos
751 1103 994 1162 mutuo
1042 1113 1219 1179 quae
1266 1091 1563 1179 quisque
1597 1091 1893 1161 novit....
1926 1095 2065 1161 Ista
2099 1113 2400 1179 namque
2430 1093 2715 1163 demum

155 1194 327 1254 sunt
359 1181 675 1272 Martyris
714 1181 1053 1260 encomia,
1110 1180 1529 1273 spiritalium
1565 1180 2064 1249 charismatum
2116 1178 2415 1251 divitiae.
2460 1205 2496 1249 »

248 1274 286 1359 ξ
335 1276 427 1343 8.
480 1275 558 1340 At
604 1292 767 1360 prae
826 1269 1112 1339 caeteris
1180 1269 1397 1357 hujus
1457 1269 1688 1339 Sancti
1769 1268 2125 1339 miraculis
2190 1270 2715 1340 celeberrimum

156 1359 336 1431 illud
369 1371 493 1440 est,
545 1358 729 1446 quod
774 1370 926 1450 post
965 1363 1417 1428 Sozomenum
1455 1358 1624 1435 varii
1674 1371 1987 1428 auctores
2013 1358 2252 1428 Graeci
2296 1381 2720 1429 commemo-

156 1461 340 1531 rant,
378 1447 646 1520 Gallum
687 1469 934 1537 nempe
958 1459 1023 1517 et
1060 1447 1441 1526 lulianum,
1476 1446 1922 1537 Imperatoris
1945 1447 2373 1517 Constantini
2406 1469 2486 1516 ex
2514 1447 2721 1519 fratre

155 1551 467 1630 nepoteS,
508 1541 818 1607 Lectores
856 1536 1234 1617 ordinatOS‚
1268 1536 1337 1604 in
1367 1535 1588 1605 sancti
1629 1534 1993 1605 Mamantis
2024 1539 2352 1626 martyris
2384 1537 2717 1607 honorem

156 1626 496 1718 templum
547 1629 909 1694 Caesareae
956 1637 1354 1695 construere
1424 1622 1696 1695 molitos
1744 1623 2000 1705 fuisse;
2055 1625 2172 1695 se‘d
2222 1646 2374 1694 eam
2449 1639 2714 1716 partem

153 1737 369 1804 quam
417 1713 743 1785 Julianus
775 1727 1193 1804 susceperat,
1232 1733 1613 1801 numquam
1668 1725 1846 1784 stare
1889 1714 2215 1804 potuisse.
2257 1718 2450 1784 Hanc
2501 1714 2716 1785 histo-

152 1806 360 1886 riam,
465 1815 617 1873 rout
646 1803 869 1894 ipsam
902 1825 942 1873 a
985 1803 1146 1872 viris
1185 1803 1319 1872 side
1353 1801 1588 1892 dignis
1620 1813 2001 1893 acceperat.
2057 1802 2260 1874 refert
2294 1808 2716 1874 Sozomenus

154 1899 224 1963 L.
279 1913 345 1975 v,
462 1892 571 1962 ist.
607 1892 893 1972 Eccles,
941 1897 1008 1961 C.
1051 1898 1116 1973 2,
1155 1892 1276 1979 qui
1313 1890 1776 1960 narrationem
1832 1892 1924 1961 ita
1970 1890 2362 1962 concludit:
2403 1914 2439 1960 «
2473 1906 2537 1962 et
2571 1916 2722 1963 om-

158 1982 372 2053 nibus
418 1980 701 2068 quidem
757 2003 837 2050 ea
888 2001 995 2050 res
1040 1980 1354 2071 prodigio
1402 1978 1653 2050 similis
1703 1981 1848 2049 visa
1903 1993 2046 2062 est;
2092 1981 2293 2051 multi
2344 2000 2500 2052 vero
2548 1981 2717 2070 quid

158 2071 596 2173 portenderet
641 2091 721 2139 ex
769 2082 1017 2140 eventu
1052 2069 1613 2157 judicaverunt»
1667 2087 1827 2138 cum
1880 2089 2127 2159 nempe
2184 2070 2334 2160 ipse
2392 2071 2721 2141 Julianus

160 2159 535 2250 imperium
571 2158 887 2249 adeptuS,
932 2158 1317 2228 Christiana
1349 2157 1680 2249 religione
1710 2158 2000 2246 ejurata,
2048 2159 2539 2315 paganismum
2568 2182 2719 2230 am·-

156 2248 403 2340 plexus
450 2258 575 2328 est,
631 2248 719 2317 ob
751 2247 819 2316 id
863 2249 1103 2317 merito
1147 2250 1471 2318 Julianus
1502 2250 1829 2339 Apostata
1869 2265 2044 2339 appe
2080 2247 2284 2318 latus.

245 2340 285 2426 ἓ
332 2340 417 2410 4.
492 2342 764 2406 Praeter
813 2335 1148 2427 templum
1225 2341 1588 2406 Caesareae
1635 2336 1718 2405 ad
1785 2340 1851 2405 S.
1891 2336 2208 2425 Martyris
2257 2334 2655 2426 sepulcrum
2687 2390 2708 2420 ,

157 2439 425 2496 certum
463 2436 563 2495 est
587 2425 924 2496 celebrem
953 2423 1139 2517 apud
1176 2423 1969 2516 Constantinopolitanos
2005 2423 2218 2494 fuisse
2251 2429 2315 2494 S.
2350 2425 2716 2494 Mamantis

156 2514 596 2598 memoriam,
635 2515 822 2607 apud
869 2534 1046 2602 quos
1092 2514 1401 2617 ejusdem
1451 2515 1673 2585 sancti
1723 2514 2002 2583 nomine
2051 2513 2415 2605 palatium,
2475 2532 2717 2584 mona'-

154 2606 474 2687 sterium,
521 2616 760 2695 portus
788 2615 853 2674 et
899 2604 1188 2674 ecclesta
1235 2604 1574 2674 extabant.
1617 2603 1958 2691 Antiquus
1996 2602 2204 2673 etiam
2238 2613 2341 2672 est
2388 2602 2458 2672 in
2495 2603 2718 2674 Gallia

157 2699 223 2764 S.
279 2693 644 2764 Mamantis
677 2692 931 2774 cultus,
966 2694 1088 2764 ubi
1138 2693 1270 2763 sub
1302 2692 1687 2762 Mamtnetis
1737 2693 2037 2773 nomine,
2087 2691 2269 2762 sicut
2308 2691 2722 2783 plerumque

159 2782 353 2875 apud
407 2782 703 2864 Latium,
756 2781 1165 2852 celebratur.
1219 2783 1443 2873 Hujus
1492 2784 1556 2853 S.
1613 2781 1932 2871 Martyris
1982 2781 2264 2852 nomine
2300 2786 2433 2851 Deo
2492 2781 2722 2851 dicata

150 2884 260 2944 est
293 2871 720 2943 cathedralis
765 2870 1269 2962 Lingoniensis.
1315 2869 1621 2959 Denique
1661 2875 2071 2940 Mamantem
2124 2881 2437 2942 nostrum
2479 2874 2720 2941 Caesa-

154 2962 457 3032 riensem
508 2960 721 3031 fuisse
750 2960 957 3031 etiam
1005 2961 1077 3030 in
1111 2958 1478 3030 Germania
1531 2959 1898 3041 celebrem,
1953 2957 2153 3029 facile
2213 2958 2372 3029 colli
2431 2959 2450 3027 i
2499 2971 2721 3051 potest

149 3072 238 3120 ex
273 3051 585 3140 poemate
614 3061 680 3120 et
721 3050 980 3139 hymno
1019 3049 1090 3119 in
1139 3049 1291 3139 ejus
1339 3048 1672 3119 honorem
1720 3072 1763 3119 a
1795 3047 2168 3120 Walafrido
2220 3052 2368 3118 Stra
2421 3070 2552 3118 one
2581 3047 2718 3118 edi·

150 3139 270 3219 tis;
308 3138 653 3209 habentur
684 3144 890 3210 Tomo
924 3145 989 3221 6,
1029 3139 1244 3226 antiq.
1283 3137 1680 3208 Lectionum
1731 3137 2010 3208 Canisii.
2059 3141 2121 3208 S.
2162 3138 2527 3207 Mamantis
2560 3159 2719 3228 pas-

148 3229 426 3301 sionem
466 3227 831 3298 A'ureliano
864 3229 1248 3319 imperante
1294 3226 1381 3297 ad
1430 3249 1695 3299 annum
1731 3228 2004 3298 circiter
2041 3246 2304 3297 ccmmv
2342 3225 2719 3317 contigisse

148 3317 623 3390 communiter
652 3317 978 3393 referunt,
1031 3317 1143 3386 die
1194 3320 1276 3387 ⁴7
1318 3317 1577 3388 mensis
1623 3317 1937 3407 Augusti.
1991 3322 2289 3386 Innuere
2337 3326 2567 3385 tamen
2621 3315 2720 3383 vi-

149 3408 363 3477 detur
401 3407 769 3495 Gregorius
815 3406 1282 3477 Nazianzenus
1311 3406 1383 3475 in
1434 3405 1583 3476 loco
1642 3405 1966 3497 superius
2012 3407 2053 3494 ξ
2099 3411 2160 3487 i,
2224 3426 2266 3475 a
2314 3403 2515 3474 nobis
2563 3403 2718 3473 lau-

151 3496 344 3577 dat0,
399 3494 613 3585 hujus
661 3495 976 3585 Martyris
1016 3494 1477 3578 festivitatem,
1520 3494 1592 3566 in
1645 3494 2100 3586 Cappadocia,
2155 3515 2362 3564 verno
2410 3504 2718 3583 tempore

149 3584 570 3656 celebratam
622 3581 859 3655 fuisse.
