3308 5004
666 320 794 384 222
1422 337 1478 384 s.
1530 332 1887 385 emanans
1935 333 2293 386 ramanus
2851 317 3037 383 AUG.
3090 318 3130 383 7

574 421 1024 530 Regularium
1073 419 1405 512 confugit,
1461 420 1696 509 ibique
1744 434 1901 491 ante
1948 421 2132 500 Beati
2181 422 2555 515 imaginem
2607 420 2845 493 enixas
2892 442 3130 511 preces

525 577 528 582 .
574 510 843 591 effudit;
881 532 1006 579 nec
1042 531 1272 579 mora:
1306 509 1585 581 sedatur
1622 509 2057 581 decumanus
2086 509 2304 594 dolor,
2342 526 2407 583 et
2432 510 2797 583 brachium
2886 510 3132 581 ristina

575 599 867 672 sanitate
913 597 1233 668 donatur.
1289 599 1700 671 Franciscus
1769 599 1974 690 Virga
2050 599 2580 671 Mediolanensis
2641 599 2877 669 lethai
2939 597 3130 670 febre

573 687 1022 769 decumbens,
1079 688 1418 775 mortique
1469 688 1846 778 proximuS‚
1882 687 2281 760 admonitus
2312 689 2444 760 fuit
2475 702 2551 758 ut
2591 687 2889 778 Cajetani
2922 710 3126 777 opem

573 775 997 867 imploraret;
1033 776 1218 865 quod
1266 777 1388 846 ubi
1424 777 1708 867 peregit,
1773 777 2165 878 propulsari
2227 777 2659 869 propellique
2705 777 2771 846 vi
2819 777 3123 865 quadam

571 889 611 937 a
660 881 848 956 tergo
895 866 1131 946 sensit,
1186 878 1262 935 ut
1319 887 1357 935 e
1406 865 1576 935 lecto
1637 865 1948 946 exiliret;
2003 867 2232 956 paruit
2297 866 2635 958 impulsui
2695 867 3129 955 surrexitque

575 953 771 1024 nulla
801 976 993 1024 mora
1040 953 1410 1025 incolumis
1441 977 1521 1025 ac
1568 953 1629 1023 si
1679 976 2037 1042 nunquam
2073 955 2537 1027 decubuisset.

657 1045 879 1131 §¹8
960 1043 1333 1113 Duodecim
1400 1064 1622 1113 annos
1676 1042 2013 1114 comitiali
2082 1045 2322 1116 morbo
2382 1044 2806 1115 laboraverat
2859 1043 3123 1115 Vienna

571 1137 806 1203 Musca
836 1133 1212 1213 Vicentina‚
1265 1153 1346 1201 ea
1390 1131 1672 1219 quidem
1706 1133 1770 1201 vi
1796 1144 1872 1203 ut
1910 1133 2154 1224 viginti
2180 1145 2477 1220 quatuor
2516 1133 2843 1203 horarum
2895 1134 3119 1222 spatio

569 1221 671 1290 vel
723 1233 824 1291 ter
870 1220 1353 1292 miserabiliter
1399 1221 1692 1303 caderet,
1746 1234 1811 1291 et
1862 1222 2328 1292 miserabilius
2358 1223 2560 1293 binas
2608 1234 2976 1309 ternasque
3001 1223 3124 1293 ho-

571 1330 707 1391 ras,
748 1309 1046 1400 singulis
1094 1308 1386 1392 vicibuS,
1440 1310 1763 1381 sensibus
1811 1309 2135 1381 destituta
2171 1312 2456 1402 jaceret.
2512 1312 2701 1380 Vovit
2738 1311 3124 1382 orationem

571 1397 998 1470 dominicam
1067 1411 1133 1468 et
1202 1398 1685 1469 salutationem
1746 1399 2134 1490 angelicam
2183 1413 2341 1470 ante
2400 1400 2775 1491 imaginem
2816 1399 3000 1469 Beati
3050 1423 3124 1472 se
3221 1481 3224 1482 γ

568 1486 877 1574 quotidie
926 1487 1393 1568 recitaturam;
1440 1500 1671 1558 votum
1712 1488 1977 1579 excepit
2025 1488 2210 1560 illico
2259 1489 2490 1575 salus;
2541 1503 2607 1558 et
2653 1488 2764 1558 die
2812 1488 3116 1576 quadam

571 1589 726 1666 post
778 1575 954 1646 duos
1003 1597 1276 1647 menses
1322 1575 1535 1647 oblita
1584 1588 1814 1647 votum
1853 1577 2261 1666 persolvere.
2315 1578 2518 1648 rediit
2572 1576 2757 1647 illico
2807 1577 3117 1659 morbus,

568 1664 690 1734 sed
739 1664 987 1734 iterum
1028 1665 1329 1746 recessit,
1365 1687 1526 1734 cum
1567 1665 1873 1755 amplius
1903 1688 1940 1734 e
1983 1668 2312 1737 memoria
2346 1689 2479 1737 non
2530 1666 2857 1737 exciderit
2885 1666 3120 1736 datam

568 1752 772 1822 fidem
827 1753 1143 1823 liberare.
1198 1754 1563 1823 Catharina
1610 1754 1974 1825 Buranella
2005 1760 2254 1825 Veneta
2288 1768 2423 1825 tres
2462 1777 2683 1825 annos
2729 1756 3123 1826 excruciata

567 1842 793 1912 fuerat
843 1844 1140 1931 pessimo
1205 1841 1508 1929 quodam
1560 1841 1789 1913 ulcere
1838 1845 1909 1913 in
1973 1844 2314 1935 superiori
2363 1856 2553 1935 parte
2602 1844 2857 1935 palati,
2913 1867 3123 1914 carne

565 1930 650 2000 ad
691 1952 891 2000 nares
930 1953 1150 2019 usque
1192 1931 1555 2022 perforata,
1591 1931 1761 2002 adeo
1790 1945 1866 2002 ut
1911 1951 2070 2003 cum
2124 1934 2374 2003 misera
2407 1933 2668 2003 biberet
2715 1933 2954 2002 vinum
2998 1955 3118 2021 per

572 2037 777 2089 nares
824 2032 1234 2102 excurreret3
1274 2021 1589 2091 invocata
1617 2042 1699 2091 ex
1732 2020 1937 2091 corde
1968 2044 2097 2112 ope
2127 2022 2446 2111 cajetani,
2483 2024 2772 2112 eJusque
2813 2022 3120 2112 imagine

566 2109 857 2178 naribus
903 2122 969 2179 et
1014 2122 1337 2201 corrupto
1382 2111 1484 2179 ori
1524 2109 1824 2191 admota,
1864 2133 2187 2180 somnum
2237 2112 2440 2201 cepit,
2495 2133 2576 2181 ac
2626 2132 2829 2182 mane
2878 2131 3117 2201 exper-

568 2210 753 2268 recta
800 2197 991 2267 omni
1031 2219 1103 2268 se
1146 2198 1384 2268 morbo
1425 2198 1709 2268 liberam
1764 2199 2045 2269 invenit.

657 2289 692 2374 §
742 2290 891 2358 ss).
949 2287 1413 2445 Dignamerita
1460 2288 1717 2358 Catotia
1764 2293 2036 2369 Veneta,
2088 2310 2267 2376 quae
2310 2288 2632 2358 tredecim
2664 2308 2886 2358 annos
2932 2290 3118 2376 aqua

571 2375 910 2446 intercute
956 2376 1021 2445 la
1071 2389 1422 2453 oraverat,
1478 2376 1862 2447 vehementi
1919 2378 2234 2448 cruciatu
2279 2390 2631 2468 correpta,
2679 2389 2745 2445 et
2806 2398 2933 2446 ceu
2980 2377 3117 2447 sibi

563 2463 788 2535 forent
825 2487 979 2537 ossa
1012 2466 1464 2546 comminuta,
1496 2487 1619 2537 seu
1651 2465 1908 2548 luxata,
1949 2466 2141 2538 nullo
2177 2467 2378 2538 modo
2419 2466 2687 2537 meliori
2734 2487 2808 2535 se
2849 2463 3108 2546 valenS‚

562 2555 876 2625 invocato
925 2555 1223 2642 quadam
1277 2568 1475 2625 nocte
1521 2556 1719 2626 beato
1767 2556 2143 2637 Thienan,
2200 2556 2323 2643 qui
2362 2556 2494 2626 sibi
2552 2554 2765 2625 radiis
2810 2554 3114 2624 circum-

560 2643 760 2715 fusus
789 2657 1226 2745 apparuerat,
1273 2658 1550 2735 repente
1589 2644 1910 2724 surrexit,
1948 2646 2136 2715 omni
2172 2643 2389 2715 levata
2418 2644 2674 2721 dolore,
2701 2657 2764 2712 et
2801 2643 3114 2733 integrae

562 2733 1028 2804 incolumitati
1076 2734 1413 2805 restituta.
1463 2732 1717 2804 Juliam
1771 2737 2062 2804 Crottam
2097 2734 2474 2825 puellulam
2530 2732 3111 2803 Mediolanensem

560 2822 907 2893 invaserat
953 2834 1018 2892 et
1061 2823 1531 2893 miserandum
1568 2822 1637 2891 in
1693 2822 1979 2892 modum
2036 2823 2319 2893 vexabat
2369 2822 2722 2913 malignus
2770 2821 3058 2912 spiritus
3088 2875 3105 2901 ,

559 2911 705 2997 qui,
744 2910 1149 2982 exorcismis
1169 2913 1417 3011 jussus
1464 2910 1858 2993 abscedere,
1899 2932 1970 2981 se
2036 2911 2106 2979 in
2160 2912 2451 2982 ecclesia
2508 2916 2573 2981 S.
2628 2909 2900 2980 Antonii
2949 2923 3112 2980 ante

560 2998 701 3067 ima
756 2998 937 3068 inem
1004 2998 1185 3068 beati
1234 2999 1536 3088 Cajetani
1591 2999 1947 3070 abiturum
2010 2999 2405 3089 respondit;
2458 3022 2595 3088 quo
2642 3020 2804 3070 cum
2868 2998 3114 3069 fuisset

559 3108 684 3178 per
737 3100 893 3156 ucta
944 3087 1198 3176 puella,
1237 3088 1402 3157 mali
1457 3111 1589 3159 nus
1637 3089 1926 3178 spiritus
1957 3087 2141 3159 edito
2188 3111 2227 3157 a
2270 3089 2670 3179 parentibus
2719 3100 2869 3158 voto
2923 3087 3107 3157 exire

557 3175 869 3256 adactus,
921 3198 1335 3248 concussam
1386 3178 1602 3260 ilam,
1660 3198 1968 3268 peneque
2001 3178 2413 3261 exanimem,
2469 3191 2674 3269 prout
2720 3177 2791 3245 in
2842 3177 2952 3248 sui
2999 3176 3106 3245 di-

557 3286 805 3422 scessu·
844 3263 1179 3335 indicium
1231 3264 1543 3337 futurum
1596 3267 2235 3358 praenunciaverat,
2281 3279 2382 3338 ter
2413 3273 2693 3339 Beatum
2733 3266 3107 3336 nominans

556 3374 631 3423 re
665 3365 861 3441 iquit.
1727 3371 1732 3377 ·

644 3444 681 3530 ἓ
731 3445 903 3514 20.
958 3442 1320 3514 Francisca
1366 3441 1452 3513 de
1507 3446 1672 3513 Core
1728 3465 1979 3514 cancro
2030 3456 2260 3515 exorto
2308 3445 2378 3513 in
2431 3443 2582 3513 vola
2632 3465 2884 3515 manus
2931 3444 3107 3513 sini-

560 3540 741 3601 strae
787 3552 945 3601 mox
975 3531 1385 3613 exulcerato,
1417 3536 1815 3623 gangraena
1849 3533 2086 3603 invaso
2131 3546 2197 3603 et
2228 3534 2299 3603 in
2330 3532 2740 3623 sphacelum
2775 3553 3107 3602 converso

561 3642 722 3690 cum
763 3620 1031 3691 brachii
1049 3633 1122 3691 ¹et
1142 3620 1440 3710 partium
1475 3620 1669 3691 cordi
1694 3620 2160 3711 adjacentium
2190 3621 2647 3703 infestatione,
2688 3620 2786 3690 nil
2816 3641 3105 3713 prorsus

548 3709 960 3810 juvantibus
1007 3708 1338 3780 humanis
1405 3710 1777 3791 remediis,
1837 3708 2433 3799 frustulorumque
2495 3709 2812 3801 putridae
2869 3709 3105 3779 carnis

534 3798 718 3868 ande
764 3796 943 3868 facta
970 3800 1286 3870 erosione
1331 3798 1659 3891 ponderis
1690 3800 2060 3871 unciarum
2122 3800 2430 3888 quinque
2484 3800 2748 3887 absque
2804 3797 2949 3868 ullo
2998 3798 3101 3867 in·

555 3887 798 3957 firmae
830 3886 1106 3971 dolore,
1162 3887 1341 3958 itaut
1396 3887 1773 3990 chirurgus
1820 3890 2135 3976 sequenti
2186 3909 2388 3959 mane
2437 3887 2636 3959 vellet
2698 3889 2763 3958 ei
2813 3908 3100 3957 manum

552 3976 961 4048 abscindere
1006 3990 1073 4048 et
1119 3977 1487 4049 brachium
1518 3998 1800 4049 ussione
1838 4000 2108 4060 curare;
2150 3977 2584 4068 praecedenti
2616 3989 2839 4058 nocte,
2893 3988 3106 4046 uncta

552 4087 768 4136 mauu
806 4065 956 4137 oleo
1002 4066 1348 4157 lampadis
1397 4072 1469 4136 B.
1523 4066 1822 4158 Cajetani
1855 4122 1870 4148 ‚
1923 4067 2038 4137 cui
2087 4088 2234 4137 sese
2293 4080 2428 4137 toto
2498 4065 2705 4138 corde
2749 4087 3108 4136 commen-

553 4153 852 4238 daverat,
910 4155 1352 4246 postmodum
1401 4177 1477 4226 se
1523 4178 1767 4228 sanam
1815 4168 1880 4227 et
1941 4154 2385 4237 incolumem,
2441 4177 2907 4244 manumque,
2952 4155 3105 4245 jam

551 4257 937 4314 emortuam
971 4259 1037 4315 et
1081 4244 1472 4328 foetentem,
1529 4245 1940 4317 vivificatam
1991 4246 2254 4333 absque
2302 4243 2447 4315 ullo
2494 4245 2838 4316 cicatricis
2902 4244 3105 4335 signo

551 4333 935 4424 comperiit,
981 4355 1118 4405 non
1167 4335 1432 4423 absque
1478 4335 1798 4405 omnium
1848 4335 2332 4405 admiratione.

638 4422 675 4508 ἓ
726 4427 871 4495 tu.
942 4423 1290 4514 Josephus
1337 4423 1640 4514 AJelluS,
1694 4446 1856 4496 cum
1904 4423 2429 4510 quatuordecim
2486 4444 2827 4494 annorum
2879 4422 3105 4514 spatio
