3308 5004
653 327 790 397 630
1225 343 1306 395 ιιι
1349 342 1410 394 s.
1457 341 1791 395 manno
1833 344 1981 394 ua.
2028 342 2414 394 murm.
2786 325 2974 394 AUG.
3020 327 3113 395 ¹⁰

565 432 814 525 regina
856 441 1297 524 suggesserat
1397 450 1444 500 a
1490 428 1639 501 viro
1704 429 1820 502 Dei
1923 428 2298 502 amissum
2354 426 2718 502 humiliter
2762 429 3102 522 exigebat.

565 524 711 595 Hoc
762 533 992 593 autem
1039 531 1181 592 tam
1227 516 1540 591 ceeriter
1580 527 1689 590 cst
1729 517 1825 589 im
1902 529 2092 591 etum
2129 571 2151 600 ‚
2200 530 2280 590 ut
2337 517 2525 591 circa
2582 516 2767 589 idean
2829 530 3107 610 tempus

565 633 754 684 anno
796 609 1008 682 altero
1052 606 1294 681 eadem
1343 605 1607 698 Regina
1653 607 2015 699 pepererit.
2057 606 2395 679 Dominus
2440 606 2668 679 Aphas
2712 606 3109 680 Rainatdus

561 697 1078 780 Gisterciensis,
1128 718 1337 785 quen
1384 717 1466 766 ex
1508 694 1888 769 claravalle
1932 707 2371 788 assumptum
2398 748 2423 778 ,
2477 708 2672 788 pater
2712 709 3001 768 sanctus
3038 708 3113 768 et

565 797 647 861 ut
689 786 916 860 filium
961 783 1534 878 amplectabatur,
1585 796 1654 858 et
1702 784 2138 857 reverebatur
2174 797 2254 856 ut
2301 796 2592 877 patrem,
2633 784 2724 855 ob
2767 806 3111 873 quorum-

564 877 728 950 dam
777 873 1356 946 monasteriorum
1401 871 1905 946 ordinationem
1948 873 2346 946 Provinciae
2384 886 2613 965 partes
2659 874 2964 945 intravit.
3014 878 3112 946 De

563 988 705 1056 quo
750 959 855 1035 vir
901 963 1018 1034 Dei
1061 963 1133 1034 in
1181 961 1558 1034 claravalle
1593 962 2008 1044 consistens,
2051 962 2222 1034 dum
2256 961 2450 1033 fratri
2482 962 2760 1034 cuidam
2796 962 3115 1052 loquere·

565 1069 701 1137 tur,
740 1052 975 1126 subita
997 1051 1454 1144 inspiratione
1486 1064 1884 1143 permotus:
1934 1051 2294 1134 Dominus,
2326 1050 2448 1134 ait,
2491 1051 2960 1124 cisterciensis
2986 1063 3113 1125 aut

565 1153 885 1215 mortuus
927 1154 1082 1224 est,
1123 1154 1250 1212 aut
1302 1140 1373 1212 in
1433 1141 1746 1232 proximo
1801 1139 2203 1214 moriturus.
2253 1145 2390 1212 Nec
2437 1162 2684 1232 parum
2735 1139 2854 1212 ille
2899 1141 3112 1214 frater

559 1232 862 1304 miratus
903 1242 1031 1313 est,
1079 1229 1377 1302 audiens
1422 1228 1751 1301 verbum:
1787 1228 2013 1321 magis
2043 1241 2272 1299 tamen
2304 1228 2686 1321 obstupuit,
2717 1251 2879 1300 cnm
2922 1230 3112 1321 ejus-

560 1320 724 1393 dcm
764 1318 1042 1392 Abbatis
1075 1331 1229 1410 post
1258 1317 1407 1389 dies
1436 1339 1697 1410 paucos
1741 1317 2013 1390 audiret
2054 1317 2321 1389 obitum
2373 1318 2715 1390 nunciati.

635 1412 692 1498 -δ
734 1412 870 1482 12.
921 1407 1173 1479 Eodem
1213 1412 1420 1490 anno,
1471 1429 1612 1497 quo
1662 1406 1748 1477 de
1792 1406 1923 1478 hac
1979 1406 2114 1478 vita
2146 1416 2340 1498 pater
2374 1418 2656 1479 sanctus
2701 1406 2923 1478 fuerat
2957 1407 3111 1479 exi-

566 1507 794 1580 turus,
846 1509 985 1569 tres
1025 1496 1493 1568 adolescentes
1522 1495 1608 1566 de
1641 1495 1951 1587 proximo
1978 1494 2266 1596 oppido,
2299 1494 2485 1583 quod
2520 1501 2808 1568 Burrum
2840 1495 3104 1568 dicitur

561 1605 777 1678 super
803 1585 1068 1668 Alban,
1124 1584 1617 1656 monasterium
1656 1583 2094 1656 Claraevalhs
2124 1584 2347 1676 gratia
2373 1585 2843 1657 conversionis
2890 1585 3112 1657 intra-

564 1689 825 1759 verant,
846 1695 1145 1764 quorum
1169 1674 1414 1744 tertius
1436 1671 1771 1745 suadente
1799 1672 2130 1765 maligno,
2154 1673 2241 1745 ad
2269 1673 2601 1745 vomitum
2629 1686 2734 1746 est
2759 1695 3105 1746 reversus.

560 1768 720 1849 Qua
762 1786 844 1835 ex
883 1786 956 1834 re
997 1784 1121 1855 pro
1157 1762 1436 1834 duobus
1490 1761 1649 1834 aliis
1699 1761 1921 1854 magis
1966 1760 2221 1834 soliciti
2264 1761 2509 1834 fratres
2541 1816 2559 1845 ‚
2611 1763 2785 1854 ipsis
2827 1784 3113 1852 nmque

562 1853 1068 1954 praesentibus,
1101 1851 1560 1953 patri-sancto
1604 1871 1819 1941 super
1863 1851 1993 1923 hoc
2039 1850 2525 1940 loquebantur.
2564 1856 2645 1923 At
2678 1850 2794 1922 ille
2823 1851 3108 1924 intuens

561 1963 635 2011 tn
676 1963 844 2012 eos:
894 1940 1044 2020 Hic.
1097 1939 1345 2028 inquit,
1382 1938 1575 2011 nulla
1605 1961 1917 2028 unquam
1953 1941 2323 2011 tentatione
2353 1939 2729 2013 laborabit:
2785 1940 2911 2012 iste
2945 1963 3107 2013 vero

563 2028 827 2113 multa,
879 2027 998 2100 sed
1049 2041 1274 2099 tamen
1325 2026 1763 2119 praevalebit.
1818 2033 2196 2118 Utrumque
2255 2030 2435 2102 sicut
2494 2028 2940 2111 audivimus,
3002 2029 3108 2101 sic

568 2118 897 2200 vidimus,
947 2116 1118 2188 adeo
1164 2130 1242 2189 ut
1285 2116 1715 2206 frequentius
1759 2117 1956 2189 alteri
2001 2118 2484 2210 objiceremus,
2530 2140 2691 2190 cum
2740 2117 3108 2208 aliquoties

565 2206 637 2278 in
688 2205 1057 2278 tentatione
1106 2225 1278 2297 pene
1321 2205 1668 2289 deficeret,
1716 2221 1783 2277 et
1813 2207 2145 2298 inciperet
2185 2207 2330 2298 jam
2378 2207 2614 2288 abire,
2671 2207 3107 2298 impossibile

561 2317 712 2368 esse
738 2308 818 2366 ut
844 2295 1254 2379 vinceretur,
1291 2316 1496 2383 quem
1549 2294 1651 2364 vir
1683 2308 1965 2367 sanctus
1994 2296 2263 2369 dinerat
2310 2295 2501 2366 nulla
2541 2297 2911 2367 tentatione
2950 2297 3106 2367 vin-

561 2384 888 2456 cendum.
939 2384 1386 2456 Pernoctabat
1414 2383 1791 2473 aliquando
1839 2383 1956 2455 Dei
2000 2384 2311 2456 famulus
2356 2384 2429 2455 in
2475 2385 2805 2466 oratione,
2852 2385 2921 2454 in
2973 2407 3101 2457 suo

562 2472 1046 2547 claravallensi
1095 2473 1424 2546 coenobio
1468 2473 1907 2550 constitutus,
1942 2485 2011 2544 et
2056 2472 2257 2546 solita
2304 2472 2682 2546 intentione
2728 2474 3099 2546 Dominum

562 2561 1083 2655 deprecabatur.
1147 2563 1440 2655 Contigit
1483 2575 1715 2635 autern
1763 2561 2000 2634 eadem
2052 2562 2224 2635 hora
2269 2584 2641 2654 pauperem
2692 2555 3097 2651 quemdani,

562 2662 628 2723 et
674 2674 827 2723 vere
871 2674 1245 2743 pauperem
1294 2653 1569 2753 spiritu,
1609 2651 1677 2721 in
1711 2650 1886 2722 cella
1918 2651 2270 2742 hospitum
2306 2652 2507 2735 mori,
2549 2652 2756 2743 cujus
2788 2651 3102 2724 animam

561 2762 721 2811 cum
771 2740 1056 2812 vocibus
1114 2762 1388 2813 canoris
1434 2740 1506 2810 in
1554 2738 1826 2811 coelum
1886 2738 2138 2811 deferri
2201 2756 2396 2832 pater
2440 2753 2721 2813 sanctus
2777 2741 3090 2812 audivit:

555 2840 628 2900 et
674 2829 1108 2920 interrogatis
1157 2851 1358 2899 mane
1399 2828 1757 2911 fratribus,
1810 2828 1933 2918 qui
1983 2829 2342 2912 affuerant,
2386 2828 2578 2900 illam
2610 2829 2825 2902 fuisse
2856 2829 3095 2900 boram

562 2917 794 3019 obitus
823 2917 978 3007 ejus
1005 2917 1362 3009 comperit,
1397 2940 1537 3008 qua
1585 2917 1970 3009 praedictas
2002 2918 2315 2990 audierat
2360 2918 2433 2988 in
2473 2918 2773 2989 sublime
2808 2917 3094 2989 tenden-

557 3018 739 3077 tium
780 3028 1001 3077 voces.

649 3097 687 3182 δ
731 3097 870 3170 18.
924 3098 1089 3166 Cum
1139 3095 1381 3168 beatus
1410 3096 1791 3187 Episcopus
1819 3095 2214 3180 Malachias,
2245 3097 2452 3185 cujus
2485 3095 2691 3166 vitam
2726 3092 3089 3165 virtutibus

449 3243 453 3246 .
565 3181 839 3284 plenam
922 3196 1067 3254 ater
1093 3198 1376 3255 sanctus
1422 3183 1727 3255 studiose
1754 3183 2142 3276 descripsit,
2188 3186 2386 3273 juxta
2417 3184 2829 3256 desiderium
2856 3180 3092 3254 cordis

563 3292 676 3342 sut
714 3271 786 3341 in
831 3275 880 3342 C
951 3271 1204 3343 ravalle
1249 3272 1518 3343 beatam
1558 3268 1761 3344 coelo
1793 3273 2099 3344 animam
2149 3273 2584 3356 reddidisset,
2630 3274 2920 3345 offerens
2968 3292 3098 3362 pro

558 3359 713 3449 ejus
745 3361 1035 3442 transitu
1085 3361 1492 3432 venerabilis
1537 3361 1761 3432 Abbas
1809 3361 2100 3435 hostiam
2146 3361 2546 3446 salutarem,
2584 3362 2877 3454 gloriam
2908 3360 3089 3450 ejm,

566 3448 855 3518 Domino
892 3448 1256 3531 revelante,
1307 3450 1666 3541 cognovit,
1717 3461 1783 3520 et
1825 3450 2065 3523 eodem
2112 3450 2517 3542 inspirante,
2562 3452 2904 3523 sacrificio
2943 3452 3098 3539 ,iam

558 3533 852 3628 expleto,
903 3536 1193 3608 formam
1245 3539 1533 3610 mutavit
1577 3540 1929 3622 orationis,
1978 3551 2047 3611 et
2090 3539 2445 3611 collectam
2488 3539 2744 3622 intulit,
2794 3538 3097 3628 quaead

560 3637 958 3696 sanctorum
996 3625 1396 3717 pontificum
1432 3629 1883 3711 celebritates,
1942 3651 2079 3701 non
2127 3629 2214 3700 ad
2264 3628 2896 3701 commendationes
2938 3651 3099 3721 per-

561 3714 731 3815 tinet
754 3712 1264 3799 defunctorum,
1301 3716 1396 3786 ita
1437 3716 1681 3790 dicens
1711 3742 1727 3787 :
1781 3723 1981 3799 Deua,
2018 3718 2139 3805 qui
2175 3719 2451 3790 beatum
2485 3717 2890 3789 Malachiam
2926 3739 3102 3809 pon-

562 3802 839 3885 tificem,
875 3816 1271 3876 sanctorum
1312 3818 1585 3878 tuorum
1621 3807 1886 3878 meritis
1916 3807 2329 3895 coaequasti,
2382 3807 2610 3879 tribue
2637 3828 3090 3894 quaesumus,

557 3905 635 3963 ut
677 3891 800 3981 qui
849 3893 1184 3983 pretiosae
1233 3894 1471 3965 mortis
1495 3895 1654 3983 ejus
1691 3894 1861 3966 festa
1892 3894 2190 3987 agimus,
2220 3897 2397 3966 vitae
2434 3917 2708 3985 quoque
2738 3896 3097 3965 imitemur

558 3979 895 4081 exempla.
949 3981 1204 4053 Deinde
1234 3997 1614 4055 reverenter
1656 3983 2018 4065 accedens,
2062 4007 2259 4056 sacra
2290 3986 2447 4087 ejus
2477 3984 2763 4075 vestigia
2798 3983 3102 4054 devotis-

557 4090 731 4140 sime
768 4069 1231 4143 osculabatur.
1265 4071 1539 4144 Modum
1575 4084 1803 4143 tamen
1846 4086 1966 4144 aut
2004 4074 2246 4145 seriem
2289 4074 2574 4145 visionis
2605 4096 2731 4144 nec
2757 4073 3093 4160 cuiquam

556 4159 822 4248 aperire
856 4213 874 4241 ,
940 4181 1065 4232 nec
1125 4160 1196 4231 in
1245 4161 1554 4252 ejusdem
1612 4162 1932 4254 Episcopi
1982 4162 2113 4233 vita
2161 4163 2460 4234 scribere
2506 4162 2898 4251 acquievit:
2962 4160 3120 4233 hoc.

557 4257 824 4318 tantum
874 4249 1320 4339 respondens,
1371 4273 1530 4321 eum
1584 4249 1966 4342 plurimum
2013 4273 2223 4343 super
2269 4252 2399 4323 hoc
2445 4264 2824 4344 rogaretur,
2878 4248 3094 4320 nimis

556 4333 644 4404 ad
693 4337 1043 4426 propriam
1095 4338 1432 4428 suiipsius
1480 4339 1896 4432 pertinuisse
1938 4362 2325 4442 personam.
2376 4344 2509 4413 Nec
2554 4362 2722 4412 sane
2760 4338 3087 4420 dubium,

559 4420 760 4513 plura
811 4445 977 4499 ,eum
1037 4426 1292 4498 similia
1357 4428 1735 4503 occultasse
1798 4429 2114 4504 similiter
2146 4486 2161 4513 ,
2231 4451 2711 4522 quaecumque
2772 4427 3096 4500 videlicet
