3308 5004
44 341 257 414 AUG.
312 341 396 412 24
741 356 820 409 nn
867 357 923 409 s.
977 357 1274 410 innocuo
1320 355 1523 410 msc.
1576 355 1942 409 nornoinic.
2409 345 2536 410 597

44 446 415 541 gaudebat
459 445 630 516 urbs
678 457 837 528 tota,
888 465 1051 516 eumw
1099 445 1221 533 qui
1269 456 1406 516 toto
1451 457 1629 516 esset
1694 457 1900 516 notus
1963 445 2034 515 in
2103 445 2314 527 orbe,
2392 446 2477 516 ad
2554 468 2628 517 se

43 537 362 608 venisse.
417 540 495 604 Et
541 548 618 604 ut
667 534 907 625 paucis
953 533 1339 624 expediam,
1392 534 1562 606 adeo
1602 533 1795 605 illius
1831 534 2130 604 adventu
2163 547 2230 605 et
2260 534 2627 606 beneficiis

44 624 569 718 gratulabatur,
600 624 743 694 acsi
774 621 936 693 fidei
956 643 1122 694 suae
1146 620 1569 706 fundatore5‚
1596 644 1855 704 coram,
1888 623 2111 693 oculis
2140 626 2489 714 corporeis
2521 625 2627 694 in-

47 726 397 785 tueretur.
428 711 775 783 Absolutis
801 733 957 783 vero
990 711 1178 803 apud
1213 711 1356 783 loca
1396 723 1793 784 sanctorum
1830 711 1954 782 diu
1987 713 2238 803 optatis
2275 713 2619 803 precibus,

50 803 326 873 divinis
372 801 679 893 acceptis
724 801 1097 892 responsiS,
1151 823 1312 870 cum
1368 802 1744 872 multarum
1789 800 2236 888 reliquiarum
2273 802 2624 892 suffragiis

54 891 348 962 tandem
398 889 812 961 venerabilis
859 911 1065 962 senex
1095 944 1111 972 ,
1166 889 1526 961 altissimis
1574 889 1848 981 Alpium
1890 890 2085 982 jugis
2135 890 2616 972 transmissiS‚

57 982 135 1051 in
172 978 433 1051 Gallias
464 979 758 1049 revertit.
836 1046 842 1054 .

153 1071 195 1158 ξ
247 1072 397 1140 28.
452 1073 619 1138 Cum
669 1079 895 1137 autem
947 1067 1031 1137 ad
1083 1089 1251 1138 suae
1298 1067 1634 1138 dioecesis
1677 1067 1852 1137 fines
1887 1067 2328 1157 pervenisset,
2371 1089 2616 1139 omnes

50 1171 201 1229 tam
254 1158 437 1227 cives
483 1177 693 1244 quam
747 1156 1136 1226 suburbani
1186 1156 1525 1238 homineS,
1584 1156 1887 1226 maximo
1920 1157 2142 1226 affecti
2179 1156 2457 1247 gaudi0,
2503 1180 2621 1227 ca-

57 1246 384 1318 tervatim
436 1245 536 1314 illi
586 1258 1039 1315 occurrerunt
1084 1267 1245 1315 cum
1296 1245 1621 1315 crucibus
1671 1256 1736 1315 et
1804 1243 2289 1336 lampadibuS,
2356 1247 2617 1336 gratias

52 1348 352 1427 agentes
402 1334 711 1409 Domino,
764 1333 945 1421 quod
1044 1334 1350 1425 roprium
1442 1347 1738 1404 astorem
1773 1346 1979 1422 atque
2013 1334 2406 1426 pontificem
2451 1335 2624 1426 ipsis

51 1422 492 1495 incolumem
526 1422 954 1494 restituisset.
1027 1443 1279 1524 amque
1310 1446 1385 1493 ve
1418 1445 1499 1494 ox
1533 1424 1718 1493 fama
1751 1421 2012 1506 volans,
2051 1423 2257 1515 Regis
2290 1423 2630 1512 perfertur

53 1513 146 1584 ad
176 1512 444 1583 aulam.
481 1517 719 1599 Itaque
746 1517 886 1582 Rex
917 1525 983 1582 et
1016 1516 1279 1602 Regina
1305 1512 1678 1600 cunctique
1711 1511 1951 1603 palatii
1989 1533 2305 1604 proceres
2338 1511 2629 1582 laudant

56 1608 480 1682 Creatorem,
535 1600 717 1691 quod
773 1613 1001 1670 tantus
1047 1600 1332 1670 antistes
1379 1615 1444 1671 et
1492 1612 1675 1671 tutor
1707 1600 1927 1691 regni,
1968 1601 2141 1692 ipsis
2173 1599 2407 1672 salvus
2450 1613 2631 1673 esset

53 1691 407 1762 redditus.
445 1688 622 1773 Quid
658 1689 772 1758 hic
803 1688 1030 1759 dicam
1063 1689 1150 1759 de
1181 1689 1654 1760 sacerdotibus
1700 1701 1766 1760 et
1803 1689 2204 1780 agminibus
2249 1690 2627 1760 monacho-

55 1803 225 1851 rum
252 1783 285 1847 ⁴?
329 1778 450 1866 qui
500 1799 740 1847 omnes
789 1778 1237 1859 unanimiter,
1285 1779 1354 1847 in
1390 1778 1660 1849 coelum
1696 1778 1988 1850 sublatis
2022 1778 2372 1858 manibuS,
2414 1799 2618 1849 cane-

56 1870 274 1939 bant:
330 1866 596 1938 Gratias
642 1866 916 1958 agimus
959 1866 1082 1938 tibi
1118 1872 1284 1937 ,Iesu
1316 1865 1599 1949 Christe,
1640 1866 1742 1936 fili
1775 1867 1891 1937 Dei
1935 1867 2090 1949 vivi,
2133 1869 2255 1956 qui
2286 1866 2628 1937 exaudisti

57 1978 276 2028 voces
323 1956 410 2025 ad
461 1968 525 2024 te
570 1954 1047 2037 clamantium,
1099 1968 1166 2025 et
1201 1955 1560 2026 reddidisti
1602 1955 1803 2026 nobis
1838 1968 2182 2048 pastorem
2221 1956 2624 2026 animarum

61 2058 498 2124 nostrarum,
542 2057 605 2113 et
634 2065 1002 2135 corporum
1038 2056 1578 2135 procuratorem.

153 2136 197 2222 ξ
252 2136 416 2204 ῡῡ.
469 2137 567 2203 Ita
616 2132 701 2203 ad
754 2133 981 2204 sedem
1035 2134 1385 2224 propriam
1437 2155 1773 2213 reversus,
1826 2132 2022 2205 audit
2125 2132 2316 2204 alatii
2364 2132 2630 2203 Princi-

65 2245 224 2324 peS,
260 2220 436 2309 ’quos
467 2236 744 2292 auctore
767 2226 922 2303 Deo,
961 2227 1248 2292 Romam
1300 2223 1769 2314 proficiscens,
1804 2244 2058 2293 concor
2108 2244 2181 2292 es
2230 2221 2622 2310 reliquerat,

67 2311 449 2401 instigante
475 2310 772 2392 diabolo,
801 2311 949 2400 jam
978 2310 1363 2382 discordiae
1413 2326 1603 2402 peste
1627 2323 2001 2411 correptos.
2040 2310 2391 2413 Spiritalia
2419 2310 2631 2401 igitur

67 2421 271 2470 arma
313 2422 704 2490 capessenS,
760 2412 948 2491 puta,
989 2399 1285 2501 vigilias,
1319 2421 1576 2490 prece3‚
1623 2399 1918 2488 jejunia,
1948 2398 2328 2491 spiritalem
2363 2399 2630 2469 hostem

65 2514 105 2560 e
155 2488 418 2581 palatio
466 2488 743 2581 pellere,
796 2489 1252 2581 etpristinam
1305 2487 1747 2560 concordiam
1800 2488 1979 2560 inter
2009 2500 2388 2559 commotos
2439 2488 2632 2578 prin·

65 2578 261 2670 cipes
320 2580 576 2649 sarcire
624 2591 935 2649 conatur.
988 2583 1207 2663 Quam
1256 2600 1415 2649 vero
1480 2577 1697 2648 multa
1728 2632 1743 2658 ,
1816 2598 2028 2665 quam
2100 2577 2338 2669 gravia
2383 2590 2447 2647 et
2495 2577 2634 2647 alta

65 2668 376 2758 suspiria
425 2667 645 2749 duxit,
697 2689 903 2755 quam
963 2667 1216 2739 multas
1284 2667 1635 2738 molestias
1682 2677 1748 2736 et
1794 2666 2199 2750 afflictiones
2260 2666 2459 2736 beata
2528 2687 2633 2736 se-

68 2769 320 2827 nectus
370 2756 674 2846 pertulit,
727 2769 803 2825 ut
834 2778 951 2827 eos
991 2757 1168 2827 inter
1208 2780 1280 2828 se
1314 2755 1735 2836 conciliaret,
1769 2777 1946 2843 quos
1976 2755 2236 2825 invidia
2266 2754 2523 2825 diaboli
2557 2755 2632 2823 in

70 2859 359 2916 mutuas
405 2844 800 2915 animorum
862 2846 1264 2917 acerbitates
1311 2845 1747 2929 confecerat?
1796 2849 1984 2915 Certe
2032 2865 2116 2913 ne
2163 2844 2453 2934 sanguis
2505 2844 2633 2913 hu-

70 2955 331 3003 manus
372 2931 777 3003 funderetur
824 2956 863 3003 a
912 2934 1340 3013 Christianis,
1394 2868 1618 3004 libens
1667 2934 1817 3024 ipse
1879 2946 2163 3003 mortem
2216 2944 2364 3003 erat
2424 2953 2632 3034 oppe-

69 3023 326 3092 titurus
360 3076 375 3102 ,
452 3042 587 3091 non
645 3022 1011 3092 immemor
1069 3021 1259 3092 illius
1324 3020 1774 3114 Evangelicae
1816 3022 2043 3114 (Joan.
2080 3021 2152 3112 x)
2197 3033 2630 3092 sententiae:
2818 3060 2866 3115 5

70 3114 313 3182 Pastor
360 3112 565 3180 bonus
603 3113 903 3181 animam
947 3134 1144 3199 suam
1200 3111 1319 3181 dac
1356 3134 1476 3198 pro
1524 3112 1754 3181 ovibus
1807 3114 1972 3182 suis.
2040 3117 2172 3182 Nec
2221 3111 2414 3181 labor
2461 3109 2642 3183 tanti

70 3200 198 3270 viri
239 3221 490 3270 cassus
514 3220 663 3269 esse
695 3202 939 3291 potuit.
971 3200 1323 3291 Principes
1348 3200 1557 3279 enim,
1591 3200 1797 3291 pulsa
1844 3199 2301 3282 dissensione,
2342 3199 2635 3271 libente-r

77 3288 386 3380 amplexi
435 3302 598 3363 sunt
642 3288 973 3359 amissam
1013 3310 1275 3379 pacem.
1955 3296 1965 3313 ’

158 3380 195 3464 ᾖ
242 3381 422 3449 80.
474 3382 627 3447 Jam
679 3398 838 3447 vero
889 3391 1219 3467 regnante
1247 3377 1691 3459 TheodoricO,
1735 3376 1858 3465 qui
1894 3377 2168 3448 beatum
2209 3378 2435 3447 virum
2494 3398 2632 3446 non

75 3466 333 3547 minus,
374 3486 583 3553 quam
624 3471 841 3557 Reges
868 3467 1281 3555 superioreS,
1319 3467 1609 3536 charum
1643 3467 1911 3550 habuit,
1965 3468 2144 3537 inter
2177 3465 2441 3555 reliqua
2484 3466 2636 3557 ejus

74 3550 413 3625 beneficia
462 3552 531 3623 id
580 3556 667 3626 ab
724 3576 803 3624 eo
876 3556 1283 3646 praestitunt
1350 3569 1452 3626 est
1521 3570 1761 3626 sancto
1809 3557 2156 3637 AudoenQ
2209 3568 2288 3627 ut
2350 3556 2418 3626 in
2482 3557 2635 3646 ejus
2731 3560 2742 3570 ‘

76 3644 389 3728 paroecia
428 3664 552 3713 nec
602 3644 983 3735 Episcopus
1034 3666 1158 3714 nec
1206 3643 1430 3715 Abbas
1462 3644 1579 3714 .vel
1631 3644 2014 3726 Abbatissa,
2070 3666 2293 3733 neque
2362 3651 2626 3724 ComcS,

78 3748 293 3817 neque
324 3732 512 3802 alius
544 3733 914 3821 quisquam
955 3733 1330 3821 judiciaria
1381 3745 1709 3824 potestate
1759 3733 2135 3824 praeditus,
2189 3734 2450 3821 absque
2481 3733 2636 3823 ejus

78 3836 415 3915 consensu
450 3826 780 3891 rectorem
812 3821 916 3890 vel
956 3843 1426 3894 successorem
1454 3823 1873 3893 constituere
1921 3822 2226 3903 auderet,
2267 3821 2401 3891 nisi
2427 3841 2636 3909 quem

82 3923 185 3972 vir
234 3922 517 3982 sanctus
567 3910 668 3979 vel
708 3909 793 3979 de
840 3910 1010 3994 suis,
1066 3910 1166 3980 vel
1217 3911 1503 3981 aliunde
1554 3933 1676 4003 pro
1735 3912 1910 3982 vitae
1975 3913 2219 3982 merito
2269 3910 2630 3980 instituere

83 3991 299 4096 vellet.
350 4004 508 4069 Erat
555 4011 703 4070 tum
755 3999 824 4068 in
874 4000 1048 4089 ejuS,
1100 4022 1309 4088 quem
1359 3999 1693 4089 diximus,
1742 4001 1950 4090 Regis
1996 4000 2252 4091 palatio
2294 3998 2631 4090 primaria

82 4076 409 4171 dignitate
439 4088 545 4157 vir
602 4086 894 4159 illustris
943 4092 1264 4159 Waratto.
1318 4093 1384 4162 Is
1423 4089 1650 4159 filium
1712 4088 1960 4159 habuit
2007 4102 2370 4158 strenuum
2419 4099 2486 4157 et
2533 4090 2638 4157 in-

87 4164 472 4269 dustrium,
544 4177 660 4248 sed
726 4177 960 4247 animo
1005 4176 1227 4247 ferum
1287 4200 1367 4247 ac
1419 4178 1730 4248 moribus
1782 4198 2107 4268 asperum
2145 4233 2160 4259 ,
2218 4190 2285 4248 et
2330 4177 2465 4268 ipsi
2515 4199 2639 4278 pa-

88 4269 264 4326 renti
308 4282 428 4333 suo
476 4265 951 4337 insidiantem.
1004 4266 1368 4336 Gislemari
1410 4287 1660 4336 nomen
1725 4278 1871 4336 erat
1917 4266 2072 4336 illi:
2126 4288 2255 4336 nec
2304 4265 2564 4336 destitit
2598 4286 2640 4335 a

89 4362 411 4437 concepta
480 4354 788 4437 malitia,
857 4354 1076 4426 donec
1145 4369 1403 4447 patrem
1470 4376 1599 4424 suo
1667 4355 2064 4446 principatu
2133 4355 2403 4446 dejecit.
2492 4356 2635 4427 Etsi

90 4451 246 4502 vero
292 4438 680 4534 objurgaret
724 4466 884 4515 eum
948 4446 1190 4516 beatus
1236 4443 1650 4526 Audoe'nuS,
1703 4444 1886 4532 quod
1941 4455 2200 4515 tantam
2252 4443 2632 4533 nequitiam
