3308 5004
148 278 338 347 we.
388 279 476 346 28
723 294 806 345 na
850 297 909 346 s.
963 255 1333 348 musano
1368 300 1571 351 msc.
1622 301 1702 349 ιτ
1744 299 1918 349 ιω..
1970 300 2153 351 noer.
2482 285 2614 351 679

139 381 332 469 quod
354 382 502 471 jam
530 381 683 472 ipse
703 382 890 468 prior
920 381 1193 463 fecerat,
1222 383 1390 455 dum
1425 386 1512 454 de
1542 385 2026 456 transmarinis
2041 384 2127 460 ad
2156 407 2286 456 sua
2302 396 2695 458 remeasset.

142 475 443 546 Sanctus
492 492 646 540 vero
696 470 1004 542 Valerius
1071 472 1426 543 ordinator
1495 474 1688 562 ejus,
1747 488 1826 544 ut
1883 487 2031 544 erat
2079 474 2182 543 vir
2229 475 2590 565 piissimus
2631 487 2704 546 et

147 564 366 630 Deum
420 558 695 640 timens,
747 560 1095 632 exultabat
1129 574 1198 631 et
1242 567 1379 632 Deo
1424 564 1681 653 gratias
1713 560 1986 652 agebat,
2041 585 2205 634 suas
2249 562 2607 634 exauditas
2659 586 2706 635 a

140 647 439 718 Domino
477 646 693 718 fuisse
791 670 1020 719 reces:
1066 671 1246 737 quas
1275 672 1347 720 se
1392 651 1950 738 frequentissime
2004 650 2268 721 fudisse
2326 652 2695 724 narrabat:

144 735 412 808 scilicet
441 749 518 807 ut
558 737 690 807 sibi
716 670 1050 807 (livinitus
1084 738 1288 811 homo
1318 740 1811 810 concederetur
1840 738 2022 820 talis,
2073 741 2195 827 qui
2229 754 2457 832 posset
2496 742 2700 812 verbo

146 825 269 895 Dei
300 839 366 894 et
414 825 728 895 doctrina
776 826 1041 898 salubri
1080 826 1454 897 Ecclesiam
1499 829 1614 899 Dei
1651 828 2046 898 aedificare:
2082 829 2198 898 cui
2229 829 2329 899 rei
2359 850 2460 910 se,
2494 829 2699 901 homo

146 918 401 985 natura
457 918 793 995 GraecuS,
858 916 1228 1003 minusque
1304 918 1540 987 Latina
1590 917 1834 1009 lingua
1880 932 1945 989 et
2009 916 2226 988 literis
2285 917 2692 999 instructus,

143 1002 385 1073 minus
434 1003 673 1073 utilem
725 1003 1142 1093 pervidebat.
1197 1009 1273 1075 Et
1318 1006 1545 1082 eidem
1605 1008 2002 1097 presb'ytero
2061 1018 2457 1096 potestatem
2509 1004 2699 1078 dedit

138 1114 380 1163 coram
425 1114 497 1162 se
537 1093 607 1162 in
653 1093 944 1163 eeclesia
976 1093 1423 1184 Evangelium
1484 1095 1954 1185 praedicandi,
1999 1117 2086 1165 ac
2142 1095 2696 1187 frequentissime

138 1180 521 1261 tractandi,
574 1195 811 1252 contra
859 1202 1065 1253 usum
1129 1182 1410 1270 quidem
1472 1196 1540 1253 et
1598 1184 2165 1255 consuetudinem
2217 1183 2690 1255 Africanarum

132 1269 617 1340 ecclesiarum.
674 1268 866 1340 Unde
906 1270 1116 1340 etiam
1166 1272 1229 1341 ei
1286 1272 1608 1346 nonnulli
1683 1273 1998 1362 Episcopi
2048 1273 2520 1343 detrahebant.
2561 1271 2690 1342 Sed

134 1358 265 1429 ille
328 1359 429 1428 vir
489 1358 899 1440 venerabilis
950 1381 1029 1428 ac
1080 1360 1432 1450 providus,
1486 1361 1556 1430 in
1627 1361 2091 1436 Orientalibus
2134 1361 2446 1431 ecclesiis
2487 1362 2561 1431 id
2610 1383 2691 1431 ex

134 1468 336 1518 more
383 1448 531 1517 fieri
572 1448 820 1528 scienS,
858 1448 1134 1518 utilitati
1180 1449 1509 1521 ecclesiae
1539 1450 1936 1532 consulens,
1980 1450 2508 1526 obtrectatorum
2553 1469 2688 1522 non

136 1536 436 1607 curabat
484 1537 783 1626 linguae,
837 1537 1219 1608 dummodo
1266 1538 1688 1609 factitaretur
1726 1562 1764 1609 a
1809 1540 2228 1629 presbytera,
2289 1538 2472 1627 quod
2530 1561 2570 1608 a
2613 1560 2691 1609 se

133 1625 480 1717 Episcopo
530 1625 804 1716 impleri
833 1625 1118 1695 minime
1156 1648 1353 1718 posse
1376 1625 1729 1699 cernebat.
1772 1627 1960 1698 Unde
1991 1650 2282 1714 accensa
2307 1640 2374 1698 et
2405 1627 2683 1709 ardens,

131 1714 403 1784 elevata
450 1736 659 1802 super
686 1713 1182 1785 candelabrum
1217 1715 1523 1798 lucerna,
1575 1718 1904 1788 omnibus
1935 1717 2053 1804 qui
2089 1717 2158 1786 in
2209 1717 2416 1787 domo
2463 1728 2683 1797 erant,

136 1802 442 1873 lucebat.
500 1807 573 1872 Et
622 1816 853 1893 postea
911 1818 1233 1874 currente
1307 1819 1372 1874 et
1422 1805 1689 1877 volante
1755 1806 2152 1891 hujusmodi
2222 1805 2450 1885 fame,
2508 1805 2688 1874 bono

136 1891 593 1983 praecedente
638 1892 972 1981 exemplo,
1022 1906 1301 1985 accepta
1350 1894 1438 1964 ab
1487 1894 1846 1985 Episcopis
1909 1906 2258 1984 potestate,
2307 1893 2688 1985 presbyteri

138 1980 465 2068 nonnulli
500 2002 729 2050 coram
766 1981 1144 2071 Episcopis‚
1182 1983 1455 2083 populis
1491 1997 1785 2054 tractare
1816 1997 2190 2072 coeperunt
2224 1984 2507 2053 verbum
2546 1982 2682 2051 Dei.

237 2072 274 2155 ἓ
318 2072 419 2138 θ.
468 2074 640 2140 Sane
693 2083 852 2139 tunc
902 2069 972 2138 in
1023 2069 1137 2141 illa
1202 2073 1627 2162 Hipponensi
1682 2073 1850 2143 urbe
1881 2073 1916 2108 ⁸
1950 2073 2505 2145 Manichaeorum
2567 2093 2687 2161 pe-

136 2155 442 2242 stilentia
484 2157 1047 2248 quamplurimos
1086 2160 1277 2231 cives
1320 2174 1387 2231 et
1444 2162 1840 2250 peregrinos
1888 2160 2213 2230 infecerat
2259 2173 2325 2236 et
2374 2173 2689 2251 penetra-

140 2258 353 2329 verat,
407 2247 776 2318 seducente
820 2261 887 2317 et
930 2247 1317 2338 decipiente
1345 2250 1654 2340 ejusdem
1709 2250 2009 2319 haeresis
2043 2249 2346 2337 quodam
2394 2250 2684 2337 presby·-

136 2347 309 2416 ter0,
359 2338 638 2406 nomine
690 2340 1082 2418 Fortu-nato,
1137 2337 1389 2408 ibidem
1441 2348 1886 2407 conversante
1946 2349 2150 2424 atque
2200 2348 2529 2406 morante.
2562 2341 2685 2405 In-

134 2437 322 2494 terea
361 2426 840 2517 Hipponenses
886 2426 1069 2496 cives
1115 2438 1182 2496 et
1244 2428 1586 2519 peregrini
1632 2426 2045 2506 Christiani,
2101 2440 2235 2494 tam
2299 2423 2679 2508 catholici,

124 2536 346 2673 guam
376 2517 583 2585 etiam
639 2515 1043 2595 Donatistae,
1104 2514 1361 2586 adeunt
1407 2517 1864 2606 Augustinum
1918 2514 2419 2605 presbyterum.
2476 2526 2685 2601 atque

186 2617 549 2693 eposcunt‚
585 2603 890 2673 utillum
944 2604 1292 2675 hominem
1336 2604 1888 2675 Manichaeorum
1946 2606 2682 2692 presbyterum‚quem

130 2692 419 2761 doctum
463 2692 857 2773 credebant,
890 2693 1169 2773 videret,
1202 2706 1267 2762 et
1308 2714 1472 2762 cum
1508 2693 1745 2763 eodem
1797 2691 1883 2761 de
1917 2691 2062 2782 lege
2110 2703 2449 2762 tractaret.
2488 2690 2680 2774 Quod

126 2779 351 2859 idem,
386 2794 466 2850 ut
503 2781 835 2869 scriptum
885 2795 1009 2862 est,
1066 2794 1346 2875 paratus
1405 2781 1491 2850 ad
1558 2782 2073 2871 responsionem
2125 2780 2314 2850 omni
2374 2780 2683 2869 poscenti

126 2889 210 2937 se
252 2868 584 2937 rationem
635 2870 720 2939 de
770 2870 904 2940 fide
949 2882 1015 2939 et
1045 2892 1189 2961 spe,
1243 2891 1424 2956 quae
1467 2870 1537 2938 in
1576 2875 1706 2939 Deo
1743 2883 1865 2949 est,
1925 2883 2301 2959 potensque
2338 2868 2684 2938 exhortari

131 2957 209 3027 in
251 2956 564 3027 doctrina
613 2980 804 3040 sana,
858 2973 932 3029 et
968 2957 1514 3029 contradicentes
1570 2958 1774 3028 redar
1827 2980 2006 3038 uere,
2064 2957 2348 3025 minime
2397 2956 2675 3026 renuit:

128 3044 259 3116 sed
314 3059 542 3115 utrum
593 3048 797 3118 etiam
849 3048 977 3118 hoc
1025 3053 1438 3119 Fortunatus
1484 3047 1630 3117 fieri
1703 3046 1938 3126 velet,
1991 3046 2380 3116 sciscitatus
2425 3059 2549 3115 est.
2605 3050 2683 3115 At

127 3133 239 3205 iili
300 3133 655 3205 confestim
708 3137 790 3205 ad
843 3137 1074 3239 ipsum
1138 3141 1583 3206 Fortunatum
1639 3134 1702 3203 id
1778 3135 2212 3214 detulerunt,
2268 3146 2569 3224 petentes
2602 3147 2682 3205 et

125 3225 569 3294 exhortantes
612 3248 695 3295 ac
733 3224 1143 3316 flagitantes,
1168 3225 1361 3312 quod
1413 3223 1480 3294 id
1536 3224 1820 3294 minime
1868 3236 2233 3294 recusaret.
2288 3227 2463 3293 Sane
2507 3244 2682 3312 quo·

130 3313 331 3382 niam
382 3312 560 3381 idem
613 3318 1025 3384 Fortunatus
1065 3315 1205 3401 jam
1243 3312 1428 3404 apud
1486 3312 1970 3402 Carthaginem
2028 3323 2345 3382 sanctum
2399 3323 2680 3382 noverat

129 3401 600 3490 Augustinum
631 3454 649 3481 ,
704 3403 936 3470 adhuc
983 3402 1055 3470 in
1102 3402 1338 3471 eodem
1391 3424 1623 3472 secum
1683 3423 1912 3471 errore
1958 3400 2448 3481 constitutum,
2514 3422 2676 3492 cum

131 3489 376 3559 eodem
413 3490 740 3581 congredi
775 3491 1140 3580 pavitabat.
1178 3496 1657 3564 Verumtamen
1694 3512 1976 3563 suorum
2017 3490 2312 3559 maxime
2349 3489 2679 3559 instantia
2781 3506 2786 3513 ·

126 3592 416 3649 coactus
465 3601 544 3648 ac
600 3579 1148 3658 verecundatus,
1222 3580 1537 3668 promisit
1589 3580 1912 3649 cominus
1960 3599 2031 3648 se
2085 3599 2235 3648 esse
2284 3591 2673 3659 venturum,

128 3681 624 3756 certamenque
669 3668 1075 3757 disputandi
1125 3670 1549 3739 subiturum.
1608 3668 1799 3737 Unde
1856 3666 2174 3736 condicto
2220 3666 2333 3735 die
2375 3677 2441 3736 et
2481 3665 2628 3734 loco
2657 3719 2674 3747 ,

130 3771 603 3826 convenerunt
625 3759 694 3826 in
722 3778 966 3827 unum,
994 3758 1570 3827 concurrentibus
1595 3755 2136 3845 quamplurimis
2163 3756 2325 3824 viris
2353 3753 2680 3824 studiosis

142 3844 501 3932 turbisque
530 3846 864 3916 curiosis:
901 3859 967 3916 et
995 3848 1252 3937 apertis
1281 3846 1703 3916 notariorum
1737 3844 2012 3925 tabuliS,
2042 3840 2416 3933 disputatio
2442 3855 2682 3930 coepta

141 3932 388 4017 prime,
442 3947 508 4003 et
553 3933 858 4004 secundo
906 3935 1100 4004 finita
1160 3947 1261 4005 est
1296 3934 1432 4005 die.
1488 3939 1563 4003 In
1614 3955 1753 4021 qua
1803 3933 1917 4002 ille
1980 3921 2422 4003 manichaeus
2486 3953 2681 4021 prae-

138 4034 394 4108 ceptor,
451 4035 532 4093 ut
583 4036 928 4113 gestorum
980 4023 1285 4093 continet
1330 4023 1526 4103 fides,
1585 4044 1708 4092 nec
1756 4021 2170 4092 Catholicam
2229 4020 2679 4091 assertionem

190 4111 364 4180 otuit
413 4133 768 4192 evacuare,
820 4133 945 4182 nec
994 4112 1547 4182 Manichaeorum
1597 4124 1852 4181 sectam
1903 4111 2198 4181 subnixa
2248 4109 2521 4180 veritate
2567 4130 2684 4177 va·

173 4195 276 4265 uit
319 4204 811 4291 comprobare:
890 4201 1008 4271 sed
1057 4201 1391 4270 deficiens
1436 4201 1903 4291 responsione,
1956 4199 2202 4269 ultimo
2259 4198 2680 4269 collaturum

131 4357 562 4460 ‘pgefflfflam
588 4375 681 4414 qua
708 4374 877 4415 pamm
906 4365 1054 4406 distat
1080 4361 1308 4409 hodiem
1333 4364 1489 4410 Bona..
1507 4358 1557 4411 in
1592 4363 1695 4406 ned.
1731 4362 1979 4409 numini-e
2010 4360 2257 4414 provincia
2282 4371 2423 4412 quam
2460 4363 2686 4415 Alget-ian
