3308 5004
686 325 837 391 il‘tss
1606 338 1698 387 «ιι
1731 336 1801 385 s.
1852 334 2158 386 nomm
2863 318 3071 388 tim.
3099 320 3148 387 tt

616 427 740 497 ille
774 425 1201 498 benedicens
1234 429 1471 503 Deum,
1522 421 1804 492 cuidam
1859 421 2224 513 religiosae
2269 431 2624 492 matronae
2679 419 2752 491 id
2811 421 3152 494 indicavit.

613 516 844 586 *lertio
889 515 1003 585 die
1099 514 1350 585 iscator
1391 510 1754 602 capiendis
1799 509 1946 581 illic
1994 511 2306 601 piscibus
2342 511 2674 592 inte-ntus,
2708 529 3159 602 oum-senpe-

620 616 807 675 raret
863 625 1032 695 gran
1088 625 1196 672 em
1245 601 1507 759 friscam
1571 600 1782 671 hamo
1847 611 2320 671 extracturum
2350 654 2367 680 ,
2419 598 2840 669 librosiUos
2879 599 3163 670 extraxit

616 693 1016 782 usqueadeo
1055 691 1240 760 invio
1270 690 1624 772 atos,·acsi
1671 689 1743 758 in
1795 687 2215 759 bibliotheca
2244 687 2573 759 asservati
2615 686 2931 759 fuissent.
2969 688 3161 773 Quod

619 782 1041 853 miraculum
1096 801 1178 849 ea
1226 802 1335 849 res
1385 777 1677 848 mirifice
1721 776 2155 867 amplificat,
2201 777 2391 864 quod
2440 799 2567 847 nec
2627 798 2938 867 pannum
2971 831 2990 861 ‚
3046 799 3164 849 nec

612 871 993 959 quicquam
1028 869 1446 939 munimenti
1470 866 1835 937 'habebant
1881 865 2181 948 codiceS,
2219 877 2486 956 praeter
2515 865 2866 937 beati‘viri
2891 868 3161 939 merita.

612 965 750 1030 Bos
799 973 1114 1030 matrona
1159 956 1635 1046 cum·ingenti
1685 953 1941 1046 gaudio
1988 955 2300 1025 Tolosam
2354 955 2543 1026 misit
2589 974 2784 1025 servo
2817 955 2958 1026 Dei.
3009 962 3166 1028 'l'ra-

611 1049 780 1138 jecit
823 1046 1243 1137 quandoque
1289 1047 1363 1114 in
1396 1044 1646 1115 iisdem
1698 1043 2295 1134 partibusaquam
2325 1042 2702 1132 quamdam
2740 1065 2905 1114 cum
2933 1045 3167 1116 multis

609 1138 779 1208 aliis
824 1134 1344 1228 evangelizandi
1389 1135 1625 1204 causa·
1682 1138 1748 1203 Is
1794 1145 2025 1203 autem
2059 1187 2076 1213 ,
2125 1132 2250 1220 qui
2306 1155 2423 1203 eos
2474 1145 2985 1216 transvexerat,
3039 1135 3167 1204 im-

618 1238 914 1316 portune
964 1224 1330 1295 denarium
1378 1223 1466 1293 ab
1512 1221 1634 1292 illo
1683 1243 1806 1310 pro
1857 1219 2066 1292 naulo
2121 1221 2459 1311 exigebat.
2533 1221 2912 1313 Respondit
2955 1223 3017 1293 ei
3070 1223 3169 1293 vir

620 1316 785 1385 Dei:
844 1342 869 1378 ι
910 1319 1159 1384 Servus
1207 1311 1323 1381 Dei
1371 1335 1552 1393 sum,
1599 1321 1667 1380 et
1710 1309 2122 1400 discipulus·
2151 1317 2320 1380 Jeseu
2367 1310 2641 1381 Christi.
2693 1316 3069 1402 Argentum
3104 1321 3169 1382 et

614 1425 871 1484 auru-m
913 1423 1051 1471 non
1101 1413 1203 1470 est
1252 1401 1463 1469 mibi:
1518 1398 1903 1469 mercedem
1954 1399 2150 1491 regni
2198 1399 2545 1470 coelorum
2597 1399 2721 1470 tibi
2771 1402 3166 1491 promitto.»

620 1492 811 1575 Quod
881 1492 1088 1560 miser
1136 1489 1253 1559 ille
1299 1488 1757 1580 vilipendens,
1811 1489 2059 1558 institit
2105 1489 2374 1571 acrius,
2416 1499 2483 1558 et
2533 1502 2853 1558 sanetum
2887 1490 2979 1559 ·vi
3050 1511 3169 1581 per

617 1579 978 1650 cucullum
1050 1577 1353 1660 trahens,
1393 1581 1536 1648 -Aut
1580 1576 1983 1655 cucullum,
2059 1576 2128 1645 in
2181 1576 2335 1658 uit,
2422 1577 2536 1647 hic
2596 1576 2989 1666 relinque8‚
3053 1590 3171 1649 aut

617 1668 984 1738 denarium
1020 1665 1389 1758 persolves.
1419 1672 1590 1736 Tum
1625 1665 1744 1735 ille
1768 1664 2060 1736 sublatis
2091 1688 2132 1735 a
2212 1667 2484 1736 coelum
2512 1665 2761 1746 oculis,
2797 1689 3174 1770 parumper

616 1758 801 1827 intra
847 1777 922 1826 se
947 1755 1205 1826 oravit:
1262 1776 1554 1857 moxque
1600 1756 1671 1824 in
1723 1767 1975 1825 terram
2032 1754 2464 1846 adspiciens,
2517 1755 2888 1825 ‘denarium
2934 1756 3173 1827 divino

618 1859 798 1916 nutu
827 1845 969 1915 illic
1008 1844 1353 1936 jacentem
1394 1843 1589 1925 vidit,
1627 1843 1860 1931 aitque
1889 1843 2155 1914 homini
2191 1867 2207 1913 ε
2261 1867 2298 1911 «
2328 1850 2497 1915 Ecce
2535 1844 2764 1926 frater,
2800 1844 3174 1933 tollequod

620 1936 820 2026 petis,
874 1947 940 2003 et
987 1955 1098 2003 me
1146 1932 1442 2002 liberum
1496 1935 1563 2000 in
1608 1955 1777 2022 pace
1824 1932 2166 2002 dimitte.»

707 2025 966 2112 ξω.
1020 2021 1406 2109 Aliquando
1452 2021 1580 2091 iter
1614 2021 1890 2092 facienti
1935 2043 2128 2093 servo
2181 2020 2293 2090 Dei
2337 2020 2710 2111 adjunctus
2755 2035 2859 2092 est
2903 2023 3166 2104 socius,

618 2111 1160 2184 conversationis
1204 2110 1486 2198 quidem
1530 2111 1889 2180 sanctitate
1935 2110 2381 2190 domesticuS,
2421 2109 2539 2180 sed
2566 2110 2854 2183 alterius
2883 2133 3178 2202 prorsus

620 2201 718 2270 lin
823 2222 902 2270 ae
948 2212 1014 2271 et
1061 2199 1435 2269 idiomatis,
1490 2198 1737 2270 Dolens
1770 2200 2000 2287 itaque
2033 2221 2168 2269 non
2208 2220 2408 2286 posse
2454 2222 2527 2269 se
2562 2212 2874 2269 mutuam
2921 2223 3004 2271 ex
3040 2201 3176 2291 piis

616 2303 686 2362 et
782 2289 985 2359 ivinis
1032 2287 1396 2376 colloquiis
1450 2310 1531 2358 ca
1582 2299 1727 2358 tare
1773 2288 2309 2359 consolationem
2340 2341 2356 2366 ,
2407 2309 2448 2356 a
2521 2288 2806 2358 Domino
2883 2311 3177 2379 precum

620 2399 903 2452 suarum
956 2378 1310 2459 instantiA,
1363 2389 1440 2447 ut
1498 2399 1537 2447 a
1568 2378 1681 2447 ius
1728 2376 1943 2447 alium
2006 2376 2437 2468 intelligeret,
2491 2377 2904 2467 impetravit.
2956 2384 3180 2467 Atque

616 2469 715 2540 ita
761 2489 887 2560 per
931 2465 1269 2549 triduum,
1320 2487 1458 2555 quo
1496 2465 1707 2538 simul
1748 2466 1879 2538 iter
1906 2466 2378 2558 capessebant,
2409 2463 2695 2538 alternis
2731 2468 3180 2541 sermonibus

618 2559 913 2629 invicem
977 2579 1051 2628 se
1097 2556 1540 2635 recreabant,
1594 2556 1885 2625 Domino
1946 2557 2203 2646 gratias
2262 2568 2565 2645 agentes.
2620 2562 2877 2626 Revera
2921 2578 3181 2627 conve-

618 2648 890 2717 nienter
909 2646 1194 2716 omnino
1219 2646 1400 2716 dono
1436 2646 1666 2715 Sancti
1699 2645 2018 2734 Spin-itm,
2054 2645 2262 2715 variis
2296 2645 2606 2731 loquitur
2637 2645 2730 2714 lin
2787 2646 2895 2714 uis
2923 2646 3182 2737 lingua

618 2734 1006 2827 placabilis,
1058 2747 1124 2805 et
1170 2733 1482 2804 doctrina
1529 2734 1858 2803 salutaris
1897 2733 2179 2813 mundi,
2240 2732 2453 2803 clavis
2502 2734 2580 2803 fit
2625 2754 2744 2803 coe
2776 2734 2821 2815 i,
2871 2748 2940 2805 et
2986 2757 3181 2806 rese-

617 2825 792 2894 ratio
824 2835 1055 2913 portae
1082 2823 1564 2913 sempiternae.
1594 2822 2033 2911 Benigneque
2064 2821 2353 2891 coelitus
2403 2822 2616 2892 misso
2656 2836 2906 2892 nautae
2951 2824 3180 2914 pretio

616 2913 1019 2991 honoratur,
1056 2912 1180 2998 qui
1226 2912 1602 3002 cogitatum
1643 2932 1853 2980 suum
1898 2930 2176 2980 omnem
2213 2910 2282 2978 in
2325 2912 2696 2982 Dominum
2719 2912 3038 3002 jactarat.
3101 2919 3186 2983 Et

616 3000 739 3088 qui
770 3021 1027 3089 corpus
1054 3012 1120 3068 et
1165 3000 1471 3069 animam
1521 2998 1716 3069 illius
1766 2998 2213 3068 immaculata
2260 3001 2551 3069 servavit
2597 3023 2638 3070 a
2694 3001 2957 3070 carnali
3008 3024 3182 3072 con-

618 3088 1073 3178 cupiscentia,
1103 3086 1372 3177 illeipse
1404 3088 1621 3158 libros
1648 3088 1802 3188 ejus
1832 3086 2104 3157 illaesos
2131 3087 2496 3157 custodivit
2526 3090 2594 3158 in
2629 3088 2861 3158 undiS.
2902 3095 3183 3161 Donum

614 3199 780 3267 ergo
829 3176 924 3246 lin
982 3197 1134 3255 uae,
1187 3175 1485 3246 illustrat
1532 3176 1694 3245 fide1
1746 3176 2325 3265 praedicatorem:
2380 3176 2632 3247 solutio
2681 3179 2905 3267 pretii,
2958 3179 3184 3249 coho·

617 3278 842 3424 Restat
888 3199 1137 3335 Christi
1185 3286 1598 3356 pauperem:
1652 3264 2012 3355 integritas
2041 3265 2386 3346 codicum,
2443 3266 2815 3358 pudicitiae
2852 3279 3186 3338 venustat

671 3376 887 3425 orem.

707 3445 942 3531 §²1-
1018 3442 1267 3512 Mansit
1322 3440 1506 3532 apud
1555 3440 1928 3513 Tolosanos
2004 3442 2221 3513 multo
2291 3453 2596 3533 tempore
2656 3443 2771 3513 Dei
2844 3444 3188 3516 sacerdos

612 3531 1045 3613 Dominicus,
1098 3530 1204 3600 vir
1250 3552 1371 3622 per
1415 3530 2133 3621 omnia‹ApostolicuS‚
2177 3553 2626 3623 propugnans
2657 3555 2888 3603 veram
2922 3532 3179 3617 fidem,

614 3634 684 3693 et
728 3641 1138 3715 expugnans
1186 3619 1521 3691 haeresim
1575 3632 1722 3691 tum
1773 3619 2022 3701 verbis,
2078 3633 2225 3690 tum
2273 3620 2629 3711 exempliS,
2680 3633 2748 3691 et
2792 3621 3190 3694 Ecclesiam

614 3710 1065 3782 confirmans.
1120 3709 1582 3799 Insurgebant
1642 3730 1801 3779 vero
1851 3709 1920 3778 in
1988 3730 2147 3779 eum
2217 3721 2418 3780 testes
2482 3709 2759 3797 iniqui,
2813 3732 3193 3812 synagoga

613 3813 920 3880 satanae,
949 3810 1016 3869 et
1063 3797 1269 3870 fortes
1302 3800 1726 3886 quaerebant
1757 3799 2061 3867 animam
2111 3799 2286 3889 ejus.
2339 3798 2467 3868 Sed
2511 3821 2672 3868 cum
2708 3797 2796 3867 ad
2845 3799 2914 3868 td
2943 3821 3193 3887 usque

612 3888 957 3961 amentiae
1008 3902 1435 3979 proruerent,
1471 3900 1550 3960 ut
1596 3889 1804 3957 etiam
1831 3885 2110 3957 caedem
2142 3888 2205 3957 ei
2257 3888 2711 3970 minarentur,
2754 3908 2916 3957 cum
2945 3887 3198 3961 multa

612 3978 875 4050 fiducia
933 3977 1031 4048 ait
1076 3975 1163 4046 ad
1202 3976 1411 4047 illos:
1464 3982 1670 4047 «Non
1734 3997 1890 4046 sum
1947 3976 2380 4135 ego-dignus
2429 3978 2800 4066 martyrio:
2855 3976 3197 4049 nondum

610 4081 903 4138 mortem
969 4067 1194 4137 merui
1247 4066 1477 4137 istam.
1535 4089 1572 4133 »
1620 4071 1700 4135 Et
1745 4078 1972 4136 tamen
2042 4078 2196 4135 sttle
2245 4077 2315 4134 at
2365 4064 2611 4135 ardore
2670 4065 3199 4139 inaestimabili

614 4154 902 4226 calicem
952 4155 1319 4247 passionis,
1359 4154 1544 4226 haud
1597 4176 1821 4235 secus,
1868 4167 2074 4242 atque
2118 4175 2362 4224 cervus
2408 4152 2754 4226 desiderat
2800 4156 2885 4224 ad
2940 4153 3196 4228 fontes

617 4264 981 4332 aquarum.
1026 4249 1263 4332 Itaque
1308 4244 1654 4315 transiens
1700 4265 1825 4333 per
1862 4242 2049 4319 loca,
2100 4242 2222 4313 ubi
2270 4242 2373 4311 illi
2421 4254 2721 4315 structae
2768 4243 3200 4319 ferebantur

617 4332 936 4415 insidiae,
992 4346 1283 4405 cantans
1327 4344 1393 4403 et
1436 4331 1668 4403 alacer
1712 4331 2254 4423 ingrediebatur.
2290 4336 2381 4401 Ea
2417 4353 2489 4403 re
2520 4333 3192 4407 insadmirationem

617 4421 903 4495 adducti
938 4421 1266 4494 satellites
1311 4420 1731 4506 antichristi,
1765 4421 2087 4503 dicebant
2131 4421 2241 4491 ei:
2275 4426 2374 4490 An
2422 4443 2560 4493 non
2591 4423 2833 4495 mortis
2879 4422 3199 4499 honore
