3308 5004
756 337 880 402 754
1529 353 1609 400 m:
1659 353 1712 399 s,
1768 352 1929 400 ansa
1977 350 2146 399 vias.
2201 351 2333 398 ιιι.
2881 332 3066 398 AUG.
3116 331 3182 395 3⁰

663 461 705 509 a
744 451 962 508 matre
998 438 1200 527 jussa
1247 435 1454 509 domo
1499 438 1743 518 exivit;
1798 448 1973 528 post,
2025 433 2337 525 exemplo
2392 455 2560 504 suae
2596 436 2991 526 magistrae,
3043 428 3183 503 ri''·

666 527 857 598 diore
895 527 1127 595 inedia
1177 526 1407 596 vultus
1458 539 1882 597 venustatem
1932 525 2393 605 imminuere,
2451 536 2653 594 veste
2686 524 2936 594 humili
2985 538 3050 593 et
3131 547 3183 593 e-

664 619 897 706 specta
922 616 1234 705 corporis
1257 615 1637 705 agilitatem
1671 615 1917 697 celare,
1959 612 2461 701 hominumque
2500 625 2941 704 prospectum
2980 612 3181 700 quoad

667 717 928 799 poterat
974 703 1324 774 declinare
1360 705 1651 775 curavit.
1692 702 1817 774 His
1847 703 2107 774 sanctis
2145 701 2412 772 artibus
2462 722 2625 791 spes
2649 722 2889 770 omnes
2933 702 3180 792 nuptia·

665 815 822 864 rum
872 793 1128 875 elusit,
1183 814 1320 863 non
1370 805 1596 863 tamen
1646 813 2163 880 quamcumque
2277 812 2536 880 ugnam
2606 791 2842 859 evasit.
2895 795 2979 860 In
3026 803 3183 860 statu
3256 850 3257 853 ,

666 882 850 953 enim
901 882 1078 954 vitae
1138 881 1503 972 deligendo
1549 881 1673 951 diu
1740 880 2180 968 multumque
2255 878 2634 950 uetandum
2682 877 2837 948 fuit.
2907 880 3182 948 Tandem

665 971 965 1044 obtinuit
1012 971 1345 1062 vigesimo
1382 971 1622 1041 aetatis
1669 992 1894 1051 nnnc,
1948 980 2049 1050 ut,
2103 969 2573 1040 consentiente
2634 981 2872 1048 matre,
2937 982 3183 1069 coopta-

668 1073 861 1131 retur
908 1058 1138 1150 palam
1188 1060 1257 1128 in
1313 1058 1527 1129 filiam
1578 1059 1799 1129 sancti
1849 1058 2225 1140 Dominici,
2282 1069 2641 1149 assumpto
2686 1062 2753 1127 S.
2806 1057 3182 1129 Catharmae

673 1149 996 1220 Senensis
1043 1147 1309 1229 habitu,
1366 1170 1504 1235 quo
1552 1149 1851 1218 candent
1914 1168 2183 1218 sorores
2238 1147 2442 1216 Tertii
2491 1146 2767 1216 Ordinis
2803 1200 2819 1229 ,
2872 1146 3078 1237 vulgo
3116 1144 3181 1214 de

672 1237 1115 1310 Poenitentia.
1168 1241 1333 1307 Eam
1408 1258 1708 1325 namque
1774 1238 2131 1307 severioris
2197 1240 2262 1306 S.
2318 1236 2551 1305 Clarae
2618 1236 2843 1325 primo
2913 1236 3178 1325 virgines

673 1326 1075 1398 monasterii
1121 1326 1462 1397 Limensis
1508 1327 1573 1394 in
1626 1326 2055 1395 fundationis
2104 1324 2408 1395 sodalem
2460 1323 2713 1393 babere
2759 1324 2926 1394 totis
2955 1325 3177 1393 viribus
3256 1398 3257 1403 ,

673 1416 1126 1486 conabantur.
1182 1415 1751 1485 sanctimoniales
1800 1413 2239 1505 postmodum
2276 1413 2494 1483 sancti
2525 1411 2826 1481 doctoris
2874 1413 3176 1483 Ecclesiae
3256 1498 3257 1503 Ἰ

667 1504 1032 1595 Augustini
1064 1503 1254 1573 illam
1297 1504 1442 1592 jam
1476 1503 1682 1573 domo
1712 1503 1797 1573 ad
1831 1502 1962 1573 hoc
1993 1525 2344 1593 egressam
2386 1501 2990 1593 praestolabantur
3017 1521 3172 1571 sacro
3256 1508 3257 1575 l

670 1595 800 1664 hoc
848 1593 1147 1671 amictu,
1200 1606 1264 1661 et
1314 1614 1438 1661 nec
1487 1593 1742 1663 frustra
1776 1647 1792 1674 ‚
1844 1593 1914 1662 ni
1966 1605 2124 1662 ante
2171 1612 2360 1661 aram
2410 1591 2856 1660 Beatissimae
2916 1590 3170 1680 Virginis
3256 1608 3257 1659 Τ

671 1688 776 1754 Ss.
813 1681 1079 1753 Rosarii
1109 1681 1536 1752 immobilem
1570 1681 1673 1750 vis
1707 1681 1942 1752 divina
1992 1681 2257 1750 tamdiu
2306 1680 2734 1761 detinuisset,
2784 1680 3010 1767 quoad
3047 1698 3166 1748 coe·
3256 1692 3257 1765 l

668 1783 864 1863 ptum
932 1770 1198 1840 itineris
1258 1770 1682 1871 propositum
1738 1782 2149 1844 retractaret.
2225 1768 2461 1850 Unde,
2525 1767 2815 1839 coelitus
2864 1768 3162 1838 admonita
3256 1776 3257 1833 ζ

669 1859 991 1931 Ordinem
1045 1859 1596 1928 Praedicatorum
1648 1881 1798 1929 esse
1848 1860 1913 1928 in
1966 1862 2203 1930 sancta
2233 1857 2535 1929 Ecclesia
2567 1858 2964 1949 paradisum
3018 1856 3158 1924 volu-

666 1949 876 2039 ptatis
923 1947 1232 2028 divinae,
1289 1949 1357 2018 in
1407 1970 1546 2035 quo
1596 1949 1746 2037 ipsa
1797 1947 1978 2018 velut
2027 1970 2180 2018 rosa
2227 1947 2539 2017 coelestis
2584 1947 2834 2016 ceteris
2894 1947 2985 2016 ibi
3028 1944 3158 2014 lilio·

671 2060 829 2107 rum
870 2050 936 2106 et
982 2058 1296 2106 rosarum
1349 2038 1795 2107 vernantibus
1844 2036 2101 2127 plantis
2148 2035 2474 2106 socianda
2519 2046 2586 2104 et
2634 2035 2995 2105 inserenda
3026 2048 3150 2103 erat.
3256 2094 3257 2115 ¹

671 2124 859 2214 quod
913 2140 1147 2216 postea
1200 2147 1279 2194 ex
1333 2125 1598 2196 intimis
1632 2126 2054 2217 praecordiis
2104 2138 2352 2216 optans
2385 2124 2692 2215 petebat;
2736 2137 2804 2193 et
2857 2124 2979 2193 voti
3006 2144 3155 2191 com·
3256 2124 3257 2131 ’

673 2236 800 2305 pos
845 2213 1022 2285 facta
1055 2269 1071 2296 ,
1123 2227 1281 2284 ante
1328 2213 1746 2304 praedictam
1801 2220 1903 2284 Ss.
1956 2215 2220 2284 Rosarii
2270 2236 2459 2284 aram
2500 2267 2516 2295 ,
2577 2213 2889 2304 ejusdem
2931 2210 3151 2281 Ordinis
3256 2214 3257 2229 ¹

674 2325 861 2373 anno
905 2325 1098 2373 nncv1
1146 2303 1456 2372 habitum
1509 2304 1839 2393 suscepit.
1904 2309 2151 2372 Verum
2194 2324 2319 2373 nec
2367 2301 2596 2372 adhuc
2642 2302 2903 2391 integra
2942 2320 3072 2390 pax.

757 2395 922 2480 ἓθ.
962 2392 1307 2463 Suadebat
1352 2392 1536 2460 enim
1573 2405 1803 2482 postea
1847 2404 2172 2479 quaestor
2219 2390 2709 2470 Gundisalvus‚
2744 2392 2845 2459 vir
2863 2390 3132 2478 optimus,

667 2482 789 2571 qui
837 2481 1022 2583 apud
1075 2482 1409 2573 virginem
1463 2485 1712 2552 Rosam
1763 2480 1897 2552 sibi
1928 2481 2392 2552 concreditam
2442 2481 2838 2551 auctoritate
2866 2476 3133 2569 etdorne·

666 2571 837 2642 stico
886 2572 1175 2662 imperio
1224 2571 1603 2660 plurimum
1657 2570 1946 2654 valebat,
2001 2569 2438 2641 reformatam
2489 2569 2980 2640 excalceatarum
3017 2581 3127 2659 ytr-

662 2659 906 2750 ginum
958 2660 1135 2729 sacri
1184 2659 1474 2730 Carmeli
1515 2661 1826 2749 regulam
1876 2661 1945 2728 in
1995 2659 2232 2729 clauso
2279 2660 2612 2730 coenobio
2663 2659 2864 2748 potius
2903 2649 3130 2727 subire,

661 2770 873 2836 quam
923 2748 1101 2819 inter
1149 2762 1529 2838 postremas
1578 2753 1643 2818 S.
1698 2748 2037 2819 Dominici
2087 2749 2426 2819 tertiarias
2485 2759 2675 2819 extra
2724 2757 2899 2837 septa
2934 2760 3141 2836 mona-

661 2837 852 2908 sterii
900 2837 1236 2917 militare;
1291 2859 1362 2907 se
1409 2859 1547 2906 non
1601 2849 1865 2906 tantum
1918 2838 2357 2927 protectione,
2413 2836 2528 2906 sed
2579 2848 2646 2904 et
2689 2837 2892 2926 opera
2930 2843 2990 2900 et
3025 2849 3144 2928 opi-

661 2927 820 3007 bus,
876 2925 1275 3015 adJumento
1324 2926 1634 2995 futurum
1690 2926 2165 3016 pollicebatur.
2199 2926 2698 3017 'theologorum
2744 2921 3142 2994 scrutiniism

660 3016 789 3085 hac
836 3017 1050 3085 causa
1095 3036 1351 3105 anceps
1398 3015 1737 3084 sententia
1786 3018 1990 3097 stetit,
2044 3015 2261 3086 donec
2311 3015 2462 3106 ipsa
2514 3013 2807 3084 caelitus
2855 3013 3144 3084 roborata.

660 3104 1219 3174 constantissime
1249 3115 1468 3173 status
1498 3102 1616 3177 relj
1677 3105 1802 3174 iosi
1829 3104 2171 3174 delectum
2217 3127 2350 3175 non
2388 3102 2739 3173 humanae
2781 3103 2900 3173 sed
2931 3098 3155 3170 divinae

662 3192 1140 3282 inspirationis
1187 3214 1366 3283 opus
1432 3214 1585 3262 esse
1680 3192 2127 3264 emonstravit
2162 3248 2177 3274 ,
2240 3192 2512 3280 sibique
2560 3191 2936 3263 vivendum
2980 3205 3165 3284 usque

662 3281 750 3350 ad
798 3293 1176 3352 extremum
1231 3281 1550 3373 spiritum
1620 3280 1754 3352 sub
1821 3295 2098 3352 sanctae
2163 3281 2567 3352 catharinae
2613 3282 2945 3352 Senensis
2988 3297 3169 3365 magt·
3256 3351 3257 3368 χ

663 3370 892 3450 stetin,
930 3381 995 3440 et
1034 3370 1311 3440 tandem
1339 3369 1651 3440 futurum
1696 3384 1993 3461 tempus,
2033 3392 2170 3458 quo
2211 3371 2307 3441 ibi
2341 3370 2570 3441 Limae
2600 3383 2967 3462 exurgeret
2993 3365 3169 3453 hujus
3256 3403 3257 3448 3

662 3458 967 3529 nominis
1006 3473 1071 3529 et
1104 3459 1399 3530 instituti
1449 3461 1993 3531 monasterium:
2048 3459 2233 3547 quod
2285 3458 2684 3551 prophetico
2746 3460 2999 3551 spiritu
3044 3475 3177 3556 pro·
3256 3465 3257 3520 ἐ

662 3548 1069 3618 nunciatum
1105 3547 1341 3629 fuisse,
1378 3561 1662 3618 eventus
1694 3549 1843 3639 ipse
1879 3560 2114 3640 postea
2152 3549 2645 3640 comprobavit.
2698 3550 2831 3619 His
2881 3543 3177 3619 omnibus
3256 3557 3257 3560 ’

660 3637 1025 3727 superatiS,
1060 3659 1140 3707 eo
1172 3637 1466 3727 gravior,
1504 3658 1642 3724 quo
1682 3638 2015 3718 infimior,
2061 3637 2292 3708 adhuc
2324 3636 2698 3709 difficultas
2731 3637 3037 3708 emersit.
3071 3638 3184 3703 lm²

662 3739 956 3816 portune
984 3727 1186 3809 ,enim
1229 3749 1302 3796 se
1350 3726 1706 3816 ingerebat
1753 3726 1821 3795 in
1872 3725 2273 3796 humillima
2320 3727 2430 3796 sui
2478 3726 2883 3817 cognitione
2926 3723 3187 3794 molesta

658 3815 1003 3905 cogitati0‚
1041 3815 1222 3902 quod
1275 3816 1449 3905 ipsa,
1505 3815 1803 3904 peccatis
1838 3814 2142 3897 sordida,
2182 3815 2300 3886 illo
2350 3815 2544 3884 niveo
2590 3828 2658 3886 et
2704 3838 2907 3886 sacro
2949 3813 3188 3882 amictu

657 3903 869 3973 nimis
907 3916 1086 3973 esset
1137 3903 1450 3994 indigna.
1504 3908 1634 3974 Nec
1675 3903 1934 3974 destitit
1992 3925 2225 3995 pugna
2258 3958 2273 3985 ‚
2339 3903 2559 3973 donec
2607 3918 2768 3974 ante
2819 3905 3045 3996 ipsam
3099 3905 3184 3969 Ss.

656 3992 927 4063 Rosarii
959 4013 1149 4061 aram
1201 3992 1268 4061 in
1317 3992 1787 4081 placidissima
1835 3994 2047 4062 extasi
2097 4006 2316 4083 rapta,
2369 4005 2435 4062 et
2484 3992 2755 4083 pallens
2804 4007 2874 4062 et
2916 3991 3183 4065 rubens,

656 4103 737 4151 ac
786 4102 820 4149 s
873 4080 1277 4154 lendoribus
1323 4080 1591 4172 fulgida
1638 4103 2019 4173 apparens,
2071 4094 2138 4152 et
2186 4093 2340 4172 post
2387 4081 2709 4153 sensibus
2762 4079 3084 4162 reddita,
3132 4078 3185 4144 in

646 4169 805 4261 jubi
837 4192 955 4240 um
991 4171 1170 4261 grati
1207 4169 1425 4240 animi
1476 4169 1793 4240 obtentae
1834 4170 2154 4240 victoriae
2200 4170 2451 4262 erupit.
2505 4175 2760 4241 Tantae
2822 4170 3038 4242 molis
3072 4175 3190 4239 erat

655 4258 944 4350 pacifice
968 4281 1128 4360 ‘sera
1182 4259 1378 4329 hicae
1403 4279 1570 4331 suae
1601 4259 1972 4350 magistrae
2000 4258 2244 4331 habitu
2271 4272 2339 4331 et
2371 4259 2683 4331 instituto
2718 4260 2968 4351 potiri,
3002 4272 3186 4348 quam

656 4359 891 4436 postea
924 4369 1025 4417 sic
1065 4371 1104 4417 a
1156 4348 1489 4418 amussim
1543 4349 1901 4438 expressit,
1954 4360 2031 4419 ut
2084 4368 2223 4437 non
2273 4350 2499 4419 solum
2555 4348 2645 4419 ab
2689 4350 2961 4423 exteris
3006 4348 3187 4419 altera

651 4435 972 4506 Senensis
1003 4436 1390 4520 catharina,
1444 4458 1581 4507 non
1632 4437 1782 4509 sine
1817 4458 2068 4530 magno
2109 4437 2548 4510 humillimae
2596 4437 2904 4529 virginis
2956 4451 3182 4528 angam
