3308 5004
661 332 749 399 46
1503 350 1585 397 ns
1630 350 1724 399 ss.
1780 348 2184 399 uanaAms
2843 335 3030 402 AUG.
3086 336 3111 400 l

661 434 698 519 ξ
743 435 903 505 iu.
956 434 1175 514 Quam
1227 430 1401 500 bene
1448 428 1663 521 igitur
1706 430 1793 500 ad
1828 453 1979 501 eam
2025 443 2314 500 matrem
2367 432 2688 522 congruit
2720 455 2951 504 sermo
3002 433 3117 504 ille

574 519 1043 612 propheticus,
1097 532 1172 589 ut
1200 531 1351 609 post
1388 532 1649 610 septem
1687 518 1990 589 filiorum
2024 541 2315 589 coronas
2343 519 2663 591 dicamus
2694 545 2709 590 ε
2771 528 2862 592 Tu
2897 533 3126 593 autem

569 611 746 680 sicut
787 611 974 679 oliva
1008 609 1369 698 fructifera
1415 610 1488 678 in
1535 609 1726 679 domo
1789 611 1913 679 Dei
1952 609 2243 699 (Psalm.
2293 608 2429 698 5⁴).
2484 615 2649 680 Nam
2704 610 3129 702 Olympiacis

573 697 1035 790 spectaculis,
1087 718 1247 767 cum
1317 697 1865 768 innumerabiles
1940 720 2143 788 saepe
2217 699 2628 769 conveniant
2701 698 3122 783 luctatoreS,

570 808 794 858 unum
831 785 1312 856 tantummodo
1361 799 1594 856 manet
1637 807 1888 857 corona
1939 788 2301 857 victorem:
2355 788 2467 859 isti
2521 809 2677 859 vero
2722 789 2809 859 de
2862 802 3125 880 septem

570 875 900 947 fratribus
938 888 1197 966 septem
1233 875 1672 946 emicuerunt
1704 897 2020 946 coronae.
2075 882 2153 946 Et
2183 898 2392 964 quam
2439 877 2613 946 mihi
2665 878 2974 949 ostendis
3017 901 3129 949 re-

571 966 844 1055 gionem
898 964 990 1034 ita
1038 964 1356 1047 fertilem,
1406 986 1613 1051 quem
1658 964 1906 1035 nidum
1947 978 2087 1035 tam
2115 988 2482 1036 numerosa
2517 965 2707 1056 prole
2754 965 3130 1038 foetosum?

569 1054 921 1142 Numquid
963 1053 1226 1126 similes
1264 1052 1509 1124 habuit
1564 1054 2055 1143 parturitiones
2118 1067 2336 1124 mater
2382 1055 2686 1125 filiorum
2738 1056 3128 1126 Zebedaei?

572 1143 883 1215 Gloriosa
928 1142 1211 1230 quidem
1252 1155 1317 1212 et
1348 1141 1500 1233 ipsa
1523 1142 1998 1232 Apostolorum
2039 1155 2279 1225 mater,
2306 1165 2456 1215 esse
2489 1144 2788 1215 duorum
2826 1158 3124 1216 tan-tum.

572 1236 841 1325 Septem
890 1254 1048 1302 vero
1096 1246 1432 1320 martyres
1481 1231 1713 1302 nescio
1760 1254 2073 1319 unquam
2123 1255 2348 1302 unum
2399 1231 2768 1323 protulisse
2818 1249 3120 1317 uterum,

568 1334 635 1392 et
692 1322 916 1411 ipsam
980 1320 1080 1391 eis
1131 1331 1417 1389 matrem
1488 1319 1747 1412 gloriae
1796 1321 2052 1392 sociam
2095 1320 2163 1389 in
2205 1322 2552 1392 consortio
2601 1323 2947 1412 passionis
2994 1345 3125 1414 ap-

571 1411 910 1502 positam:
962 1419 1027 1478 et
1087 1408 1366 1495 quidem
1426 1431 1563 1478 non
1625 1432 1769 1480 una
1831 1432 2054 1499 neque
2120 1410 2421 1500 simplici
2470 1410 2876 1500 adjectione
2913 1413 3128 1482 meri-

570 1512 795 1570 torum
848 1510 1052 1585 atque
1097 1496 1455 1567 virtutum.
1520 1503 1688 1569 Nam
1760 1498 1889 1569 filii
1935 1500 2088 1600 ejus
2154 1513 2416 1590 septem
2482 1510 2820 1589 martyres
2880 1515 3118 1583 erant,

568 1600 836 1659 tantum
885 1600 1116 1657 autem
1152 1608 1404 1677 corpus
1446 1588 1686 1657 matris
1733 1610 1771 1657 a
1831 1601 2126 1678 posltum
2175 1601 2303 1658 est.
2350 1594 2611 1691 Corpus
2655 1588 2942 1676 quidem
2972 1604 3124 1661 erat

569 1698 817 1758 unum,
858 1688 1117 1766 septem
1152 1698 1308 1746 vero
1357 1689 1738 1778 martyrum
1807 1678 1960 1767 egio
1999 1676 2421 1768 implebatur
2468 1699 2537 1747 in
2577 1691 2817 1748 matre.
2872 1684 2951 1748 In
2983 1701 3130 1768 qua

568 1765 784 1836 dilata
831 1777 934 1835 est
1052 1764 1200 1835 oria
1249 1766 1637 1856 passiomS,
1690 1777 1756 1835 et
1816 1788 2070 1837 corona
2122 1767 2469 1857 martyrii,
2525 1767 2595 1836 in
2652 1789 2732 1836 ea
2795 1769 3122 1839 omnium

567 1855 788 1925 virtus
817 1867 883 1925 et
930 1877 975 1945 g
1003 1854 1149 1924 oria
1179 1854 1609 1929 confluebat:
1641 1855 1806 1943 quia
1857 1878 1981 1947 per
2011 1876 2590 1944 unumquemque
2616 1855 2924 1927 filiorum
2962 1879 3131 1927 suo-

568 1966 721 2013 rum
775 1965 979 2034 passa
1026 1957 1151 2025 est,
1205 1956 1270 2012 et
1320 1945 1649 2030 quoniam
1700 1944 1858 2015 illos
1921 1945 2107 2036 ipsos
2159 1944 2326 2015 tales
2375 1945 2526 2036 ipsa
2579 1944 2898 2035 perfecit:
2955 1945 3130 2017 haec

566 2033 929 2103 ecclesiam
980 2031 1182 2102 nobis
1228 2031 1567 2123 integram
1621 2045 2007 2124 martyrum
2059 2034 2345 2125 peperit,
2387 2045 2647 2124 septem
2693 2034 2875 2105 filios
2920 2035 3130 2105 enixa

567 2121 981 2202 sublimiter,
1034 2142 1330 2208 quorum
1384 2121 1730 2192 neminem
1797 2124 2060 2215 peperit
2107 2136 2365 2205 terrae,
2420 2122 2537 2192 sed
2588 2144 2830 2193 omnes
2877 2124 3069 2194 coelo
3102 2179 3122 2205 ,

568 2211 794 2301 magis
840 2223 1069 2279 autem
1123 2208 1290 2301 Regi
1365 2209 1760 2292 coelorum,
1842 2212 1959 2282 cui
2007 2234 2249 2283 omnes
2295 2233 2412 2282 eos
2468 2213 2539 2281 in
2591 2211 2798 2281 vitam
2857 2214 3129 2304 peperit

564 2310 941 2369 aeternam.
1865 2332 1876 2351 ¹

648 2389 691 2476 ξ
737 2394 871 2461 11.
926 2392 1014 2457 Er
1061 2409 1102 2457 o
1133 2386 1433 2458 callidus
1469 2388 1700 2458 omnis
1738 2388 2042 2460 malitiae
2091 2389 2525 2460 machinator
2577 2387 2899 2459 diabolus
2955 2388 3129 2460 ulti-

569 2496 755 2548 mam
789 2498 939 2548 eam
1041 2477 1187 2548 uxit
1214 2475 1302 2547 ad
1343 2489 1715 2562 certamen,
1759 2499 1839 2549 ea
1885 2481 2120 2558 causa,
2176 2500 2387 2567 quam
2438 2500 2653 2570 supra
2700 2479 3007 2570 exposui,
3047 2493 3129 2552 ut

564 2566 812 2637 virtute
858 2566 1012 2658 ejus
1058 2565 1293 2648 fracta,
1347 2580 1413 2637 et
1461 2568 1527 2636 in
1581 2569 1976 2658 spectaculo
2024 2568 2330 2638 filiorum
2400 2590 2518 2659 per
2567 2579 2907 2638 tormenta
2968 2591 3121 2638 mo-

563 2656 894 2727 rientium
957 2655 1356 2738 debilitata,
1410 2655 1612 2725 facile
1664 2670 1894 2746 postea
1954 2657 2327 2727 debellaret
2395 2657 2747 2727 afflictam.
2804 2657 2874 2726 Si
2932 2658 3124 2727 enim

564 2764 772 2836 saepe
802 2745 1171 2835 sanguinis
1191 2745 1482 2815 humaui
1522 2746 1864 2816 fusionem
1894 2746 2199 2820 videntes
2235 2746 2575 2826 homines,
2613 2759 3128 2818 consueverunt

567 2855 815 2922 pavore
866 2832 1166 2924 percelli,
1219 2846 1285 2902 et
1321 2855 1454 2903 non
1507 2833 1820 2904 modicae
1869 2834 2248 2906 curationis
2293 2845 2659 2935 eguerunt,
2710 2847 2788 2904 ut
2834 2849 2899 2904 et
2947 2834 3125 2906 defi-

561 2921 853 2992 cientem
931 2922 1138 2991 vitam
1206 2933 1678 3003 resumerent,
1732 2936 1800 2994 et
1847 2922 2191 2993 labantem
2263 2945 2572 2993 animam
2652 2936 3104 2994 revocarent:

565 3020 788 3080 tantos
835 3008 959 3079 illa
987 3009 1230 3081 videns
1267 3010 1631 3101 sanguinis
1681 3011 1885 3092 rivos,
1936 3035 2073 3082 non
2120 3035 2198 3082 ex
2232 3011 2483 3094 aliena,
2523 3011 2642 3081 sed
2682 3011 2770 3082 de
2806 3012 3118 3082 filiorum

563 3120 850 3169 suorum
900 3120 1111 3169 carne
1157 3113 1541 3181 mananteS,
1578 3100 1763 3188 quod
1816 3124 1953 3171 non
1999 3100 2356 3182 sustinuit,
2408 3112 2530 3171 aut
2574 3123 2783 3189 quam
2847 3114 3124 3189 pertur-

561 3187 908 3258 bationem
960 3199 1187 3264 mente
1237 3188 1590 3279 suscepit?
1627 3194 1867 3277 Itaque
1890 3190 2237 3270 diabolus,
2270 3201 2591 3291 utsupra
2637 3189 2801 3272 dixi,
2842 3202 3126 3281 propter

560 3276 746 3364 qaod
795 3298 944 3346 eam
1000 3290 1151 3367 post
1190 3277 1370 3349 filios
1409 3300 1596 3360 suoS,
1648 3280 1847 3366 quasi
1884 3279 2293 3371 perfractam
2330 3279 2769 3361 orbitatibuS,
2804 3291 2870 3349 et
2915 3277 3123 3349 facile

563 3365 975 3435 vincendam
1019 3366 1088 3435 in
1127 3365 1458 3436 ultimum
1509 3378 1857 3438 certamen
1909 3368 2297 3448 induxerat,
2337 3367 2404 3437 id
2455 3380 2676 3439 totum
2725 3368 2794 3436 in
2845 3380 3122 3438 contra·

562 3455 744 3526 rium
784 3454 921 3525 sibi
969 3454 1301 3526 cecidisse
1334 3457 1697 3545 persensit,
1759 3469 1824 3541 et
1875 3457 2166 3527 muliere
2217 3478 2337 3548 per
2393 3456 2563 3527 haec
2622 3457 2797 3546 ipsa,
2852 3456 3117 3543 quibus

561 3543 975 3613 vincendam
1012 3555 1389 3635 putaverat,
1443 3545 1756 3616 vincente
1800 3544 2135 3618 confusus
2183 3557 2307 3616 em.
2363 3546 2581 3636 Majus
2620 3544 2805 3615 enim
2861 3545 3122 3615 confir-

562 3642 746 3701 mata
777 3643 997 3703 mater
1023 3632 1358 3723 exemplis
1388 3633 1720 3715 filiorum,
1757 3657 2085 3727 aggressa
2109 3647 2212 3707 est
2240 3646 2612 3705 certamen.
2651 3633 3118 3717 Quamobrem

563 3742 690 3822 per
734 3720 1062 3792 orbitates
1106 3743 1274 3794 suas
1311 3744 1447 3793 non
1497 3723 1714 3793 fracta
1760 3739 1886 3806 δι,
1942 3723 2060 3794 sed
2092 3723 2329 3794 fortior
2376 3723 2553 3794 facta
2584 3733 2709 3793 est.
2744 3728 2885 3793 Non
2927 3722 3119 3793 enim

552 3832 699 3899 Jam
751 3810 1124 3897 reliquerat
1159 3811 1297 3882 sibi
1348 3833 1470 3901 pro
1516 3811 1776 3900 quibus
1813 3827 2207 3904 angeretur,
2255 3812 2359 3884 vel
2390 3812 2654 3900 quibus
2699 3812 2991 3895 timeret,
3027 3833 3120 3882 ne

561 3897 731 3970 forte
778 3898 1183 3971 infirmitate
1227 3900 1719 3972 fraudarentur
1763 3902 2079 3985 coroniS,
2133 3902 2251 3974 sed
2307 3924 2589 3983 omnes,
2633 3900 2840 3972 sicuti
2887 3922 3117 3971 unum

559 4010 907 4078 reponens
957 3990 1541 4081 promptuarium,
1585 3991 1673 4060 ad
1723 4013 2064 4082 supernos
2111 3990 2557 4082 praemittens
2592 3990 2796 4060 trium
2856 3990 3008 4072 hos,
3048 4001 3125 4060 et

559 4077 645 4147 ad
697 4078 1115 4149 inconcussa
1165 4079 1796 4172 perennisgloriae
1846 4102 2093 4171 regna,
2149 4079 2542 4171 gaudebat,
2595 4079 2777 4149 confi
2830 4101 2954 4151 ens
3002 4077 3122 4148 de·

558 4178 851 4248 caetero,
901 4179 968 4238 et
1016 4189 1264 4238 secura
1325 4189 1485 4238 cum
1538 4169 1974 4271 magnanimi
2033 4169 2402 4240 voluntate.
2456 4174 2535 4239 Et
2580 4167 2760 4240 sicut
2824 4189 3122 4239 coronae

558 4254 900 4344 quaedam
968 4256 1492 4346 pretiosissimis
1559 4256 1914 4349 lapidibus
1974 4257 2397 4349 compositae
2447 4256 2867 4328 eminentem
2918 4278 3166 4347 gem--

559 4366 798 4415 mam:
881 4344 975 4415 ita
1046 4366 1324 4415 carnem
1398 4368 1598 4417 suam
1670 4346 1883 4419 choro
1942 4346 2246 4418 filiorum
2325 4360 2703 4437 coaptanS,
2767 4345 2856 4416 ad
2932 4345 3120 4415 desi-

560 4434 939 4506 derabilem
1013 4440 1253 4506 Jesum
1304 4435 1534 4527 pullos
1572 4458 1781 4521 suos,
1848 4448 1924 4508 ut
1983 4436 2219 4526 aquila
2275 4435 2711 4525 subsequens
2775 4433 3113 4519 evolavit,
