3308 5004
634 341 719 407 ⁴0
1254 359 1333 407 m:
1380 356 1646 408 cArssms
1690 360 1769 407 m
1813 359 2041 408 cLAmo
2090 359 2147 407 s.
2201 356 2387 407 partu
2812 342 2996 411 AUG.
3052 343 3081 408 l

540 438 633 507 im
695 440 923 521 rimat‚
974 437 1081 509 vel
1120 440 1348 509 aerem
1393 441 1720 510 verberet.
1777 444 1930 531 Quo
1956 441 2142 509 enim
2193 440 2460 509 diutius
2495 440 2563 509 in
2614 461 2888 510 carcere
2917 447 3094 534 Apo-

540 539 643 598 sto
674 551 758 599 us
803 529 1122 598 detentus
1160 541 1284 609 est,
1337 551 1416 599 eo
1465 528 1732 600 firmior
1777 532 1982 617 atque
2027 529 2456 599 constantior
2492 529 2775 599 effectus
2821 528 2973 611 fuit,
3027 544 3093 602 et

537 618 809 688 acerbis
849 617 990 687 illis
1021 617 1402 699 aerumnis
1435 619 1697 705 quibus
1726 618 2040 706 undique
2069 617 2528 708 affligebatur,
2562 630 2641 688 ut
2663 620 3091 706 quibusdam

539 706 865 788 stimulis,
917 705 1251 776 excitatus
1296 720 1362 776 et
1393 721 1702 777 erectus:
1758 721 2028 777 tantum
2091 708 2368 787 aberat,
2426 719 2499 777 ut
2550 707 2754 778 rebus
2805 709 2915 778 his
2983 711 3094 778 in-

538 794 806 865 firmior
851 795 1043 866 fieret
1071 815 1152 864 ac
1198 795 1539 876 deficeret,
1573 809 1649 866 ut
1696 797 2019 866 custodes
2062 796 2187 879 illi,
2233 796 2532 887 Apostoli
2568 797 2744 866 Petri
2769 798 3091 888 Jucunda

537 895 603 953 et
639 904 886 955 secura
924 884 1266 955 hilaritate
1297 884 1592 966 confusi,
1648 886 1717 955 in
1770 886 2091 955 ruborem
2142 898 2727 955 converterentur.

623 975 662 1061 ὅ
708 978 865 1045 10.
917 978 1099 1043 Haec
1137 996 1296 1043 cum
1348 975 1441 1044 ita
1488 996 1561 1043 se
1592 974 1947 1054 haberent,
2004 995 2240 1064 preces
2287 974 2374 1044 ab
2424 974 2729 1044 Ecclesia
2780 977 3084 1059 missae,

538 1060 609 1129 in
660 1061 886 1132 coelos
943 1075 1412 1153 penetrarunt.
1467 1068 1706 1150 Itaque
1754 1064 1982 1133 statim
2032 1070 2127 1133 An
2182 1063 2335 1133 elus
2397 1062 2591 1132 illinc
2643 1064 2901 1134 missus
2941 1076 3086 1145 est,

536 1150 710 1219 etin
760 1172 1101 1222 carcerem
1137 1152 1441 1231 veniens,
1478 1151 1682 1221 illum
1730 1152 2099 1243 complevit
2167 1153 2428 1233 umine,
2482 1165 2559 1221 ut
2601 1153 3091 1241 Apostolorum

537 1260 859 1311 summus
890 1240 1248 1321 miracula,
1290 1262 1470 1329 quae
1500 1241 1762 1324 fierent,
1798 1255 2030 1331 aperte
2057 1242 2460 1311 intueretur.
2489 1246 2823 1312 Percusso
2853 1255 3091 1313 autem

536 1327 687 1417 ejus
734 1327 982 1398 latere:
1023 1334 1263 1421 Surge,
1303 1330 1551 1417 inquit,
1607 1331 1948 1400 velociter.
2001 1335 2090 1400 Ac
2131 1352 2216 1399 ne
2263 1329 2432 1417 quid
2468 1330 2758 1400 absurdi
2808 1333 2879 1400 in
2912 1338 3092 1423 Apo·

536 1415 1038 1509 stoli,mentem
1087 1419 1344 1488 veniret
1389 1420 1708 1510 (quippe
1738 1419 1919 1508 quod
1971 1432 2248 1489 satanas
2295 1419 2502 1488 etiam
2536 1420 2686 1509 ipse
2734 1419 3089 1490 interdum

536 1505 607 1573 in
642 1505 975 1596 Angelum
1014 1506 1190 1577 lucis
1229 1529 1302 1577 se
1340 1508 1853 1591 transformare,
1898 1522 1964 1577 et
1992 1508 2259 1598 figurae
2295 1509 2518 1599 ipsius
2545 1508 2773 1598 specie
2800 1528 3089 1580 sensum

509 1594 898 1683 >subripere
945 1594 1208 1686 soleat),
1260 1619 1420 1667 cum
1474 1598 1777 1687 primum
1829 1597 2034 1667 verba
2085 1597 2203 1666 illa
2268 1597 2532 1688 prolata
2607 1610 2818 1678 sunt,
2871 1602 3007 1670 Sur
3056 1619 3092 1669 e

534 1685 870 1763 velociter,
926 1696 1205 1754 catenae
1250 1706 1288 1754 e
1325 1686 1647 1755 manibus
1690 1686 1913 1775 ipsius
1941 1685 2372 1768 deciderunt,
2417 1699 2497 1755 ut
2537 1688 2742 1757 verba
2784 1688 2937 1777 ipsa
3014 1711 3091 1757 a·

536 1773 666 1841 ctis
710 1773 1314 1855 confirmarentur,
1370 1796 1592 1861 neque
1626 1775 1997 1865 potentiam
2047 1774 2350 1862 aliquam
2385 1796 2466 1844 ex
2490 1796 2729 1844 earum
2768 1796 3085 1858 numer0,

535 1881 715 1947 quae
764 1867 895 1931 Deo
928 1863 1060 1952 ipsi
1096 1863 1385 1932 rebelles
1409 1865 1802 1945 extiterunt,
1840 1885 2063 1951 neque
2098 1864 2281 1951 quod
2328 1865 2547 1934 visum
2591 1863 2834 1946 fuerat,
2883 1866 3092 1935 inane

536 1948 814 2036 aliquod
857 1965 1202 2041 spectrum
1233 1974 1382 2022 esse
1431 1953 1779 2024 crederet:
1807 1953 1923 2022 sed
1962 1975 2195 2021 verum
2230 1965 2297 2021 et
2334 1952 2694 2023 coelestem
2720 1958 2813 2023 An
2870 1953 3084 2036 elum,

538 2039 894 2121 visionem,
947 2039 1257 2129 inquam,
1297 2062 1522 2111 veram
1576 2063 1726 2112 esse
1758 2042 1983 2120 sciret,
2022 2064 2103 2112 ac
2136 2053 2320 2111 certa
2363 2042 2499 2110 fide
2537 2063 2823 2131 compro
2875 2056 3085 2113 atam.

536 2128 716 2197 Haec
775 2150 933 2197 cum
985 2129 1077 2198 ita
1132 2131 1621 2218 processissent
1685 2131 2041 2221 ApostolO,
2112 2130 2441 2218 quoniam
2506 2130 2737 2201 adhuc
2790 2146 2977 2202 metu
3026 2145 3091 2203 et

538 2229 830 2286 tremore
875 2218 1348 2300 detinebatur,
1418 2241 1552 2289 non
1603 2219 1832 2289 solum
1895 2242 1966 2290 re
2015 2222 2156 2288 visa
2220 2219 2480 2288 dubius
2527 2232 2733 2306 atque
2786 2242 3083 2312 ancepS,

537 2325 773 2374 verum
823 2308 1031 2377 etiam
1078 2329 1217 2394 qua
1265 2309 1529 2378 ratione
1585 2308 1957 2398 dispositas
2026 2308 2323 2377 militum
2373 2309 2725 2379 custodias
2775 2324 3090 2401 pertran—

538 2395 737 2464 siret:
791 2396 1052 2486 quippe
1095 2396 1218 2485 qui
1254 2398 1473 2467 multa
1513 2398 1874 2488 diligentia
1916 2411 1980 2467 et
2019 2398 2364 2477 cautione,
2407 2396 2784 2484 multisque
2831 2400 3090 2491 vigiliis

538 2483 603 2552 in
656 2505 736 2553 eo
781 2485 1232 2556 custodiendo
1279 2486 1697 2558 utebantur:
1768 2499 2126 2579 propterea
2173 2486 2510 2578 Angelus:
2565 2487 2786 2558 Indue
2837 2500 2925 2570 te,
2980 2490 3090 2557 in—

535 2573 709 2660 quit,
751 2574 1065 2645 sandalia
1106 2589 1244 2657 tua,
1297 2590 1364 2646 et
1411 2578 1856 2678 praecingere
1890 2578 2292 2647 vestimento
2342 2588 2483 2655 tuo,
2518 2590 2583 2645 et
2629 2597 2918 2664 sequere
2944 2598 3078 2647 me.

536 2663 902 2745 Quoniam,
961 2665 1209 2751 inquit,
1266 2669 1469 2756 Regis
1501 2679 1567 2735 et
1610 2666 2029 2737 ludaeorum
2069 2666 2312 2735 timore
2361 2664 2591 2735 adhuc
2638 2665 2957 2736 detentus
2981 2688 3080 2746 es,

535 2773 614 2820 ac
662 2773 899 2822 eorum
955 2754 1254 2823 militum
1308 2756 1367 2823 vi
1425 2755 1603 2836 iliae,
1642 2755 1765 2842 qui
1811 2757 2339 2825 circumstantes
2373 2768 2436 2823 te
2473 2754 2895 2837 custodiunt,
2933 2755 3092 2825 hor-

537 2859 759 2909 rorem
810 2864 890 2911 ac
923 2854 1277 2932 stuporem
1328 2778 1448 2913 tiffii
1482 2844 1884 2926 attulerunt,
1917 2844 2002 2914 ob
2053 2844 2261 2931 idque
2310 2864 2446 2913 non
2486 2843 2615 2922 his,
2671 2864 2852 2931 quae
2898 2867 2940 2914 a
2979 2865 3090 2915 me

533 2927 887 3011 dicuntur,
941 2931 1148 3000 fidem
1193 2932 1447 3002 habes:
1505 2946 1692 3003 tanto
1756 2946 1817 3002 te
1870 2932 2127 3002 auxilio
2194 2956 2274 3002 ac
2337 2930 2683 3023 praesidio
2733 2934 3083 3003 munitum

534 3039 683 3086 esse
730 3017 955 3100 facio,
1019 3019 1255 3107 sicque
1294 3043 1567 3091 omnem
1624 3035 1882 3091 metum
1932 3045 1971 3091 a
2025 3034 2250 3091 mente
2322 3034 2436 3091 tua
2501 3022 2818 3104 excutio,
2899 3034 2977 3091 ut
3023 3033 3090 3091 et

631 3106 750 3176 llio
795 3109 949 3197 ipso
1003 3109 1154 3177 sine
1202 3109 1444 3179 timore
1492 3111 1749 3197 aliqu0,
1802 3125 1866 3179 et
1916 3110 2248 3181 sandaliis
2317 3109 2515 3178 indui
2580 3112 2826 3201 possis.
2881 3115 2932 3180 Ο
2980 3131 3090 3179 ce—

561 3196 893 3265 errimum
953 3198 1061 3265 Dei
1095 3198 1430 3268 auxilium
1468 3202 1481 3267 l
1536 3203 1585 3270 O
1617 3205 1663 3267 A
1718 3199 1918 3270 ostoli
1952 3201 2019 3267 in
2058 3205 2270 3269 Deum
2315 3198 2643 3268 fiduciam
2694 3213 2898 3286 atque
2927 3221 3088 3289 gra·

537 3285 744 3354 tiaml
790 3289 840 3355 Ο
909 3286 1244 3356 maximas
1292 3300 1356 3357 et
1403 3310 1483 3357 ex
1530 3310 1648 3357 cor
1701 3311 1736 3356 e
1788 3289 1937 3378 ipso
1988 3287 2288 3377 prolatas
2348 3308 2628 3378 preceS‚
2681 3307 2860 3375 quae
2908 3300 3087 3357 tam—

533 3395 742 3460 quam
800 3396 838 3443 a
873 3374 1089 3443 funda
1142 3376 1481 3462 quadam,
1535 3377 1621 3446 ab
1672 3377 1894 3465 ipsius
1943 3377 2286 3448 Ecclesiae
2333 3398 2448 3446 orc
2500 3375 2824 3466 prolatae,
2880 3390 3087 3464 atque

533 3462 603 3529 in
655 3462 880 3533 coelos
927 3464 1244 3546 emissae,
1269 3466 1557 3536 Herodis
1588 3466 1904 3536 animum
1940 3465 2278 3536 lethaliter
2313 3465 2787 3548 vulnerarunt,
2826 3478 2892 3535 et
2917 3471 3090 3557 Apo-

535 3551 870 3621 stolorum
938 3553 1323 3645 principem
1386 3555 1473 3624 ab
1538 3557 1691 3645 ejus
1755 3555 2081 3624 manibus
2131 3554 2548 3625 incolumem
2620 3555 3083 3644 eripuerunt!

536 3641 708 3710 Proh
748 3655 1011 3727 quanta
1056 3656 1158 3712 est
1192 3644 1576 3735 Apostolica
1624 3645 1868 3735 gratia,
1906 3657 1971 3714 et
2019 3665 2178 3734 spes
2225 3645 2426 3714 firma
2473 3655 2540 3713 et
2587 3665 2776 3726 vera,
2830 3645 3088 3733 quibus

534 3729 848 3799 divinum
888 3736 1150 3801 Numen
1209 3734 1608 3823 propitium,
1644 3747 1711 3803 et
1757 3733 1845 3803 ad
1894 3733 2321 3803 audiendum
2357 3745 2756 3824 promptum
2796 3734 3084 3817 habenS,

533 3841 575 3887 a
625 3820 864 3890 mortis
909 3821 1151 3908 laqueo
1184 3827 1423 3891 Petrus
1470 3823 1621 3912 ipse
1668 3835 1948 3913 ereptus
1995 3825 2138 3891 estl

621 3910 658 3995 ἓ
706 3914 837 3981 11.
892 3916 968 3980 At
1001 3911 1058 3980 si
1093 3912 1251 3998 quis
1283 3912 1657 3983 dubitaret.
1700 3926 1765 3981 et
1803 3935 1845 3982 a
1894 3912 2093 3982 nobis
2131 3909 2304 3980 illud
2357 3922 2739 3997 quaereret,
2792 3931 3089 3980 curnam

532 3998 928 4086 Apostolum
982 4000 1210 4089 ipsum
1263 4001 1414 4090 ejus
1479 4001 1798 4092 Magister
1858 4001 2057 4070 Jesus
2118 4023 2157 4070 a
2201 3999 2516 4069 Judaicis
2571 4000 2897 4070 manibus
2948 4021 3090 4069 non

532 4086 810 4176 eripuit,
849 4109 988 4174 quo
1037 4102 1339 4179 tempore
1368 4088 1456 4158 ab
1487 4090 1628 4160 illis
1675 4091 2428 4179 comprehendebatur:
2483 4088 2599 4158 sed
2650 4102 2717 4159 et
2762 4089 3084 4171 vinculis,

531 4187 597 4243 et
643 4175 982 4256 custodie,
1020 4177 1267 4248 diebus
1301 4177 1566 4265 aliquot
1601 4200 1762 4248 eum
1821 4180 2074 4259 vexari,
2128 4192 2332 4265 atque
2381 4177 2595 4270 affligi
2656 4178 3084 4269 permiserit:

533 4263 656 4349 qui
692 4264 820 4335 hoc
851 4265 1115 4351 objicit,
1172 4269 1231 4336 is
1264 4267 1674 4349 consideret,
1731 4289 1865 4336 non
1923 4269 2018 4337 ita
2073 4267 2397 4337 inimicos
2459 4268 2648 4358 ipsos
2690 4267 2908 4337 fuisse
2956 4266 3090 4335 mi—

534 4351 851 4422 raculum
889 4353 1063 4424 illud
1100 4356 1523 4445 cogniturOS,
1563 4357 1622 4425 si
1670 4357 2068 4447 Apostolum
2112 4356 2367 4436 statim,
2422 4377 2582 4426 cum
2633 4354 3091 4446 comprehen-

533 4440 859 4526 deretur,
922 4444 1038 4513 Dei
1091 4444 1433 4514 auxilium
1488 4446 1900 4536 eripuisset:
1964 4444 2558 4534 quemadmodum
2617 4466 2781 4516 cum
2844 4463 3089 4514 eorum
