3308 5004
677 327 806 395 tot
1214 342 1296 393 nx
1339 343 1594 394 mmm.
1647 344 1705 392 s.
1759 343 2068 391 snrnxm
2114 343 2510 393 rnorouxar.
2871 324 3053 392 ΑΗΕ.
3088 325 3124 392 3

586 452 751 522 prae
797 428 1077 522 gaudio,
1128 440 1194 499 et
1232 428 1447 498 dixit:
1486 427 1895 498 Benedictus
1931 428 2264 498 Dominus
2320 430 2514 508 Deus,
2561 425 2748 498 filius
2798 428 2912 497 Dei
2966 427 3120 498 vivi.

587 520 656 592 Si
722 519 931 602 haec,
977 532 1052 588 ut
1094 518 1295 599 dicis,
1345 516 1776 600 charissime,
1828 529 1896 587 et
1940 516 2223 598 audisti,
2275 528 2341 588 et
2384 522 2559 588 Deus
2599 517 2722 586 tibi
2771 516 3124 599 revelavit,

583 620 849 701 oportet
898 630 1006 678 me
1037 607 1198 677 inde
1224 606 1590 677 transferre
1620 607 1897 677 beatum
1928 606 2379 696 Stephanum,
2417 607 2720 696 primum
2761 619 3127 696 martyrem

583 711 651 770 et
693 696 1271 768 Archidiaconum
1321 695 1595 778 Christi,
1650 695 1771 783 qui
1820 695 2125 785 primum
2163 694 2532 765 adversum
2578 694 2873 764 ludaeos
2915 696 3132 764 Domi·

585 787 744 858 nica
791 786 972 857 bella
1005 784 1304 868 bellavit,
1340 798 1408 854 et
1455 790 1667 854 Deum
1718 784 1788 854 in
1848 805 1978 855 sua
2033 784 2408 866 ma‘estate,
2475 785 2544 852 in
2591 784 2790 853 terris
2841 785 3126 875 positus,

584 877 656 947 in
706 874 895 946 coelo
923 874 1089 945 vidit
1117 888 1436 956 stantem,
1475 884 1543 943 et
1568 886 1920 961 tamquam
1956 895 2132 964 ange
2168 896 2250 945 us
2287 873 2355 943 in
2393 872 2722 943 concione
2769 872 3130 942 hominum

585 964 930 1068 apparuit.
982 967 1163 1033 Haec
1209 976 1438 1033 autem
1489 962 1725 1033 omnia
1774 973 1852 1032 ut
1900 961 2081 1042 vidi,
2135 963 2230 1031 ita
2284 973 2682 1043 evenerunt,
2720 974 2786 1030 et
2832 983 3135 1032 consona

585 1054 720 1126 sibi
765 1063 1244 1144 apparuerunt
1292 1051 1637 1122 universa.
1695 1051 1872 1120 Dixit
1904 1066 2132 1121 autem
2181 1051 2348 1119 mihi
2393 1063 2676 1120 sanctus
2724 1051 3127 1142 Episcopus:

589 1142 808 1224 Vade,
865 1141 1018 1222 fode
1067 1141 1135 1210 in
1186 1160 1472 1221 acervo,
1542 1139 1664 1227 qui
1711 1153 1815 1210 est
1869 1141 1938 1208 in
2008 1141 2160 1229 ipso
2229 1161 2437 1240 agro:
2491 1152 2559 1209 et
2626 1140 2683 1208 si
2735 1139 3129 1221 inveneris,

590 1231 848 1303 nuncia
881 1230 1076 1300 mihi.
1116 1235 1192 1299 Et
1236 1250 1364 1319 ego
1409 1228 1549 1298 dixi
1596 1229 1703 1298 ei:
1760 1251 1795 1295 «
1826 1227 2301 1299 Perambulavt
2337 1249 2610 1319 agrum,
2654 1241 2720 1297 et
2769 1228 2906 1297 vidi
2948 1250 3135 1298 acer-

588 1344 753 1392 vum
806 1320 1233 1389 minutorum
1270 1317 1580 1407 lapidum
1612 1318 1682 1387 in
1717 1317 1966 1398 medi0,
2007 1318 2127 1388 ubi
2162 1318 2535 1387 arbitratus
2569 1340 2719 1386 sum
2761 1338 2879 1387 eos
2909 1338 3132 1387 esse.»

589 1415 669 1481 Et
712 1408 887 1478 dixit
935 1407 1104 1475 mihi
1155 1407 1561 1496 Episcopus:
1609 1412 1766 1477 Jam
1808 1405 1951 1475 dixi
2003 1406 2165 1476 tibi:
2220 1406 2423 1487 Vade,
2478 1404 2655 1484 fode,
2714 1419 2782 1475 et
2833 1406 2894 1476 si
2946 1406 3133 1475 inve-

594 1498 802 1578 neris,
838 1495 1107 1575 sedens,
1163 1495 1432 1566 custodi
1486 1495 1740 1576 locum:
1792 1507 1858 1565 et
1908 1495 2161 1565 manda
2209 1495 2381 1565 mihi
2433 1516 2555 1585 per
2599 1494 3008 1573 diaconum,
3064 1507 3140 1565 ut

591 1587 861 1658 veniam
896 1584 982 1654 ad
1034 1584 1291 1658 locum,
1329 1597 1394 1654 et
1444 1584 1534 1653 ita
1586 1604 1695 1653 me
1728 1583 2011 1654 dimisit.
2061 1589 2325 1653 Etcum
2375 1584 2712 1655 venissem
2765 1584 2835 1652 in
2872 1582 3133 1665 villam,

590 1675 748 1745 misi
832 1695 1175 1755 raecones,
1206 1685 1283 1743 ut
1311 1695 1551 1743 omnes
1589 1672 2011 1743 habitatores
2037 1672 2238 1743 villae
2266 1672 2577 1742 diluculo
2610 1686 3134 1763 consurgerent,

578 1778 657 1834 fet
694 1762 762 1834 fo
812 1775 1005 1833 erent
1048 1762 1116 1831 in
1172 1783 1437 1832 acervo.
1492 1762 1740 1831 Eadem
1795 1784 1951 1832 vero
2003 1774 2196 1831 nocte
2244 1761 2571 1863 apparuit
2621 1761 2770 1851 ipse
2809 1759 3141 1830 dominus

592 1851 921 1924 Gamaliel
968 1851 1249 1922 cuidam
1302 1872 1612 1932 monacO,
1669 1851 1945 1921 nomine
1994 1851 2303 1940 Nugeti0,
2347 1850 2691 1920 innocenti
2733 1862 2800 1919 et
2831 1849 3140 1941 simplici

589 1942 758 2022 vir0,
799 1940 1034 2012 eadem
1079 1939 1557 2021 similitudine,
1610 1961 1749 2026 qua
1813 1940 1985 2009 mihi
2033 1962 2121 2028 ap
2174 1940 2390 2019 aruit,
2442 1951 2509 2009 et
2554 1939 2723 2008 dixit
2778 1938 2863 2007 ad
2912 1959 3132 2008 eum:

589 2031 793 2111 Vade,
844 2028 956 2099 dic
1005 2029 1305 2099 Luciano
1402 2028 1786 2117 resbytero:
1822 2034 2004 2098 Vane
2056 2029 2113 2096 la
2170 2050 2324 2099 oras
2351 2029 2419 2097 in
2449 2049 2689 2099 acervo
2738 2026 2882 2096 illo:
2926 2027 3135 2097 modo

588 2118 686 2189 ibi
734 2140 868 2189 non
919 2140 1205 2190 sumus:
1252 2050 1571 2187 sedptunc
1622 2117 1720 2187 ibi
1774 2118 1974 2207 positi
2023 2116 2324 2198 suimus,
2377 2140 2534 2187 cum
2587 2116 3143 2186 lamentarentur

592 2228 719 2278 nos
789 2206 1175 2277 secundum
1253 2205 1824 2277 consuetudinem
1899 2206 2371 2293 antiquorum.
2445 2211 2724 2295 Propter
2791 2204 2974 2292 quod
3036 2204 3139 2274 ibi

591 2317 901 2378 acervus,
955 2295 1026 2365 in
1075 2295 1547 2366 testimonium
1602 2295 1943 2386 planctus,
1996 2295 2220 2365 sactus
2267 2308 2393 2364 est.
2448 2294 2576 2364 Sed
2609 2315 2863 2382 quaere
2906 2313 3034 2362 nos
3065 2293 3141 2362 in

592 2384 730 2456 alia
778 2397 991 2474 parte,
1042 2404 1223 2471 quae
1258 2397 1360 2453 est
1390 2389 1633 2466 Boran,
1689 2397 1754 2453 et
1801 2384 1973 2467 loco,
2025 2383 2144 2471 qui
2196 2384 2453 2453 dicitur
2499 2387 2667 2472 Syra
2720 2382 2962 2470 lingua
3001 2386 3145 2452 Da-

592 2475 877 2557 batalia,
920 2472 1102 2562 quod
1155 2473 1641 2564 interpretatur
1669 2494 1747 2543 ex
1786 2477 2064 2555 GraecO,
2130 2474 2432 2544 Virorum
2473 2473 2778 2563 sortium.
2820 2470 3145 2542 Diluculo

595 2585 753 2634 vero
819 2585 1247 2653 consurgens
1292 2563 1375 2633 ad
1426 2562 1767 2652 hymnOS,
1844 2562 2076 2633 inveni
2144 2562 2559 2632 monachum
2627 2560 3142 2650 praedicantem

592 2651 920 2724 omnibus
966 2651 1319 2722 fratribus.
1373 2652 1668 2741 Hymnis
1715 2650 1968 2722 deinde
2013 2651 2216 2721 dictis
2247 2707 2262 2733 ,
2314 2650 2511 2741 coepi
2558 2650 2833 2719 dicere:
2885 2654 3149 2719 Eamus

593 2741 680 2812 ad
717 2763 1037 2812 acervum
1095 2739 1332 2822 illum,
1384 2753 1451 2810 et
1494 2739 1844 2810 fodiamus
1902 2741 1970 2809 in
2036 2739 2179 2809 illo.
2241 2746 2431 2810 Tunc
2478 2738 2761 2826 quidam
2816 2736 3149 2808 dixerunt

594 2830 809 2901 mihi:
861 2829 1036 2900 Audi
1078 2829 1408 2920 primum,
1442 2828 1609 2916 quid
1650 2828 1838 2898 dicat
1888 2829 2270 2899 monachus
2303 2829 2657 2919 Nugetius.
2693 2831 2770 2895 Et
2807 2826 3148 2896 advocato

594 2918 933 2989 monacho
967 2917 1275 3007 Nugetio‚
1327 2918 1661 3005 exquisivi
1711 2917 1799 2986 ab
1845 2939 1948 2999 eo,
1994 2917 2160 3004 quid
2193 2929 2395 2996 esset,
2432 2916 2613 3004 quod
2659 2914 2962 2985 vidisset.
3016 2914 3150 2984 Ille

593 3019 824 3077 autem
886 3007 1209 3077 universa
1267 3006 1513 3095 signa,
1564 3027 1744 3094 quae
1793 3005 2093 3076 videram
2129 3060 2144 3087 ,
2196 3005 2460 3075 domini
2510 3004 2907 3077 Gamalielis
2962 3002 3147 3073 dixit

597 3095 797 3177 mihi,
849 3107 915 3164 et
944 3093 1530 3183 quemadmodum
1584 3093 1867 3164 vidisset
1925 3107 2164 3164 contra
2219 3099 2541 3166 Austrum
2592 3116 2836 3185 agrum
2898 3091 3145 3173 situm,

592 3194 661 3254 et
709 3194 1236 3254 monumentum
1273 3184 1342 3252 in
1388 3204 1469 3253 eo
1493 3183 1696 3271 quasi
1746 3182 2133 3273 neglectum
2169 3197 2235 3254 et
2265 3186 2653 3265 ruinosum,
2689 3182 2808 3251 ubi
2857 3181 3148 3252 vidisset

595 3283 732 3343 tres
781 3270 990 3344 lectos
1019 3292 1265 3341 aureos
1304 3282 1575 3352 stratos,
1631 3285 1697 3341 et
1743 3294 1963 3342 unum
2022 3294 2102 3342 ex
2161 3272 2262 3341 eis
2321 3272 2633 3342 altiorem
2682 3272 3015 3351 caeteris,
3067 3270 3145 3338 in

644 3382 734 3431 uo
764 3374 960 3431 erant
1004 3360 1144 3430 duo
1169 3360 1502 3448 jacenteS,
1536 3382 1725 3431 unus
1771 3383 2000 3442 senex,
2052 3372 2118 3431 et
2156 3382 2343 3431 unus
2379 3361 2701 3450 juvenis:
2747 3373 2813 3430 et
2862 3360 2932 3429 in
2973 3357 3152 3428 aliis

646 3449 874 3521 uobus
921 3448 1115 3519 lectis
1161 3461 1358 3519 erant
1405 3450 1508 3521 sin
1566 3448 1690 3519 uli.
1725 3454 1805 3520 Et
1847 3448 2246 3538 respondit,
2291 3450 2418 3538 qui
2465 3462 2609 3519 erat
2655 3449 2725 3518 in
2785 3446 3150 3518 excelsiori

598 3536 799 3618 lect0,
832 3549 900 3608 et
924 3536 1093 3607 dixit
1141 3537 1360 3607 mihi:
1419 3542 1507 3607 Va
1559 3559 1618 3622 e,
1671 3537 1785 3609 dic
1835 3539 2231 3630 presbytero
2280 3538 2603 3619 Luciam,
2643 3538 2973 3625 quoniam
3016 3557 3152 3605 nos

595 3625 862 3696 domini
912 3625 1041 3696 loci
1091 3626 1292 3696 istius
1356 3626 1646 3697 fuimus,
1702 3628 1768 3697 Si
1818 3628 1919 3698 vis
1968 3648 2300 3718 magnum
2356 3640 2421 3697 et
2458 3629 2727 3718 justum
2779 3625 3144 3707 invenire,

595 3715 748 3807 ipse
791 3715 878 3785 ab
925 3713 1253 3786 Orientali
1305 3715 1507 3806 plaga
1556 3716 1820 3806 positus
1866 3729 1992 3787 est.

682 3806 721 3893 ἓ
764 3806 848 3879 8.
902 3809 981 3874 Et
1027 3805 1193 3875 haec
1242 3804 1535 3874 audiens
1581 3827 1621 3874 a
1670 3806 2032 3886 monacho,
2084 3803 2463 3895 glorificavi
2514 3804 2920 3883 Dominum,
2969 3823 3155 3890 quo-

596 3893 786 3964 niam
836 3893 1159 3964 inventus
1224 3905 1327 3964 est
1380 3894 1562 3965 alius
1610 3894 1802 3964 testis
1850 3895 1919 3963 in
1967 3894 2398 3964 revelatione.
2451 3897 2584 3967 Nos
2635 3892 2846 3995 igitur
2890 3892 3156 3961 ivimus

592 3981 679 4053 ad
737 4003 1104 4065 acervum,
1155 3996 1223 4053 et
1273 3981 1631 4064 fodientes,
1686 3982 1860 4053 nihil
1912 3983 2329 4053 invenimus.
2383 3985 2860 4051 convertimus
2906 3991 3152 4050 autem

595 4092 721 4142 nos
752 4072 839 4141 ad
889 4084 1413 4144 monumentum
1465 4071 1666 4154 illud,
1719 4072 1840 4143 ubi
1883 4072 2222 4141 monacho
2262 4071 2416 4159 ipsa
2450 4084 2644 4141 nocte
2690 4079 3146 4161 apparuerat:

594 4169 663 4229 et
707 4157 1063 4242 fodienteS,
1116 4160 1509 4231 invenimus
1571 4173 1707 4232 tres
1758 4161 2012 4243 thecas,
2066 4160 2449 4231 secundum
2503 4159 2686 4248 quod
2728 4169 3160 4248 apparuerat

596 4246 770 4317 mihi
816 4249 886 4317 in
940 4263 1008 4351 ty
1061 4270 1102 4319 o
1148 4248 1603 4320 calathorum.
1640 4250 2042 4322 Invenimus
2071 4249 2286 4341 igitur
2316 4248 2678 4320 altissimis
2711 4247 2935 4317 literis
2969 4245 3158 4316 scri-

599 4348 794 4428 ptum
844 4335 984 4429 lapi
1035 4359 1142 4408 em
1176 4340 1528 4419 obrutum,
1566 4338 1929 4410 habentem
1970 4339 2102 4408 ita:
2147 4339 2378 4419 Celiel,
2405 4337 2593 4425 quod
2629 4337 3150 4427 interpretatur,

595 4447 828 4497 servus
866 4428 1013 4496 Dei:
1047 4439 1110 4497 et
1156 4432 1416 4519 Apaan,
1467 4428 1772 4511 Dardan,
1823 4428 2007 4516 quod
2059 4428 2547 4518 interpretatur
2590 4425 3031 4507 mandemus,
3080 4435 3159 4494 et
