3308 5004
667 311 795 376 312
1377 329 1454 377 nn
1500 329 1557 377 s.
1608 327 1983 376 murenam
2029 326 2263 375 naam
2774 310 2877 376 ΑΙ]
2895 311 2968 377 G.
3023 310 3123 376 t3

578 413 797 483 multa
845 413 1061 482 animi
1122 413 1469 483 alacritate
1529 413 1838 513 accepit,
1893 424 2028 482 tota
2092 412 2525 482 hebdomada
2578 434 2737 483 cum
2787 412 3125 482 universa

576 523 829 592 congre
879 502 1103 571 atione
1167 502 1608 592 psallentium
1645 500 1900 592 vigiliis
1946 515 2012 571 et
2063 501 2353 591 jejuniis
2410 524 2483 572 se
2537 501 3113 581 accommodavit,

579 594 791 660 Deum
874 590 1261 673 enedicens,
1304 591 1486 678 quod
1538 590 1669 660 tale
1709 613 1966 661 munus
1995 591 2325 678 consequi
2372 591 2756 660 meruisset.
2793 591 2900 660 Sic
2930 594 3124 661 Deus

578 679 724 749 suis
763 679 1108 760 fidelibus,
1145 702 1321 768 quae
1356 679 1726 770 postulant,
1767 701 1900 748 non
1941 692 2166 769 negat.

665 769 701 855 ξ
749 773 887 841 u.
940 769 1186 839 Crebro
1248 782 1473 839 autem
1526 781 1591 837 et
1648 769 1950 837 suaviter
2007 780 2071 837 et
2127 769 2325 854 quasi
2381 768 2834 859 aenigmatice
2881 768 3122 837 dicere

576 855 699 926 illa
747 856 1028 938 solebat,
1077 859 1349 928 nemine
1395 857 1842 947 intelligente,
1888 855 2055 944 quid
2107 857 2241 927 sibi
2274 858 2359 927 iis
2394 856 2592 926 vellet
2627 857 2889 927 verbis:
2939 856 3117 926 «Cui

577 945 850 1015 animae
898 967 1064 1016 suae
1111 945 1301 1018 salus
1339 969 1546 1016 curae
1590 958 1716 1026 est,
1769 968 2043 1015 summo
2095 968 2208 1016 ere
2257 945 2494 1015 timere
2533 945 2756 1025 debet,
2798 946 2853 1015 si
2906 946 3121 1014 mira—

578 1033 734 1104 cula
786 1057 906 1125 per
954 1035 1183 1126 ipsum
1216 1035 1408 1106 fiant.
1451 1059 1487 1102 »
1537 1034 1663 1105 Sed
1701 1047 1957 1120 quanto
1993 1035 2037 1103 il
2071 1058 2107 1104 a
2161 1035 2541 1105 studiosius
2586 1057 2666 1103 ea
2698 1034 2949 1103 evitare
2998 1054 3123 1102 vo·

581 1121 782 1205 lebat,
823 1136 1008 1193 tanto
1044 1146 1151 1193 ma
1208 1125 1265 1193 is
1303 1125 1630 1194 virtutum
1681 1137 1746 1193 et
1781 1123 2272 1194 miraculorum
2308 1136 2546 1192 auctor
2584 1128 2765 1192 Deus
2791 1144 2941 1192 eam
2977 1122 3120 1191 sibi

577 1211 647 1280 in
704 1213 1031 1283 omnibus
1095 1212 1142 1281 fi
1193 1213 1363 1282 elem
1414 1213 1856 1283 declarabat:
1910 1212 2078 1282 adeo
2127 1227 2200 1283 ut
2248 1212 2542 1284 morbidi
2598 1234 2874 1290 omnes,
2938 1233 3121 1298 quo-

579 1323 880 1387 cumque
939 1313 1166 1371 essent
1225 1301 1446 1371 affecti
1513 1302 1796 1381 morb0,
1854 1302 1912 1370 si
1959 1324 2107 1371 eam
2176 1302 2611 1381 invocarent,
2673 1312 3112 1370 sanarentur.

580 1393 709 1459 Leo
744 1390 845 1458 vir
891 1389 1203 1471 illustriS,
1243 1391 1326 1460 ad
1360 1390 1702 1481 synodum
1739 1404 2056 1459 evocatus
2103 1413 2143 1459 a
2193 1391 2355 1460 viris
2404 1389 2805 1480 Apostolicis
2835 1388 3118 1459 Leontio

581 1491 647 1546 et
694 1478 984 1548 Eusebio
1025 1479 1400 1570 EpiscopiS,
1455 1501 1615 1548 cum
1666 1479 1795 1548 iter
1839 1491 2091 1568 ageret,
2144 1477 2363 1549 oculis
2395 1480 2544 1568 ejus
2585 1501 2693 1547 ma
2752 1500 2836 1547 na
2870 1477 3121 1547 incidit

582 1564 829 1656 caligo,
882 1568 1245 1658 sanguinis
1278 1569 1463 1638 nube
1508 1590 1624 1638 eos
1665 1570 2046 1658 obtegente,
2101 1569 2192 1637 ita
2232 1581 2308 1638 ut
2340 1569 2473 1637 nisi
2505 1567 2695 1637 famu
2731 1569 2747 1634 i
2782 1588 2937 1636 eum
2981 1565 3123 1635 du-

582 1669 832 1735 cerent,
890 1656 1063 1725 viam
1119 1680 1399 1747 prorsus
1450 1678 1582 1726 non
1634 1656 1912 1726 videret.
1966 1662 2328 1747 Ingressus
2374 1679 2535 1747 ergo
2575 1656 2645 1724 in
2696 1655 2927 1725 beatae
2977 1660 3122 1723 Ra-

582 1742 926 1834 degundis
975 1746 1492 1826 monasterium,
1529 1745 1648 1815 ubi
1699 1745 1879 1816 filias
1927 1768 2088 1816 suas
2125 1746 2183 1814 ei
2217 1745 2451 1815 devote
2500 1744 2779 1814 tradidit
2827 1743 3125 1813 Domino

584 1833 976 1912 servituras,
1029 1834 1114 1903 ad
1164 1836 1535 1905 oratorium
1572 1835 2010 1904 beatissimae
2043 1834 2290 1903 Mariae
2337 1834 2636 1925 Virginis
2684 1856 2755 1903 se
2794 1830 3119 1912 contulit,

583 1933 649 1989 et
698 1934 850 2011 post
895 1921 1158 1993 oblatas
1223 1945 1499 2013 preceS,
1565 1923 1702 1993 fide
1751 1924 1999 2013 plenus
2030 1978 2045 2004 ,
2099 1945 2307 2014 super
2360 1936 2635 1993 sanctae
2681 1922 2985 1992 cilicium
3038 1942 3120 1989 se

585 2011 969 2100 prostravit,
1008 2032 1296 2099 eamque
1334 2013 1684 2094 invocans,
1724 2024 1860 2081 tam
1892 2011 2017 2081 diu
2050 2011 2191 2081 illic
2222 2012 2622 2113 permansit,
2668 2011 2883 2080 donec
2915 2007 3125 2078 dolor

584 2098 1022 2181 abscederet,
1087 2099 1552 2191 dissipataque
1598 2101 1894 2190 caligine
1930 2155 1945 2179 ,
1999 2123 2284 2192 sanguis
2333 2111 2692 2171 concretus
2744 2100 2809 2167 in
2865 2120 3117 2178 venaS,

585 2186 770 2256 unde
813 2202 1143 2271 manarat,
1183 2211 1254 2259 se
1286 2190 1634 2279 reciperet.
1691 2195 1791 2258 Ita
1821 2190 1941 2276 qui
1988 2189 2281 2259 aliorum
2319 2201 2738 2261 sustentatus
2790 2187 3124 2257 manibus

585 2297 665 2345 eo
713 2276 1121 2360 advenerat,
1174 2279 1393 2350 oculis
1458 2279 1646 2349 sanis
1712 2279 2094 2348 abscessit:
2147 2291 2212 2348 et
2270 2280 2391 2365 qui
2449 2278 2535 2347 de
2598 2276 2825 2346 cilicio
2875 2276 3121 2345 beatae

584 2364 818 2434 lumen
873 2380 1262 2457 receperat,
1316 2368 1534 2438 laetus
1580 2380 1784 2453 atque
1848 2367 2217 2437 incolumis
2264 2367 2352 2436 ad
2415 2365 2749 2437 Sinodum
2810 2366 2908 2433 ire
2960 2385 3117 2453 per·

587 2454 780 2525 rexit.
835 2455 1067 2526 Isthuc
1115 2470 1340 2527 autem
1379 2512 1394 2537 ,
1461 2458 1609 2547 ipso
1670 2455 2036 2538 referente,
2096 2456 2416 2526 universa
2481 2454 2729 2525 deinde
2790 2451 3120 2543 Synodus

588 2544 946 2634 cognovit,
996 2559 1061 2613 et
1106 2568 1263 2616 cum
1316 2547 1748 2626 revertisset,
1805 2568 1931 2615 suo
1994 2567 2112 2614 ore
2178 2547 2375 2617 nobis
2422 2567 2694 2631 quoque
2740 2543 3115 2613 enarravit.

585 2634 946 2704 Devotione
993 2634 1222 2723 itaque
1271 2635 1637 2716 incitante,
1692 2634 2012 2704 dominae
2070 2634 2513 2724 Radegundis
2571 2632 2893 2704 basilicae
2952 2630 3121 2700 fun—

586 2722 908 2792 damenta
947 2723 1129 2810 jecit,
1166 2736 1232 2794 et
1265 2723 1333 2792 in
1371 2724 1670 2794 fabricae
1702 2744 1873 2792 usus
1910 2735 2183 2792 centum
2216 2736 2318 2792 est
2346 2721 2602 2792 solidos
2636 2721 2949 2811 largitus
3098 2806 3113 2819 .

674 2813 710 2897 ἓ
756 2817 899 2885 15.
952 2812 1199 2898 Ecquis
1232 2835 1387 2882 vero
1433 2825 1695 2883 certum
1746 2810 2024 2881 illorum
2076 2833 2440 2880 numerum
2491 2811 2666 2879 inire
2712 2821 2941 2897 queat,
2991 2828 3117 2894 qut

588 2897 871 2968 adversa
908 2901 1201 2990 correpti
1248 2899 1673 2980 valetudine,
1726 2898 1809 2969 ad
1871 2901 2019 2988 ejus
2074 2899 2568 2968 invocationem
2630 2899 2850 2968 curati
2902 2896 3121 2967 sunt?

587 2987 755 3068 Quis
803 3000 1028 3056 autem
1080 3011 1386 3075 unquam
1438 3012 1586 3058 eam
1639 2988 1898 3068 videns,
1947 2998 2327 3058 terrestrem
2383 2988 2729 3057 hominem
2769 2984 3123 3057 credidit?

587 3074 916 3160 Equidem
968 3098 1089 3165 per
1137 3083 1346 3146 Deum
1397 3077 1565 3148 coeli
1597 3076 1885 3146 fidenter
1914 3089 1979 3146 et
2007 3098 2160 3145 vere
2190 3076 2366 3157 dico,
2405 3077 2718 3146 omnium
2759 3075 2982 3145 oculis
3020 3074 3123 3142 ita

588 3183 858 3252 semper
888 3165 1198 3235 animum
1249 3166 1400 3257 ejus
1441 3166 1507 3234 in
1545 3164 1740 3234 vultu
1786 3165 1974 3236 illius
2024 3165 2556 3266 resplenduisse.
2596 3177 2670 3235 ut
2704 3186 2839 3234 non
2875 3164 3122 3233 imme-

588 3251 718 3320 rito
756 3253 1176 3323 extrinsecus
1223 3255 1409 3323 cerni
1462 3253 1726 3335 liceret,
1779 3254 1942 3341 quid
1997 3255 2412 3324 intrinsecus
2454 3254 2570 3323 illa
2621 3265 2909 3343 gereret.
2963 3256 3120 3319 Post

590 3355 1037 3442 congregatas
1069 3355 1294 3411 autem
1333 3348 1732 3414 Sanctorum
1769 3342 2093 3431 reliquias
2133 3355 2319 3413 tanto
2357 3343 2832 3432 complebatur
2865 3339 3120 3431 gaudio

590 3430 907 3516 spiritali,
952 3430 1092 3499 acsi
1130 3429 1356 3520 ipsum
1396 3433 1761 3501 Dominum
1813 3453 1850 3500 e
1888 3431 2174 3501 sublimi
2213 3431 2372 3501 sede
2409 3431 2783 3521 majestatis
2832 3431 3122 3500 descen—

590 3515 861 3587 dentem
899 3519 1257 3589 visibiliter
1310 3519 1493 3610 apud
1554 3542 1626 3589 se
1660 3520 1982 3591 haberet:
2035 3541 2238 3606 quem
2292 3533 2515 3590 tamen
2571 3520 2725 3589 licet
2771 3517 3124 3607 corporeis

591 3626 726 3674 non
782 3620 1087 3677 cerneret
1134 3607 1376 3690 oculis,
1430 3608 1662 3678 animo
1708 3608 1968 3679 sedulis
2016 3609 2337 3698 precibus
2383 3609 2640 3679 intento
2693 3606 3123 3697 contempla-

587 3693 812 3765 batur.
866 3702 941 3765 Et
998 3697 1164 3784 quia
1222 3699 1537 3768 Dominus
1593 3721 1725 3768 non
1783 3699 2079 3789 privabit
2116 3700 2300 3767 bonis
2348 3721 2454 3767 eos
2491 3699 2613 3788 qui
2654 3698 3005 3766 ambulant
3048 3698 3121 3763 in

588 3785 964 3855 innocentia
988 3786 1127 3876 (Ps.
1163 3787 1299 3876 83),
1335 3799 1400 3857 et
1427 3785 1546 3873 qui
1582 3799 1717 3857 toto
1751 3787 1978 3868 corde,
2019 3798 2156 3857 tota
2188 3787 2445 3865 anima,
2492 3798 2627 3855 tota
2671 3797 2895 3854 mente
2922 3783 3121 3853 illum

586 3871 971 3961 inquirunt,
1010 3875 1188 3944 sicut
1222 3876 1388 3946 haec
1435 3876 1630 3946 beata
1662 3875 1842 3956 fecit,
1895 3898 2015 3965 pro
2048 3898 2177 3945 sua
2208 3874 2629 3964 benignitate
2660 3885 2726 3942 et
2756 3872 3123 3943 clementia

585 3961 687 4031 illi
735 3963 1117 4055 inspiravit,
1151 3965 1409 4054 quippe
1456 3964 1576 4052 qui
1622 3965 1693 4034 in
1730 3965 1879 4053 ejus
1921 3977 2189 4055 pectore
2232 3975 2642 4053 perpetuum
2682 3962 2960 4032 haberet
2997 3959 3122 4029 do-

584 4051 950 4136 micilium,
1006 4064 1082 4122 ut
1130 4052 1346 4123 instar
1376 4054 1610 4123 beatae
1642 4053 1960 4133 Helenae,
2001 4053 2339 4142 sapientia
2376 4066 2443 4123 et
2490 4053 2731 4122 timore
2766 4050 2882 4120 Dei
2914 4062 3119 4136 atque

587 4140 911 4227 operibus
954 4141 1153 4211 bonis
1203 4141 1466 4231 plenae,
1522 4141 1788 4233 lignum
1841 4141 2011 4210 illud
2065 4140 2366 4210 salutare
2397 4140 2841 4231 perquireret,
2894 4160 2935 4208 a
2981 4157 3116 4224 quo

588 4229 881 4315 pretium
927 4228 1165 4299 mundi
1223 4252 1343 4320 pro
1392 4241 1623 4300 nostra
1656 4230 1875 4300 salute
1910 4229 2258 4320 pependit,
2311 4243 2387 4298 ut
2419 4251 2540 4324 nos
2578 4250 2614 4297 e
2649 4238 2977 4318 potestate
3009 4248 3116 4295 sa-

590 4328 785 4414 tanae
815 4318 1126 4407 eriperet.
1167 4324 1312 4402 Quo
1348 4333 1636 4410 reperto,
1680 4319 2020 4389 ambabus
2059 4319 2255 4388 beata
2288 4317 2540 4388 Helena
2587 4316 2925 4407 plaudens
2974 4335 3114 4412 ma3·

589 4403 817 4491 nibus,
871 4405 1063 4476 flexis
1097 4407 1295 4477 humi
1332 4407 1626 4498 genibus
1676 4409 2042 4479 Dominum
2085 4407 2438 4489 adoravit,
2482 4419 2686 4495 atque
2732 4427 2813 4475 ex
2861 4415 3109 4474 mortut
