3308 5004
578 273 706 340 234
974 291 1055 339 nn
1101 289 1194 339 ss.
1246 290 1359 339 ιιι.
1415 290 1594 339 stxro
1642 291 1738 338 rr.
1790 286 1869 336 m·
1915 287 2267 337 unanimo
2315 287 2538 336 utvru
2732 269 2918 338 AUG.
2960 274 3043 340 lo

492 386 1084 447 sacramentorum
1135 374 1514 456 credidisti,
1569 374 1733 446 huic
1781 373 2145 465 sanguinis
2184 369 2286 443 tu}
2319 371 2744 444 consortium
2788 379 3048 466 negas?

492 464 682 546 Vide,
736 486 821 534 ne
863 464 1285 555 periclitetur
1305 463 1905 554 judicium„dum
1966 462 2291 533 fortitudo
2339 461 2684 533 laudatur.
2740 463 3045 554 Abjectio

495 553 855 645 discipuli,
886 553 1376 624 detrimentum
1411 565 1515 624 est
1548 552 1887 645 magistri.
1925 557 2099 636 Quot
2140 551 2444 623 illustres
2483 562 3047 642 praestantesque

492 642 647 724 viri,
680 642 1183 733 discipulorum
1211 642 1709 713 certaminibus
1739 641 1982 732 magiS,
2018 662 2228 728 quam
2270 639 2440 722 suis,
2472 641 2804 711 vincunt?
2844 643 3046 712 Deni-

494 753 629 819 que
648 731 985 802 Abraham
1020 730 1246 801 filium
1264 730 1535 812 obtulit,
1561 737 1799 801 Petrus
1816 729 2239 819 Stephanum
2269 729 2649 820 praemisit:
2675 739 2741 799 et
2759 742 2836 800 tu
2854 743 3046 820 pater

496 820 781 892 ostende
822 820 889 888 in
924 818 1068 889 filio
1115 820 1433 891 virtutem
1480 832 1697 902 tuam,
1748 832 1815 890 et
1858 820 2028 888 offer
2053 839 2258 906 quem
2293 818 2609 900 erudisti,
2646 832 2725 889 ut
2755 840 3046 890 securus

488 908 740 999 judicii
779 908 903 990 tui,
947 908 1278 979 comitatu
1319 908 1529 979 nobili
1590 909 1947 999 pervenias
1984 906 2072 977 ad
2125 927 2547 977 coronam.»
2603 908 2831 978 Sixtus
2882 908 3047 999 Epi-

497 1018 751 1097 scopus
791 996 1191 1098 respondit:
1236 1019 1273 1063 «
1316 1003 1457 1068 Non
1492 1018 1529 1066 e
1579 1019 1619 1067 o
1661 1011 1723 1067 te
1762 997 1862 1067 fili
1891 996 2155 1077 desem,
2197 1016 2420 1083 neque
2451 994 3041 1084 derelinquo:sed

494 1107 763 1187 maJora
810 1084 935 1156 tih1
968 1085 1307 1155 debentur
1354 1107 1477 1177 pro
1541 1085 1653 1154 ide
1693 1086 1939 1156 Christi
1986 1084 2389 1155 certamina.
2423 1089 2557 1155 Nos
2587 1086 2786 1171 quasi
2816 1107 3039 1169 senes,

496 1173 775 1245 levioris
817 1196 1094 1266 pugnae
1125 1196 1410 1245 cursum
1464 1174 1886 1265 recipimus:
1940 1188 2004 1244 te
2041 1173 2244 1262 quasi
2267 1174 2591 1262 juvenem
2637 1186 2866 1245 manet
2894 1174 3046 1266 glo-

492 1263 745 1334 riosior
775 1262 860 1333 de
893 1276 1187 1353 tyranno
1228 1262 1650 1354 triumphus.
1691 1269 1848 1334 Post
1880 1285 1987 1332 me
2024 1263 2300 1333 venies:
2353 1263 2520 1332 flere
2565 1261 2851 1334 desiste:
2890 1275 3047 1354 post

492 1352 804 1422 triduum
856 1352 1167 1439 sequeris
1215 1352 1633 1422 sacerdotem
1688 1352 1937 1423 Levita.
1990 1353 2117 1422 Hic
2148 1350 2420 1422 medius
2455 1372 2790 1423 numerus
2821 1351 3038 1423 decet.

490 1446 634 1511 Non
667 1454 812 1509 erat
857 1453 1055 1511 tuum
1097 1440 1230 1511 sub
1264 1441 1594 1532 magistro
1643 1441 1937 1524 vincere,
1975 1440 2176 1529 quasi
2224 1440 2607 1531 adjutorem
2648 1462 3037 1528 quaereres.

493 1528 669 1613 Quid
703 1529 1128 1599 consortium
1180 1529 1526 1619 passionis
1572 1530 1903 1617 quaeris?
1949 1535 2180 1600 Totam
2224 1528 2712 1599 haereditatem
2764 1529 2889 1599 tibi
2936 1529 3046 1600 di-

490 1617 711 1687 mitto.
752 1617 929 1700 Quid
978 1618 1435 1708 praesentiam
1482 1640 1703 1688 meam
1742 1618 2086 1705 requiris?
2133 1617 2316 1687 Elias
2362 1617 2667 1689 Eliseum
2715 1618 3039 1706 reliquit,

492 1705 611 1776 sed
641 1705 963 1776 virtutem
997 1727 1130 1776 non
1157 1707 1466 1777 abstulit.
1496 1707 1740 1798 Accipe
1772 1706 2131 1777 facultates
2155 1705 2498 1779 Ecclesiae
2519 1707 2621 1777 vel
2657 1706 3042 1786 thesauros,

380 1808 388 1818 ·
491 1807 558 1865 et
606 1794 837 1865 divide
881 1795 1142 1883 quibus
1192 1794 1314 1866 tibi
1363 1795 1658 1867 videtur.
1692 1818 1727 1863 »
1776 1800 1989 1884 Atque
2021 1796 2111 1866 ita
2152 1795 2595 1867 beatissimus
2629 1796 2857 1867 sixtus
2890 1798 3044 1897 Epi·

491 1906 747 2042 {coplas
804 1884 1088 1955 tradidit
1143 1884 1340 1955 beato
1407 1885 1771 1955 Laurentio
1841 1885 2339 1956 Archidiacono
2401 1905 2643 1957 omnes
2702 1884 3046 1956 Ecclesiae

520 1995 647 2042 acu
684 1984 876 2044 tates.

579 2065 739 2134 11).
793 2067 886 2131 Ea
932 2082 1089 2132 vero
1137 2073 1418 2152 accepta
1466 2074 1837 2152 potestate,
1891 2062 2135 2134 beatus
2190 2060 2598 2132 Laurentius
2653 2062 2879 2152 coepit
2924 2083 3048 2153 per

492 2149 811 2240 regiones
856 2150 1127 2222 curiose
1175 2151 1525 2238 inquirere
1559 2205 1574 2234 ,
1642 2151 1931 2221 ubinam
1980 2150 2202 2221 sancti
2252 2148 2492 2220 Clerici
2546 2149 2648 2220 vel
2707 2171 3047 2241 pauperes

494 2251 724 2311 essent
771 2238 1201 2309 absconditi:
1254 2240 1683 2328 aflerensque
1731 2240 2125 2319 thesauros,
2179 2239 2561 2327 unicuique
2618 2252 2822 2329 prout
2867 2261 3046 2331 opus

493 2340 663 2409 erat,
716 2328 1313 2399 subministrabat.
1365 2330 1660 2399 Veniens
1692 2341 1919 2399 autem
1954 2329 2025 2398 in
2066 2327 2367 2398 Coelium
2419 2340 2747 2410 montem,
2784 2328 3046 2399 invenit

493 2416 593 2487 ibi
640 2417 1013 2505 quamdam
1045 2417 1354 2501 viduam,
1394 2440 1570 2507 quae
1598 2418 1822 2488 suerat
1867 2438 2035 2488 curn.
2078 2416 2224 2487 viro
2272 2438 2400 2486 suo
2430 2416 2633 2486 annis
2681 2416 3035 2499 undecim,

495 2506 566 2576 in
605 2505 932 2577 viduitate
960 2519 1188 2576 autem
1229 2521 1701 2599 permanserat
1738 2508 1942 2577 annis
1972 2505 2555 2598 trigintaduobus.
2601 2510 2692 2575 Ea
2725 2506 2795 2575 in
2830 2502 3041 2577 domo

370 2626 377 2633 ·
496 2616 623 2666 sua
673 2595 928 2668 multos
959 2596 1257 2666 habebat
1296 2596 1742 2679 ChristianoS,
1775 2609 1841 2666 et
1881 2597 2314 2686 presbyteros
2342 2608 2409 2665 et
2435 2594 2726 2664 Clericos
2756 2593 3045 2664 abscon·

444 2722 450 2727 ·
495 2705 633 2754 sos.
676 2684 751 2753 Id
788 2706 949 2754 cum
985 2684 1294 2756 audisset
1341 2686 1583 2756 beatus
1632 2684 2062 2765 Laurentius,
2119 2684 2278 2754 tulit
2316 2696 2532 2753 vestes
2561 2695 2629 2753 et
2653 2682 3036 2766 thesauros„

495 2784 560 2841 et
594 2785 800 2842 noctu
830 2773 1012 2842 venit
1059 2772 1144 2842 ad
1176 2795 1352 2844 eam.
1400 2774 1765 2844 Dicebatur
1794 2785 2022 2844 autem
2060 2773 2381 2863 Cyriaca:
2410 2773 2771 2864 coepitque
2803 2772 3048 2844 beatus

495 2860 907 2931 Laurentius
956 2861 1269 2930 omnium
1319 2862 1862 2934 Christianorum
1915 2860 2123 2951 pedes
2169 2861 2420 2932 lavare.
2482 2862 2764 2953 Cyriaca
2810 2872 3045 2932 autem

496 2949 778 3019 mittens
837 2971 911 3019 se
957 2948 1043 3018 ad
1096 2951 1302 3041 pedes
1353 2950 1553 3039 ejus,
1621 2950 1837 3020 dixit:
1890 2954 2014 3019 Per
2068 2949 2414 3022 Christum
2463 2963 2527 3021 te
2574 2948 2913 3038 conjuro,
2967 2960 3047 3020 ut

496 3058 750 3107 manus
797 3049 952 3107 tuas
1008 3039 1328 3128 imponas
1367 3040 1577 3129 capiti
1627 3061 1801 3109 meo.
1852 3038 2099 3110 Multas
2146 3039 2333 3108 enim
2385 3040 2610 3128 patior
2653 3038 2907 3130 capitis
2939 3038 3049 3108 in-

496 3125 882 3195 firmitates.
936 3131 1179 3197 Beatus
1230 3129 1662 3208 LaurentiuS,
1717 3150 1876 3197 cum
1934 3126 2260 3210 dixisset,
2315 3131 2394 3197 In
2445 3126 2727 3198 nomine
2774 3127 3050 3197 Domini

495 3218 660 3283 Jesu
708 3215 980 3293 Christi,
1036 3215 1160 3285 filii
1199 3217 1314 3285 Dei
1346 3216 1921 3306 omnipotentis...
1957 3216 2139 3285 edito
2172 3216 2371 3307 signo
2421 3216 2667 3287 Christi
2713 3216 3049 3306 imposuit

497 3302 707 3391 capiti
730 3303 880 3393 ejus
910 3326 1190 3373 manum
1228 3326 1453 3385 suam,
1491 3317 1556 3374 et
1589 3305 1915 3375 manibus
1948 3304 2102 3392 ejus
2136 3305 2452 3387 linteum,
2489 3327 2627 3392 quo
2656 3305 3047 3395 extergebat

497 3390 709 3480 pedes
749 3406 1144 3463 sanctorum
1178 3418 1193 3459 :
1243 3406 1310 3463 et
1350 3415 1506 3463 mox
1543 3394 1772 3464 omnis
1800 3393 1997 3465 dolor
2025 3394 2273 3483 capitis
2302 3394 2621 3466 discessit
2652 3396 2740 3466 ab
2773 3393 2916 3463 illa.

586 3482 623 3566 ἓ
667 3486 802 3553 11.
855 3479 1104 3550 Eadem
1159 3495 1354 3552 nocte
1401 3482 1571 3552 abiit
1620 3482 1824 3563 inde,
1887 3495 1951 3551 et
2012 3482 2417 3572 perquisivit
2464 3483 2583 3554 ubi
2645 3482 3047 3571 congregati

497 3581 728 3639 essent
775 3569 1167 3651 Christiani,
1218 3572 1359 3641 sive
1406 3572 1476 3640 in
1526 3571 1851 3641 domibus
1881 3624 1897 3651 ,
1952 3570 2094 3640 sive
2131 3572 2204 3641 in
2244 3571 2529 3662 cryptis.
2575 3572 2770 3641 Venit
2815 3580 3047 3640 autem

499 3659 570 3728 in
605 3658 862 3740 vicum,
915 3659 1034 3746 qui
1072 3658 1328 3730 dicitur
1360 3660 1715 3742 Canarius,
1770 3659 2159 3749 reperitque
2207 3661 2465 3732 multos
2504 3659 2929 3730 Christianos
2976 3657 3045 3726 in

498 3746 792 3817 aedibus
828 3746 1195 3833 cujusdam
1249 3749 1546 3820 Narcissi
1603 3748 1974 3818 Christiani
2020 3747 2378 3820 collectos:
2432 3748 2928 3839 ingressusque
2974 3746 3047 3815 in

498 3858 638 3917 eaS,
691 3857 852 3905 cum
903 3836 1257 3927 lacrymiS,
1293 3837 1500 3927 pedes
1538 3858 1780 3907 eorum
1824 3837 2013 3919 lavit,
2066 3837 2388 3925 deditque
2435 3836 2534 3906 eis
2573 3837 2657 3907 de
2704 3835 3052 3908 thesauris

498 3948 675 4013 quos
735 3925 976 3996 beatus
1030 3926 1258 3996 Sixtus
1316 3926 1698 4017 Episcopus
1761 3925 1825 3997 ei
1874 3925 2248 3997 tradiderat
2309 3949 2425 3996 ero
2476 3926 2719 3996 andos.
2783 3924 3052 3996 Invenit

499 4027 727 4085 autem
780 4014 925 4084 illic
967 4015 1172 4084 etiam
1228 4015 1769 4085 Crescentionem
1832 4036 2142 4097 caecum,
2204 4036 2363 4085 cum
2460 4016 2761 4105 acrymis
2809 4015 3043 4106 ipsum

498 4115 881 4193 rogantem,
936 4116 1001 4173 et
1048 4103 1432 4174 dicentem:
1486 4109 1667 4174 Pone
1716 4124 2002 4174 manum
2040 4116 2226 4172 tuam
2279 4125 2491 4193 super
2528 4104 2768 4175 oculos
2810 4123 2998 4174 meos
3027 4154 3044 4183 ,

499 4202 579 4260 ut
618 4191 883 4260 videam
918 4190 1161 4261 faciem
1216 4204 1432 4262 tuam.
1483 4197 1731 4263 Beatus
1770 4193 2178 4263 Laurentius
2225 4191 2621 4283 lacrymans
2657 4192 2869 4264 dixit:
2924 4195 3050 4260 Do-

500 4277 736 4348 minus
793 4293 1022 4350 noster
1083 4287 1286 4352 Jesus
1346 4281 1656 4352 Christus
1716 4281 1837 4370 qui
1897 4281 2170 4371 aperuit
2217 4280 2455 4353 oculos
2512 4283 2698 4353 caeci
2759 4280 2927 4361 nati,
2980 4290 3045 4348 te
