3308 5004
721 335 850 399 496
1361 349 1440 397 m:
1488 349 1581 397 ss.
1633 347 1825 397 msto
1873 349 1949 397 nr
1995 348 2275 399 rAs'ronr.
2323 349 2439 399 nr.
2897 330 3082 397 AUG.
3133 331 3172 396 6

630 437 840 527 Cujus
888 434 1157 506 incolae
1225 455 1387 504 cum
1461 433 1889 505 tremendam
1958 435 2210 525 ejus·o
2264 434 2566 505 inionem
2630 432 3167 505 intellexissent:

631 526 771 596 duo
819 524 1114 595 infantes
1136 525 1375 593 Justus
1420 535 1486 593 et
1533 528 1789 605 Pastor,
1843 522 2097 594 relictis
2147 545 2220 595 sc
2272 524 2422 594 olae
2469 522 2748 604 tabulis,
2800 522 2868 592 in
2918 522 3177 611 quibus

632 636 872 684 eorum
923 626 1192 684 tenerae
1224 623 1474 682 aetates
1515 611 1730 682 literis
1783 613 2299 693 imbuebantur,
2343 613 2491 703 jam
2545 633 2680 682 non
2730 611 2816 682 ad
2864 611 3175 682 studium

635 703 951 804 magistri
991 701 1091 771 vel
1141 700 1442 772 doctoris
1491 702 1693 772 istius
1726 700 1938 772 seculi
1990 703 2088 772 ire
2133 714 2546 793 coeperunt,
2602 701 2717 771 sed
2765 701 2967 789 quasi
3018 721 3177 791 pro-

634 792 777 862 bati
826 790 1073 862 Christi
1131 790 1505 880 discipuli,
1560 789 1643 860 ad
1698 791 2168 892 spectaculum
2238 790 2498 881 proprii
2551 790 2859 880 martyrii
2908 790 3171 860 alacres

635 892 1115 951 cucurrerunt.
1185 883 1488 966 Cumque
1563 879 1826 949 solicite
1874 892 2229 949 cernerent
2276 892 2340 949 et
2412 880 2671 949 intento
2747 879 3175 969 perciperent

591 1011 597 1018 ·
637 969 865 1050 corde,
904 967 1069 1056 quid
1105 967 1445 1037 dementis
1497 968 1760 1037 Datiani
1797 968 2171 1055 inquireret
2217 968 2439 1039 furor:
2499 968 2904 1037 nunciatum
2961 982 3064 1038 est
3116 967 3180 1036 ei

638 1057 821 1145 quod
866 1058 937 1126 hi
961 1058 1100 1127 duo
1132 1056 1455 1125 infantuli
1488 1071 1716 1128 essent
1746 1057 2136 1139 Christiani,
2170 1069 2235 1127 et
2274 1081 2314 1127 a
2350 1057 2749 1148 parentibus
2777 1055 3180 1127 Christianis

634 1146 1003 1237 progeniti,
1056 1168 1137 1215 ac
1172 1156 1530 1235 propterea
1561 1167 1676 1216 eos
1710 1145 1793 1215 ad
1846 1146 1914 1215 id
1946 1146 2322 1236 spectaculi
2354 1146 2731 1226 devenisse,
2774 1157 2854 1215 ut
2900 1146 2956 1214 si
2983 1144 3178 1215 Chri-

637 1235 1018 1306 stianorum
1056 1235 1234 1304 facta
1266 1232 1471 1304 fuerit
1504 1235 1882 1335 inquisitio,
1920 1235 2053 1325 ipsi
2093 1248 2334 1327 sponte
2382 1256 2528 1306 sese
2553 1235 2841 1304 offerant
2885 1234 3183 1322 punien-

637 1323 786 1394 dos.
827 1328 1133 1411 Cumque
1183 1323 1311 1393 hoc
1360 1322 1889 1395 crudelissimus
1940 1325 2264 1394 Datianus
2298 1323 2762 1404 intellexisset,
2799 1323 3028 1393 statim
3076 1321 3182 1390 in-

638 1412 1065 1503 dignationis
1122 1412 1223 1481 ira
1272 1423 1694 1492 commotus,
1741 1411 2052 1483 inaudita
2090 1435 2326 1482 eorum
2379 1424 2606 1503 parte,
2658 1433 2810 1481 com
2867 1409 3176 1492 rehendi,

634 1515 699 1571 et
745 1522 861 1571 eos
907 1501 1222 1571 cruciatu
1271 1522 1522 1591 magno
1569 1501 1765 1571 caedi
1813 1503 2197 1593 praecepit:
2241 1502 2487 1571 timens
2523 1522 2607 1570 ne
2654 1501 2713 1570 si
2760 1522 2798 1569 a
2887 1499 3174 1570 interro·

635 1589 943 1678 gandum
1015 1591 1084 1658 in
1158 1589 1306 1677 ejus
1407 1591 1814 1662 raesentiam
1882 1589 2428 1672 adducerentur,
2504 1589 2798 1659 aliorum
2874 1588 3177 1658 circum·

636 1677 1058 1748 adstantium
1089 1677 1172 1747 ad
1205 1699 1332 1749 con
1365 1679 1701 1749 essionem
1735 1678 2037 1749 nominis
2061 1680 2331 1760 Christi,
2363 1679 2633 1748 animos
2661 1687 3177 1768 praepararent:

636 1779 702 1836 et
736 1767 904 1837 dum
953 1766 1054 1839 eis
1101 1788 1236 1837 non
1289 1768 1727 1858 praevaleret,
1781 1769 1928 1859 ipse
1977 1790 2175 1839 suam
2226 1767 2501 1859 publice
2538 1766 2921 1858 adspiceret
2980 1765 3179 1836 mali-

639 1856 803 1927 tiam
855 1855 941 1927 ab
982 1855 1365 1925 infantibus
1396 1857 1733 1957 superari.

723 1946 761 2032 ξ
812 1949 900 2015 2..
956 1945 1445 2035 comprehensi
1495 1946 1708 2036 igitur
1740 1946 1960 2015 sancti
2013 1959 2368 2037 martyres,
2424 1945 2833 2036 priusquam
2872 1943 2958 2014 ad
3014 1965 3180 2034 sup-

690 2032 929 2103 licium
964 2034 1418 2114 traherentur,
1475 2056 1624 2104 sese
1677 2047 1940 2115 mutu0,
1995 2035 2283 2106 caelitus
2329 2034 2577 2116 edocti,
2634 2032 2790 2103 laeti
2837 2031 3180 2103 conforta-

635 2055 828 2191 ssant.
886 2123 1061 2192 Dixit
1087 2144 1249 2213 ergo
1295 2127 1578 2194 Justus:
1631 2147 1667 2189 «
1698 2123 1869 2204 Noli,
1924 2123 2131 2194 frater
2176 2130 2450 2204 Pastor,
2502 2122 2682 2192 hanc
2734 2121 3181 2212 temporalem

636 2212 1118 2302 pertimescere
1167 2212 1583 2300 passionem,
1621 2212 1764 2282 noli
1807 2225 2080 2302 propter
2112 2213 2547 2283 caedentium
2590 2210 2884 2301 flagella,
2920 2210 3180 2297 quibus

643 2301 1090 2370 tenerrimum
1141 2322 1258 2370 cor
1362 2323 1395 2370 s
1445 2313 1642 2370 tuum
1705 2311 2077 2383 atteratur,
2137 2325 2179 2371 a
2225 2301 2360 2371 fide
2417 2314 2479 2371 te
2527 2300 2972 2379 subtrahere,
3046 2297 3183 2368 noli

639 2390 1155 2459 incumbentem
1206 2412 1250 2479 g
1279 2388 1514 2459 adium
1567 2388 1985 2460 formidare:
2037 2392 2203 2477 quia
2241 2391 2297 2459 si
2321 2403 2668 2460 annuente
2707 2388 2994 2460 Domino
3024 2387 3185 2458 Jesu

639 2478 928 2560 Christo,
980 2479 1296 2549 extinctis
1343 2478 1705 2570 contigerit
1754 2478 1955 2550 nobis
1996 2480 2081 2550 ad
2131 2480 2356 2570 ipsius
2411 2477 2704 2570 gloriam
2762 2498 3172 2570 properare,

637 2567 1023 2659 digniorem
1071 2569 1140 2638 in
1192 2568 1424 2638 futuro
1459 2568 1691 2639 seculo
1741 2569 2204 2659 percipiemus
2253 2567 2768 2648 fortitudinem,
2834 2587 3010 2654 quae
3062 2587 3180 2635 no-

640 2670 849 2727 stram
896 2679 1033 2726 non
1082 2658 1351 2727 minuat
1383 2657 1809 2746 parvitatem,
1864 2657 1981 2727 sed
2031 2658 2118 2727 ad
2153 2657 2637 2747 perfectionem
2673 2669 3089 2745 martyrum,
3122 2665 3184 2723 et

639 2745 1053 2835 Angelorum
1087 2767 1410 2815 coronam
1446 2746 1776 2837 perducat
1823 2759 2196 2819 aeternam.
2233 2748 2357 2816 Hic
2391 2757 2694 2836 tempore
2731 2746 2978 2835 exiguo
3016 2765 3184 2813 con-

642 2834 888 2914 stituti,
945 2856 1224 2926 parvam
1272 2835 1451 2903 inter
1498 2834 1816 2904 homines
1857 2835 2232 2905 habuimus
2279 2836 2512 2915 vitam,
2566 2833 2680 2903 sed
2733 2834 2876 2903 illic
2916 2833 2985 2901 in
3042 2832 3186 2902 lon-

642 2922 1025 3012 gitudinem
1059 2922 1356 3005 dierum,
1412 2924 1469 2993 si
1517 2944 1694 3010 quae
1734 2928 1866 2995 Deo
1917 2923 2170 3015 placita
2216 2937 2380 2993 sunt
2429 2922 2817 3003 fecerimuS‚
2872 2934 3185 2991 aeternae

641 3012 817 3080 vitae
867 3011 1329 3101 percipiemus
1382 3011 1907 3081 abundantiam.
1960 3034 1996 3078 »
2058 3013 2180 3082 Cui
2242 3012 2723 3082 sanctissimus
2776 3017 3010 3081 Pastor
3089 3031 3186 3078 re·

644 3098 967 3187 spondit:
1030 3100 1282 3189 «Digne
1312 3098 1593 3186 quidem
1644 3100 1852 3170 frater
1896 3102 2086 3171 Juste
2134 3100 2233 3169 sic
2281 3112 2345 3171 te
2391 3100 2583 3170 decet
2626 3100 2907 3183 hortari,
2950 3112 3028 3169 ut
3068 3100 3186 3189 ju-

646 3187 900 3256 stitiam
950 3210 1158 3275 quam
1196 3188 1462 3257 nomini
1509 3200 1627 3259 tuo
1663 3188 2065 3280 inscriptam
2104 3201 2358 3279 portas,
2395 3189 2604 3259 simul
2639 3211 2800 3259 cum
2832 3202 2948 3258 tuo
2978 3188 3186 3257 fratre

643 3280 915 3345 Pastore
962 3277 1328 3366 suscipias.
1358 3282 1526 3348 Leve
1572 3279 1824 3347 etenim
1859 3280 1944 3350 sit
1993 3277 2213 3358 nobis,
2272 3299 2392 3369 pro
2441 3278 2867 3348 confessione
2917 3276 3186 3346 Domini

644 3365 861 3434 nostri
905 3365 1079 3434 Jesu
1126 3365 1397 3445 Christi,
1432 3388 1686 3456 corpus
1720 3381 2031 3438 nostrum
2055 3366 2370 3459 jugulari
2404 3380 2470 3437 et
2509 3368 2916 3458 sanguinem
2956 3364 3181 3443 fundi,

642 3466 721 3522 ut
768 3453 838 3521 in
888 3455 1186 3525 sacrario
1233 3454 1531 3535 coelesti,
1575 3455 1888 3524 divinum
1925 3479 2179 3547 corpus
2218 3457 2466 3527 Christi
2500 3468 2565 3527 et
2598 3457 2975 3546 pretiosum
3027 3474 3187 3525 san-

643 3542 923 3632 guinem
973 3543 1147 3633 ejuS,
1203 3543 1401 3614 nobis
1458 3544 1656 3613 liceat
1712 3543 2020 3615 adorare.
2077 3551 2218 3616 Non
2274 3567 2398 3615 nos
2449 3556 2810 3636 parentum
2862 3557 2982 3614 aut
3032 3564 3186 3633 pro-

642 3631 986 3701 ximorum
1036 3635 1299 3702 revocet
1371 3634 1631 3721 pietaS,
1699 3654 1821 3703 nec
1877 3647 2149 3705 nostrae
2195 3633 2689 3704 condoleamus
2759 3633 3001 3703 aetati:
3068 3629 3186 3701 sed

642 3720 953 3790 celeriter
999 3720 1084 3790 ad
1119 3719 1468 3791 coelorum
1493 3720 1806 3791 culmina
1848 3745 2320 3881 properemus
2368 3723 2490 3795 ubi
2519 3735 2791 3793 nostrae
2829 3720 3182 3801 infantiae,

642 3821 708 3878 et
756 3820 1120 3898 parentum
1173 3823 1563 3880 nostrorum
1615 3824 1911 3901 peccatis
1944 3834 1983 3881 o
2039 3812 2252 3882 tinere
2300 3813 2570 3883 veniam
2622 3831 3099 3881 mereamur.»

731 3900 767 3986 ξ
813 3902 905 3970 8.
986 3905 1098 3968 Ast
1143 3899 1261 3968 ubi
1314 3899 1508 3979 illos,
1562 3901 1681 3987 qui
1731 3901 1930 3969 acciti
1981 3900 2275 3983 fuerant,
2334 3900 2606 3970 violenti
2670 3899 3037 3970 carnifices
3087 3899 3187 3966 vi-

643 3988 910 4058 dissent
957 3987 1384 4059 unanimiter
1434 3988 1595 4058 talia
1643 3989 1775 4059 sibi
1850 3988 2360 4078 colloquentes,
2442 3989 2777 4058 nunciant
2857 3988 3182 4058 Datiano:
3287 4022 3288 4047 ÷

644 4077 1095 4158 sciscitantes,
1134 4076 1301 4163 quid
1337 4078 1422 4146 de
1450 4078 1549 4148 eis
1583 4078 2008 4169 praeciperet
2039 4100 2214 4166 quos
2238 4077 2602 4148 audierant
2641 4079 2740 4149 sic
2767 4100 2918 4148 sese
2947 4088 3188 4147 mutuo

648 4187 769 4253 pro
818 4167 1096 4237 nomine
1145 4167 1417 4236 Domini
1448 4166 1903 4238 consolantes.
1958 4168 2225 4251 Quibus
2272 4165 2551 4247 auditiS,
2605 4166 3031 4258 stupefactus
3062 4171 3189 4235 Da—

648 4255 874 4325 tianus
908 4255 1047 4326 ait:
1101 4261 1242 4325 Non
1294 4269 1459 4326 sunt
1504 4256 1618 4328 isti
1666 4255 1863 4347 digni
1904 4257 2157 4327 nostris
2186 4257 2673 4346 conspectibus
2703 4255 2877 4337 sisti,
2910 4255 3033 4343 qui
3064 4276 3187 4324 nec

646 4341 971 4413 infantiae
1017 4365 1205 4425 suae,
1261 4356 1571 4414 tenerum
1614 4345 1828 4416 robur
1859 4344 2116 4416 lucrari
2156 4344 2540 4428 voluerunt,
2566 4367 2690 4416 nec
2729 4344 3012 4415 deorum
3069 4364 3186 4413 no·

646 4442 945 4501 strorum
992 4432 1336 4523 compulsi
1394 4433 1851 4505 venerabilem
1915 4434 2200 4506 adorare
2262 4433 2634 4505 culturam.
2688 4434 2925 4505 Statim
2976 4432 3186 4525 igitur
