3308 5004
699 362 828 427 774
1485 380 1564 426 nx
1612 380 1671 427 s.
1724 379 1887 428 nos».
1932 379 2103 426 vme.
2156 377 2285 425 Lnt.
2836 354 3031 422 ΑΗΕ.
3084 354 3163 420 30

610 462 921 533 Christus
955 462 1289 532 Dominus
1317 460 1633 533 futurum
1665 485 1815 534 esse
1847 463 2285 542 revelaverat,
2336 470 2629 529 mortem
2655 457 2925 529 scilicet
2947 464 3165 529 Rosae

609 561 676 621 et
709 550 1143 642 sepulturam
1167 551 1318 642 ejus
1340 549 1482 621 fore
1512 550 1910 643 gloriosam.
1940 558 2227 622 Devotae
2254 549 2551 620 feminae
2580 569 2941 625 sacrorum
2969 547 3171 638 hym-

611 661 861 710 norum
888 662 1139 711 sonoro
1162 651 1375 710 cantu
1402 661 1522 731 per
1550 642 1730 713 vices
1752 641 2174 722 exultabant,
2193 650 2667 730 protestanteS,
2694 659 2829 707 non
2859 636 3166 717 naeniis,

611 727 732 798 sed
764 727 958 800 sestis
990 730 1086 800 ibi
1114 727 1341 800 locum
1369 751 1523 800 esse
1544 729 1815 800 debere.
1849 729 2137 800 liii-abili
2161 750 2511 799 consensu
2530 726 2893 796 etocculto
2914 726 3170 797 instin-

611 830 730 887 ctu
751 818 1050 888 maxima
1078 818 1443 888 hominum
1474 819 1849 890 multitudo
1871 820 2290 889 clarescente
2294 818 2443 907 jam
2471 815 2583 885 die
2609 815 2923 905 implevit
2948 819 3171 897 Quae·

612 906 818 976 storis
847 906 1211 1007 palatium.
1258 907 1670 977 confessarii
1700 931 1931 979 coram
1964 906 2209 978 feretro
2249 906 2325 976 in
2371 927 2567 975 voces
2605 903 3063 994 jubilationis
3112 916 3170 973 et

610 994 1173 1066 benedictionum
1224 1009 1630 1087 eruperunt,
1682 1008 2009 1068 testantes
2033 995 2303 1067 cunctis
2342 992 2427 1064 ba
2483 993 2824 1064 tismalem
2866 994 3172 1084 gratiam

611 1082 810 1154 nulla
840 1106 1150 1186 unquam
1187 1084 1424 1155 lethali
1451 1088 1626 1156 noxa
1653 1087 1741 1156 ab
1768 1088 1851 1156 ea
1882 1087 2390 1176 interpunctam
2494 1085 2651 1163 isse,
2676 1081 2795 1151 sed
2824 1082 3172 1152 immacu·

613 1170 824 1242 latam
860 1185 1068 1244 totius
1095 1174 1274 1244 vitae
1304 1174 1764 1245 innocentiam
1794 1187 1859 1245 et
1890 1174 2180 1266 virginei
2203 1172 2528 1267 candoris
2558 1170 2949 1240 infantilem
2980 1171 3170 1261 puri-

612 1271 822 1333 tatem
847 1262 1062 1345 coelo,
1084 1262 1169 1333 ad
1199 1263 1629 1351 sequendum
1656 1268 1925 1355 Agnum
1951 1284 2392 1353 quocumque
2428 1261 2600 1342 ierit,
2640 1259 2993 1330 intulisse.

698 1353 740 1438 ξ
781 1357 940 1425 52.
992 1352 1087 1422 Ad
1138 1374 1257 1421 exe
1312 1353 1483 1434 uias,
1538 1352 1818 1444 vulgata
1854 1354 2000 1443 jam
2051 1352 2261 1433 fama,
2315 1348 2851 1420 innumerabilis
2900 1349 3165 1419 utrius-

614 1460 749 1525 que
807 1440 1227 1511 conditionis
1326 1443 1639 1511 ominum
1708 1442 2077 1512 multitudo
2124 1440 2483 1519 convenit,
2536 1451 2603 1509 et
2651 1439 2765 1529 pia
2815 1439 3168 1508 variorum

618 1525 975 1598 titulorum
1027 1529 1347 1601 sodalitia
1394 1542 1635 1621 sponte
1673 1542 1739 1599 et
1779 1530 2259 1622 religiosorum
2302 1528 2841 1598 Mendicantium
2878 1526 3169 1598 Ordines

614 1636 1035 1704 processere;
1090 1640 1246 1689 mox
1291 1630 1360 1689 et
1412 1618 2015 1710 metropolitanum
2066 1617 2434 1710 collegium
2488 1629 2555 1687 et
2601 1616 2841 1707 regius
2885 1628 3169 1687 senatus

612 1727 776 1775 cum
823 1707 1154 1777 omnibus
1202 1708 1741 1798 magistratibus.
1781 1713 2068 1779 Sacrum
2117 1728 2375 1798 corpus
2416 1706 2837 1785 deferebant,
2896 1706 3164 1777 insueto

614 1793 898 1877 honore,
935 1796 1265 1867 ecclesiae
1290 1795 1709 1867 cathedralis
1754 1796 2098 1879 canonici,
2138 1796 2675 1867 succedentibus
2711 1794 2782 1863 in
2836 1792 2980 1864 hoc
3012 1816 3169 1863 mu-

614 1903 777 1953 nere
822 1887 1138 1955 certatim
1183 1884 1598 1977 religionum
1636 1886 2134 1977 superioribus,
2188 1885 2282 1954 Ad
2331 1884 2659 1956 ecclesiae
2705 1882 2947 1953 valvas
2988 1883 3161 1952 visus

615 1983 718 2042 est
765 1974 998 2044 vultus
1030 1973 1318 2065 virginis
1357 1974 1685 2045 vividiore
1715 1988 1782 2045 et
1812 1975 2201 2046 venustiore
2223 1972 2449 2045 colore
2496 1973 2807 2053 rutilare,
2862 1984 2947 2042 ut
2970 1972 3162 2041 etiam

615 2058 702 2129 de
750 2059 878 2133 bac
923 2060 1190 2133 dictum
1254 2085 1295 2133 a
1370 2062 1635 2134 Christo
1701 2065 1990 2134 Domino
2063 2086 2155 2159 ap
2207 2074 2465 2133 areret:
2539 2068 2682 2133 Non
2756 2072 2858 2130 est
2906 2070 3161 2131 mortua

609 2153 872 2238 puella,
909 2153 1027 2221 sed
1058 2150 1325 2221 dormit.
1363 2151 1603 2222 Visum
1649 2164 1752 2223 est
1789 2154 1991 2224 etiam
2041 2176 2085 2223 a
2124 2176 2166 2245 p
2202 2152 2447 2223 urimis
2509 2150 2975 2221 simulacrum
3023 2148 3159 2218 Dei-

618 2258 828 2326 parae
878 2245 980 2311 Ss.
1036 2241 1302 2311 Rosarii
1352 2240 1506 2312 luce
1537 2255 1602 2311 et
1653 2241 2143 2331 splendoribus
2187 2262 2573 2312 coruscare.
2628 2245 2776 2324 Quo
2826 2238 3154 2327 evulgato,

615 2325 852 2416 plures
899 2329 1021 2398 alii
1054 2330 1520 2411 advenientes,
1575 2331 1972 2422 prodigium
2007 2353 2141 2400 non
2183 2330 2409 2401 solum
2458 2329 2760 2409 eminus.
2797 2327 2919 2397 sed
2959 2328 3155 2396 etiam

615 2417 937 2489 cominus
1006 2418 1105 2490 sic
1155 2442 1234 2490 se
1297 2419 1547 2489 habere
1619 2434 2149 2511 conspexerunt.
2212 2417 2530 2489 Certatim
2592 2417 2827 2487 omnis
2872 2428 3050 2486 aetas
3095 2426 3156 2482 et

612 2527 818 2578 sexus
863 2510 1163 2589 coronis,
1218 2509 1523 2589 rosariis,
1575 2520 1640 2579 et
1673 2531 2116 2597 quacumque
2148 2531 2220 2579 re
2266 2509 2507 2579 devota
2554 2529 2737 2596 quae
2777 2506 2863 2575 ad
2910 2524 3151 2574 manus

611 2592 891 2685 fuisset,
952 2620 1229 2671 sacrum
1277 2619 1534 2688 corpus
1579 2599 1813 2668 contin
1906 2621 1980 2667 re
2044 2621 2131 2669 su
2186 2597 2455 2688 pliciter
2498 2597 2892 2666 conabatur.
2940 2597 3147 2660 Reso-

610 2683 820 2755 nabat
863 2686 1330 2776 undequaque
1375 2685 1667 2759 ecclesia
1736 2710 1815 2756 va
1847 2688 1932 2757 de
1979 2710 2142 2778 amp
2172 2709 2213 2756 a
2278 2686 2633 2758 continuis
2699 2683 2967 2754 vocibus
3008 2681 3152 2781 lto-7

609 2796 761 2844 sam
812 2776 1081 2846 beatam
1128 2788 1193 2847 et
1231 2787 1538 2846 sanctam
1587 2775 2162 2859 acclamantibus,
2199 2774 2419 2845 donec
2466 2774 2864 2867 sepulturae
2903 2782 3154 2862 pretio-

575 2885 768 2948 .sum
818 2863 1212 2956 depositum
1247 2864 1651 2935 mandatum
1701 2864 1854 2935 fuit.
3097 2949 3111 2960 ,

698 2951 735 3040 ξ
778 2957 940 3026 53.
992 2960 1147 3026 Post
1193 2976 1397 3042 quae,
1424 2967 1773 3025 crescente
1811 2955 2055 3025 devota
2088 2953 2328 3046 populi
2367 2952 2754 3041 frequentia
2788 2950 2881 3021 ob
2907 2950 3150 3020 eximia

610 3042 1047 3113 curationum
1091 3042 1429 3118 'beneficia
1452 3066 1631 3132 quae
1660 3045 1731 3113 in
1767 3044 1916 3115 dies
1940 3043 2485 3123 crebrescebant,
2540 3041 3000 3112 solemniores
3025 3059 3157 3139 ege-

612 3130 817 3218 quiae
853 3132 1237 3204 celebratae
1288 3131 1591 3214 fuerunt,
1636 3134 1896 3220 quibus
1949 3138 2195 3204 Prorex
2255 3146 2321 3202 et
2369 3130 2592 3219 major
2641 3129 3033 3201 multitudo
3077 3149 3157 3196 in·

613 3219 847 3290 terfuit
877 3219 1137 3291 festivis
1176 3220 1636 3313 applausibus
1669 3232 1733 3291 et
1772 3221 2092 3312 publicae
2143 3221 2437 3292 laetitiae
2459 3220 2700 3314 signiS,
2743 3231 2893 3288 tam
2925 3216 3162 3288 ineolis

609 3316 820 3395 quam
870 3309 1155 3381 advenis
1207 3333 1418 3380 novae
1481 3310 1834 3381 coelorum
1883 3310 2016 3380 civi
2066 3310 2638 3381 acclamantibus.
2693 3307 2917 3378 Paulo
2980 3318 3163 3399 post.

612 3397 1112 3470 instantissime
1191 3399 1706 3491 postulantibus
1776 3399 2191 3490 primatibus
2250 3399 2586 3478 civitatis,
2658 3419 2951 3467 sacrum
3012 3393 3171 3495 illud

612 3507 890 3577 corpus,
945 3488 1018 3557 in
1067 3488 1299 3558 locum
1348 3487 1796 3558 celebriorem
1869 3488 2449 3570 transferendum,
2503 3486 2778 3556 decreto
2829 3485 3180 3574 archiepi-

610 3576 803 3667 scopi
850 3576 1191 3647 Limensis
1237 3589 1660 3659 extractum,
1718 3578 2076 3649 inventum
2143 3577 2272 3649 fuit
2318 3575 2750 3667 corruptioni
2816 3596 2963 3647 non
3013 3572 3179 3645 sub-

603 3663 935 3753 jacuisse,
992 3680 1059 3738 et
1104 3688 1322 3755 aeque
1366 3688 1447 3736 ex
1494 3689 1573 3737 eo
1615 3665 1977 3738 coelestem
2015 3665 2216 3737 illum
2264 3665 2543 3736 odorem
2594 3662 2903 3755 prodire,
2934 3683 3184 3751 qnem-

611 3753 990 3824 admodum
1023 3755 1308 3844 quando
1359 3755 1585 3846 primo
1632 3755 2015 3846 repositum
2064 3754 2216 3825 fuit.
2252 3760 2331 3825 In
2376 3755 2505 3825 hac
2550 3753 2948 3825 celebritate
2972 3771 3186 3819 nemo

609 3854 778 3924 erat,
830 3866 1040 3931 quem
1114 3845 1248 3915 sub
1300 3844 1591 3935 virginei
1654 3843 2011 3914 cadaveris
2066 3845 2456 3935 praesentia
2518 3865 2759 3914 recens
2820 3853 3191 3936 gestorum

613 3932 951 4002 memoria
998 3931 1404 4004 medullitus
1453 3955 1591 4003 non
1658 3945 2199 4023 compungeret;
2278 3931 2515 4003 multis
2564 3932 2915 4023 lacrymae
2979 3927 3193 3999 devo·

613 4019 821 4090 tionis
869 4022 1197 4104 fluebant,
1243 4044 1495 4091 nomen
1532 4023 1767 4113 ipsum
1819 4027 2036 4092 Rosae
2083 4022 2177 4092 ab
2204 4021 2536 4092 omnibus
2580 4023 2821 4112 aperto
2866 4039 3192 4090 reveren·

612 4109 748 4179 tiae
792 4109 992 4199 signo
1057 4110 1541 4202 recipiebatur.
1625 4110 2019 4202 Depositum
2072 4109 2202 4180 suit
2269 4111 2761 4181 decentissime
3019 4129 3113 4181 us
3152 4129 3188 4175 a

611 4203 889 4299 dextera
936 4219 1096 4269 arae
1131 4199 1439 4300 majoris;
1485 4221 1748 4281 verum,
1781 4199 1869 4268 ob
1915 4200 2266 4289 copiosam
2322 4199 2847 4270 multitudinem
2997 4219 3189 4271 eren·

614 4297 786 4357 tmm
824 4287 919 4357 ihi
969 4299 1144 4371 vota,
1167 4288 1348 4358 alius
1379 4288 1578 4360 locus
1607 4288 1825 4360 sacris
1863 4287 2128 4358 exuviis
2158 4288 2591 4361 collocandis
2621 4287 2709 4359 eli
2804 4288 3019 4362 udus
3044 4287 3188 4366 fuit,

611 4374 926 4446 videlicet
971 4391 1252 4447 sanctae
1300 4377 1705 4448 catharinae
1753 4376 2079 4448 Senensis
2129 4376 2489 4449 sacellum.
2554 4381 2647 4447 De
2785 4387 2969 4448 atur
3015 4376 3193 4450 enim

613 4471 751 4532 tam
799 4464 1014 4534 simili
1063 4464 1248 4555 filiae
1295 4465 1495 4538 sinus
1545 4465 1948 4558 seraphicae
1996 4488 2167 4539 suae
2213 4467 2453 4538 matris
2487 4465 2573 4536 ad
2621 4465 2985 4555 quietem.
