3308 5004
143 341 346 412 Aue.
398 345 486 411 20
854 363 936 412 nn
980 363 1033 417 S.
1083 363 1417 413 »numano
1461 363 1606 411 ua.
1659 361 2046 412 camum„
2494 348 2625 416 469

138 441 581 514 comedetis?
636 446 776 544 Ego
836 461 1027 524 vero,
1069 444 1239 532 qui,
1291 444 1422 516 hoc
1469 444 1620 535 ipso
1671 454 1975 526 tacente,
2031 444 2429 520 hesternam
2477 445 2718 519 inobe-

138 531 488 603 dientiam
544 531 927 603 certissime
975 532 1478 636 interpretabar
1534 554 1821 604 causam
1875 553 2028 604 esse
2080 544 2461 608 nocturnae
2519 535 2720 607 illius

137 621 547 692 afflictionis
594 643 829 723 meae-z
879 622 1250 781 Q⁰i⁰3⁰¹d’
1288 622 1599 711 inquam,
1656 621 2115 722 praecipietis:
2151 623 2496 705 Quiescite
2518 645 2710 716 ergo,

140 711 271 791 ait,
326 731 462 780 non
498 711 893 781 moriemini
940 733 1054 782 mo
1104 733 1169 782 o:
1213 723 1283 782 et
1325 712 1520 783 abiit.
1572 717 1651 782 Et
1696 710 1865 800 quid
1918 709 2201 782 dicam?
2232 711 2602 784 Confestim
2651 725 2719 784 et

145 800 385 870 omnis
424 799 623 870 dolor
658 799 865 870 abiit:
919 800 1054 871 nisi
1087 801 1271 889 quod
1323 799 1650 892 fatigatus
1699 811 2037 871 nocturno
2084 799 2321 872 dolore
2366 799 2488 871 illo
2531 825 2711 885 meo,

148 898 299 958 tota
336 887 487 978 ipsa
518 887 630 958 die
664 888 773 960 vix
806 888 892 959 de
929 888 1103 960 lecto
1134 912 1419 980 surgere
1460 888 1668 960 valui.
1704 889 1873 973 Quis
1901 888 2116 970 enim,
2156 902 2276 961 aut
2322 889 2552 978 qualis
2584 890 2720 963 fuit

151 976 279 1047 ille
323 977 564 1047 dolor?
609 999 743 1048 non
796 977 1024 1049 recolo
1068 978 1367 1049 similem
1428 1001 1539 1050 me
1583 977 1963 1066 aliquando
2010 977 2226 1049 fuisse
2275 1000 2711 1070 perpessum.

151 1070 235 1136 In
288 1067 591 1137 crastino
638 1077 868 1137 autem
919 1090 1132 1140 sanus
1164 1067 1387 1138 sactus
1434 1090 1620 1150 sum,
1671 1081 1740 1138 et
1789 1067 1968 1138 vires
2025 1066 2298 1158 recepi:
2359 1069 2719 1157 etpaucis

148 1155 582 1246 interpositis
614 1154 886 1237 diebus,
936 1178 1098 1226 cum
1134 1156 1611 1229 benedictione
1641 1169 1711 1227 et
1741 1155 1963 1248 gratia
1995 1157 2180 1228 bona
2223 1157 2391 1230 boni
2423 1156 2718 1248 hospitis

154 1244 326 1327 mei,
363 1244 449 1314 ad
503 1245 783 1336 propria
829 1267 1145 1318 reversus
1181 1267 1366 1316 sum.

245 1334 287 1491 Ρ
332 1339 482 1407 81.
536 1338 842 1422 Cumque
889 1333 1186 1405 dilectus
1234 1339 1367 1405 Deo
1413 1348 1480 1405 et
1515 1333 1923 1405 hominibus
1970 1333 2362 1405 Bernardus
2390 1388 2407 1416 ,
2465 1333 2537 1406 in
2597 1334 2722 1406 illa

144 1443 239 1492 va
274 1421 336 1492 le
384 1435 534 1504 sua,
560 1435 626 1493 et
665 1423 910 1493 vicinis
956 1423 1352 1495 civitatibus
1379 1436 1446 1494 et
1478 1422 1909 1515 regionibus,
1936 1443 2115 1510 quas
2161 1422 2528 1512 aliquoties
2556 1444 2717 1494 eum

150 1510 456 1581 invisere
503 1511 921 1582 domesticae
965 1534 1174 1583 curae
1222 1513 1394 1583 ratio
1438 1513 1749 1604 cogebat,
1804 1512 2012 1584 tantis
2043 1510 2316 1583 floreret
2346 1511 2720 1584 virtutibus

154 1612 229 1671 et
263 1599 646 1683 miraculis,
704 1602 928 1692 coepit
985 1602 1193 1672 etiam
1242 1623 1369 1673 seu
1412 1601 1910 1673 communibus
1958 1600 2302 1673 Ecclesiae
2347 1602 2720 1672 necessita-

155 1690 375 1771 tibus,
416 1712 539 1760 seu
562 1689 894 1760 charitate
917 1689 1236 1774 fratrum,
1289 1711 1414 1761 seu
1459 1691 1853 1762 obedientia
1887 1690 2260 1777 majorum,
2294 1689 2381 1762 ad
2423 1702 2738 1764 remotas,

155 1777 485 1869 pertrahi·
518 1779 853 1869 regiones,
955 1801 1111 1850 aces
1143 1779 1541 1871 desperatas
1587 1779 1769 1850 inter
1813 1778 2229 1851 dissidentes
2267 1778 2607 1852 Ecclesiae
2653 1791 2721 1850 et

156 1867 518 1958 Principes
567 1868 782 1938 seculi
820 1890 892 1938 re
921 1890 1215 1951 ormare,
1251 1891 1499 1939 causas
1542 1868 1854 1940 humano
1902 1868 2140 1942 sensui
2186 1880 2252 1938 et
2282 1867 2575 1940 consilio
2615 1867 2720 1938 in-

156 1954 679 2039 terminabiles,
731 1957 989 2028 auxilio
1038 1957 1155 2027 Dei
1226 1957 1515 2049 pacifice
1577 1958 1948 2028 terminare
1982 2011 1998 2039 ,
2050 1969 2115 2028 et
2181 1957 2429 2030 virtute
2479 1956 2712 2047 potius

157 2044 351 2125 fidei,
391 2066 602 2133 quam
651 2046 901 2146 spiritu
932 2046 1146 2136 hujus
1179 2046 1452 2129 mundi,
1488 2046 1577 2116 de
1609 2047 1848 2118 multis
1882 2045 2292 2134 hujusmodi
2319 2045 2716 2137 impossibi-

158 2134 349 2206 libus
398 2133 757 2225 possibilia
805 2134 1142 2217 faciendo,
1257 2136 1409 2206 uasi
1460 2148 1728 2206 montes
1801 2133 2316 2216 transferendo,
2370 2134 2440 2204 in
2490 2134 2717 2205 oculis

161 2223 485 2294 omnium
520 2223 867 2295 mirabilis,
891 2237 957 2294 et
985 2246 1190 2295 vener
1288 2224 1397 2294 ilis
1426 2225 1653 2316 magis
1676 2247 1757 2296 ac
1793 2223 2018 2315 magis
2043 2244 2400 2314 apparere.
2429 2224 2722 2294 Maxime

161 2333 327 2381 vero
370 2312 715 2384 intantum
766 2313 837 2382 in
900 2335 980 2384 eo
1033 2313 1410 2384 enitescere
1453 2313 1679 2404 coepit
1753 2312 1970 2382 virtus
2028 2311 2587 2403 praedicationis,
2639 2324 2722 2382 ut

161 2399 344 2470 dura
374 2401 577 2471 etiam
629 2402 838 2472 corda
885 2401 1283 2474 auditorum
1332 2424 1536 2493 saepe
1567 2402 1654 2473 ad
1693 2400 2211 2472 conversionem
2250 2399 2617 2478 emolliret,
2653 2413 2722 2471 et

162 2488 278 2560 vix
309 2488 686 2579 aliquando
739 2514 1000 2563 vacuus
1044 2490 1334 2562 domum
1384 2490 1659 2563 rediret.
1726 2489 2171 2562 Postmodum
2224 2511 2384 2560 vero
2431 2487 2723 2563 feliciter

294 2578 591 2660 fidente,
646 2592 710 2650 et
741 2602 880 2653 usu
908 2581 1273 2663 sermoniS,
1304 2591 1370 2651 et
1412 2579 1732 2672 exemplo
1759 2578 2325 2660 conversationis,
2356 2589 2495 2649 rete
2526 2578 2719 2649 verbi

259 2668 282 2737 i
331 2669 403 2737 in
439 2690 654 2739 manu
691 2669 1053 2760 piscatoris
1091 2671 1231 2751 Dei,
1279 2682 1415 2740 tam
1464 2670 1783 2761 copiosas
1839 2668 2137 2759 piscium
2191 2667 2718 2741 rationabilium

162 2756 649 2828 multitudines
674 2779 794 2828 coe
847 2758 900 2828 it
943 2758 1382 2840 concludere,
1437 2770 1515 2830 ut
1560 2759 1646 2828 de
1694 2756 1994 2849 singulis
2030 2755 2186 2844 ejus
2231 2755 2545 2847 capturis
2592 2778 2718 2827 na-

163 2845 395 2916 vicula
443 2845 694 2917 domus
732 2845 781 2916 il
815 2848 924 2917 ius
954 2848 1047 2917 im
1106 2847 1229 2918 leri
1268 2870 1467 2938 posse
1514 2847 1881 2918 videretur.
1921 2844 2115 2916 Unde
2165 2844 2423 2917 factum
2463 2856 2590 2926 est,
2647 2854 2721 2915 ut

166 2934 240 3005 in
272 2935 460 3005 brevi
513 2934 757 3025 majori
795 2936 1058 3007 miracu
1087 2957 1153 3019 o,
1207 2958 1370 3029 prae
1399 2936 1752 3017 omnibus,
1786 2956 1980 3023 quae.
2010 2934 2082 3005 in
2131 2934 2263 3007 hac
2313 2933 2452 3007 vita
2480 2934 2716 3026 gessit,

166 3023 530 3094 miraculis
559 3078 577 3106 ,
635 3046 755 3115 per
799 3046 1022 3095 unum
1082 3025 1440 3096 hominem
1487 3024 1903 3118 languidum
1958 3034 2030 3094 et
2069 3025 2511 3106 seminecem.
2567 3034 2721 3094 tan-

166 3111 527 3183 tummodo
584 3112 775 3201 loqui
836 3114 1196 3197 valentem,
1261 3115 1558 3185 obscura
1619 3134 1842 3203 usque
1886 3112 1976 3184 ad
2025 3111 2198 3184 illud
2264 3125 2538 3202 tempus
2600 3111 2722 3182 illa

165 3198 392 3281 uallis,
426 3213 492 3271 et
540 3222 617 3271 rew
648 3216 716 3272 et
762 3203 1045 3274 nomine
1090 3202 1486 3273 claravallis
1536 3201 1967 3283 efficeretur,
2025 3201 2302 3273 divinae
2348 3200 2719 3291 cujusdam

165 3288 501 3360 claritatis
548 3288 809 3373 lumen,
844 3291 1047 3380 quasi
1091 3292 1178 3361 de
1209 3313 1488 3363 summo
1559 3291 1859 3381 quodam
1911 3291 2107 3382 apice
2165 3291 2523 3373 virtutum,
2587 3288 2725 3360 dif-

165 3377 469 3449 fundens
498 3378 570 3447 in
610 3377 864 3451 devexa
895 3392 1275 3451 terrarum:
1313 3392 1379 3451 et
1430 3393 1683 3452 extunc
1726 3379 1914 3471 apud
1963 3379 2212 3452 vallem
2269 3379 2488 3460 illam,
2543 3398 2726 3467 quae

168 3467 385 3569 prius.
408 3467 777 3538 dicebatur«
814 3468 1024 3541 Vallis
1055 3469 1524 3559 Absynthialis
1576 3482 1644 3541 et
1698 3491 1936 3540 amara
1965 3523 1981 3547 ‚
2039 3479 2416 3559 coeperunt
2454 3480 2725 3541 montes

168 3556 431 3627 stillare
488 3555 952 3628 dulcedinem.
1007 3562 1195 3641 Quae
1243 3580 1455 3629 vacua
1508 3558 1640 3630 fuit
1675 3569 1745 3629 et
1787 3557 2043 3629 sterilis
2090 3557 2178 3628 ab
2236 3556 2427 3627 omni
2486 3559 2668 3629 bono
2702 3609 2719 3638 ,

167 3646 393 3736 coepit
424 3645 784 3716 abundare
837 3645 1208 3728 frumento,
1258 3660 1326 3718 et
1370 3646 1457 3719 de
1501 3669 1660 3720 rore
1693 3647 1868 3719 coeli
1925 3660 1994 3718 et
2045 3645 2522 3720 benedictione
2573 3644 2714 3724 Dei,

168 3733 519 3807 intantum
567 3735 1018 3826 pinguescere
1062 3735 1299 3807 omnia
1347 3736 1616 3809 deserta
1646 3736 1823 3827 ejus,
1879 3748 1948 3806 et
2000 3732 2462 3826 multiplicata
2522 3743 2725 3823 gente

173 3823 623 3914 magnificare
660 3823 1017 3894 laetitiam.

261 3912 298 3998 ξ
344 3917 510 3984 82.
560 3912 709 3982 Jam
754 3912 1008 3983 domus
1052 3911 1333 3984 Ordinis
1377 3912 1595 3996 illius,
1631 3911 1819 3984 filiae
1864 3910 2118 3983 domus
2164 3910 2412 4002 ἱρείης,
2456 3907 2632 3983 citra
2657 3918 2726 3979 et

174 3997 354 4070 ultra
384 4000 584 4091 Alpae
612 4013 678 4071 et
723 4001 968 4084 maria,
1018 4000 1288 4072 deserta
1318 4001 1625 4093 plurima
1646 4000 2132 4093 impleverunt,
2168 4011 2240 4072 et
2266 3998 2496 4075 adhuc
2531 4008 2719 4083 sunt,

171 4100 251 4157 et.
279 4089 589 4176 quotidie
626 4091 1015 4172 confluunt,
1057 4091 1323 4178 quibus
1360 4090 1557 4162 locus
1601 4088 2044 4180 quaerendus
2087 4099 2213 4162 est.
2249 4092 2336 4189 ,¹3¹
2397 4096 2727 4178 petuntur

169 4177 483 4264 undique
540 4178 809 4262 fratreS,
860 4192 927 4250 et
976 4179 1348 4250 mittuntur
1371 4231 1393 4260 ,
1460 4201 1624 4251 cum
1682 4181 1918 4253 beatos
1976 4198 2051 4253 se
2096 4186 2478 4253 aestimant
2509 4194 2725 4266 streges

171 4268 507 4357 gentium,
560 4268 1033 4358 et.praesules
1070 4267 1567 4351 ecclesiarum,
1635 4268 1948 4339 civitates
1990 4277 2060 4336 et·
2102 4265 2458 4357 regiones,
2509 4285 2730 4352 quae-.

172 4376 476 4441 eumque
519 4355 609 4426 de
634 4356 840 4428 domo
856 4357 988 4428 illa
1025 4371 1095 4428 et
1138 4356 1529 4447 disciplina.
1562 4344 1835 4427 viriDei
1865 4354 2398 4429 contubernium
2439 4351 2723 4441 aliquod

177 4462 254 4514 se
280 4441 588 4533 gaudent
616 4444 935 4537 adipisci.
973 4445 1162 4531 Quid
1187 4445 1411 4518 dieue
1430 4445 1619 4517 Ultra
1651 4444 1979 4532 homines¹
2010 4466 2244 4537 usque.
2265 4440 2353 4519 ad
2393 4443 2728 4519 barbaras
