<?xml version="1.0" encoding="UTF-8"?>
<!DOCTYPE html PUBLIC "-//W3C//DTD XHTML 1.0 Transitional//EN"
    "http://www.w3.org/TR/xhtml1/DTD/xhtml1-transitional.dtd">
<html xmlns="http://www.w3.org/1999/xhtml" xml:lang="en" lang="en">
 <head>
  <title>
</title>
<meta http-equiv="Content-Type" content="text/html;charset=utf-8" />
  <meta name='ocr-system' content='tesseract 3.04.00' />
  <meta name='ocr-capabilities' content='ocr_page ocr_carea ocr_par ocr_line ocrx_word'/>
</head>
<body>
  <div class='ocr_page' id='page_1' title='image "./historiaeseuvit01lippgoog_0869.png"; bbox 0 0 3308 5004; ppageno 0'>
   <div class='ocr_carea' id='block_1_1' title="bbox 121 361 2578 435">
    <p class='ocr_par' dir='ltr' id='par_1_1' title="bbox 121 361 2578 435">
     <span class='ocr_line' id='line_1_1' title="bbox 121 361 2578 435; baseline 0.003 -8"><span class='ocrx_word' id='word_1_1' title='bbox 121 361 307 428; x_wconf 76' lang='lat' dir='ltr'><strong>AUG.</strong></span> <span class='ocrx_word' id='word_1_2' title='bbox 362 362 447 428; x_wconf 85' lang='lat'>30</span> <span class='ocrx_word' id='word_1_3' title='bbox 991 385 1071 432; x_wconf 72' lang='lat' dir='ltr'>nn</span> <span class='ocrx_word' id='word_1_4' title='bbox 1117 378 1172 432; x_wconf 83' lang='lat' dir='ltr'>s.</span> <span class='ocrx_word' id='word_1_5' title='bbox 1226 383 1389 433; x_wconf 63' lang='lat' dir='ltr'>Rosa</span> <span class='ocrx_word' id='word_1_6' title='bbox 1438 385 1605 434; x_wconf 70' lang='lat' dir='ltr'>vnis.</span> <span class='ocrx_word' id='word_1_7' title='bbox 1660 389 1792 435; x_wconf 74' lang='lat' dir='ltr'>mn.</span> <span class='ocrx_word' id='word_1_8' title='bbox 2451 370 2578 434; x_wconf 79' lang='lat'>755</span> 
     </span>
    </p>
   </div>
   <div class='ocr_carea' id='block_1_2' title="bbox 99 465 2750 4565">
    <p class='ocr_par' dir='ltr' id='par_1_2' title="bbox 117 465 2669 804">
     <span class='ocr_line' id='line_1_2' title="bbox 119 465 2667 564; baseline 0.003 -28"><span class='ocrx_word' id='word_1_9' title='bbox 119 465 380 547; x_wconf 89' lang='lat' dir='ltr'>animi,</span> <span class='ocrx_word' id='word_1_10' title='bbox 440 465 790 538; x_wconf 79' lang='lat' dir='ltr'>diceretur</span> <span class='ocrx_word' id='word_1_11' title='bbox 818 523 834 548; x_wconf 95' lang='lat'>,</span> <span class='ocrx_word' id='word_1_12' title='bbox 889 468 1006 539; x_wconf 84' lang='lat' dir='ltr'>sod</span> <span class='ocrx_word' id='word_1_13' title='bbox 1056 482 1122 540; x_wconf 90' lang='lat' dir='ltr'>et</span> <span class='ocrx_word' id='word_1_14' title='bbox 1169 469 1304 560; x_wconf 90' lang='lat' dir='ltr'>ipsi</span> <span class='ocrx_word' id='word_1_15' title='bbox 1352 469 1773 542; x_wconf 78' lang='lat' dir='ltr'>confessario</span> <span class='ocrx_word' id='word_1_16' title='bbox 1821 472 1893 542; x_wconf 91' lang='lat' dir='ltr'>in</span> <span class='ocrx_word' id='word_1_17' title='bbox 1944 472 2421 556; x_wconf 82' lang='lat' dir='ltr'>lineamentiS‚</span> <span class='ocrx_word' id='word_1_18' title='bbox 2467 487 2667 564; x_wconf 86' lang='lat' dir='ltr'>gestu</span> 
     </span>
     <span class='ocr_line' id='line_1_3' title="bbox 117 554 2668 653; baseline 0.002 -28"><span class='ocrx_word' id='word_1_19' title='bbox 117 570 182 626; x_wconf 92' lang='lat' dir='ltr'>et</span> <span class='ocrx_word' id='word_1_20' title='bbox 232 554 428 627; x_wconf 90' lang='lat' dir='ltr'>vultu</span> <span class='ocrx_word' id='word_1_21' title='bbox 467 556 566 625; x_wconf 86' lang='lat' dir='ltr'>sic</span> <span class='ocrx_word' id='word_1_22' title='bbox 616 555 686 626; x_wconf 91' lang='lat' dir='ltr'>in</span> <span class='ocrx_word' id='word_1_23' title='bbox 738 556 929 627; x_wconf 90' lang='lat' dir='ltr'>illam</span> <span class='ocrx_word' id='word_1_24' title='bbox 981 559 1287 629; x_wconf 89' lang='lat' dir='ltr'>mirabili</span> <span class='ocrx_word' id='word_1_25' title='bbox 1333 559 1549 629; x_wconf 82' lang='lat' dir='ltr'>divini</span> <span class='ocrx_word' id='word_1_26' title='bbox 1598 560 1857 632; x_wconf 90' lang='lat' dir='ltr'>amoris</span> <span class='ocrx_word' id='word_1_27' title='bbox 1908 562 2446 653; x_wconf 88' lang='lat' dir='ltr'>metamorphosi</span> <span class='ocrx_word' id='word_1_28' title='bbox 2477 584 2668 649; x_wconf 43' lang='lat' dir='ltr'>coms</span> 
     </span>
     <span class='ocr_line' id='line_1_4' title="bbox 121 648 2669 746; baseline 0.002 -31"><span class='ocrx_word' id='word_1_29' title='bbox 121 656 383 746; x_wconf 78' lang='lat' dir='ltr'>mutata</span> <span class='ocrx_word' id='word_1_30' title='bbox 431 660 815 736; x_wconf 77' lang='lat' dir='ltr'>appareret,</span> <span class='ocrx_word' id='word_1_31' title='bbox 867 660 947 717; x_wconf 93' lang='lat' dir='ltr'>ut</span> <span class='ocrx_word' id='word_1_32' title='bbox 982 648 1130 738; x_wconf 69' lang='lat' dir='ltr'>Jam</span> <span class='ocrx_word' id='word_1_33' title='bbox 1182 669 1320 718; x_wconf 93' lang='lat' dir='ltr'>non</span> <span class='ocrx_word' id='word_1_34' title='bbox 1370 648 1665 731; x_wconf 87' lang='lat' dir='ltr'>similis,</span> <span class='ocrx_word' id='word_1_35' title='bbox 1726 649 1844 722; x_wconf 90' lang='lat' dir='ltr'>sed</span> <span class='ocrx_word' id='word_1_36' title='bbox 1902 650 2140 721; x_wconf 89' lang='lat' dir='ltr'>eadem</span> <span class='ocrx_word' id='word_1_37' title='bbox 2197 673 2482 743; x_wconf 90' lang='lat' dir='ltr'>prorsus</span> <span class='ocrx_word' id='word_1_38' title='bbox 2520 674 2669 722; x_wconf 88' lang='lat' dir='ltr'>esse</span> 
     </span>
     <span class='ocr_line' id='line_1_5' title="bbox 118 733 487 804; baseline 0 -1"><span class='ocrx_word' id='word_1_39' title='bbox 118 733 487 804; x_wconf 81' lang='lat' dir='ltr'>videretur.</span> 
     </span>
    </p>

    <p class='ocr_par' dir='ltr' id='par_1_3' title="bbox 99 823 2750 3495">
     <span class='ocr_line' id='line_1_6' title="bbox 205 823 2661 919; baseline 0 -22"><span class='ocrx_word' id='word_1_40' title='bbox 205 827 243 912; x_wconf 74' lang='grc' dir='ltr'>ἓ</span> <span class='ocrx_word' id='word_1_41' title='bbox 289 827 447 897; x_wconf 65' lang='grc'>11).</span> <span class='ocrx_word' id='word_1_42' title='bbox 502 824 874 894; x_wconf 88' lang='lat' dir='ltr'>Oraculum</span> <span class='ocrx_word' id='word_1_43' title='bbox 943 823 1119 895; x_wconf 90' lang='lat' dir='ltr'>illud</span> <span class='ocrx_word' id='word_1_44' title='bbox 1186 825 1500 896; x_wconf 91' lang='lat' dir='ltr'>divinum</span> <span class='ocrx_word' id='word_1_45' title='bbox 1535 880 1550 907; x_wconf 94' lang='lat'>,</span> <span class='ocrx_word' id='word_1_46' title='bbox 1601 828 1941 918; x_wconf 81' lang='lat' dir='ltr'>Sponsabo</span> <span class='ocrx_word' id='word_1_47' title='bbox 2003 839 2066 897; x_wconf 81' lang='lat' dir='ltr'>te</span> <span class='ocrx_word' id='word_1_48' title='bbox 2124 828 2300 898; x_wconf 75' lang='lat' dir='ltr'>mihi</span> <span class='ocrx_word' id='word_1_49' title='bbox 2354 830 2426 898; x_wconf 80' lang='lat' dir='ltr'>in</span> <span class='ocrx_word' id='word_1_50' title='bbox 2477 829 2609 919; x_wconf 78' lang='lat' dir='ltr'>fide</span> <span class='ocrx_word' id='word_1_51' title='bbox 2645 884 2661 911; x_wconf 94' lang='lat'>,</span> 
     </span>
     <span class='ocr_line' id='line_1_7' title="bbox 117 912 2665 1017; baseline 0.002 -35"><span class='ocrx_word' id='word_1_52' title='bbox 117 914 322 983; x_wconf 89' lang='lat' dir='ltr'>etiam</span> <span class='ocrx_word' id='word_1_53' title='bbox 372 934 531 981; x_wconf 90' lang='lat' dir='ltr'>cum</span> <span class='ocrx_word' id='word_1_54' title='bbox 574 912 704 982; x_wconf 88' lang='lat' dir='ltr'>hac</span> <span class='ocrx_word' id='word_1_55' title='bbox 752 912 1003 983; x_wconf 76' lang='lat' dir='ltr'>dilecta</span> <span class='ocrx_word' id='word_1_56' title='bbox 1049 925 1117 984; x_wconf 90' lang='lat' dir='ltr'>et</span> <span class='ocrx_word' id='word_1_57' title='bbox 1161 914 1377 985; x_wconf 73' lang='lat' dir='ltr'>electa</span> <span class='ocrx_word' id='word_1_58' title='bbox 1427 915 1542 984; x_wconf 89' lang='lat' dir='ltr'>Dei</span> <span class='ocrx_word' id='word_1_59' title='bbox 1589 915 1841 986; x_wconf 90' lang='lat' dir='ltr'>eximio</span> <span class='ocrx_word' id='word_1_60' title='bbox 1890 917 2252 1017; x_wconf 85' lang='lat' dir='ltr'>privilegio</span> <span class='ocrx_word' id='word_1_61' title='bbox 2298 916 2665 1008; x_wconf 89' lang='lat' dir='ltr'>impletum</span> 
     </span>
     <span class='ocr_line' id='line_1_8' title="bbox 117 1000 2667 1095; baseline 0.002 -25"><span class='ocrx_word' id='word_1_62' title='bbox 117 1002 328 1072; x_wconf 86' lang='lat' dir='ltr'>fuisse</span> <span class='ocrx_word' id='word_1_63' title='bbox 375 1000 810 1093; x_wconf 80' lang='lat' dir='ltr'>dignoscitur</span> <span class='ocrx_word' id='word_1_64' title='bbox 839 1057 855 1083; x_wconf 94' lang='lat'>,</span> <span class='ocrx_word' id='word_1_65' title='bbox 909 1002 995 1071; x_wconf 92' lang='lat' dir='ltr'>ad</span> <span class='ocrx_word' id='word_1_66' title='bbox 1045 1003 1230 1090; x_wconf 91' lang='lat' dir='ltr'>quod</span> <span class='ocrx_word' id='word_1_67' title='bbox 1278 1026 1429 1073; x_wconf 89' lang='lat' dir='ltr'>eam</span> <span class='ocrx_word' id='word_1_68' title='bbox 1498 1025 1620 1095; x_wconf 90' lang='lat' dir='ltr'>per</span> <span class='ocrx_word' id='word_1_69' title='bbox 1669 1004 2023 1078; x_wconf 78' lang='lat' dir='ltr'>mirabiles</span> <span class='ocrx_word' id='word_1_70' title='bbox 2070 1006 2335 1077; x_wconf 83' lang='lat' dir='ltr'>favores</span> <span class='ocrx_word' id='word_1_71' title='bbox 2382 1005 2667 1076; x_wconf 84' lang='lat' dir='ltr'>evehere</span> 
     </span>
     <span class='ocr_line' id='line_1_9' title="bbox 117 1091 2664 1251; baseline 0.002 -91"><span class='ocrx_word' id='word_1_72' title='bbox 117 1091 446 1192; x_wconf 77' lang='lat' dir='ltr'>dignatus</span> <span class='ocrx_word' id='word_1_73' title='bbox 493 1102 618 1160; x_wconf 89' lang='lat' dir='ltr'>est.</span> <span class='ocrx_word' id='word_1_74' title='bbox 674 1091 1061 1181; x_wconf 82' lang='lat' dir='ltr'>Singularis</span> <span class='ocrx_word' id='word_1_75' title='bbox 1107 1091 1238 1163; x_wconf 88' lang='lat' dir='ltr'>fuit</span> <span class='ocrx_word' id='word_1_76' title='bbox 1284 1114 1422 1179; x_wconf 91' lang='lat' dir='ltr'>quo</span> <span class='ocrx_word' id='word_1_77' title='bbox 1472 1093 1830 1251; x_wconf 59' lang='lat' dir='ltr'>speciosus</span> <span class='ocrx_word' id='word_1_78' title='bbox 1878 1094 2099 1165; x_wconf 76' lang='lat' dir='ltr'>forma</span> <span class='ocrx_word' id='word_1_79' title='bbox 2149 1116 2311 1197; x_wconf 88' lang='lat' dir='ltr'>prae</span> <span class='ocrx_word' id='word_1_80' title='bbox 2344 1093 2510 1166; x_wconf 82' lang='lat' dir='ltr'>filiis</span> <span class='ocrx_word' id='word_1_81' title='bbox 2542 1094 2664 1165; x_wconf 90' lang='lat' dir='ltr'>ho·</span> 
     </span>
     <span class='ocr_line' id='line_1_10' title="bbox 119 1179 2665 1273; baseline 0.002 -24"><span class='ocrx_word' id='word_1_82' title='bbox 119 1202 412 1261; x_wconf 80' lang='lat' dir='ltr'>minum,</span> <span class='ocrx_word' id='word_1_83' title='bbox 467 1179 711 1249; x_wconf 89' lang='lat' dir='ltr'>habitu</span> <span class='ocrx_word' id='word_1_84' title='bbox 743 1202 1168 1252; x_wconf 89' lang='lat' dir='ltr'>marmorum</span> <span class='ocrx_word' id='word_1_85' title='bbox 1219 1181 1473 1252; x_wconf 90' lang='lat' dir='ltr'>caeden</span> <span class='ocrx_word' id='word_1_86' title='bbox 1530 1204 1729 1252; x_wconf 91' lang='lat' dir='ltr'>orum</span> <span class='ocrx_word' id='word_1_87' title='bbox 1767 1183 2169 1273; x_wconf 83' lang='lat' dir='ltr'>peritissimi</span> <span class='ocrx_word' id='word_1_88' title='bbox 2201 1183 2512 1264; x_wconf 80' lang='lat' dir='ltr'>artificiS,</span> <span class='ocrx_word' id='word_1_89' title='bbox 2566 1183 2665 1253; x_wconf 87' lang='lat' dir='ltr'>fe-</span> 
     </span>
     <span class='ocr_line' id='line_1_11' title="bbox 116 1268 2665 1362; baseline 0.001 -23"><span class='ocrx_word' id='word_1_90' title='bbox 116 1271 333 1339; x_wconf 91' lang='lat' dir='ltr'>stivus</span> <span class='ocrx_word' id='word_1_91' title='bbox 380 1280 448 1339; x_wconf 90' lang='lat' dir='ltr'>et</span> <span class='ocrx_word' id='word_1_92' title='bbox 493 1290 738 1338; x_wconf 90' lang='lat' dir='ltr'>amans</span> <span class='ocrx_word' id='word_1_93' title='bbox 786 1268 855 1337; x_wconf 92' lang='lat' dir='ltr'>in</span> <span class='ocrx_word' id='word_1_94' title='bbox 907 1271 1172 1340; x_wconf 85' lang='lat' dir='ltr'>somnis</span> <span class='ocrx_word' id='word_1_95' title='bbox 1219 1271 1565 1362; x_wconf 88' lang='lat' dir='ltr'>apparuit,</span> <span class='ocrx_word' id='word_1_96' title='bbox 1619 1283 1698 1342; x_wconf 92' lang='lat' dir='ltr'>ut</span> <span class='ocrx_word' id='word_1_97' title='bbox 1744 1272 1850 1341; x_wconf 87' lang='lat' dir='ltr'>vir</span> <span class='ocrx_word' id='word_1_98' title='bbox 1900 1272 2085 1341; x_wconf 90' lang='lat' dir='ltr'>inem</span> <span class='ocrx_word' id='word_1_99' title='bbox 2135 1272 2278 1343; x_wconf 90' lang='lat' dir='ltr'>illic</span> <span class='ocrx_word' id='word_1_100' title='bbox 2335 1295 2665 1362; x_wconf 81' lang='lat' dir='ltr'><strong>sponsam</strong></span> 
     </span>
     <span class='ocr_line' id='line_1_12' title="bbox 113 1357 2665 1446; baseline 0.002 -18"><span class='ocrx_word' id='word_1_101' title='bbox 113 1357 601 1446; x_wconf 89' lang='lat' dir='ltr'>quaesiturus;</span> <span class='ocrx_word' id='word_1_102' title='bbox 652 1357 776 1428; x_wconf 90' lang='lat' dir='ltr'>ubi</span> <span class='ocrx_word' id='word_1_103' title='bbox 825 1363 1003 1429; x_wconf 88' lang='lat' dir='ltr'>Rosa</span> <span class='ocrx_word' id='word_1_104' title='bbox 1033 1359 1102 1428; x_wconf 91' lang='lat' dir='ltr'>in</span> <span class='ocrx_word' id='word_1_105' title='bbox 1142 1360 1307 1430; x_wconf 89' lang='lat' dir='ltr'>tanti</span> <span class='ocrx_word' id='word_1_106' title='bbox 1357 1361 1693 1431; x_wconf 90' lang='lat' dir='ltr'>connubii</span> <span class='ocrx_word' id='word_1_107' title='bbox 1722 1359 1828 1430; x_wconf 89' lang='lat' dir='ltr'>foe</span> <span class='ocrx_word' id='word_1_108' title='bbox 1881 1384 1967 1431; x_wconf 89' lang='lat' dir='ltr'>us</span> <span class='ocrx_word' id='word_1_109' title='bbox 1994 1361 2366 1443; x_wconf 89' lang='lat' dir='ltr'>consensit,</span> <span class='ocrx_word' id='word_1_110' title='bbox 2405 1362 2665 1432; x_wconf 88' lang='lat' dir='ltr'>arduos</span> 
     </span>
     <span class='ocr_line' id='line_1_13' title="bbox 113 1446 2666 1540; baseline 0.001 -23"><span class='ocrx_word' id='word_1_111' title='bbox 113 1448 177 1517; x_wconf 91' lang='lat' dir='ltr'>ei</span> <span class='ocrx_word' id='word_1_112' title='bbox 217 1446 727 1517; x_wconf 89' lang='lat' dir='ltr'>caedendorum</span> <span class='ocrx_word' id='word_1_113' title='bbox 767 1468 1192 1519; x_wconf 88' lang='lat' dir='ltr'>marmorum</span> <span class='ocrx_word' id='word_1_114' title='bbox 1244 1447 1514 1520; x_wconf 91' lang='lat' dir='ltr'>labores</span> <span class='ocrx_word' id='word_1_115' title='bbox 1563 1449 1937 1540; x_wconf 76' lang='lat' dir='ltr'>imposuit,</span> <span class='ocrx_word' id='word_1_116' title='bbox 1992 1462 2058 1519; x_wconf 88' lang='lat' dir='ltr'>et</span> <span class='ocrx_word' id='word_1_117' title='bbox 2105 1450 2377 1519; x_wconf 87' lang='lat' dir='ltr'>brevem</span> <span class='ocrx_word' id='word_1_118' title='bbox 2422 1451 2666 1520; x_wconf 89' lang='lat' dir='ltr'>termi-</span> 
     </span>
     <span class='ocr_line' id='line_1_14' title="bbox 117 1536 2664 1637; baseline 0.001 -31"><span class='ocrx_word' id='word_1_119' title='bbox 117 1559 288 1606; x_wconf 88' lang='lat' dir='ltr'>num</span> <span class='ocrx_word' id='word_1_120' title='bbox 339 1536 424 1605; x_wconf 91' lang='lat' dir='ltr'>ad</span> <span class='ocrx_word' id='word_1_121' title='bbox 479 1536 979 1627; x_wconf 86' lang='lat' dir='ltr'>perficiendum</span> <span class='ocrx_word' id='word_1_122' title='bbox 1031 1558 1232 1637; x_wconf 81' lang='lat' dir='ltr'>opuS,</span> <span class='ocrx_word' id='word_1_123' title='bbox 1286 1537 1455 1607; x_wconf 89' lang='lat' dir='ltr'>dum</span> <span class='ocrx_word' id='word_1_124' title='bbox 1508 1539 1790 1629; x_wconf 75' lang='lat' dir='ltr'>peregre</span> <span class='ocrx_word' id='word_1_125' title='bbox 1840 1538 2112 1621; x_wconf 84' lang='lat' dir='ltr'>rediret,</span> <span class='ocrx_word' id='word_1_126' title='bbox 2168 1539 2437 1609; x_wconf 83' lang='lat' dir='ltr'>indixit.</span> <span class='ocrx_word' id='word_1_127' title='bbox 2491 1544 2664 1609; x_wconf 84' lang='lat' dir='ltr'>Eru-</span> 
     </span>
     <span class='ocr_line' id='line_1_15' title="bbox 114 1625 2660 1728; baseline 0 -32"><span class='ocrx_word' id='word_1_128' title='bbox 114 1626 267 1696; x_wconf 90' lang='lat' dir='ltr'>buit</span> <span class='ocrx_word' id='word_1_129' title='bbox 301 1626 492 1728; x_wconf 81' lang='lat' dir='ltr'>virgo</span> <span class='ocrx_word' id='word_1_130' title='bbox 542 1626 610 1694; x_wconf 91' lang='lat' dir='ltr'>in</span> <span class='ocrx_word' id='word_1_131' title='bbox 665 1627 911 1716; x_wconf 92' lang='lat' dir='ltr'>Sponsi</span> <span class='ocrx_word' id='word_1_132' title='bbox 953 1625 1177 1695; x_wconf 78' lang='lat' dir='ltr'>reditu</span> <span class='ocrx_word' id='word_1_133' title='bbox 1207 1627 1492 1696; x_wconf 89' lang='lat' dir='ltr'>omnino</span> <span class='ocrx_word' id='word_1_134' title='bbox 1525 1626 1771 1717; x_wconf 80' lang='lat' dir='ltr'>impar</span> <span class='ocrx_word' id='word_1_135' title='bbox 1817 1627 1962 1698; x_wconf 90' lang='lat' dir='ltr'>suis</span> <span class='ocrx_word' id='word_1_136' title='bbox 2012 1627 2274 1698; x_wconf 89' lang='lat' dir='ltr'>viribus</span> <span class='ocrx_word' id='word_1_137' title='bbox 2304 1627 2660 1719; x_wconf 86' lang='lat' dir='ltr'>opificium</span> 
     </span>
     <span class='ocr_line' id='line_1_16' title="bbox 112 1712 2664 1808; baseline 0.001 -25"><span class='ocrx_word' id='word_1_138' title='bbox 112 1713 346 1784; x_wconf 90' lang='lat' dir='ltr'>adhuc</span> <span class='ocrx_word' id='word_1_139' title='bbox 411 1712 739 1784; x_wconf 80' lang='lat' dir='ltr'>infectum</span> <span class='ocrx_word' id='word_1_140' title='bbox 788 1714 1128 1796; x_wconf 86' lang='lat' dir='ltr'>inveniri;</span> <span class='ocrx_word' id='word_1_141' title='bbox 1193 1716 1305 1785; x_wconf 89' lang='lat' dir='ltr'>cui</span> <span class='ocrx_word' id='word_1_142' title='bbox 1355 1715 1614 1785; x_wconf 84' lang='lat' dir='ltr'>dolenti</span> <span class='ocrx_word' id='word_1_143' title='bbox 1672 1716 1994 1786; x_wconf 90' lang='lat' dir='ltr'>reseravit</span> <span class='ocrx_word' id='word_1_144' title='bbox 2044 1716 2158 1785; x_wconf 90' lang='lat' dir='ltr'>ille</span> <span class='ocrx_word' id='word_1_145' title='bbox 2206 1717 2509 1808; x_wconf 83' lang='lat' dir='ltr'>amplam</span> <span class='ocrx_word' id='word_1_146' title='bbox 2563 1716 2664 1786; x_wconf 90' lang='lat' dir='ltr'>la-</span> 
     </span>
     <span class='ocr_line' id='line_1_17' title="bbox 117 1802 2661 1896; baseline 0 -23"><span class='ocrx_word' id='word_1_147' title='bbox 117 1803 458 1892; x_wconf 91' lang='lat' dir='ltr'>pidariam</span> <span class='ocrx_word' id='word_1_148' title='bbox 508 1802 882 1883; x_wconf 86' lang='lat' dir='ltr'>officinam,</span> <span class='ocrx_word' id='word_1_149' title='bbox 923 1803 993 1872; x_wconf 91' lang='lat' dir='ltr'>in</span> <span class='ocrx_word' id='word_1_150' title='bbox 1044 1826 1181 1891; x_wconf 90' lang='lat' dir='ltr'>qua</span> <span class='ocrx_word' id='word_1_151' title='bbox 1214 1805 1620 1875; x_wconf 84' lang='lat' dir='ltr'>innumerae</span> <span class='ocrx_word' id='word_1_152' title='bbox 1659 1803 1913 1875; x_wconf 84' lang='lat' dir='ltr'>electae</span> <span class='ocrx_word' id='word_1_153' title='bbox 1962 1804 2261 1896; x_wconf 86' lang='lat' dir='ltr'>virgines</span> <span class='ocrx_word' id='word_1_154' title='bbox 2293 1805 2661 1875; x_wconf 86' lang='lat' dir='ltr'>caedendis</span> 
     </span>
     <span class='ocr_line' id='line_1_18' title="bbox 114 1892 2662 1983; baseline 0.001 -23"><span class='ocrx_word' id='word_1_155' title='bbox 114 1907 182 1962; x_wconf 86' lang='lat' dir='ltr'>et</span> <span class='ocrx_word' id='word_1_156' title='bbox 230 1892 573 1983; x_wconf 88' lang='lat' dir='ltr'>poliendis</span> <span class='ocrx_word' id='word_1_157' title='bbox 640 1892 1108 1963; x_wconf 86' lang='lat' dir='ltr'>marmoribus</span> <span class='ocrx_word' id='word_1_158' title='bbox 1176 1892 1465 1963; x_wconf 89' lang='lat' dir='ltr'>viriliter</span> <span class='ocrx_word' id='word_1_159' title='bbox 1521 1893 1995 1975; x_wconf 88' lang='lat' dir='ltr'>insudabant;</span> <span class='ocrx_word' id='word_1_160' title='bbox 2049 1916 2341 1983; x_wconf 91' lang='lat' dir='ltr'>sponsas</span> <span class='ocrx_word' id='word_1_161' title='bbox 2389 1915 2537 1965; x_wconf 88' lang='lat' dir='ltr'>esse</span> <span class='ocrx_word' id='word_1_162' title='bbox 2583 1916 2662 1964; x_wconf 83' lang='lat' dir='ltr'>ex</span> 
     </span>
     <span class='ocr_line' id='line_1_19' title="bbox 113 1979 2661 2082; baseline 0 -32"><span class='ocrx_word' id='word_1_163' title='bbox 113 1980 413 2082; x_wconf 89' lang='lat' dir='ltr'>nuptiali</span> <span class='ocrx_word' id='word_1_164' title='bbox 462 1994 643 2051; x_wconf 89' lang='lat' dir='ltr'>veste</span> <span class='ocrx_word' id='word_1_165' title='bbox 691 1993 756 2051; x_wconf 91' lang='lat' dir='ltr'>et</span> <span class='ocrx_word' id='word_1_166' title='bbox 801 1979 1071 2072; x_wconf 83' lang='lat' dir='ltr'>fulgore</span> <span class='ocrx_word' id='word_1_167' title='bbox 1117 1981 1594 2072; x_wconf 84' lang='lat' dir='ltr'>deprehendit,</span> <span class='ocrx_word' id='word_1_168' title='bbox 1648 2004 1935 2053; x_wconf 89' lang='lat' dir='ltr'>suarum</span> <span class='ocrx_word' id='word_1_169' title='bbox 1992 1982 2458 2073; x_wconf 77' lang='lat' dir='ltr'>lacrymarum</span> <span class='ocrx_word' id='word_1_170' title='bbox 2513 1983 2661 2054; x_wconf 85' lang='lat' dir='ltr'>stil-</span> 
     </span>
     <span class='ocr_line' id='line_1_20' title="bbox 115 2069 2663 2152; baseline 0 -13"><span class='ocrx_word' id='word_1_171' title='bbox 115 2070 374 2141; x_wconf 77' lang='lat' dir='ltr'>licidiis</span> <span class='ocrx_word' id='word_1_172' title='bbox 423 2092 585 2139; x_wconf 85' lang='lat' dir='ltr'>saxa</span> <span class='ocrx_word' id='word_1_173' title='bbox 618 2069 704 2139; x_wconf 91' lang='lat' dir='ltr'>ad</span> <span class='ocrx_word' id='word_1_174' title='bbox 757 2069 1161 2141; x_wconf 92' lang='lat' dir='ltr'>incisionem</span> <span class='ocrx_word' id='word_1_175' title='bbox 1212 2071 1692 2152; x_wconf 89' lang='lat' dir='ltr'>emollientes;</span> <span class='ocrx_word' id='word_1_176' title='bbox 1745 2083 1811 2141; x_wconf 88' lang='lat' dir='ltr'>et</span> <span class='ocrx_word' id='word_1_177' title='bbox 1856 2071 1998 2141; x_wconf 70' lang='lat' dir='ltr'>una</span> <span class='ocrx_word' id='word_1_178' title='bbox 2046 2095 2207 2142; x_wconf 89' lang='lat' dir='ltr'>cum</span> <span class='ocrx_word' id='word_1_179' title='bbox 2255 2071 2396 2141; x_wconf 92' lang='lat' dir='ltr'>illis</span> <span class='ocrx_word' id='word_1_180' title='bbox 2434 2071 2663 2142; x_wconf 90' lang='lat' dir='ltr'>consi-</span> 
     </span>
     <span class='ocr_line' id='line_1_21' title="bbox 114 2159 2663 2250; baseline 0 -21"><span class='ocrx_word' id='word_1_181' title='bbox 114 2160 266 2229; x_wconf 90' lang='lat' dir='ltr'>mili</span> <span class='ocrx_word' id='word_1_182' title='bbox 304 2172 482 2230; x_wconf 86' lang='lat' dir='ltr'>veste</span> <span class='ocrx_word' id='word_1_183' title='bbox 517 2159 1041 2229; x_wconf 89' lang='lat' dir='ltr'>circumamicta</span> <span class='ocrx_word' id='word_1_184' title='bbox 1081 2160 1266 2230; x_wconf 91' lang='lat' dir='ltr'>novit</span> <span class='ocrx_word' id='word_1_185' title='bbox 1299 2181 1370 2229; x_wconf 93' lang='lat' dir='ltr'>se</span> <span class='ocrx_word' id='word_1_186' title='bbox 1417 2160 1501 2229; x_wconf 90' lang='lat' dir='ltr'>ad</span> <span class='ocrx_word' id='word_1_187' title='bbox 1556 2161 1726 2230; x_wconf 88' lang='lat' dir='ltr'>tanti</span> <span class='ocrx_word' id='word_1_188' title='bbox 1775 2160 2163 2249; x_wconf 88' lang='lat' dir='ltr'>sponsalitii</span> <span class='ocrx_word' id='word_1_189' title='bbox 2203 2161 2496 2250; x_wconf 85' lang='lat' dir='ltr'>gradum</span> <span class='ocrx_word' id='word_1_190' title='bbox 2539 2183 2663 2250; x_wconf 91' lang='lat' dir='ltr'>per</span> 
     </span>
     <span class='ocr_line' id='line_1_22' title="bbox 116 2248 2663 2340; baseline 0 -23"><span class='ocrx_word' id='word_1_191' title='bbox 116 2248 337 2318; x_wconf 87' lang='lat' dir='ltr'>ardua</span> <span class='ocrx_word' id='word_1_192' title='bbox 394 2248 819 2340; x_wconf 89' lang='lat' dir='ltr'>praeparari.</span> <span class='ocrx_word' id='word_1_193' title='bbox 873 2248 996 2316; x_wconf 89' lang='lat' dir='ltr'>His</span> <span class='ocrx_word' id='word_1_194' title='bbox 1043 2248 1299 2338; x_wconf 88' lang='lat' dir='ltr'>igitur,</span> <span class='ocrx_word' id='word_1_195' title='bbox 1351 2261 1416 2318; x_wconf 90' lang='lat' dir='ltr'>et</span> <span class='ocrx_word' id='word_1_196' title='bbox 1463 2270 1541 2319; x_wconf 92' lang='lat' dir='ltr'>eo</span> <span class='ocrx_word' id='word_1_197' title='bbox 1590 2249 1914 2338; x_wconf 82' lang='lat' dir='ltr'>virginali</span> <span class='ocrx_word' id='word_1_198' title='bbox 1960 2249 2258 2318; x_wconf 89' lang='lat' dir='ltr'>candore</span> <span class='ocrx_word' id='word_1_199' title='bbox 2314 2250 2539 2319; x_wconf 89' lang='lat' dir='ltr'>nitens</span> <span class='ocrx_word' id='word_1_200' title='bbox 2587 2261 2663 2317; x_wconf 90' lang='lat' dir='ltr'>ut</span> 
     </span>
     <span class='ocr_line' id='line_1_23' title="bbox 111 2335 2655 2426; baseline 0.001 -23"><span class='ocrx_word' id='word_1_201' title='bbox 111 2358 471 2423; x_wconf 85' lang='lat' dir='ltr'>nunquam</span> <span class='ocrx_word' id='word_1_202' title='bbox 525 2358 648 2405; x_wconf 92' lang='lat' dir='ltr'>nec</span> <span class='ocrx_word' id='word_1_203' title='bbox 699 2335 986 2405; x_wconf 89' lang='lat' dir='ltr'>venialis</span> <span class='ocrx_word' id='word_1_204' title='bbox 1042 2336 1466 2426; x_wconf 86' lang='lat' dir='ltr'>impuritatis</span> <span class='ocrx_word' id='word_1_205' title='bbox 1515 2337 1793 2407; x_wconf 73' lang='lat' dir='ltr'>macula</span> <span class='ocrx_word' id='word_1_206' title='bbox 1825 2359 1976 2406; x_wconf 90' lang='lat' dir='ltr'>eam</span> <span class='ocrx_word' id='word_1_207' title='bbox 2014 2358 2367 2426; x_wconf 84' lang='lat' dir='ltr'>aspersam</span> <span class='ocrx_word' id='word_1_208' title='bbox 2419 2337 2655 2419; x_wconf 90' lang='lat' dir='ltr'>fuisse,</span> 
     </span>
     <span class='ocr_line' id='line_1_24' title="bbox 111 2424 2657 2527; baseline 0.001 -33"><span class='ocrx_word' id='word_1_209' title='bbox 111 2446 356 2495; x_wconf 86' lang='lat' dir='ltr'>omnes</span> <span class='ocrx_word' id='word_1_210' title='bbox 402 2425 556 2513; x_wconf 90' lang='lat' dir='ltr'>ejus</span> <span class='ocrx_word' id='word_1_211' title='bbox 610 2447 650 2494; x_wconf 91' lang='lat' dir='ltr'>a</span> <span class='ocrx_word' id='word_1_212' title='bbox 705 2424 1257 2496; x_wconf 84' lang='lat' dir='ltr'>confessionibus</span> <span class='ocrx_word' id='word_1_213' title='bbox 1309 2426 1523 2514; x_wconf 87' lang='lat' dir='ltr'>jurati</span> <span class='ocrx_word' id='word_1_214' title='bbox 1571 2438 1774 2496; x_wconf 88' lang='lat' dir='ltr'>testes</span> <span class='ocrx_word' id='word_1_215' title='bbox 1833 2425 2293 2514; x_wconf 87' lang='lat' dir='ltr'>probaverint,</span> <span class='ocrx_word' id='word_1_216' title='bbox 2350 2425 2657 2527; x_wconf 84' lang='lat' dir='ltr'>apertius</span> 
     </span>
     <span class='ocr_line' id='line_1_25' title="bbox 109 2514 2655 2606; baseline 0.001 -23"><span class='ocrx_word' id='word_1_217' title='bbox 109 2514 196 2583; x_wconf 91' lang='lat' dir='ltr'>ad</span> <span class='ocrx_word' id='word_1_218' title='bbox 241 2514 646 2604; x_wconf 86' lang='lat' dir='ltr'>mysterium</span> <span class='ocrx_word' id='word_1_219' title='bbox 690 2526 966 2583; x_wconf 84' lang='lat' dir='ltr'>ventum</span> <span class='ocrx_word' id='word_1_220' title='bbox 999 2527 1123 2586; x_wconf 88' lang='lat' dir='ltr'>est.</span> <span class='ocrx_word' id='word_1_221' title='bbox 1163 2515 1518 2585; x_wconf 89' lang='lat' dir='ltr'>Dominica</span> <span class='ocrx_word' id='word_1_222' title='bbox 1564 2528 1710 2585; x_wconf 88' lang='lat' dir='ltr'>erat</span> <span class='ocrx_word' id='word_1_223' title='bbox 1748 2516 2170 2596; x_wconf 89' lang='lat' dir='ltr'>Palmarum,</span> <span class='ocrx_word' id='word_1_224' title='bbox 2205 2536 2362 2584; x_wconf 90' lang='lat' dir='ltr'>cum</span> <span class='ocrx_word' id='word_1_225' title='bbox 2396 2537 2466 2583; x_wconf 81' lang='lat' dir='ltr'>in</span> <span class='ocrx_word' id='word_1_226' title='bbox 2505 2514 2655 2606; x_wconf 92' lang='lat' dir='ltr'>ipso</span> 
     </span>
     <span class='ocr_line' id='line_1_26' title="bbox 109 2602 2653 2693; baseline -0.001 -19"><span class='ocrx_word' id='word_1_227' title='bbox 109 2604 375 2674; x_wconf 90' lang='lat' dir='ltr'>Rosarii</span> <span class='ocrx_word' id='word_1_228' title='bbox 438 2602 692 2673; x_wconf 90' lang='lat' dir='ltr'>sacello</span> <span class='ocrx_word' id='word_1_229' title='bbox 752 2604 821 2671; x_wconf 93' lang='lat' dir='ltr'>in</span> <span class='ocrx_word' id='word_1_230' title='bbox 882 2625 1009 2673; x_wconf 92' lang='lat' dir='ltr'>suo</span> <span class='ocrx_word' id='word_1_231' title='bbox 1069 2604 1271 2673; x_wconf 91' lang='lat' dir='ltr'>nihili</span> <span class='ocrx_word' id='word_1_232' title='bbox 1323 2605 1574 2693; x_wconf 91' lang='lat' dir='ltr'>abysso</span> <span class='ocrx_word' id='word_1_233' title='bbox 1623 2603 2011 2672; x_wconf 87' lang='lat' dir='ltr'>demersam</span> <span class='ocrx_word' id='word_1_234' title='bbox 2063 2603 2159 2673; x_wconf 91' lang='lat' dir='ltr'>sic</span> <span class='ocrx_word' id='word_1_235' title='bbox 2223 2603 2471 2673; x_wconf 86' lang='lat' dir='ltr'>affatus</span> <span class='ocrx_word' id='word_1_236' title='bbox 2520 2617 2653 2673; x_wconf 89' lang='lat' dir='ltr'>est:</span> 
     </span>
     <span class='ocr_line' id='line_1_27' title="bbox 107 2691 2659 2785; baseline 0 -24"><span class='ocrx_word' id='word_1_237' title='bbox 107 2698 282 2762; x_wconf 79' lang='lat' dir='ltr'>Rosa</span> <span class='ocrx_word' id='word_1_238' title='bbox 315 2694 532 2763; x_wconf 55' lang='lat' dir='ltr'>cordis</span> <span class='ocrx_word' id='word_1_239' title='bbox 559 2694 713 2773; x_wconf 84' lang='lat' dir='ltr'>mei,</span> <span class='ocrx_word' id='word_1_240' title='bbox 752 2703 827 2761; x_wconf 83' lang='lat' dir='ltr'>tu</span> <span class='ocrx_word' id='word_1_241' title='bbox 871 2694 1049 2761; x_wconf 73' lang='lat' dir='ltr'>mihi</span> <span class='ocrx_word' id='word_1_242' title='bbox 1072 2716 1317 2785; x_wconf 76' lang='lat' dir='ltr'>sponsa</span> <span class='ocrx_word' id='word_1_243' title='bbox 1353 2703 1510 2762; x_wconf 80' lang='lat' dir='ltr'>esto.</span> <span class='ocrx_word' id='word_1_244' title='bbox 1568 2692 1989 2762; x_wconf 84' lang='lat' dir='ltr'>Contremuit</span> <span class='ocrx_word' id='word_1_245' title='bbox 2042 2692 2231 2782; x_wconf 85' lang='lat' dir='ltr'>virgo</span> <span class='ocrx_word' id='word_1_246' title='bbox 2279 2691 2362 2762; x_wconf 93' lang='lat' dir='ltr'>ad</span> <span class='ocrx_word' id='word_1_247' title='bbox 2415 2692 2659 2762; x_wconf 91' lang='lat' dir='ltr'>dulces</span> 
     </span>
     <span class='ocr_line' id='line_1_28' title="bbox 110 2780 2656 2872; baseline -0 -21"><span class='ocrx_word' id='word_1_248' title='bbox 110 2794 247 2851; x_wconf 91' lang='lat' dir='ltr'>tam</span> <span class='ocrx_word' id='word_1_249' title='bbox 295 2781 514 2851; x_wconf 86' lang='lat' dir='ltr'>divini</span> <span class='ocrx_word' id='word_1_250' title='bbox 574 2781 816 2872; x_wconf 88' lang='lat' dir='ltr'>sponsi</span> <span class='ocrx_word' id='word_1_251' title='bbox 867 2802 1088 2863; x_wconf 81' lang='lat' dir='ltr'>voceS‚</span> <span class='ocrx_word' id='word_1_252' title='bbox 1141 2794 1206 2853; x_wconf 91' lang='lat' dir='ltr'>et</span> <span class='ocrx_word' id='word_1_253' title='bbox 1255 2781 1462 2853; x_wconf 87' lang='lat' dir='ltr'>simul</span> <span class='ocrx_word' id='word_1_254' title='bbox 1503 2781 1769 2851; x_wconf 88' lang='lat' dir='ltr'>audivit</span> <span class='ocrx_word' id='word_1_255' title='bbox 1815 2780 2276 2871; x_wconf 87' lang='lat' dir='ltr'>gratulantem</span> <span class='ocrx_word' id='word_1_256' title='bbox 2323 2780 2457 2850; x_wconf 90' lang='lat' dir='ltr'>sibi</span> <span class='ocrx_word' id='word_1_257' title='bbox 2510 2782 2656 2850; x_wconf 89' lang='lat' dir='ltr'>Dei-</span> 
     </span>
     <span class='ocr_line' id='line_1_29' title="bbox 106 2870 2658 2961; baseline -0.001 -22"><span class='ocrx_word' id='word_1_258' title='bbox 106 2892 347 2961; x_wconf 88' lang='lat' dir='ltr'>param</span> <span class='ocrx_word' id='word_1_259' title='bbox 382 2883 449 2941; x_wconf 92' lang='lat' dir='ltr'>et</span> <span class='ocrx_word' id='word_1_260' title='bbox 480 2870 822 2940; x_wconf 88' lang='lat' dir='ltr'>dicentem</span> <span class='ocrx_word' id='word_1_261' title='bbox 857 2894 872 2935; x_wconf 78' lang='lat' dir='ltr'>z</span> <span class='ocrx_word' id='word_1_262' title='bbox 923 2876 1024 2940; x_wconf 85' lang='lat' dir='ltr'>En</span> <span class='ocrx_word' id='word_1_263' title='bbox 1065 2876 1261 2950; x_wconf 78' lang='lat' dir='ltr'>Rosa,</span> <span class='ocrx_word' id='word_1_264' title='bbox 1314 2873 1512 2961; x_wconf 83' lang='lat' dir='ltr'>quali</span> <span class='ocrx_word' id='word_1_265' title='bbox 1555 2881 1618 2940; x_wconf 82' lang='lat' dir='ltr'>ce</span> <span class='ocrx_word' id='word_1_266' title='bbox 1666 2872 1993 2961; x_wconf 71' lang='lat' dir='ltr'>eliquatur</span> <span class='ocrx_word' id='word_1_267' title='bbox 2024 2871 2270 2939; x_wconf 76' lang='lat' dir='ltr'>honore</span> <span class='ocrx_word' id='word_1_268' title='bbox 2314 2891 2502 2938; x_wconf 83' lang='lat' dir='ltr'>meus</span> <span class='ocrx_word' id='word_1_269' title='bbox 2550 2871 2658 2938; x_wconf 76' lang='lat' dir='ltr'>hic</span> 
     </span>
     <span class='ocr_line' id='line_1_30' title="bbox 101 2957 2649 3050; baseline -0.002 -20"><span class='ocrx_word' id='word_1_270' title='bbox 101 2961 314 3050; x_wconf 77' lang='lat' dir='ltr'>filius.</span> <span class='ocrx_word' id='word_1_271' title='bbox 368 2959 917 3030; x_wconf 77' lang='lat' dir='ltr'>inaestimabiles</span> <span class='ocrx_word' id='word_1_272' title='bbox 962 2959 1182 3028; x_wconf 91' lang='lat' dir='ltr'>divini</span> <span class='ocrx_word' id='word_1_273' title='bbox 1213 2960 1471 3027; x_wconf 88' lang='lat' dir='ltr'>amoris</span> <span class='ocrx_word' id='word_1_274' title='bbox 1520 2958 1826 3029; x_wconf 88' lang='lat' dir='ltr'>thesauri</span> <span class='ocrx_word' id='word_1_275' title='bbox 1873 2972 1939 3027; x_wconf 89' lang='lat' dir='ltr'>et</span> <span class='ocrx_word' id='word_1_276' title='bbox 1985 2957 2430 3029; x_wconf 88' lang='lat' dir='ltr'>connubialia</span> <span class='ocrx_word' id='word_1_277' title='bbox 2479 2958 2649 3027; x_wconf 89' lang='lat' dir='ltr'>tanti</span> 
     </span>
     <span class='ocr_line' id='line_1_31' title="bbox 104 3047 2655 3139; baseline -0.001 -21"><span class='ocrx_word' id='word_1_278' title='bbox 104 3047 348 3139; x_wconf 89' lang='lat' dir='ltr'>sponsi</span> <span class='ocrx_word' id='word_1_279' title='bbox 397 3049 697 3119; x_wconf 80' lang='lat' dir='ltr'>maxima</span> <span class='ocrx_word' id='word_1_280' title='bbox 747 3049 814 3117; x_wconf 92' lang='lat' dir='ltr'>in</span> <span class='ocrx_word' id='word_1_281' title='bbox 867 3053 1046 3118; x_wconf 88' lang='lat' dir='ltr'>Rosa</span> <span class='ocrx_word' id='word_1_282' title='bbox 1096 3069 1384 3117; x_wconf 90' lang='lat' dir='ltr'>munera</span> <span class='ocrx_word' id='word_1_283' title='bbox 1439 3059 1575 3120; x_wconf 88' lang='lat' dir='ltr'>tam</span> <span class='ocrx_word' id='word_1_284' title='bbox 1629 3048 1732 3117; x_wconf 91' lang='lat' dir='ltr'>lar</span> <span class='ocrx_word' id='word_1_285' title='bbox 1786 3048 1910 3117; x_wconf 88' lang='lat' dir='ltr'>iter</span> <span class='ocrx_word' id='word_1_286' title='bbox 1948 3047 2389 3138; x_wconf 88' lang='lat' dir='ltr'>depluerunt,</span> <span class='ocrx_word' id='word_1_287' title='bbox 2445 3058 2522 3116; x_wconf 88' lang='lat' dir='ltr'>ut</span> <span class='ocrx_word' id='word_1_288' title='bbox 2568 3047 2655 3116; x_wconf 90' lang='lat' dir='ltr'>ad</span> 
     </span>
     <span class='ocr_line' id='line_1_32' title="bbox 101 3070 2657 3228; baseline -0.001 -22"><span class='ocrx_word' id='word_1_289' title='bbox 101 3160 186 3207; x_wconf 89' lang='lat' dir='ltr'>ea</span> <span class='ocrx_word' id='word_1_290' title='bbox 216 3138 669 3228; x_wconf 84' lang='lat' dir='ltr'>imposterum</span> <span class='ocrx_word' id='word_1_291' title='bbox 717 3135 1128 3207; x_wconf 89' lang='lat' dir='ltr'>occultanda</span> <span class='ocrx_word' id='word_1_292' title='bbox 1159 3135 1657 3206; x_wconf 87' lang='lat' dir='ltr'>humilioribus</span> <span class='ocrx_word' id='word_1_293' title='bbox 1690 3070 1919 3205; x_wconf 51' lang='lat' dir='ltr'>adhuc</span> <span class='ocrx_word' id='word_1_294' title='bbox 1948 3136 2289 3205; x_wconf 84' lang='lat' dir='ltr'>exercitiis</span> <span class='ocrx_word' id='word_1_295' title='bbox 2326 3136 2657 3205; x_wconf 90' lang='lat' dir='ltr'>continuo</span> 
     </span>
     <span class='ocr_line' id='line_1_33' title="bbox 101 3223 2650 3314; baseline -0.001 -19"><span class='ocrx_word' id='word_1_296' title='bbox 101 3227 460 3308; x_wconf 87' lang='lat' dir='ltr'>vacando,</span> <span class='ocrx_word' id='word_1_297' title='bbox 521 3241 587 3297; x_wconf 88' lang='lat' dir='ltr'>et</span> <span class='ocrx_word' id='word_1_298' title='bbox 646 3226 732 3296; x_wconf 92' lang='lat' dir='ltr'>de</span> <span class='ocrx_word' id='word_1_299' title='bbox 798 3248 869 3297; x_wconf 89' lang='lat' dir='ltr'>se</span> <span class='ocrx_word' id='word_1_300' title='bbox 917 3224 1379 3314; x_wconf 87' lang='lat' dir='ltr'>abjectissime</span> <span class='ocrx_word' id='word_1_301' title='bbox 1434 3224 1839 3305; x_wconf 90' lang='lat' dir='ltr'>sentiendo,</span> <span class='ocrx_word' id='word_1_302' title='bbox 1892 3246 1970 3293; x_wconf 89' lang='lat' dir='ltr'>ac</span> <span class='ocrx_word' id='word_1_303' title='bbox 2021 3224 2092 3293; x_wconf 92' lang='lat' dir='ltr'>in</span> <span class='ocrx_word' id='word_1_304' title='bbox 2153 3223 2481 3294; x_wconf 88' lang='lat' dir='ltr'>omnibus</span> <span class='ocrx_word' id='word_1_305' title='bbox 2541 3228 2650 3295; x_wconf 88' lang='lat' dir='ltr'>sui</span> 
     </span>
     <span class='ocr_line' id='line_1_34' title="bbox 99 3313 2656 3406; baseline -0.001 -21"><span class='ocrx_word' id='word_1_306' title='bbox 99 3327 576 3406; x_wconf 89' lang='lat' dir='ltr'>contemptum</span> <span class='ocrx_word' id='word_1_307' title='bbox 625 3314 758 3385; x_wconf 89' lang='lat' dir='ltr'>sibi</span> <span class='ocrx_word' id='word_1_308' title='bbox 809 3313 1359 3404; x_wconf 89' lang='lat' dir='ltr'>comparandum</span> <span class='ocrx_word' id='word_1_309' title='bbox 1410 3335 1558 3383; x_wconf 90' lang='lat' dir='ltr'>esse</span> <span class='ocrx_word' id='word_1_310' title='bbox 1604 3313 2023 3404; x_wconf 83' lang='lat' dir='ltr'>cognoverit,</span> <span class='ocrx_word' id='word_1_311' title='bbox 2075 3325 2140 3383; x_wconf 88' lang='lat' dir='ltr'>et</span> <span class='ocrx_word' id='word_1_312' title='bbox 2189 3313 2416 3406; x_wconf 71' lang='lat' dir='ltr'>reipsa</span> <span class='ocrx_word' id='word_1_313' title='bbox 2449 3335 2656 3405; x_wconf 90' lang='lat' dir='ltr'>opere</span> 
     </span>
     <span class='ocr_line' id='line_1_35' title="bbox 101 3403 2750 3495; baseline -0.001 -21"><span class='ocrx_word' id='word_1_314' title='bbox 101 3403 573 3495; x_wconf 89' lang='lat' dir='ltr'>compleverit.</span> <span class='ocrx_word' id='word_1_315' title='bbox 2738 3477 2750 3488; x_wconf 62' lang='lat'>‚</span> 
     </span>
    </p>

    <p class='ocr_par' dir='ltr' id='par_1_4' title="bbox 99 3490 2658 4565">
     <span class='ocr_line' id='line_1_36' title="bbox 193 3490 2658 3582; baseline -0.002 -16"><span class='ocrx_word' id='word_1_316' title='bbox 193 3495 231 3582; x_wconf 65' lang='grc' dir='ltr'><strong>ξ</strong></span> <span class='ocrx_word' id='word_1_317' title='bbox 276 3500 410 3568; x_wconf 82' lang='lat'>11.</span> <span class='ocrx_word' id='word_1_318' title='bbox 464 3492 586 3562; x_wconf 89' lang='lat' dir='ltr'>His</span> <span class='ocrx_word' id='word_1_319' title='bbox 634 3491 836 3561; x_wconf 90' lang='lat' dir='ltr'>donis</span> <span class='ocrx_word' id='word_1_320' title='bbox 884 3503 1089 3562; x_wconf 88' lang='lat' dir='ltr'>aucta</span> <span class='ocrx_word' id='word_1_321' title='bbox 1134 3502 1201 3561; x_wconf 88' lang='lat' dir='ltr'>et</span> <span class='ocrx_word' id='word_1_322' title='bbox 1246 3491 1785 3562; x_wconf 85' lang='lat' dir='ltr'>charismatibus</span> <span class='ocrx_word' id='word_1_323' title='bbox 1831 3491 2225 3572; x_wconf 90' lang='lat' dir='ltr'>cumulata,</span> <span class='ocrx_word' id='word_1_324' title='bbox 2281 3490 2658 3562; x_wconf 86' lang='lat' dir='ltr'>ferventius</span> 
     </span>
     <span class='ocr_line' id='line_1_37' title="bbox 99 3580 2655 3672; baseline 0 -22"><span class='ocrx_word' id='word_1_325' title='bbox 99 3583 296 3672; x_wconf 87' lang='lat' dir='ltr'>virgo</span> <span class='ocrx_word' id='word_1_326' title='bbox 344 3583 472 3652; x_wconf 86' lang='lat' dir='ltr'>ista</span> <span class='ocrx_word' id='word_1_327' title='bbox 521 3583 822 3652; x_wconf 79' lang='lat' dir='ltr'>accinoeit</span> <span class='ocrx_word' id='word_1_328' title='bbox 872 3580 1101 3651; x_wconf 88' lang='lat' dir='ltr'>adhuc</span> <span class='ocrx_word' id='word_1_329' title='bbox 1152 3582 1372 3651; x_wconf 89' lang='lat' dir='ltr'>artius</span> <span class='ocrx_word' id='word_1_330' title='bbox 1414 3583 1813 3671; x_wconf 76' lang='lat' dir='ltr'>fortitudine</span> <span class='ocrx_word' id='word_1_331' title='bbox 1859 3583 2112 3651; x_wconf 81' lang='lat' dir='ltr'>lumbos</span> <span class='ocrx_word' id='word_1_332' title='bbox 2149 3603 2303 3650; x_wconf 77' lang='lat' dir='ltr'>suos</span> <span class='ocrx_word' id='word_1_333' title='bbox 2347 3592 2412 3650; x_wconf 85' lang='lat' dir='ltr'>et</span> <span class='ocrx_word' id='word_1_334' title='bbox 2470 3582 2655 3650; x_wconf 87' lang='lat' dir='ltr'>robo-</span> 
     </span>
     <span class='ocr_line' id='line_1_38' title="bbox 99 3668 2654 3757; baseline -0.002 -17"><span class='ocrx_word' id='word_1_335' title='bbox 99 3673 285 3746; x_wconf 79' lang='lat' dir='ltr'>ravit</span> <span class='ocrx_word' id='word_1_336' title='bbox 332 3672 683 3742; x_wconf 79' lang='lat' dir='ltr'>brachium</span> <span class='ocrx_word' id='word_1_337' title='bbox 713 3693 933 3740; x_wconf 81' lang='lat' dir='ltr'>suum.</span> <span class='ocrx_word' id='word_1_338' title='bbox 971 3670 1461 3741; x_wconf 84' lang='lat' dir='ltr'>Deficientibus</span> <span class='ocrx_word' id='word_1_339' title='bbox 1492 3671 1678 3741; x_wconf 89' lang='lat' dir='ltr'>enim</span> <span class='ocrx_word' id='word_1_340' title='bbox 1714 3670 1801 3739; x_wconf 88' lang='lat' dir='ltr'>ad</span> <span class='ocrx_word' id='word_1_341' title='bbox 1844 3691 2010 3739; x_wconf 88' lang='lat' dir='ltr'>suae</span> <span class='ocrx_word' id='word_1_342' title='bbox 2048 3669 2210 3738; x_wconf 88' lang='lat' dir='ltr'>fidei</span> <span class='ocrx_word' id='word_1_343' title='bbox 2243 3668 2654 3757; x_wconf 85' lang='lat' dir='ltr'>martyrium</span> 
     </span>
     <span class='ocr_line' id='line_1_39' title="bbox 102 3757 2654 3850; baseline -0.002 -19"><span class='ocrx_word' id='word_1_344' title='bbox 102 3761 420 3850; x_wconf 80' lang='lat' dir='ltr'>tyrannis</span> <span class='ocrx_word' id='word_1_345' title='bbox 465 3775 531 3830; x_wconf 92' lang='lat' dir='ltr'>et</span> <span class='ocrx_word' id='word_1_346' title='bbox 579 3760 950 3829; x_wconf 85' lang='lat' dir='ltr'>tortoribus</span> <span class='ocrx_word' id='word_1_347' title='bbox 983 3814 998 3840; x_wconf 95' lang='lat'>‚</span> <span class='ocrx_word' id='word_1_348' title='bbox 1054 3781 1127 3829; x_wconf 90' lang='lat' dir='ltr'>se</span> <span class='ocrx_word' id='word_1_349' title='bbox 1174 3760 1325 3850; x_wconf 90' lang='lat' dir='ltr'>ipsa</span> <span class='ocrx_word' id='word_1_350' title='bbox 1372 3759 1649 3841; x_wconf 88' lang='lat' dir='ltr'>fortior,</span> <span class='ocrx_word' id='word_1_351' title='bbox 1709 3759 2071 3846; x_wconf 89' lang='lat' dir='ltr'>utriusque</span> <span class='ocrx_word' id='word_1_352' title='bbox 2118 3759 2188 3828; x_wconf 90' lang='lat' dir='ltr'>in</span> <span class='ocrx_word' id='word_1_353' title='bbox 2239 3779 2310 3828; x_wconf 93' lang='lat' dir='ltr'>se</span> <span class='ocrx_word' id='word_1_354' title='bbox 2357 3780 2437 3827; x_wconf 87' lang='lat' dir='ltr'>ex</span> <span class='ocrx_word' id='word_1_355' title='bbox 2492 3757 2654 3826; x_wconf 85' lang='lat' dir='ltr'>levit</span> 
     </span>
     <span class='ocr_line' id='line_1_40' title="bbox 101 3845 2656 3937; baseline -0.002 -19"><span class='ocrx_word' id='word_1_356' title='bbox 101 3848 597 3920; x_wconf 89' lang='lat' dir='ltr'>ministerium.</span> <span class='ocrx_word' id='word_1_357' title='bbox 653 3853 823 3919; x_wconf 85' lang='lat' dir='ltr'>Saxa</span> <span class='ocrx_word' id='word_1_358' title='bbox 870 3848 1055 3916; x_wconf 90' lang='lat' dir='ltr'>enim</span> <span class='ocrx_word' id='word_1_359' title='bbox 1105 3862 1171 3918; x_wconf 91' lang='lat' dir='ltr'>et</span> <span class='ocrx_word' id='word_1_360' title='bbox 1215 3871 1482 3930; x_wconf 86' lang='lat' dir='ltr'>cruces,</span> <span class='ocrx_word' id='word_1_361' title='bbox 1534 3849 1795 3936; x_wconf 88' lang='lat' dir='ltr'>quibus</span> <span class='ocrx_word' id='word_1_362' title='bbox 1845 3847 2155 3937; x_wconf 83' lang='lat' dir='ltr'>parvula,</span> <span class='ocrx_word' id='word_1_363' title='bbox 2210 3848 2386 3918; x_wconf 74' lang='lat' dir='ltr'>usus</span> <span class='ocrx_word' id='word_1_364' title='bbox 2471 3869 2507 3915; x_wconf 91' lang='lat' dir='ltr'>a</span> <span class='ocrx_word' id='word_1_365' title='bbox 2559 3845 2656 3915; x_wconf 81' lang='lat' dir='ltr'>el-</span> 
     </span>
     <span class='ocr_line' id='line_1_41' title="bbox 100 3935 2655 4028; baseline -0.002 -20"><span class='ocrx_word' id='word_1_366' title='bbox 100 3938 331 4009; x_wconf 89' lang='lat' dir='ltr'>lorum</span> <span class='ocrx_word' id='word_1_367' title='bbox 384 3940 647 4028; x_wconf 82' lang='lat' dir='ltr'>ignara,</span> <span class='ocrx_word' id='word_1_368' title='bbox 702 3961 738 4006; x_wconf 93' lang='lat' dir='ltr'>a</span> <span class='ocrx_word' id='word_1_369' title='bbox 790 3937 1144 4007; x_wconf 81' lang='lat' dir='ltr'>Marianna</span> <span class='ocrx_word' id='word_1_370' title='bbox 1191 3937 1446 4008; x_wconf 72' lang='lat' dir='ltr'>ancilla</span> <span class='ocrx_word' id='word_1_371' title='bbox 1502 3960 1791 4007; x_wconf 89' lang='lat' dir='ltr'>suarum</span> <span class='ocrx_word' id='word_1_372' title='bbox 1856 3935 2465 4006; x_wconf 86' lang='lat' dir='ltr'>mortificationum</span> <span class='ocrx_word' id='word_1_373' title='bbox 2542 3956 2655 4004; x_wconf 90' lang='lat' dir='ltr'>ere</span> 
     </span>
     <span class='ocr_line' id='line_1_42' title="bbox 102 4024 2652 4127; baseline -0.002 -29"><span class='ocrx_word' id='word_1_374' title='bbox 102 4026 253 4098; x_wconf 70' lang='lat' dir='ltr'>sola</span> <span class='ocrx_word' id='word_1_375' title='bbox 298 4028 576 4098; x_wconf 76' lang='lat' dir='ltr'>conscia</span> <span class='ocrx_word' id='word_1_376' title='bbox 623 4026 709 4096; x_wconf 91' lang='lat' dir='ltr'>ad</span> <span class='ocrx_word' id='word_1_377' title='bbox 760 4026 1137 4097; x_wconf 91' lang='lat' dir='ltr'>orationem</span> <span class='ocrx_word' id='word_1_378' title='bbox 1190 4026 1289 4097; x_wconf 91' lang='lat' dir='ltr'>vel</span> <span class='ocrx_word' id='word_1_379' title='bbox 1340 4027 1423 4097; x_wconf 85' lang='lat' dir='ltr'>ad</span> <span class='ocrx_word' id='word_1_380' title='bbox 1459 4026 1737 4096; x_wconf 90' lang='lat' dir='ltr'>hortum</span> <span class='ocrx_word' id='word_1_381' title='bbox 1771 4047 1895 4127; x_wconf 87' lang='lat' dir='ltr'>per</span> <span class='ocrx_word' id='word_1_382' title='bbox 1942 4046 2066 4094; x_wconf 89' lang='lat' dir='ltr'>ens</span> <span class='ocrx_word' id='word_1_383' title='bbox 2097 4025 2534 4107; x_wconf 89' lang='lat' dir='ltr'>onerabatur,</span> <span class='ocrx_word' id='word_1_384' title='bbox 2578 4024 2652 4094; x_wconf 89' lang='lat' dir='ltr'>in</span> 
     </span>
     <span class='ocr_line' id='line_1_43' title="bbox 102 4113 2647 4206; baseline -0.002 -21"><span class='ocrx_word' id='word_1_385' title='bbox 102 4117 358 4187; x_wconf 88' lang='lat' dir='ltr'>ferreas</span> <span class='ocrx_word' id='word_1_386' title='bbox 405 4130 682 4189; x_wconf 83' lang='lat' dir='ltr'>catenas</span> <span class='ocrx_word' id='word_1_387' title='bbox 729 4116 1200 4198; x_wconf 89' lang='lat' dir='ltr'>commutavit,</span> <span class='ocrx_word' id='word_1_388' title='bbox 1251 4138 1427 4203; x_wconf 90' lang='lat' dir='ltr'>quas</span> <span class='ocrx_word' id='word_1_389' title='bbox 1475 4116 1730 4206; x_wconf 86' lang='lat' dir='ltr'>aptavit</span> <span class='ocrx_word' id='word_1_390' title='bbox 1778 4137 1850 4184; x_wconf 80' lang='lat' dir='ltr'>in</span> <span class='ocrx_word' id='word_1_391' title='bbox 1951 4135 2142 4205; x_wconf 83' lang='lat' dir='ltr'>agra,</span> <span class='ocrx_word' id='word_1_392' title='bbox 2198 4115 2456 4202; x_wconf 88' lang='lat' dir='ltr'>quibus</span> <span class='ocrx_word' id='word_1_393' title='bbox 2491 4169 2507 4194; x_wconf 94' lang='lat'>,</span> <span class='ocrx_word' id='word_1_394' title='bbox 2563 4113 2647 4182; x_wconf 91' lang='lat' dir='ltr'>ad</span> 
     </span>
     <span class='ocr_line' id='line_1_44' title="bbox 103 4201 2651 4297; baseline -0.002 -20"><span class='ocrx_word' id='word_1_395' title='bbox 103 4211 171 4277; x_wconf 93' lang='lat' dir='ltr'>S.</span> <span class='ocrx_word' id='word_1_396' title='bbox 227 4206 564 4277; x_wconf 89' lang='lat' dir='ltr'>Dominici</span> <span class='ocrx_word' id='word_1_397' title='bbox 602 4204 1038 4297; x_wconf 83' lang='lat' dir='ltr'>exemplum,</span> <span class='ocrx_word' id='word_1_398' title='bbox 1091 4203 1390 4295; x_wconf 84' lang='lat' dir='ltr'>singulis</span> <span class='ocrx_word' id='word_1_399' title='bbox 1440 4203 1780 4285; x_wconf 88' lang='lat' dir='ltr'>noctibus,</span> <span class='ocrx_word' id='word_1_400' title='bbox 1838 4225 2060 4291; x_wconf 86' lang='lat' dir='ltr'>usque</span> <span class='ocrx_word' id='word_1_401' title='bbox 2114 4202 2200 4272; x_wconf 90' lang='lat' dir='ltr'>ad</span> <span class='ocrx_word' id='word_1_402' title='bbox 2264 4201 2651 4274; x_wconf 88' lang='lat' dir='ltr'>rivulorum</span> 
     </span>
     <span class='ocr_line' id='line_1_45' title="bbox 103 4291 2653 4386; baseline -0.002 -20"><span class='ocrx_word' id='word_1_403' title='bbox 103 4296 472 4386; x_wconf 87' lang='lat' dir='ltr'>sanguinis</span> <span class='ocrx_word' id='word_1_404' title='bbox 517 4295 868 4386; x_wconf 88' lang='lat' dir='ltr'>copiosam</span> <span class='ocrx_word' id='word_1_405' title='bbox 917 4293 1348 4376; x_wconf 83' lang='lat' dir='ltr'>effusionem,</span> <span class='ocrx_word' id='word_1_406' title='bbox 1401 4292 1504 4363; x_wconf 84' lang='lat' dir='ltr'>vel</span> <span class='ocrx_word' id='word_1_407' title='bbox 1560 4314 1683 4381; x_wconf 88' lang='lat' dir='ltr'>pro</span> <span class='ocrx_word' id='word_1_408' title='bbox 1715 4291 2071 4364; x_wconf 89' lang='lat' dir='ltr'>aerumnis</span> <span class='ocrx_word' id='word_1_409' title='bbox 2111 4305 2389 4363; x_wconf 87' lang='lat' dir='ltr'>sanctae</span> <span class='ocrx_word' id='word_1_410' title='bbox 2420 4292 2653 4361; x_wconf 90' lang='lat' dir='ltr'>Eccle-</span> 
     </span>
     <span class='ocr_line' id='line_1_46' title="bbox 103 4381 2647 4475; baseline -0.003 -17"><span class='ocrx_word' id='word_1_411' title='bbox 103 4384 272 4466; x_wconf 90' lang='lat' dir='ltr'>siae,</span> <span class='ocrx_word' id='word_1_412' title='bbox 310 4384 414 4455; x_wconf 90' lang='lat' dir='ltr'>vel</span> <span class='ocrx_word' id='word_1_413' title='bbox 450 4406 572 4475; x_wconf 88' lang='lat' dir='ltr'>pro</span> <span class='ocrx_word' id='word_1_414' title='bbox 621 4381 1073 4475; x_wconf 85' lang='lat' dir='ltr'>periclitantis</span> <span class='ocrx_word' id='word_1_415' title='bbox 1106 4382 1300 4472; x_wconf 86' lang='lat' dir='ltr'>regni</span> <span class='ocrx_word' id='word_1_416' title='bbox 1332 4394 1453 4453; x_wconf 91' lang='lat' dir='ltr'>aut</span> <span class='ocrx_word' id='word_1_417' title='bbox 1484 4381 1680 4453; x_wconf 89' lang='lat' dir='ltr'>urbis</span> <span class='ocrx_word' id='word_1_418' title='bbox 1714 4381 2647 4462; x_wconf 80' lang='lat' dir='ltr'>Limensis.necessitatibuS‚</span> 
     </span>
     <span class='ocr_line' id='line_1_47' title="bbox 101 4467 2653 4565; baseline -0.002 -22"><span class='ocrx_word' id='word_1_419' title='bbox 101 4471 210 4544; x_wconf 83' lang='lat' dir='ltr'>vel</span> <span class='ocrx_word' id='word_1_420' title='bbox 260 4495 385 4565; x_wconf 91' lang='lat' dir='ltr'>pro</span> <span class='ocrx_word' id='word_1_421' title='bbox 443 4472 979 4564; x_wconf 90' lang='lat' dir='ltr'>compensandis</span> <span class='ocrx_word' id='word_1_422' title='bbox 1045 4484 1482 4565; x_wconf 88' lang='lat' dir='ltr'>peccatorum</span> <span class='ocrx_word' id='word_1_423' title='bbox 1550 4471 1829 4562; x_wconf 84' lang='lat' dir='ltr'>injuriis</span> <span class='ocrx_word' id='word_1_424' title='bbox 1865 4526 1882 4554; x_wconf 92' lang='lat'>,</span> <span class='ocrx_word' id='word_1_425' title='bbox 1943 4470 2048 4542; x_wconf 88' lang='lat' dir='ltr'>vel</span> <span class='ocrx_word' id='word_1_426' title='bbox 2110 4494 2232 4563; x_wconf 87' lang='lat' dir='ltr'>pro</span> <span class='ocrx_word' id='word_1_427' title='bbox 2286 4467 2653 4562; x_wconf 82' lang='lat' dir='ltr'>expiandis</span> 
     </span>
    </p>
   </div>
  </div>
 </body>
</html>
