3308 5004
190 348 365 416 Aue.
403 349 431 415 t
888 367 969 416 nn
1013 365 1278 417 camis
1323 368 1402 416 nr
1446 366 1676 417 emmo
1722 368 1780 417 s.
1835 369 2016 418 mm
2550 351 2634 417 ⁴9

87 474 100 491 ·
186 451 677 542 possessionem
712 451 1101 523 interdixit:
1139 451 1273 523 hoe
1301 464 1531 523 autem
1563 452 1735 535 loco,
1774 465 2082 544 tempore
2124 453 2242 524 illo
2279 452 2717 534 imminente,

180 562 309 629 quo
354 541 685 613 salutaris
731 542 888 630 ejus
936 541 1166 631 passio
1206 540 1442 613 futura
1488 554 1657 623 erat,
1702 542 1906 613 tacito
1958 554 2026 614 et
2066 543 2357 633 mystico
2416 543 2721 631 quodam

180 629 372 700 modo
398 629 715 702 indicare
761 629 1050 712 volebat,
1104 652 1241 703 non
1279 630 1799 712 dormiendum,
1856 653 2079 721 neque
2125 634 2361 702 animo
2399 632 2726 703 deciden-

174 718 380 789 dum:
445 719 567 790 sed
627 718 829 807 quasi
876 732 1112 791 contra
1159 720 1462 790 Judaeos
1526 722 1784 791 armari
1831 733 2207 812 oporteret,
2260 735 2328 791 et
2389 721 2724 793 adversus

172 829 504 885 caesores,
558 821 912 896 tamquam
947 809 1020 878 in
1070 809 1218 879 acie
1254 809 1493 897 aliqua
1538 809 1887 880 contraria
1925 811 2251 881 standum
2292 832 2466 892 esse,
2518 824 2587 880 et
2635 810 2721 879 iis

169 897 656 980 resistendum,
692 898 816 985 qui
850 903 1060 968 Deum
1111 897 1498 968 interficere
1549 900 1768 989 parati
1806 911 2025 981 erant,
2079 900 2369 990 ejusque
2434 899 2725 988 sangui-

167 1007 319 1057 nem
354 1008 440 1056 ac
467 1001 755 1056 mortem
795 986 1140 1058 sitiebant.
1178 992 1372 1058 Nunc
1402 1009 1537 1057 non
1577 1001 1704 1069 est,
1740 988 1989 1076 inquit,
2025 988 2378 1058 doctrinae
2420 1001 2718 1078 tempus,

166 1096 299 1145 non
353 1075 827 1146 curandorum
860 1076 1363 1168 aegrotantium
1416 1075 1632 1158 locus,
1684 1098 1903 1165 neque
1940 1077 2433 1147 miraculorum
2466 1098 2724 1168 oppor-

166 1164 452 1235 tunitas.
506 1165 730 1235 Armis
761 1185 939 1255 opus
985 1177 1110 1246 est,
1223 1165 1426 1235 ladiis
1471 1177 1539 1236 et
1579 1165 1984 1255 hujusmodi
2036 1165 2584 1268 propugnaculis
2678 1163 2723 1234 d

163 1274 359 1323 arma
415 1252 539 1323 illa
588 1253 1004 1344 repellenda,
1056 1254 1179 1342 qui
1233 1277 1316 1324 us
1380 1253 1772 1325 homicidae
1823 1254 2292 1327 scelestissimi
2353 1254 2439 1323 ad
2493 1275 2644 1323 mea

159 1342 449 1411 caedem
480 1339 788 1413 utentur.
831 1347 973 1413 Hac
1021 1343 1536 1433 igitur-ratione
1574 1348 1814 1415 Petrus
1862 1343 2174 1434 gladium
2226 1343 2478 1423 attulit,
2517 1343 2725 1434 cujus

162 1430 318 1501 licet
359 1430 733 1501 ferventem
778 1432 1349 1514 benevolentiam,
1401 1445 1467 1501 et
1512 1433 1766 1504 ardens
1805 1433 2115 1503 studium
2162 1434 2375 1503 Jesus
2427 1432 2575 1522 ipse
2607 1452 2726 1501 co-

159 1533 548 1611 gnosceret,
600 1519 926 1608 quodque
954 1542 1033 1591 eo
1067 1520 1297 1611 gladio
1352 1542 1592 1591 aurem
1633 1522 1827 1591 illam
1862 1522 2308 1593 abscissurus
2357 1534 2529 1602 erat,-
2582 1541 2720 1589 non

159 1620 391 1678 tamen
447 1609 804 1699 prohibuit
850 1631 936 1679 ne
983 1610 1197 1690 fieret,
1250 1623 1330 1678 ut
1375 1621 1441 1679 et
1486 1611 1637 1712 ejus
1673 1611 1741 1679 in
1793 1612 2196 1700 Magistrum
2258 1633 2463 1681 suum
2516 1608 2725 1680 ardor

158 1699 576 1788 aperiretur,
627 1711 694 1767 et
730 1698 1110 1769 curationis
1154 1720 1335 1790 opus
1378 1699 1465 1769 ad
1524 1712 1832 1789 ingratos
1871 1700 2050 1782 illos,
2086 1700 2208 1786 qui
2251 1704 2461 1769 Deum
2513 1699 2726 1768 inter-

154 1786 367 1857 ficere
414 1787 1021 1877 aggrediebantur,
1075 1787 1591 1878 redarguendos
1637 1787 2007 1878 patefieret.
2062 1788 2256 1871 Quod
2301 1800 2531 1857 autem
2584 1808 2722 1857 non

153 1875 233 1945 ad
277 1876 867 1977 oppugnandum,
897 1888 1019 1946 aut
1051 1876 1530 1946 ulciscendum
1573 1878 1902 1948 Dominus
1934 1886 2137 1948 Jesus
2169 1875 2537 1968 discip-lis
2577 1876 2726 1945 suis

153 1964 558 2055 gladiorum
642 1965 1097 2035 ossessionem
1131 1965 1572 2056 praeceperit,
1603 1967 1720 2037 sed
1764 1966 1847 2036 ad
1879 1989 2145 2047 eorum,
2184 1988 2361 2054 quae
2385 1987 2726 2056 passurus

153 2067 343 2135 erat,
400 1988 1026 2144 significationem,
1090 2054 1247 2123 licet
1307 2054 1436 2124 hoc
1483 2069 1718 2143 aperte
1777 2077 2193 2146 cognoscere
2237 2077 2317 2125 ex
2368 2052 2726 2143 Evangelii

157 2143 418 2221 verbis,
475 2164 635 2212 cum
685 2143 834 2234 ipse
871 2142 1081 2213 dicit:
1125 2145 1310 2213 Mitte
1353 2145 1668 2235 qladium
1730 2155 1920 2214 tuum
1976 2148 2046 2215 in
2091 2144 2460 2245 vaqinam:
2521 2142 2725 2229 quasi

156 2232 466 2301 diceret:
503 2236 648 2303 Non
680 2232 868 2303 enim
907 2246 1264 2323 propterea
1296 2233 1481 2319 ,iussi
1529 2254 1648 2302 vos
1695 2232 1965 2325 gladios
2016 2232 2389 2324 posstdere,
2437 2242 2516 2301 ut
2577 2231 2723 2302 illis

158 2321 338 2423 ipsis
390 2321 742 2393 invasores
801 2320 1341 2391 ulcisceremini.
1403 2327 1544 2393 Non
1595 2335 1699 2393 est
1748 2324 1921 2393 mihi
1972 2323 2100 2393 hoc
2171 2321 2496 2413 optabile.
2549 2325 2721 2391 Nam

157 2432 215 2480 si
266 2410 568 2491 deceret,
619 2423 685 2479 et
736 2410 904 2479 mihi
978 2432 1178 2500 opem
1244 2409 1406 2479 ferri
1472 2410 1716 2480 vellem
1756 2466 1771 2491 ,
1827 2434 2100 2502 possem
2165 2432 2408 2502 rogare
2454 2414 2722 2479 Patrem

159 2521 426 2580 meum,
480 2511 548 2569 et
592 2497 787 2569 daret
836 2498 1008 2569 mihi
1055 2499 1430 2601 plusquam
1496 2500 1863 2571 duodecim
1933 2501 2237 2592 legiones
2275 2498 2718 2590 Angelorum.

158 2588 287 2658 Sed
340 2589 677 2676 quoniam
730 2587 1113 2659 voluntarie
1165 2591 1509 2681 meipsum
1560 2590 1648 2658 iis
1699 2590 1976 2672 tradidi,
2032 2601 2392 2681 propterea
2457 2598 2524 2656 et
2571 2587 2724 2676 gla-

156 2678 437 2746 diorum
539 2678 998 2748 ossessionem
1052 2677 1138 2747 ad
1188 2701 1269 2748 ea
1317 2677 1822 2769 significanda,
1876 2702 2053 2766 quae
2103 2699 2442 2769 passurus
2505 2697 2663 2746 sum
2700 2731 2717 2758 ,

158 2766 357 2835 vobis
404 2767 476 2835 in
533 2767 732 2836 ieavi.
788 2766 852 2836 Si
902 2767 1087 2837 enim
1142 2768 1426 2855 permisi
1476 2766 1839 2858 paululum
1895 2781 1978 2850 te,
2035 2774 2262 2850 Petre,
2308 2765 2542 2858 gladio
2591 2764 2718 2846 uti,

157 2855 249 2925 ob
288 2876 411 2924 eas
458 2873 709 2925 causas
755 2854 907 2938 feci,
976 2877 1154 2942 quas
1209 2856 1558 2947 praedixi,
1614 2869 1680 2925 et
1727 2869 1804 2925 ut
1849 2857 2021 2926 disci
2079 2857 2232 2927 ulos
2281 2856 2366 2926 ad
2411 2853 2726 2948 pericula

161 2943 531 3015 subeunda
559 2957 918 3046 promptos
951 2944 1322 3015 efficerem.
1357 2946 1485 3015 Sed
1530 2960 1848 3015 converte
1897 2880 2207 3037 gladium
2245 2946 2316 3015 in
2364 2945 2717 3034 vaginam,

161 3033 347 3121 quod
402 3033 579 3103 mitu
625 3033 729 3102 fas
771 3045 905 3103 non
955 3046 1058 3104 est
1087 3034 1341 3125 gladiis
1374 3034 1476 3104 uti
1509 3035 1592 3103 ad
1645 3034 2091 3107 imminentes
2137 3035 2493 3105 cruciatus
2525 3054 2723 3103 aver-

165 3122 430 3193 tendos.
483 3127 654 3192 Nam
685 3121 842 3194 licet
889 3134 1090 3192 antea
1140 3123 1411 3213 gladios
1457 3122 1789 3192 emendos
1837 3125 2174 3195 Dominus
2225 3123 2713 3215 praecepisset,

162 3223 226 3279 et
269 3210 608 3301 discipuli
643 3232 716 3281 se
760 3211 936 3282 duos
972 3212 1223 3283 habere
1269 3212 1628 3294 dixissent,
1675 3213 1979 3299 satisque
2012 3212 2169 3283 illos
2201 3234 2352 3284 esse
2399 3211 2723 3301 Magister
2763 3219 2768 3226 ’

166 3300 312 3390 ipse
343 3299 838 3391 respondisset,
874 3323 953 3370 ea
1000 3322 1073 3370 re
1122 3301 1539 3393 significavit
1588 3302 1934 3392 passionis
1980 3324 2146 3373 suae
2189 3313 2467 3393 tempus
2507 3321 2723 3391 prope

165 3410 339 3470 esse,
390 3389 596 3475 quasi
632 3387 889 3480 gladiis
921 3389 1261 3460 utendum
1310 3402 1490 3461 esset
1538 3390 1626 3460 ad
1667 3392 2020 3490 ipvasores
2059 3389 2516 3481 repellendos

248 3479 289 3565 ξ
338 3483 495 3550 ²5.
552 3482 651 3547 Ita
680 3478 895 3567 igitur
939 3478 1253 3570 gladium
1302 3485 1545 3549 Petrus
1576 3479 1964 3570 possidens,
2020 3501 2254 3550 secum
2305 3491 2370 3550 et
2413 3480 2485 3548 in
2521 3484 2754 3569 prae-'

166 3564 510 3637 dicatione
556 3567 906 3647 afferebat,
960 3581 1108 3638 tum
1156 3581 1233 3637 ut
1270 3569 1498 3638 sicubi
1545 3590 1725 3659 opus
1776 3582 1978 3651 esset,
2032 3568 2153 3640 illo
2186 3580 2515 3651 uteretur,
2572 3578 2719 3637 tum

167 3655 266 3724 vel
295 3655 621 3738 maxime,
646 3667 729 3726 ut
768 3656 1000 3746 ipsum
1033 3656 1297 3740 videns,
1343 3657 1427 3726 ad
1466 3657 1774 3748 Magistri
1807 3657 2347 3729 admonitionem
2387 3656 2726 3727 memoria

170 3745 537 3814 tenendam
567 3756 1022 3827 revocaretur,
1060 3757 1128 3816 et
1157 3767 1238 3816 eo
1272 3746 1477 3817 modo
1510 3760 1784 3837 tempus
1810 3747 2008 3829 illud,
2044 3769 2182 3835 quo
2200 3748 2250 3817 J
2252 3768 2415 3819 esus
2436 3751 2721 3845 Crucem

170 3854 419 3923 passus
468 3845 594 3915 est,
646 3846 712 3905 et
755 3856 860 3915 ea,
914 3857 1094 3922 quae
1127 3849 1360 3926 postea
1410 3847 1647 3907 secuta
1685 3848 1873 3918 sunt,
1916 3858 2151 3906 secum
2203 3837 2558 3926 cogitaret,
2616 3855 2728 3902 ln·-

166 3922 423 3992 vidiam
474 3923 761 4005 scilicet,
806 3922 1051 3994 ‚odium
1081 3978 1097 4005 ,
1152 3924 1488 4007 insidiaS,
1544 3925 2001 4026 proditionem
2031 3981 2046 4007 ,
2121 3925 2459 4013 injustum
2528 3922 2727 4015 judi-

167 4012 379 4096 cium,
436 4012 872 4102 injustiorem
953 4013 1193 4083 mortis
1267 4025 1705 4096 sententiam,
1760 4019 2068 4095 Crucem,
2123 4014 2594 4105 sepulturam,
2661 4024 2729 4083 et

172 4101 433 4189 reliqua
496 4102 728 4171 omnia
773 4122 952 4189 quae
1019 4103 1409 4174 homicidae
1453 4104 1703 4174 Judaei
1759 4103 1982 4173 facere
2051 4104 2206 4173 ausi
2254 4114 2441 4172 sunt.
2494 4108 2718 4183 Haec,

173 4211 323 4260 cum
358 4189 678 4282 gladium
730 4191 931 4261 illum
973 4191 1337 4282 Apostolus
1380 4192 1659 4275 videret,
1698 4192 2339 4282 contemplabatur:
2395 4193 2562 4263 haec
2611 4213 2725 4261 as-

176 4279 360 4350 sidue
380 4279 626 4351 animo
654 4279 1072 4351 revolvebat:
1105 4281 1273 4351 haec
1320 4304 1556 4352 secum
1595 4293 1932 4372 repetenS,
1967 4281 2454 4364 meditabatur,
2490 4280 2725 4373 gladio

178 4365 312 4525 ijfw
363 4369 780 4440 memoriam
817 4392 913 4462 ‚su
965 4382 1277 4462 gerente,
1346 4383 1414 4440 et
1472 4370 1560 4440 ad
1612 4370 2196 4459 praedicationem
2245 4371 2717 4458 exequendam

227 4457 363 4529 lum
404 4458 820 4531 alacriorem
870 4481 906 4530 e
983 4461 1229 4532 ciente.
1264 4463 1408 4534 Hoc
1446 4460 1680 4552 gladio
1710 4472 1777 4530 et
1813 4459 1902 4531 ad
1932 4482 2138 4531 omne
2178 4460 2565 4552 periculum
2595 4480 2722 4549 pro
