3308 5004
491 4490 508 4510 ,
613 4454 737 4524 per
784 4456 1056 4505 servum
1109 4458 1314 4506 suum
1367 4442 1585 4520 Deus,
1640 4437 1812 4528 ipsis
1873 4448 2213 4527 praesenti

686 338 818 406 436
2817 335 3000 402 AUG.
3063 335 3157 400 20

1416 507 1497 605 S.
1602 504 2323 608 BERNARDI

1079 709 1616 776 CLARAEVALL.
1691 708 1862 775 ABB.
1947 709 2046 773 ET
2117 707 2337 773 ECCL.
2415 707 2641 773 DOCT.

1706 881 2034 958 VITA

1444 1082 1728 1140 QUINQUE
1777 1079 1983 1130 letts
2030 1082 2295 1130 mensu

594 1244 857 1302 Quorum
906 1227 1028 1289 ⁴⁰¹³
1080 1242 1468 1291 GmmAEths
1535 1244 1591 1291 S.
1658 1242 2032 1292 Tnssonnmcl
2100 1244 2296 1292 aaut.
2351 1243 2541 1291 muno
2601 1243 2842 1302 ABBAS,
2914 1243 3156 1290 namur.

685 1350 953 1400 SIGMAC.
1009 1350 1162 1399 UOR.
1214 1351 1290 1398 ΕΤ
1337 1349 1557 1398 SANCTI
1604 1347 1885 1399 coAltths
1950 1349 2393 1410 CONSCRIPSI‘1'3
2447 1334 2570 1397 2⁰¹³
2618 1350 2944 1398 ERNALDUS
3005 1350 3152 1398 SIVE

685 1458 1014 1506 ARNALDUS
1047 1458 1188 1505 Ami.
1227 1457 1691 1517 BONAEVALLtQ
1742 1458 2024 1516 ransom:
2063 1458 2370 1515 RELIQUOS
2418 1457 2775 1505 GAUFRIDUS
2825 1455 3152 1506 BERNARm

685 1564 998 1613 Novimus
1046 1563 1125 1612 1⁴31·
1171 1565 1389 1612 omnm
1435 1565 1888 1612 ALTAECUHBAE
1936 1565 2002 1614 ΙΝ
2050 1564 2432 1613 ALLOBROGIS
2480 1565 2700 1613 ABBAS.

1231 1744 1432 1813 mgr.
1480 1759 1658 1802 anno
1701 1747 1848 1800 1153
1881 1775 1954 1786 —
1982 1745 2038 1801 E
2081 1745 2500 1815 Burgundio.

689 1953 1022 2016 Pnomcns
1068 1949 1262 2015 Λυσι.
1307 1947 1442 2014 Lib.
1490 1950 1544 2015 Ι.
1601 1946 2002 2035 scripturus
2049 1946 2226 2016 servi
2270 1946 2374 2017 tui
2425 1947 2632 2015 vitam
2683 1946 2769 2016 ad
2810 1945 3152 2016 honorem

607 2035 915 2105 nominis
947 2033 1070 2115 tui,
1126 2046 1330 2124 prout
1377 2047 1452 2104 tu
1516 2034 1788 2104 dederis
1838 2034 2122 2104 Domine
2171 2040 2392 2115 Deus,
2448 2035 2715 2125 ἱρείης,
2773 2057 2893 2124 per
2936 2057 3152 2123 quem

604 2123 978 2195 Ecclesiam
1057 2124 1272 2192 nostri
1348 2125 1672 2214 temporis
1722 2124 1789 2192 in
1856 2124 2219 2211 antiquum
2282 2123 2704 2214 Apostolicae
2764 2125 3025 2213 gratiae
3089 2138 3153 2194 et

601 2213 875 2283 virtutis
922 2211 1132 2281 decus
1180 2212 1454 2282 voluisti
1504 2214 1861 2294 reflorere,
1914 2235 2073 2283 eum
2126 2213 2366 2283 invoco
2443 2212 2867 2301 adjutorem,
2935 2236 3147 2300 quem

591 2304 739 2392 jam
803 2300 969 2371 olim
1036 2301 1255 2371 habeo
1329 2302 1747 2371 incentorem
1797 2302 1879 2370 ad
1933 2324 2235 2372 amorem
2288 2313 2509 2371 tuum.
2582 2302 2750 2384 Quis
2822 2301 3010 2371 enim
3067 2303 3152 2372 de

599 2413 833 2462 amore
880 2403 996 2461 tuo
1041 2390 1763 2478 quantulumcumque
1793 2391 2221 2482 spiraculum
2273 2391 2446 2462 vitae
2479 2390 2761 2472 habena,
2793 2403 2856 2460 et
2906 2390 3152 2461 videns

601 2480 1072 2551 testimonium
1124 2479 1382 2638 gloriae
1428 2493 1493 2550 et
1538 2479 1822 2551 honoris
1872 2481 1969 2550 tui
2022 2486 2156 2550 tam
2208 2479 2693 2571 praeclarum,
2745 2493 2812 2550 et
2861 2492 3000 2551 tam
3070 2481 3153 2553 fi-

601 2570 777 2650 dele,
832 2570 1122 2659 tempori
1176 2592 1258 2639 us
1308 2570 1560 2640 nostris
1594 2569 1857 2639 mundo
1890 2570 2245 2639 insolitum
2287 2570 2651 2652 effulsisse,
2708 2591 2841 2640 non
2895 2583 3059 2660 agat
3088 2583 3154 2640 et

602 2669 889 2750 satagat,
945 2680 1081 2728 non
1132 2658 1243 2728 det
1290 2680 1567 2749 operam
1617 2672 2253 2747 quantamcumque
2301 2659 2616 2749 potuerit,
2689 2681 2773 2727 ne
2822 2659 3060 2729 lumen
3115 2683 3154 2728 a

602 2762 667 2818 te
712 2769 1109 2829 accensum,
1165 2761 1440 2817 tuorum
1490 2747 1888 2838 quempiam
1963 2747 2212 2817 lateat:
2266 2748 2383 2817 sed
2451 2760 2785 2835 quantum
2839 2748 3154 2818 humano

603 2837 756 2906 fieri
793 2835 968 2925 stylo
1020 2849 1258 2923 potest,
1311 2836 1493 2923 quod
1544 2835 1795 2908 melius
1844 2837 1991 2926 ipse
2032 2848 2257 2904 tamen
2314 2858 2433 2926 per
2486 2837 2802 2906 virtutem
2853 2857 3152 2927 operum

602 2926 798 3006 facis,
856 2924 1364 2995 manifestatum
1415 2939 1480 2994 et
1525 2925 1892 2995 exaltatum
1956 2924 2179 2994 luceat
2234 2925 2559 2995 omnibus
2619 2925 2742 3012 qui
2819 2925 2888 2995 in
2941 2926 3153 2995 domo

605 3027 722 3083 tua
775 3016 985 3082 sunt?
1032 3018 1110 3082 In
1141 3035 1279 3101 quo
1307 3036 1464 3082 cum
1501 3037 1626 3104 ego
1648 3016 1794 3104 jam
1825 3013 1987 3082 olim
2034 3012 2299 3093 vellem,
2349 3027 2551 3103 prout
2585 3035 2877 3104 possem,
2908 3013 3153 3102 quale-

601 3123 903 3189 cumque
932 3102 1391 3173 ministerium
1425 3124 1624 3192 agere
1660 3102 1828 3171 vicis
1862 3123 2075 3184 meae,
2113 3123 2234 3171 seu
2265 3102 2526 3184 timore,
2581 3109 2703 3172 seu
2733 3102 3155 3173 verecundia

604 3190 998 3282 prohibitus
1044 3212 1197 3259 sum
1248 3212 1467 3277 usque
1514 3192 1784 3261 adhuc:
1839 3190 2041 3261 modo
2087 3191 2364 3277 quidem
2419 3214 2627 3282 supra
2671 3214 2779 3261 me
2819 3191 3152 3279 ,iudicans

604 3301 758 3349 esse
807 3279 1209 3369 dignitatem
1248 3281 1595 3362 materiae,
1648 3293 1714 3351 et
1746 3279 2184 3371 dignioribus
2232 3280 2605 3370 opificibus
2633 3281 3148 3351 reservandam:

608 3367 815 3438 modo
846 3369 1049 3437 etiam
1090 3382 1240 3457 post
1286 3369 1546 3439 obitum
1596 3369 1770 3460 ejus,
1808 3370 2008 3456 quasi
2057 3370 2576 3460 supervicturus
2608 3371 2694 3450 ei,
2739 3370 2991 3440 melius
3023 3370 3152 3441 hoc

602 3468 671 3526 et
716 3458 1217 3548 competentius
1248 3457 1640 3529 deliberans
1680 3458 2107 3528 actitandum
2141 3482 2154 3526 :
2192 3480 2353 3528 cum
2390 3458 2536 3546 jam
2565 3458 2770 3529 homo
2821 3481 2955 3529 non
2991 3482 3153 3548 gra-

602 3557 881 3616 varetur
929 3544 1280 3619 laudibus.
1334 3558 1398 3616 et
1448 3546 1660 3616 tutius
1732 3547 1798 3617 id
1849 3548 2085 3627 fieret,
2140 3568 2299 3616 cum
2344 3547 2489 3635 jam
2543 3570 2829 3618 securus
2886 3560 3070 3619 esset
3115 3570 3157 3617 a

602 3633 1129 3704 conturbatione
1176 3634 1537 3705 hominum
1589 3650 1653 3704 et
1686 3636 2224 3707 contradictione
2272 3636 2698 3727 linguarum.
2764 3641 2839 3707 At
2888 3636 3005 3706 ille
3058 3638 3154 3705 vi-

605 3745 778 3816 gens
825 3737 889 3793 et
937 3722 1195 3805 valenS,
1237 3737 1496 3811 quanto
1546 3724 1888 3794 infirmior
1933 3747 2242 3815 corpore,
2298 3737 2481 3796 tanto
2531 3723 2769 3794 fortior
2808 3726 2880 3796 fit
2918 3739 2985 3796 et
3039 3748 3154 3815 po·

606 3827 781 3895 tenS,
828 3834 963 3883 non
1033 3834 1311 3883 cessans
1377 3834 1577 3901 agere
1637 3814 1848 3904 digna
1901 3814 2294 3895 memoriae,
2357 3825 2422 3883 et
2472 3836 2723 3905 magna
2773 3814 3156 3902 majoribus

604 3924 880 3993 semper
910 3901 1385 3982 accumulans,
1429 3923 1608 3989 quae
1654 3903 1808 3992 ipso
1843 3915 2104 3973 tacente
2152 3903 2555 3992 scriptorem
2595 3903 3036 3990 requirant...

696 3991 825 4062 Sed
873 4004 939 4061 et
986 3990 1272 4060 fratrum
1309 3991 1773 4078 quorumdam
1809 3993 1922 4093 pia
1969 3992 2439 4062 benevolentia
2470 3991 2852 4081 plurimum
2904 3992 2993 4063 ad
3027 3993 3158 4064 hoc

607 4102 718 4150 me
767 4080 1061 4171 impellit
1108 4092 1173 4149 et
1218 4080 1663 4151 cohortatur:
1715 4104 1832 4168 qui
1901 4103 2061 4152 cum
2120 4082 2266 4150 viro
2317 4082 2430 4151 Dei
2471 4081 2733 4172 jugiter
2778 4082 3154 4161 assistunt,

608 4170 843 4239 omnia
883 4169 1035 4259 ejus
1096 4182 1468 4240 noverunt:
1516 4170 1904 4261 ingerentes
1951 4170 2292 4257 quaedam
2342 4170 2654 4260 diligenti
2709 4171 3163 4259 inquisitione

611 4257 1039 4348 investigata,
1095 4260 1293 4348 plura
1354 4259 1607 4339 etiam,
1663 4259 1944 4346 quibus,
1999 4281 2160 4329 cum
2211 4260 2496 4340 fierent,
2553 4258 3042 4341 interfuerunt,
3100 4273 3163 4330 et

610 4344 931 4416 viderunt
961 4360 1027 4416 et
1065 4347 1458 4417 audierunt.
1491 4351 1617 4432 Qui
1661 4371 1819 4418 cum
1867 4346 2082 4417 multa
2116 4361 2489 4507 suggerant
2518 4359 2582 4418 et
2614 4348 2944 4438 preclara,
2982 4371 3163 4437 quae

2200 4438 2210 4447 '
2270 4458 2392 4519 υς,
2445 4450 2813 4528 operatur,
2868 4449 2935 4509 et
3003 4452 3162 4510 nota
