3308 5004
196 358 385 427 AUG.
440 359 523 426 ⁴9
879 377 959 425 nn
1004 377 1062 425 s.
1112 375 1422 426 Lonovmo
1468 376 1667 426 xmsc.
1719 375 2042 427 rotosmo
2523 362 2652 428 423

196 462 469 553 coepit,
525 471 591 532 et
636 461 1155 553 expergefacta,
1212 484 1253 533 a
1297 461 1539 534 morbo
1588 461 1939 552 praedicto
1985 462 2261 554 penitus
2312 474 2417 534 est
2476 475 2740 534 curata.

200 552 320 620 Vir
348 550 632 638 quidam
686 572 933 642 passus
982 550 1186 621 annis
1233 572 1348 622 sex
1397 563 1658 642 guttam
1702 550 1771 619 in
1811 572 2027 621 manu
2063 565 2128 621 et
2154 551 2469 634 brachio,
2517 564 2748 623 ventre

197 662 282 710 ac
331 638 622 711 humero
652 695 667 722 ,
720 639 898 709 facto
943 651 1095 710 voto
1126 694 1142 722 ‚
1194 639 1375 727 quod
1425 640 1576 731 ejus
1626 638 1871 709 limina
1928 639 2276 722 visitaret,
2338 641 2569 712 statim
2622 640 2754 711 fuit

199 728 518 800 sanitatis
544 729 955 798 beneficium
984 740 1418 798 consecutus.
1456 727 1750 812 Quidam
1783 727 2081 816 denique
2109 728 2470 820 presbyter
2503 752 2751 821 passus

305 828 469 887 ttam
525 817 594 886 in
653 816 862 888 latere
893 872 909 900 ‚
961 838 1140 904 quae
1196 818 1425 908 ipsum
1495 816 1735 886 afflixit
1781 817 2078 975 graviter
2133 817 2385 908 diebus
2440 830 2699 909 septem
2732 874 2749 901 ,

229 919 380 976 acto
432 919 585 977 voto
640 906 727 976 ad
783 918 1239 977 memoratum
1293 917 1659 987 sanctum,
1728 906 1799 975 d1
1833 905 2132 997 igentius
2183 905 2340 996 ejus
2397 907 2747 978 tumulum

203 994 575 1078 visitando,
612 995 867 1086 recepit
896 995 1225 1065 continuo
1266 993 1651 1064 sanitatem.
2189 1013 2195 1018 ·

283 1086 320 1171 ἕ
364 1087 525 1156 ίθ.
579 1083 927 1167 Quaedam
963 1083 1236 1165 mulier,
1276 1105 1456 1171 quae
1503 1104 1625 1174 per
1654 1095 1805 1153 octo
1851 1104 2070 1154 annos
2106 1082 2346 1154 morbo
2383 1083 2745 1176 epilectico

193 1172 397 1260 quasi
436 1172 744 1260 quotidie
789 1172 1230 1265 gravabatur,
1285 1173 1540 1244 emisso
1578 1184 1754 1253 voto,
1807 1172 1988 1259 quod
2041 1171 2438 1264 sepulcrum
2474 1174 2648 1262 ejus,
2686 1174 2745 1243 si

195 1283 440 1332 curam
492 1262 846 1353 reciperet,
899 1261 1102 1332 annis
1158 1260 1456 1361 singulis
1502 1260 1828 1342 visitaret,
1882 1283 2121 1331 curam
2172 1261 2450 1353 recepit,
2511 1261 2749 1350 sicque

190 1363 448 1420 extunc
504 1350 590 1419 de
656 1352 896 1421 morbo
952 1350 1104 1440 ipso
1151 1361 1427 1440 pemtus
1474 1348 1650 1419 nihil
1702 1349 1937 1421 sensit.
1991 1349 2305 1421 Monialis
2351 1351 2734 1438 quaedam,

193 1460 375 1527 quae
415 1450 570 1529 post
613 1438 871 1509 febrem
906 1437 1210 1531 longam,
1239 1459 1447 1527 quam
1483 1460 1686 1528 passa
1718 1437 1961 1520 fuerat,
1997 1438 2303 1509 dolorem
2345 1440 2745 1510 incurrebat

194 1527 271 1596 in
320 1527 649 1599 omnibus
697 1526 1027 1598 membris
1073 1528 1264 1617 ejuS,
1319 1527 1661 1597 intantum
1710 1525 1895 1616 quod
1951 1527 2021 1597 in
2071 1527 2440 1598 duodecim
2497 1528 2746 1600 diebus

194 1616 334 1686 nisi
382 1616 608 1686 alieno
657 1615 1000 1707 adjutorio
1037 1615 1122 1685 de
1151 1614 1324 1686 lecto
1375 1637 1508 1686 non
1548 1628 1808 1707 poterat
1841 1638 1913 1686 se
1963 1637 2253 1687 movere:
2308 1628 2572 1708 portato
2606 1617 2745 1687 sibi

195 1703 427 1796 pedali
478 1727 732 1796 panno,
849 1705 923 1774 ui
971 1704 1321 1793 quondam
1374 1704 1595 1775 sancti
1666 1704 1876 1793 hujus
1923 1704 2283 1776 dicebatur
2353 1704 2613 1788 fuisse,
2666 1727 2748 1777 ac

198 1793 332 1863 sibi
374 1793 718 1885 applicato
753 1816 791 1863 a
861 1815 1165 1876 carnem,
1206 1815 1372 1863 sana
1410 1805 1476 1863 et
1505 1792 1876 1864 incolumis
1900 1807 2002 1864 est
2045 1795 2304 1865 effecta.
2345 1799 2510 1864 Cum
2541 1795 2748 1865 homo

195 1882 513 1970 quidam,
613 1883 687 1953 ui
735 1881 1094 1952 miraculis
1156 1882 1357 1953 istius
1403 1883 1624 1952 sancti
1684 1881 2039 1952 detrahere
2089 1883 2474 1967 nitebatur,
2529 1905 2750 1953 rever-

198 1971 537 2041 sationem
606 1971 779 2040 aciei
807 1982 873 2042 et
918 1970 1281 2041 oculorum
1331 1971 1622 2061 turpiter
1667 1971 2096 2054 incurrisset,
2165 1973 2402 2061 sicque
2451 1993 2746 2045 manens

198 2081 325 2151 per
372 2059 520 2131 dies
569 2083 707 2143 sex,
761 2059 926 2130 huic
974 2072 1210 2131 sancto
1256 2082 1414 2129 curn
1454 2059 1833 2142 devotione,
1886 2082 2024 2148 qua
2073 2073 2355 2151 poterat,
2410 2082 2484 2131 se
2539 2060 2747 2131 devo-

194 2149 431 2232 visset,
484 2148 570 2219 ad
622 2149 1019 2239 sepulcrum
1071 2149 1221 2239 ejus
1254 2148 1553 2231 veniens,
1590 2161 1658 2219 et
1703 2149 1994 2219 offerens
2034 2161 2242 2240 caput
2278 2172 2583 2231 cereum,
2615 2172 2744 2219 an-

196 2250 471 2324 tequam
512 2237 721 2308 exiret
752 2236 1065 2318 ecclesia,
1103 2235 1396 2327 perfecte
1436 2238 1687 2328 reperit
1720 2259 1791 2308 se
1823 2249 2166 2309 curatum.

288 2328 324 2413 ξ
371 2333 504 2399 11.
560 2331 741 2397 Haec
803 2340 966 2396 sunt
1017 2325 1359 2396 mirabilia
1417 2348 1627 2417 opera
1676 2326 1891 2398 solius
1950 2326 2318 2408 Altissimi,
2371 2325 2633 2414 quibus
2679 2339 2746 2396 et

198 2412 359 2484 aliis
381 2413 919 2506 quampluribus
946 2414 1316 2484 mirificare
1356 2414 1568 2485 voluit
1595 2419 1920 2486 Sanctum
1960 2416 2196 2498 istum,
2228 2435 2308 2484 ac
2339 2415 2459 2485 toti
2483 2414 2747 2484 mundo

194 2504 484 2574 reddere
553 2504 1050 2575 venerandum.
1103 2504 1451 2575 Laudetur
1518 2504 1730 2595 igitur
1788 2504 2156 2593 magnifice
2217 2510 2394 2574 Deus
2460 2515 2691 2574 noster
2723 2559 2739 2587 ‚

195 2594 403 2684 cujus
450 2593 725 2664 dextera
772 2592 937 2663 huic
986 2592 1322 2684 Episcopo
1375 2593 1637 2663 confert
1696 2591 2098 2663 stelliferum
2151 2593 2347 2695 regni
2396 2592 2741 2663 diadema.

191 2682 634 2783 Applaudant
667 2695 731 2752 et
779 2682 893 2752 isti
943 2682 1200 2772 pariter
1243 2681 1415 2752 coeli
1463 2682 1682 2764 cives,
1736 2703 2030 2769 quorum
2092 2681 2400 2752 coetlbus
2461 2695 2746 2751 sanctus

192 2769 312 2841 hic
361 2770 501 2842 sole
550 2771 982 2873 splendidior
1027 2781 1129 2841 est
1161 2771 1483 2842 insertus,
1529 2775 1789 2841 Canant
1886 2791 2109 2858 uoque
2155 2769 2490 2840 altissime
2539 2774 2748 2839 Fran-

192 2858 366 2940 ciae,
423 2859 695 2930 Siciliae
740 2882 820 2929 ac
859 2859 1253 2950 Hungariae
1302 2881 1511 2951 regna
1543 2858 1793 2941 felicia,
1835 2792 1932 2929 ‘de
2026 2881 2272 2930 uorum
2322 2858 2520 2929 horto
2581 2879 2747 2927 can-

193 2947 387 3018 doris
435 2948 615 3018 nivei
641 2950 769 3019 flos
798 2949 1047 3038 erupit,
1086 2970 1380 3036 quorum
1417 2948 1574 3018 vitis
1600 2948 1943 3038 germinat
2024 2947 2246 3018 ulcem
2278 2969 2508 3030 uvam,
2544 2948 2748 3033 cujus

193 3036 427 3124 liquor
457 3036 682 3108 coelos
730 3037 1132 3117 laetificans,
1168 3035 1445 3106 abunde
1492 3036 1811 3107 funditur
1856 3037 1926 3106 in
1957 3036 2170 3107 calice
2218 3036 2472 3106 summi
2511 3036 2740 3127 Regis.

194 3130 515 3195 Laetetur
560 3127 719 3196 insu
770 3147 848 3195 er
891 3127 1130 3196 civitas
1181 3125 1539 3208 Tolosana,
1593 3136 1781 3196 tanto
1829 3125 2043 3195 ditata
2106 3123 2423 3216 praesule
2456 3180 2471 3206 ,
2536 3147 2741 3226 quem

192 3213 384 3304 apud
424 3219 635 3284 Deum
672 3237 711 3284 a
766 3227 1081 3285 vocatum
1116 3213 1321 3284 habet
1361 3214 1680 3286 sedulum
1709 3227 1775 3283 et
1813 3226 2220 3305 patronum:
2264 3219 2428 3283 Vere
2466 3212 2627 3283 fellx
2673 3235 2746 3286 es

187 3315 341 3372 otu
399 3302 739 3385 Massilia,
795 3303 974 3373 facta
1038 3303 1434 3373 divinorum
1482 3316 1875 3375 aromatum
1924 3314 2062 3373 tam
2130 3302 2350 3372 sancti
2426 3303 2746 3393 corporis

189 3391 551 3482 apotheca.
592 3391 718 3463 Sed
751 3406 817 3463 et
856 3397 1168 3462 Fratrum
1202 3393 1541 3462 Minorum
1571 3392 1750 3463 Ordo
1783 3393 2226 3484 conspicuuS,
2267 3413 2481 3461 novae
2518 3390 2745 3461 laudis

190 3481 542 3550 canticum
595 3503 908 3572 promere
949 3501 1083 3550 non
1133 3481 1436 3562 desistat,
1492 3481 1562 3550 in
1597 3481 1759 3552 aula
1805 3481 2080 3552 coelesti
2132 3493 2267 3550 tam
2311 3479 2744 3570 praeclarum

186 3567 557 3638 alumnum
618 3570 873 3640 divinis
939 3567 1174 3640 festive
1219 3570 1705 3660 conspectibus
1769 3582 2315 3661 repraesentans,
2380 3573 2738 3639 Caeterum

187 3657 356 3745 quia
393 3659 711 3728 convenit
762 3671 840 3728 ut
908 3679 1114 3745 quem
1178 3660 1508 3730 Dominus
1576 3659 1649 3728 in
1702 3658 1890 3730 coelo
1941 3657 2380 3749 magnificat,
2435 3657 2743 3728 mundus

189 3746 394 3828 colat,
450 3768 575 3817 nos
637 3747 721 3816 de
770 3747 1126 3819 sanctitate
1174 3748 1349 3817 vitae
1409 3770 1487 3817 ac
1550 3748 1828 3817 veritate
1895 3746 2391 3817 miraculorum
2467 3746 2738 3836 ipsiuS,

193 3836 455 3922 inquiri
495 3835 787 3905 fecimus
833 3835 1220 3926 diligenter.
1275 3842 1353 3907 Et
1405 3836 1566 3924 quia
1619 3847 1771 3927 post
1819 3835 2336 3923 inquisitionem
2389 3834 2734 3933 solertem,

191 3936 256 3993 et
287 3924 669 3995 studiosam
710 3924 1284 3995 examinationem
1334 3937 1400 3994 et
1450 3924 1956 3995 discussionem
2007 3922 2415 4005 solemnem,
2470 3943 2601 4012 sup
2657 3921 2744 3989 11-

187 4013 458 4083 catione
505 4013 746 4083 devota
790 4024 855 4083 et
904 4012 1154 4084 humili
1185 4013 1649 4083 Praelatorum
1699 4013 2042 4095 omnium,
2079 4025 2244 4082 tunc
2277 4009 2464 4101 apud
2500 4015 2583 4080 Se
2637 4031 2746 4078 em

184 4102 647 4192 Apostolicam
697 4102 1161 4183 existentium,
1213 4126 1375 4173 cum
1413 4102 1742 4173 instantia
1771 4101 2106 4189 requisiti,
2160 4099 2245 4169 de
2291 4098 2585 4169 fratrum
2623 4119 2747 4168 no-

187 4204 493 4262 strorum
543 4191 834 4263 consilio
862 4204 928 4261 et
964 4212 1277 4273 assensu,
1320 4189 1406 4260 de
1443 4190 1937 4283 omnipotentis
1990 4189 2105 4259 Dei
2153 4187 2405 4258 virtute
2450 4187 2742 4270 confisi,

188 4280 598 4351 auctoritate
642 4302 916 4368 quoque
963 4281 1318 4351 beatorum
1364 4280 1537 4349 Petri
1583 4292 1649 4350 et
1696 4277 1891 4349 Pauli
1923 4276 2402 4369 Apostolorum
2453 4277 2630 4368 ejus,
2683 4288 2750 4346 et

190 4382 452 4449 nostra,
489 4369 725 4459 ipsum
774 4370 1068 4459 septimo
1113 4370 1225 4440 die
1277 4369 1528 4460 Aprilis
1576 4380 1972 4440 sanctorum
2027 4364 2507 4438 confessorum
2562 4377 2748 4437 cata-

197 4454 356 4546 logo
401 4456 730 4529 duximus
769 4458 1334 4529 adscribendum.
