3308 5004
704 292 833 357 760
1455 309 1536 357 nit
1582 309 1641 357 s.
1694 304 1858 357 iiosA
1908 306 2075 356 viiie.
2122 306 2286 353 ini.-
2842 287 3055 356 ΑΗΕ.
3110 288 3194 354 30
3252 294 3277 329 '¹

612 391 822 464 veluti
862 392 934 463 in
983 397 1026 463 S
1078 392 1233 463 onsi
1272 391 1600 474 brachiis,
1653 414 1730 463 se
1795 390 2337 484 deprehendisse
2409 390 2819 471 restitutam,
2876 391 3196 465 sensisse
3256 462 3265 485 ,

615 480 965 570 quoddam
1064 502 1278 552 onum
1349 480 1859 573 inexplicabile,
1927 479 2229 553 solidum
2303 492 2370 550 et
2433 478 2996 561 fundamentale,
3058 504 3195 569 quo

613 569 973 641 videbatur
1019 570 1156 641 sibi
1225 568 1494 641 reddita
1562 569 2064 662 impeccabilis,
2118 583 2196 639 ut
2262 567 2380 638 ille
2439 569 2562 656 qui
2607 567 2937 638 dicebat:
3027 571 3194 651 Quis
3266 616 3271 625 -

612 682 731 730 nos
757 661 1100 752 separabit
1130 684 1176 729 a
1204 660 1541 731 charitate
1572 661 1847 733 Christi.
1900 660 2315 746 Plerumque
2344 656 2550 728 etiam
2587 668 2741 748 post
2787 657 2960 728 illas
2998 671 3193 728 tene-
3270 658 3279 701 ·’

614 747 777 819 bras
822 748 1232 840 apparuisse
1276 749 1341 818 ei
1388 749 1893 820 humanitatem
1942 746 2192 818 Christi
2241 746 2538 828 Domini,
2592 767 2865 816 necnon
2917 759 2997 816 et
3030 770 3196 818 san-

614 836 998 909 ctissimam
1075 836 1418 928 Virginem
1496 837 1886 931 Deiparam.
1964 834 2472 907 Intellectuales
2546 835 2751 905 etiam
2818 835 3191 917 visiones,

613 925 871 1014 quibus
920 926 992 996 in
1027 947 1102 997 se
1134 925 1594 1017 praesentiam
1659 926 1776 998 Dei
1823 925 2325 1017 experiebatur,
2380 945 2503 1025 per
2549 923 2887 1025 terminos
2946 946 3191 995 remo·

582 1014 850 1097 'tioniS,
904 1014 1320 1086 eminentiae
1358 1027 1426 1086 et
1470 1016 1924 1098 causalitatis,
1978 1014 2290 1102 aliasque
2334 1025 2907 1085 circumstantias
2952 1014 3187 1104 expli·
3280 1052 3281 1061 κ

614 1104 816 1186 cavit,
871 1104 1083 1191 idque
1117 1126 1253 1174 non
1320 1126 1362 1175 a
1407 1102 1609 1176 libris
1654 1126 1819 1176 acce
1872 1117 2042 1185 tum,
2095 1102 2215 1174 sed
2267 1103 2528 1195 Spiritu
2575 1106 2823 1172 Sancto
2879 1102 3188 1173 interius

614 1192 903 1264 docente
949 1206 1338 1264 assecutam
1387 1192 1603 1264 fuisse
1648 1194 1809 1264 miri
1841 1215 1944 1264 ice
1991 1192 2315 1263 innotuit.
2368 1190 2925 1263 mortificationis
2974 1193 3186 1263 etiam

616 1293 684 1352 et
731 1281 1192 1372 poenitentiae
1236 1282 1583 1365 exercitia,
1634 1296 1701 1353 et
1758 1283 1828 1352 in
1890 1281 2002 1353 his
2050 1303 2187 1351 non
2223 1302 2374 1363 suo,
2417 1280 2537 1351 sed
2585 1279 3185 1352 confessariorum

615 1369 955 1441 arbitratu
1005 1370 1290 1441 modum
1340 1372 1806 1453 constituisse,
1878 1392 2306 1458 suarumque
2369 1370 2617 1439 virium
2668 1367 3172 1445 diffidentiam.

615 1458 780 1529 fidei
813 1458 1154 1541 ardorem,
1208 1459 1356 1551 spei
1404 1460 1870 1542 securitatem,
1907 1458 2122 1528 divini
2154 1458 2411 1529 amoris
2459 1457 2782 1528 incendia
2830 1458 2946 1529 sic
2984 1459 3172 1530 dilu-

616 1548 770 1618 cide
815 1547 1204 1640 explicavit,
1256 1562 1335 1619 ut
1374 1549 1714 1619 sinceram
1751 1570 1833 1619 ac
1873 1560 2088 1619 tutam
2131 1569 2281 1618 esse
2319 1548 2525 1629 viam,
2570 1569 2709 1634 qua
2744 1547 2928 1618 baec
2968 1548 3178 1619 electa

617 1636 734 1708 Dei
782 1638 986 1728 Virgo
1035 1637 1418 1718 incedebat,
1471 1659 1792 1710 censores
1820 1636 2204 1729 disparatis
2241 1635 2629 1725 colloquiis,
2688 1638 3070 1709 scrutiniis
3109 1651 3169 1706 et
3282 1698 3283 1713 ,

617 1725 936 1796 censuris
983 1725 1301 1796 unanimi
1342 1726 1622 1818 spiritu,
1679 1739 1830 1797 voto
1876 1739 1942 1797 et
1988 1726 2325 1797 sententia
2371 1724 2876 1795 concluserint.

706 1817 744 1902 ἓ
795 1819 940 1888 21.
995 1816 1256 1904 Spiritu
1306 1816 1421 1884 Dei
1468 1837 1670 1907 agere
1698 1828 1764 1886 et
1795 1815 1908 1907 agi
1958 1820 2234 1895 Rosam,
2280 1827 2355 1884 ut
2388 1814 2505 1884 Dei
2538 1813 2787 1895 filiam,
2845 1814 2988 1886 suit
3017 1835 3165 1885 con·

615 1914 809 1973 stans
856 1903 1096 1994 opinio
1142 1904 1484 1986 omnium,
1535 1905 1659 1992 qui
1706 1916 1873 1975 tuiic
1914 1904 2145 1974 Limae
2193 1901 2627 1995 perfectionis
2673 1917 2741 1973 et
2792 1905 3159 1976 sanctimo-

617 1992 773 2061 niae
821 1990 1009 2061 fama
1053 1990 1359 2062 celebres
1406 2006 1624 2074 erant,
1679 2014 1972 2081 eamque
2016 1992 2199 2063 dono
2248 1992 2625 2082 sapientiae
2692 1992 3061 2063 abundare
3101 2004 3157 2061 et

618 2080 909 2151 scientia
954 2079 1245 2152 caelitus
1293 2079 1522 2152 infusa
1570 2082 1946 2172 gubernari
1980 2081 2405 2170 judicarunt.
2457 2078 2926 2152 Difficillimas
2980 2082 3151 2152 enini

620 2168 708 2239 de
740 2189 995 2240 arcano
1026 2174 1129 2240 SS.
1172 2169 1524 2242 Trinitatis
1554 2171 1905 2260 mysterio,
1943 2170 1985 2240 h
2044 2170 2374 2262 postatica
2402 2170 2603 2240 Verbi
2630 2168 2856 2239 divini
2888 2171 3145 2247 unione,

618 2258 1059 2329 sanctissimo
1085 2258 1322 2330 altaris
1354 2263 1819 2342 Sacramento,
1898 2282 1972 2330 ro
2001 2258 2190 2330 undo
2217 2256 2871 2349 praedestinationis
2888 2260 3140 2349 abysso,

623 2351 872 2417 natura
918 2348 1202 2439 gratiae,
1241 2358 1639 2435 ceterasque
1688 2349 1844 2419 theo
1874 2370 1913 2417 o
1964 2348 2107 2418 icas
2151 2347 2610 2436 quaestiones,
2667 2369 3006 2417 sacrarum
3036 2347 3137 2415 lit·

613 2447 911 2507 terarum
1013 2435 1467 2509 rofessoribus
1507 2437 1918 2539 proponenti
1973 2460 2083 2519 us,
2139 2450 2277 2508 tam
2327 2434 2759 2508 sublimibus
2818 2435 3128 2524 concepti·

612 2525 769 2607 buS,
827 2548 947 2616 pro
978 2526 1190 2598 undis
1229 2528 1610 2608 sententiis,
1669 2543 1736 2598 et
1786 2527 2012 2598 verbis
2073 2525 2244 2597 adeo
2286 2525 2587 2617 propriis
2644 2526 2990 2618 explicarit.
3042 2534 3109 2591 ut

613 2613 977 2685 laudarent
1021 2637 1262 2686 omnes
1333 2638 1493 2686 cum
1558 2620 1910 2687 Servatore
1986 2628 2219 2687 nostro
2279 2620 2543 2686 Patrem
2619 2616 3105 2710 omnipotentem

609 2703 982 2773 Dominum
1032 2704 1205 2774 coeli
1253 2717 1319 2774 et
1359 2719 1597 2785 terrae,
1632 2705 1812 2792 quod
1869 2718 2079 2787 tanta,
2116 2703 2549 2797 sapientibus
2588 2727 2672 2773 ac
2710 2698 3119 2796 prudentibus

610 2791 1042 2874 abscondita,
1088 2792 1508 2864 humillimis
1557 2793 1866 2884 parvulis
1913 2808 1979 2865 et
2028 2794 2326 2865 indoctis
2376 2792 2733 2863 revelaret.

699 2882 734 2966 §
787 2886 947 2954 ²².
1033 2882 1464 2952 Conversatio
1513 2882 1727 2973 liujus
1798 2883 2087 2974 virginis
2158 2883 2382 2974 magis
2432 2883 2500 2951 in
2552 2881 2769 2954 coelis
2829 2903 3024 2971 quam
3071 2879 3133 2948 in

613 2969 815 3039 terris
879 2982 1045 3051 erat,
1112 2983 1178 3040 et
1250 2970 1676 3059 ubicumque
1730 2971 2247 3042 sanctissimum
2301 2993 2552 3041 nomen
2633 2977 2807 3042 Jesu
2877 2968 3139 3061 legendo

609 3059 1044 3140 occurrisset,
1099 3060 1432 3151 tantisper
1480 3061 2028 3142 immorabatur;
2081 3060 2241 3130 inde
2289 3061 2475 3131 enim
2526 3061 2797 3132 amoris
2846 3061 3041 3150 ignes
3075 3058 3131 3127 ‘in

609 3146 814 3217 corde
870 3148 1229 3230 sentiebat,
1283 3161 1349 3218 et
1398 3149 1544 3239 ipse
1601 3156 1808 3221 Jesus
1858 3171 2060 3241 saepe
2129 3149 2390 3220 amanti
2457 3154 2679 3220 Rosae
2740 3149 2814 3217 in
2877 3172 2969 3241 pa
3018 3150 3149 3217 'nae

610 3234 899 3325 planitie
947 3238 1290 3328 apparuit,
1328 3237 1528 3324 eique
1575 3240 1774 3309 suavi
1820 3240 2066 3310 obtutu
2124 3238 2677 3320 ablandiebatur,
2730 3251 2816 3308 ut
2880 3261 3003 3309 ver
3047 3257 3155 3308 um

523 3371 534 3380 ·
607 3329 865 3394 attenta
925 3326 1211 3396 lectione
1279 3326 1432 3397 talis
1499 3328 1774 3398 animae
1812 3327 2334 3418 dignissimum,
2390 3327 2458 3396 in
2507 3349 2646 3414 quo
2695 3340 2875 3398 sunt
2926 3348 3157 3398 omnes

607 3412 914 3484 thesauri
959 3414 1338 3505 sapientiae
1382 3427 1448 3485 et
1495 3416 1824 3487 scientiae
1876 3419 2012 3491 Dei.
2056 3416 2163 3486 Sic
2197 3417 2427 3496 etiam,
2480 3437 2641 3485 cum
2694 3429 3165 3509 occuparetur

608 3503 680 3571 in
736 3501 909 3573 telae
969 3507 1373 3582 consutum,
1430 3502 1716 3595 pulvillo
1766 3506 1989 3596 ipsius
2036 3527 2241 3597 saepe
2353 3504 2735 3575 uietissime
2785 3505 3167 3582 insidebat.

605 3603 672 3661 et
719 3591 804 3661 ad
856 3614 974 3662 cor
1023 3593 1233 3662 hu'us
1303 3592 1592 3663 dilectae
1669 3595 1892 3666 tacitis
1960 3595 2247 3666 nutibus
2303 3528 2760 3682 cloquebatur,
2835 3595 3045 3666 omni

606 3695 808 3770 gestu
842 3704 1050 3751 suum
1092 3615 1406 3751 divinum
1459 3684 1965 3774 protestabatur
2012 3705 2341 3754 amorem.
2426 3688 2859 3770 Frequentae
2915 3699 2984 3755 et
3072 3706 3180 3755 ere

605 3769 1050 3856 quotidianae
1075 3783 1270 3840 erant
1299 3769 1510 3860 hujus
1545 3785 1820 3843 sanctae
1845 3771 2121 3842 animae
2152 3772 2441 3843 deliciae
2468 3771 2675 3850 istae;
2714 3785 2780 3840 et
2813 3773 3183 3843 interdum

606 3880 866 3928 moram
919 3858 1209 3928 faciente
1284 3863 1553 3950 Sponso
1620 3860 1936 3948 querulis
1986 3861 2271 3932 vocibus
2348 3860 2899 3941 lamentabatur,
2954 3862 3184 3932 donec

609 3946 884 4018 veniret.
939 3947 1213 4018 Ludens
1261 3970 1421 4018 cum
1472 3971 1574 4030 eo,
1611 3950 1815 4039 cujus
1864 3962 2101 4041 guttur
2150 3949 2642 4021 suavissimum
2685 3963 2819 4031 est,
2868 3951 3187 4022 obtinuit

603 4036 890 4107 vincens
937 4038 1171 4107 curari
1220 4058 1260 4107 a
1296 4037 1659 4108 doloribus
1698 4039 2037 4129 gutturis3
2093 4038 2390 4129 perdens
2451 4060 2633 4120 vero,
2680 4038 2956 4111 iterum
2995 4041 3189 4111 dolo—

603 4124 802 4195 ribus
849 4148 1008 4197 cum
1066 4126 1396 4216 patientia
1430 4127 1683 4197 donata
1714 4127 1884 4208 suit3
1935 4149 2114 4215 quae
2163 4127 2331 4198 dum
2386 4127 2587 4198 matri
2638 4126 3004 4201 obediens
3038 4152 3191 4202 nar·

605 4225 808 4296 taret,
837 4214 981 4284 visa
1012 4229 1113 4285 est
1146 4214 1341 4284 vultu
1371 4214 1684 4304 angelico
1714 4216 2008 4286 radiare.
2063 4215 2173 4286 Illi
2203 4217 2351 4306 jam
2390 4215 2759 4306 languenti
2799 4232 2877 4289 et
2918 4220 3189 4290 viribus

605 4301 953 4372 deficienti
1004 4304 1334 4390 omnique
1374 4305 1685 4375 humano
1723 4305 1981 4375 auxilio
2013 4305 2380 4376 destitutae
2418 4305 2723 4376 occurrit
2757 4306 2965 4378 idem
3008 4310 3180 4411 ipse,

603 4391 726 4476 qui
772 4404 876 4462 est
919 4391 1195 4482 adjutor
1244 4392 1313 4461 in
1381 4394 2017 4484 opportunitatibus
2075 4407 2142 4465 et
2189 4394 2655 4475 tribulatione,
2736 4409 2801 4467 et
2875 4412 3188 4490 pretioso
