<?xml version="1.0" encoding="UTF-8"?>
<!DOCTYPE html PUBLIC "-//W3C//DTD XHTML 1.0 Transitional//EN"
    "http://www.w3.org/TR/xhtml1/DTD/xhtml1-transitional.dtd">
<html xmlns="http://www.w3.org/1999/xhtml" xml:lang="en" lang="en">
 <head>
  <title>
</title>
<meta http-equiv="Content-Type" content="text/html;charset=utf-8" />
  <meta name='ocr-system' content='tesseract 3.04.00' />
  <meta name='ocr-capabilities' content='ocr_page ocr_carea ocr_par ocr_line ocrx_word'/>
</head>
<body>
  <div class='ocr_page' id='page_1' title='image "./historiaeseuvit01lippgoog_0357.png"; bbox 0 0 3308 5004; ppageno 0'>
   <div class='ocr_carea' id='block_1_1' title="bbox 196 299 2643 369">
    <p class='ocr_par' dir='ltr' id='par_1_1' title="bbox 196 299 2643 369">
     <span class='ocr_line' id='line_1_1' title="bbox 196 299 2643 369; baseline 0 -3"><span class='ocrx_word' id='word_1_1' title='bbox 196 299 373 366; x_wconf 67' lang='grc' dir='ltr'><strong>ΔΗΕ.</strong></span> <span class='ocrx_word' id='word_1_2' title='bbox 428 300 508 366; x_wconf 74' lang='lat'><strong>⁴5</strong></span> <span class='ocrx_word' id='word_1_3' title='bbox 773 316 854 364; x_wconf 75' lang='lat' dir='ltr'><strong>nr.</strong></span> <span class='ocrx_word' id='word_1_4' title='bbox 899 314 1288 365; x_wconf 71' lang='lat' dir='ltr'><strong>noamton</strong></span> <span class='ocrx_word' id='word_1_5' title='bbox 1335 317 1618 367; x_wconf 66' lang='grc' dir='ltr'><strong>ουτ-153.</strong></span> <span class='ocrx_word' id='word_1_6' title='bbox 1672 317 1844 367; x_wconf 76' lang='lat' dir='ltr'><strong>vias.</strong></span> <span class='ocrx_word' id='word_1_7' title='bbox 1899 320 2139 369; x_wconf 70' lang='lat' dir='ltr'><strong>numu</strong></span> <span class='ocrx_word' id='word_1_8' title='bbox 2513 300 2643 368; x_wconf 70' lang='lat'><strong>343</strong></span> 
     </span>
    </p>
   </div>
   <div class='ocr_carea' id='block_1_2' title="bbox 190 400 2749 3684">
    <p class='ocr_par' dir='ltr' id='par_1_2' title="bbox 190 400 2746 2447">
     <span class='ocr_line' id='line_1_2' title="bbox 192 400 2733 499; baseline -0 -26"><span class='ocrx_word' id='word_1_9' title='bbox 192 402 505 483; x_wconf 86' lang='lat' dir='ltr'><strong>constitit,</strong></span> <span class='ocrx_word' id='word_1_10' title='bbox 557 400 757 472; x_wconf 83' lang='lat' dir='ltr'><strong>Verbi</strong></span> <span class='ocrx_word' id='word_1_11' title='bbox 807 400 923 472; x_wconf 89' lang='lat' dir='ltr'><strong>Dei</strong></span> <span class='ocrx_word' id='word_1_12' title='bbox 955 423 1211 491; x_wconf 91' lang='lat' dir='ltr'><strong>corpus</strong></span> <span class='ocrx_word' id='word_1_13' title='bbox 1258 414 1577 472; x_wconf 87' lang='lat' dir='ltr'><strong>sanctum</strong></span> <span class='ocrx_word' id='word_1_14' title='bbox 1626 415 1692 474; x_wconf 93' lang='lat' dir='ltr'><strong>et</strong></span> <span class='ocrx_word' id='word_1_15' title='bbox 1736 403 2083 499; x_wconf 87' lang='lat' dir='ltr'><strong>integrum</strong></span> <span class='ocrx_word' id='word_1_16' title='bbox 2133 415 2200 475; x_wconf 90' lang='lat' dir='ltr'><strong>et</strong></span> <span class='ocrx_word' id='word_1_17' title='bbox 2238 403 2551 475; x_wconf 88' lang='lat' dir='ltr'><strong>interitui</strong></span> <span class='ocrx_word' id='word_1_18' title='bbox 2587 403 2733 472; x_wconf 78' lang='lat' dir='ltr'><strong>&#39;mi—</strong></span> 
     </span>
     <span class='ocr_line' id='line_1_3' title="bbox 195 489 2732 572; baseline 0 -11"><span class='ocrx_word' id='word_1_19' title='bbox 195 492 371 561; x_wconf 87' lang='lat' dir='ltr'><strong>nime</strong></span> <span class='ocrx_word' id='word_1_20' title='bbox 414 491 814 572; x_wconf 87' lang='lat' dir='ltr'><strong>obnoxium,</strong></span> <span class='ocrx_word' id='word_1_21' title='bbox 861 490 1056 560; x_wconf 87' lang='lat' dir='ltr'><strong>tertio</strong></span> <span class='ocrx_word' id='word_1_22' title='bbox 1088 489 1200 559; x_wconf 90' lang='lat' dir='ltr'><strong>die</strong></span> <span class='ocrx_word' id='word_1_23' title='bbox 1229 491 1526 562; x_wconf 83' lang='lat' dir='ltr'><strong>surrexit</strong></span> <span class='ocrx_word' id='word_1_24' title='bbox 1569 513 1651 562; x_wconf 86' lang='lat' dir='ltr'><strong>ex</strong></span> <span class='ocrx_word' id='word_1_25' title='bbox 1680 505 2149 564; x_wconf 89' lang='lat' dir='ltr'><strong>monumento:</strong></span> <span class='ocrx_word' id='word_1_26' title='bbox 2207 493 2297 564; x_wconf 88' lang='lat' dir='ltr'><strong>ita</strong></span> <span class='ocrx_word' id='word_1_27' title='bbox 2339 493 2545 563; x_wconf 89' lang='lat' dir='ltr'><strong>etiam</strong></span> <span class='ocrx_word' id='word_1_28' title='bbox 2578 513 2732 562; x_wconf 87' lang='lat' dir='ltr'><strong>eam</strong></span> 
     </span>
     <span class='ocr_line' id='line_1_4' title="bbox 192 579 2737 670; baseline -0 -20"><span class='ocrx_word' id='word_1_29' title='bbox 192 580 359 669; x_wconf 90' lang='lat' dir='ltr'><strong>eripi</strong></span> <span class='ocrx_word' id='word_1_30' title='bbox 393 602 433 649; x_wconf 91' lang='lat' dir='ltr'><strong>e</strong></span> <span class='ocrx_word' id='word_1_31' title='bbox 478 579 797 670; x_wconf 83' lang='lat' dir='ltr'><strong>sepulcro</strong></span> <span class='ocrx_word' id='word_1_32' title='bbox 842 579 1150 661; x_wconf 79' lang='lat' dir='ltr'>decebat,</span> <span class='ocrx_word' id='word_1_33' title='bbox 1193 590 1259 649; x_wconf 93' lang='lat' dir='ltr'><strong>et</strong></span> <span class='ocrx_word' id='word_1_34' title='bbox 1291 594 1578 651; x_wconf 91' lang='lat' dir='ltr'><strong>matrem</strong></span> <span class='ocrx_word' id='word_1_35' title='bbox 1625 581 1979 652; x_wconf 77' lang='lat' dir='ltr'><strong>transferri</strong></span> <span class='ocrx_word' id='word_1_36' title='bbox 2027 582 2115 652; x_wconf 88' lang='lat' dir='ltr'><strong>ad</strong></span> <span class='ocrx_word' id='word_1_37' title='bbox 2164 581 2415 652; x_wconf 89' lang='lat' dir='ltr'><strong>filium:</strong></span> <span class='ocrx_word' id='word_1_38' title='bbox 2468 594 2534 651; x_wconf 87' lang='lat' dir='ltr'><strong>et</strong></span> <span class='ocrx_word' id='word_1_39' title='bbox 2566 602 2737 667; x_wconf 90' lang='lat' dir='ltr'><strong>quo-</strong></span> 
     </span>
     <span class='ocr_line' id='line_1_5' title="bbox 195 667 2734 760; baseline 0 -22"><span class='ocrx_word' id='word_1_40' title='bbox 195 668 390 739; x_wconf 89' lang='lat' dir='ltr'><strong>modo</strong></span> <span class='ocrx_word' id='word_1_41' title='bbox 436 668 584 760; x_wconf 89' lang='lat' dir='ltr'><strong>ipse</strong></span> <span class='ocrx_word' id='word_1_42' title='bbox 630 667 715 738; x_wconf 88' lang='lat' dir='ltr'><strong>ad</strong></span> <span class='ocrx_word' id='word_1_43' title='bbox 765 690 914 738; x_wconf 88' lang='lat' dir='ltr'><strong>eam</strong></span> <span class='ocrx_word' id='word_1_44' title='bbox 967 667 1366 750; x_wconf 83' lang='lat' dir='ltr'><strong>descendit,</strong></span> <span class='ocrx_word' id='word_1_45' title='bbox 1424 669 1517 739; x_wconf 88' lang='lat' dir='ltr'><strong>ita</strong></span> <span class='ocrx_word' id='word_1_46' title='bbox 1572 669 1776 739; x_wconf 88' lang='lat' dir='ltr'><strong>etiam</strong></span> <span class='ocrx_word' id='word_1_47' title='bbox 1841 692 1993 740; x_wconf 88' lang='lat' dir='ltr'><strong>eam</strong></span> <span class='ocrx_word' id='word_1_48' title='bbox 2044 670 2143 739; x_wconf 91' lang='lat' dir='ltr'><strong>illi</strong></span> <span class='ocrx_word' id='word_1_49' title='bbox 2205 669 2734 741; x_wconf 81' lang='lat' dir='ltr'><strong>dilectissimam</strong></span> 
     </span>
     <span class='ocr_line' id='line_1_6' title="bbox 191 756 2737 849; baseline 0 -22"><span class='ocrx_word' id='word_1_50' title='bbox 191 756 271 827; x_wconf 91' lang='lat' dir='ltr'><strong>ad</strong></span> <span class='ocrx_word' id='word_1_51' title='bbox 324 758 553 848; x_wconf 89' lang='lat' dir='ltr'><strong>ipsum</strong></span> <span class='ocrx_word' id='word_1_52' title='bbox 603 756 836 828; x_wconf 80' lang='lat' dir='ltr'><strong>extolli</strong></span> <span class='ocrx_word' id='word_1_53' title='bbox 883 757 955 826; x_wconf 91' lang='lat' dir='ltr'><strong>in</strong></span> <span class='ocrx_word' id='word_1_54' title='bbox 1026 758 1255 847; x_wconf 89' lang='lat' dir='ltr'><strong>majus</strong></span> <span class='ocrx_word' id='word_1_55' title='bbox 1300 770 1367 828; x_wconf 88' lang='lat' dir='ltr'><strong>et</strong></span> <span class='ocrx_word' id='word_1_56' title='bbox 1432 756 1802 849; x_wconf 82' lang='lat' dir='ltr'><strong>perfectius</strong></span> <span class='ocrx_word' id='word_1_57' title='bbox 1861 758 2436 840; x_wconf 89' lang='lat' dir='ltr'><strong>tabernaculum,</strong></span> <span class='ocrx_word' id='word_1_58' title='bbox 2489 779 2737 848; x_wconf 89' lang='lat' dir='ltr'><strong>nempe</strong></span> 
     </span>
     <span class='ocr_line' id='line_1_7' title="bbox 193 846 2737 937; baseline 0.001 -22"><span class='ocrx_word' id='word_1_59' title='bbox 193 846 256 915; x_wconf 92' lang='lat' dir='ltr'><strong>in</strong></span> <span class='ocrx_word' id='word_1_60' title='bbox 330 847 559 937; x_wconf 88' lang='lat' dir='ltr'><strong>ipsum</strong></span> <span class='ocrx_word' id='word_1_61' title='bbox 623 846 923 917; x_wconf 89' lang='lat' dir='ltr'><strong>coelum.</strong></span> <span class='ocrx_word' id='word_1_62' title='bbox 977 849 1346 937; x_wconf 80' lang='lat' dir='ltr'><strong>Oportebat</strong></span> <span class='ocrx_word' id='word_1_63' title='bbox 1390 868 1541 917; x_wconf 87' lang='lat' dir='ltr'><strong>eam</strong></span> <span class='ocrx_word' id='word_1_64' title='bbox 1574 901 1590 929; x_wconf 91' lang='lat'>‚</span> <span class='ocrx_word' id='word_1_65' title='bbox 1642 868 1822 935; x_wconf 91' lang='lat' dir='ltr'><strong>quae</strong></span> <span class='ocrx_word' id='word_1_66' title='bbox 1870 852 2079 918; x_wconf 89' lang='lat' dir='ltr'><strong>Deum</strong></span> <span class='ocrx_word' id='word_1_67' title='bbox 2143 848 2437 917; x_wconf 90' lang='lat' dir='ltr'><strong>Verbum</strong></span> <span class='ocrx_word' id='word_1_68' title='bbox 2487 847 2558 916; x_wconf 92' lang='lat' dir='ltr'><strong>in</strong></span> <span class='ocrx_word' id='word_1_69' title='bbox 2610 868 2737 917; x_wconf 89' lang='lat' dir='ltr'><strong>suo</strong></span> 
     </span>
     <span class='ocr_line' id='line_1_8' title="bbox 193 934 2738 1027; baseline 0.001 -22"><span class='ocrx_word' id='word_1_70' title='bbox 193 948 376 1006; x_wconf 88' lang='lat' dir='ltr'><strong>utero</strong></span> <span class='ocrx_word' id='word_1_71' title='bbox 416 935 715 1025; x_wconf 87' lang='lat' dir='ltr'><strong>hospitio</strong></span> <span class='ocrx_word' id='word_1_72' title='bbox 742 947 1120 1027; x_wconf 86' lang='lat' dir='ltr'><strong>exceperat,</strong></span> <span class='ocrx_word' id='word_1_73' title='bbox 1158 934 1482 1006; x_wconf 91' lang='lat' dir='ltr'><strong>collocari</strong></span> <span class='ocrx_word' id='word_1_74' title='bbox 1533 936 1600 1005; x_wconf 95' lang='lat' dir='ltr'><strong>in</strong></span> <span class='ocrx_word' id='word_1_75' title='bbox 1638 936 1895 1006; x_wconf 88' lang='lat' dir='ltr'><strong>divinis</strong></span> <span class='ocrx_word' id='word_1_76' title='bbox 1944 937 2070 1006; x_wconf 84' lang='lat' dir='ltr'><strong>filii</strong></span> <span class='ocrx_word' id='word_1_77' title='bbox 2111 935 2619 1007; x_wconf 88' lang='lat' dir='ltr'><strong>tabernaculis:</strong></span> <span class='ocrx_word' id='word_1_78' title='bbox 2672 948 2738 1007; x_wconf 93' lang='lat' dir='ltr'><strong>et</strong></span> 
     </span>
     <span class='ocr_line' id='line_1_9' title="bbox 191 1023 2737 1114; baseline 0 -20"><span class='ocrx_word' id='word_1_79' title='bbox 191 1024 526 1111; x_wconf 88' lang='lat' dir='ltr'><strong>quomodo</strong></span> <span class='ocrx_word' id='word_1_80' title='bbox 559 1023 733 1095; x_wconf 83' lang='lat' dir='ltr'><strong>dixit</strong></span> <span class='ocrx_word' id='word_1_81' title='bbox 793 1025 1128 1094; x_wconf 89' lang='lat' dir='ltr'><strong>Dominus</strong></span> <span class='ocrx_word' id='word_1_82' title='bbox 1171 1024 1422 1095; x_wconf 86' lang='lat' dir='ltr'><strong>debere</strong></span> <span class='ocrx_word' id='word_1_83' title='bbox 1469 1047 1541 1095; x_wconf 89' lang='lat' dir='ltr'><strong>se</strong></span> <span class='ocrx_word' id='word_1_84' title='bbox 1588 1046 1739 1096; x_wconf 91' lang='lat' dir='ltr'><strong>esse</strong></span> <span class='ocrx_word' id='word_1_85' title='bbox 1787 1026 1855 1094; x_wconf 93' lang='lat' dir='ltr'><strong>in</strong></span> <span class='ocrx_word' id='word_1_86' title='bbox 1907 1025 1994 1096; x_wconf 87' lang='lat' dir='ltr'><strong>iis</strong></span> <span class='ocrx_word' id='word_1_87' title='bbox 2040 1045 2218 1114; x_wconf 88' lang='lat' dir='ltr'><strong>quae</strong></span> <span class='ocrx_word' id='word_1_88' title='bbox 2255 1036 2421 1095; x_wconf 91' lang='lat' dir='ltr'><strong>sunt</strong></span> <span class='ocrx_word' id='word_1_89' title='bbox 2468 1024 2578 1094; x_wconf 91' lang='lat' dir='ltr'><strong>sui</strong></span> <span class='ocrx_word' id='word_1_90' title='bbox 2616 1029 2737 1094; x_wconf 90' lang='lat' dir='ltr'><strong>Pa-</strong></span> 
     </span>
     <span class='ocr_line' id='line_1_10' title="bbox 193 1112 2735 1205; baseline 0 -23"><span class='ocrx_word' id='word_1_91' title='bbox 193 1113 347 1183; x_wconf 85' lang='lat' dir='ltr'><strong>tris:</strong></span> <span class='ocrx_word' id='word_1_92' title='bbox 391 1113 488 1183; x_wconf 91' lang='lat' dir='ltr'><strong>ita</strong></span> <span class='ocrx_word' id='word_1_93' title='bbox 517 1114 724 1183; x_wconf 87' lang='lat' dir='ltr'><strong>etiam</strong></span> <span class='ocrx_word' id='word_1_94' title='bbox 776 1127 1065 1183; x_wconf 88' lang='lat' dir='ltr'><strong>matrem</strong></span> <span class='ocrx_word' id='word_1_95' title='bbox 1116 1113 1472 1204; x_wconf 87' lang='lat' dir='ltr'><strong>oportebat</strong></span> <span class='ocrx_word' id='word_1_96' title='bbox 1513 1114 1824 1184; x_wconf 90' lang='lat' dir='ltr'><strong>habitare</strong></span> <span class='ocrx_word' id='word_1_97' title='bbox 1858 1114 1928 1183; x_wconf 93' lang='lat' dir='ltr'><strong>in</strong></span> <span class='ocrx_word' id='word_1_98' title='bbox 1981 1114 2169 1205; x_wconf 90' lang='lat' dir='ltr'><strong>regia</strong></span> <span class='ocrx_word' id='word_1_99' title='bbox 2216 1112 2370 1194; x_wconf 86' lang='lat' dir='ltr'><strong>filii,</strong></span> <span class='ocrx_word' id='word_1_100' title='bbox 2412 1114 2479 1182; x_wconf 89' lang='lat' dir='ltr'><strong>in</strong></span> <span class='ocrx_word' id='word_1_101' title='bbox 2527 1112 2735 1182; x_wconf 93' lang='lat' dir='ltr'><strong>domo</strong></span> 
     </span>
     <span class='ocr_line' id='line_1_11' title="bbox 193 1201 2732 1293; baseline -0 -22"><span class='ocrx_word' id='word_1_102' title='bbox 193 1203 477 1284; x_wconf 90' lang='lat' dir='ltr'><strong>Domini,</strong></span> <span class='ocrx_word' id='word_1_103' title='bbox 530 1217 596 1273; x_wconf 91' lang='lat' dir='ltr'><strong>et</strong></span> <span class='ocrx_word' id='word_1_104' title='bbox 642 1202 712 1271; x_wconf 92' lang='lat' dir='ltr'><strong>in</strong></span> <span class='ocrx_word' id='word_1_105' title='bbox 762 1202 959 1272; x_wconf 88' lang='lat' dir='ltr'><strong>atriis</strong></span> <span class='ocrx_word' id='word_1_106' title='bbox 1005 1201 1257 1272; x_wconf 88' lang='lat' dir='ltr'><strong>domus</strong></span> <span class='ocrx_word' id='word_1_107' title='bbox 1306 1203 1419 1272; x_wconf 91' lang='lat' dir='ltr'><strong>Dei</strong></span> <span class='ocrx_word' id='word_1_108' title='bbox 1480 1203 1720 1273; x_wconf 87' lang='lat' dir='ltr'><strong>nostri.</strong></span> <span class='ocrx_word' id='word_1_109' title='bbox 1776 1202 1844 1273; x_wconf 93' lang='lat' dir='ltr'><strong>Si</strong></span> <span class='ocrx_word' id='word_1_110' title='bbox 1892 1202 2077 1272; x_wconf 89' lang='lat' dir='ltr'><strong>enim</strong></span> <span class='ocrx_word' id='word_1_111' title='bbox 2129 1202 2199 1272; x_wconf 91' lang='lat' dir='ltr'><strong>in</strong></span> <span class='ocrx_word' id='word_1_112' title='bbox 2258 1203 2409 1293; x_wconf 89' lang='lat' dir='ltr'><strong>ipso</strong></span> <span class='ocrx_word' id='word_1_113' title='bbox 2455 1214 2560 1271; x_wconf 89' lang='lat' dir='ltr'><strong>est</strong></span> <span class='ocrx_word' id='word_1_114' title='bbox 2607 1201 2732 1270; x_wconf 89' lang='lat' dir='ltr'><strong>ha-</strong></span> 
     </span>
     <span class='ocr_line' id='line_1_12' title="bbox 193 1289 2737 1382; baseline -0 -22"><span class='ocrx_word' id='word_1_115' title='bbox 193 1289 419 1361; x_wconf 90' lang='lat' dir='ltr'><strong>bitatio</strong></span> <span class='ocrx_word' id='word_1_116' title='bbox 464 1291 780 1361; x_wconf 87' lang='lat' dir='ltr'><strong>omnium</strong></span> <span class='ocrx_word' id='word_1_117' title='bbox 822 1292 945 1378; x_wconf 88' lang='lat' dir='ltr'><strong>qui</strong></span> <span class='ocrx_word' id='word_1_118' title='bbox 992 1290 1357 1372; x_wconf 86' lang='lat' dir='ltr'><strong>laetantur,</strong></span> <span class='ocrx_word' id='word_1_119' title='bbox 1407 1291 1526 1361; x_wconf 88' lang='lat' dir='ltr'><strong>ubi</strong></span> <span class='ocrx_word' id='word_1_120' title='bbox 1575 1305 1678 1361; x_wconf 88' lang='lat' dir='ltr'><strong>est</strong></span> <span class='ocrx_word' id='word_1_121' title='bbox 1724 1314 1938 1362; x_wconf 90' lang='lat' dir='ltr'><strong>causa</strong></span> <span class='ocrx_word' id='word_1_122' title='bbox 1988 1290 2324 1371; x_wconf 90' lang='lat' dir='ltr'><strong>laetitiae,</strong></span> <span class='ocrx_word' id='word_1_123' title='bbox 2379 1290 2737 1382; x_wconf 87' lang='lat' dir='ltr'><strong>oportebat</strong></span> 
     </span>
     <span class='ocr_line' id='line_1_13' title="bbox 190 1379 2739 1472; baseline -0 -24"><span class='ocrx_word' id='word_1_124' title='bbox 190 1379 357 1467; x_wconf 87' lang='lat' dir='ltr'><strong>ejus,</strong></span> <span class='ocrx_word' id='word_1_125' title='bbox 408 1402 591 1468; x_wconf 88' lang='lat' dir='ltr'><strong>quae</strong></span> <span class='ocrx_word' id='word_1_126' title='bbox 622 1380 693 1449; x_wconf 95' lang='lat' dir='ltr'><strong>in</strong></span> <span class='ocrx_word' id='word_1_127' title='bbox 729 1379 1061 1471; x_wconf 90' lang='lat' dir='ltr'><strong>pariendo</strong></span> <span class='ocrx_word' id='word_1_128' title='bbox 1096 1380 1430 1470; x_wconf 86' lang='lat' dir='ltr'><strong>integram</strong></span> <span class='ocrx_word' id='word_1_129' title='bbox 1494 1381 1922 1451; x_wconf 86' lang='lat' dir='ltr'><strong>conservavit</strong></span> <span class='ocrx_word' id='word_1_130' title='bbox 1965 1379 2457 1472; x_wconf 86' lang='lat' dir='ltr'><strong>virginitatem,</strong></span> <span class='ocrx_word' id='word_1_131' title='bbox 2511 1380 2739 1449; x_wconf 90' lang='lat' dir='ltr'><strong>incor-</strong></span> 
     </span>
     <span class='ocr_line' id='line_1_14' title="bbox 193 1467 2730 1571; baseline 0 -34"><span class='ocrx_word' id='word_1_132' title='bbox 193 1482 465 1558; x_wconf 88' lang='lat' dir='ltr'><strong>ruptum</strong></span> <span class='ocrx_word' id='word_1_133' title='bbox 516 1468 909 1541; x_wconf 87' lang='lat' dir='ltr'><strong>conservari</strong></span> <span class='ocrx_word' id='word_1_134' title='bbox 956 1490 1213 1558; x_wconf 84' lang='lat' dir='ltr'><strong>corpus</strong></span> <span class='ocrx_word' id='word_1_135' title='bbox 1259 1469 1464 1539; x_wconf 86' lang='lat' dir='ltr'><strong>etiam</strong></span> <span class='ocrx_word' id='word_1_136' title='bbox 1525 1481 1681 1559; x_wconf 87' lang='lat' dir='ltr'><strong>post</strong></span> <span class='ocrx_word' id='word_1_137' title='bbox 1741 1481 2054 1540; x_wconf 89' lang='lat' dir='ltr'><strong>mortem.</strong></span> <span class='ocrx_word' id='word_1_138' title='bbox 2110 1467 2478 1571; x_wconf 81' lang='lat' dir='ltr'><strong>Oportebat</strong></span> <span class='ocrx_word' id='word_1_139' title='bbox 2537 1489 2730 1549; x_wconf 87' lang='lat' dir='ltr'><strong>eam,</strong></span> 
     </span>
     <span class='ocr_line' id='line_1_15' title="bbox 191 1556 2741 1647; baseline 0 -21"><span class='ocrx_word' id='word_1_140' title='bbox 191 1578 358 1643; x_wconf 89' lang='lat' dir='ltr'><strong>quae</strong></span> <span class='ocrx_word' id='word_1_141' title='bbox 395 1562 778 1628; x_wconf 85' lang='lat' dir='ltr'><strong>Creatorem</strong></span> <span class='ocrx_word' id='word_1_142' title='bbox 837 1558 906 1626; x_wconf 95' lang='lat' dir='ltr'><strong>in</strong></span> <span class='ocrx_word' id='word_1_143' title='bbox 971 1558 1132 1628; x_wconf 86' lang='lat' dir='ltr'><strong>sinu</strong></span> <span class='ocrx_word' id='word_1_144' title='bbox 1165 1557 1454 1647; x_wconf 87' lang='lat' dir='ltr'><strong>gestavit</strong></span> <span class='ocrx_word' id='word_1_145' title='bbox 1501 1556 1861 1639; x_wconf 81' lang='lat' dir='ltr'><strong>infantem,</strong></span> <span class='ocrx_word' id='word_1_146' title='bbox 1916 1558 1984 1627; x_wconf 91' lang='lat' dir='ltr'><strong>in</strong></span> <span class='ocrx_word' id='word_1_147' title='bbox 2035 1557 2291 1627; x_wconf 83' lang='lat' dir='ltr'><strong>divinis</strong></span> <span class='ocrx_word' id='word_1_148' title='bbox 2330 1557 2589 1627; x_wconf 87' lang='lat' dir='ltr'><strong>versari</strong></span> <span class='ocrx_word' id='word_1_149' title='bbox 2638 1568 2741 1626; x_wconf 91' lang='lat' dir='ltr'><strong>ta—</strong></span> 
     </span>
     <span class='ocr_line' id='line_1_16' title="bbox 191 1644 2741 1738; baseline -0.001 -22"><span class='ocrx_word' id='word_1_150' title='bbox 191 1644 604 1717; x_wconf 89' lang='lat' dir='ltr'><strong>bernaculis.</strong></span> <span class='ocrx_word' id='word_1_151' title='bbox 658 1645 1023 1734; x_wconf 86' lang='lat' dir='ltr'><strong>Oportebat</strong></span> <span class='ocrx_word' id='word_1_152' title='bbox 1057 1668 1410 1736; x_wconf 88' lang='lat' dir='ltr'><strong>sponsam,</strong></span> <span class='ocrx_word' id='word_1_153' title='bbox 1441 1668 1651 1734; x_wconf 89' lang='lat' dir='ltr'><strong>quam</strong></span> <span class='ocrx_word' id='word_1_154' title='bbox 1704 1652 1899 1717; x_wconf 87' lang='lat' dir='ltr'><strong>Pater</strong></span> <span class='ocrx_word' id='word_1_155' title='bbox 1943 1646 2337 1738; x_wconf 86' lang='lat' dir='ltr'><strong>despondit,</strong></span> <span class='ocrx_word' id='word_1_156' title='bbox 2390 1645 2637 1736; x_wconf 86' lang='lat' dir='ltr'><strong>degere</strong></span> <span class='ocrx_word' id='word_1_157' title='bbox 2668 1647 2741 1715; x_wconf 91' lang='lat' dir='ltr'><strong>in</strong></span> 
     </span>
     <span class='ocr_line' id='line_1_17' title="bbox 194 1733 2745 1826; baseline 0 -23"><span class='ocrx_word' id='word_1_158' title='bbox 194 1733 509 1805; x_wconf 86' lang='lat' dir='ltr'><strong>thalamis</strong></span> <span class='ocrx_word' id='word_1_159' title='bbox 547 1733 983 1805; x_wconf 86' lang='lat' dir='ltr'><strong>coelestibus.</strong></span> <span class='ocrx_word' id='word_1_160' title='bbox 1037 1738 1406 1826; x_wconf 86' lang='lat' dir='ltr'><strong>Oportebat</strong></span> <span class='ocrx_word' id='word_1_161' title='bbox 1451 1756 1629 1818; x_wconf 88' lang='lat' dir='ltr'><strong>eam,</strong></span> <span class='ocrx_word' id='word_1_162' title='bbox 1683 1757 1860 1823; x_wconf 90' lang='lat' dir='ltr'><strong>quae</strong></span> <span class='ocrx_word' id='word_1_163' title='bbox 1898 1757 2104 1805; x_wconf 89' lang='lat' dir='ltr'><strong>suum</strong></span> <span class='ocrx_word' id='word_1_164' title='bbox 2155 1735 2379 1805; x_wconf 86' lang='lat' dir='ltr'><strong>filium</strong></span> <span class='ocrx_word' id='word_1_165' title='bbox 2432 1735 2502 1804; x_wconf 90' lang='lat' dir='ltr'><strong>in</strong></span> <span class='ocrx_word' id='word_1_166' title='bbox 2536 1756 2745 1804; x_wconf 88' lang='lat' dir='ltr'><strong>cruce</strong></span> 
     </span>
     <span class='ocr_line' id='line_1_18' title="bbox 191 1823 2744 1915; baseline 0.001 -23"><span class='ocrx_word' id='word_1_167' title='bbox 191 1823 611 1913; x_wconf 85' lang='lat' dir='ltr'><strong>adspexerat,</strong></span> <span class='ocrx_word' id='word_1_168' title='bbox 649 1836 713 1894; x_wconf 89' lang='lat' dir='ltr'><strong>et</strong></span> <span class='ocrx_word' id='word_1_169' title='bbox 751 1823 1033 1906; x_wconf 80' lang='lat' dir='ltr'><strong>doloriS‚</strong></span> <span class='ocrx_word' id='word_1_170' title='bbox 1085 1845 1293 1912; x_wconf 91' lang='lat' dir='ltr'><strong>quem</strong></span> <span class='ocrx_word' id='word_1_171' title='bbox 1328 1824 1398 1893; x_wconf 94' lang='lat' dir='ltr'><strong>in</strong></span> <span class='ocrx_word' id='word_1_172' title='bbox 1443 1837 1645 1915; x_wconf 87' lang='lat' dir='ltr'><strong>partu</strong></span> <span class='ocrx_word' id='word_1_173' title='bbox 1675 1824 2030 1915; x_wconf 85' lang='lat' dir='ltr'><strong>effugerat,</strong></span> <span class='ocrx_word' id='word_1_174' title='bbox 2122 1823 2386 1895; x_wconf 91' lang='lat' dir='ltr'><strong>ladium</strong></span> <span class='ocrx_word' id='word_1_175' title='bbox 2438 1824 2505 1893; x_wconf 91' lang='lat' dir='ltr'><strong>in</strong></span> <span class='ocrx_word' id='word_1_176' title='bbox 2538 1823 2744 1894; x_wconf 88' lang='lat' dir='ltr'><strong>corde</strong></span> 
     </span>
     <span class='ocr_line' id='line_1_19' title="bbox 191 1847 2744 2014; baseline 0 -33"><span class='ocrx_word' id='word_1_177' title='bbox 191 1925 590 2014; x_wconf 87' lang='lat' dir='ltr'><strong>acceperat,</strong></span> <span class='ocrx_word' id='word_1_178' title='bbox 663 1912 893 1982; x_wconf 83' lang='lat' dir='ltr'><strong>videre</strong></span> <span class='ocrx_word' id='word_1_179' title='bbox 941 1912 1288 1984; x_wconf 88' lang='lat' dir='ltr'><strong>sedentem</strong></span> <span class='ocrx_word' id='word_1_180' title='bbox 1341 1935 1498 1982; x_wconf 90' lang='lat' dir='ltr'><strong>cum</strong></span> <span class='ocrx_word' id='word_1_181' title='bbox 1551 1917 1771 1982; x_wconf 89' lang='lat' dir='ltr'><strong>Patre.</strong></span> <span class='ocrx_word' id='word_1_182' title='bbox 1840 1847 2209 2014; x_wconf 48' lang='lat' dir='ltr'><strong>Oporteffwat</strong></span> <span class='ocrx_word' id='word_1_183' title='bbox 2269 1912 2386 1982; x_wconf 88' lang='lat' dir='ltr'><strong>Dei</strong></span> <span class='ocrx_word' id='word_1_184' title='bbox 2454 1926 2744 1983; x_wconf 88' lang='lat' dir='ltr'><strong>matrem</strong></span> 
     </span>
     <span class='ocr_line' id='line_1_20' title="bbox 194 2000 2737 2090; baseline 0 -20"><span class='ocrx_word' id='word_1_185' title='bbox 194 2000 538 2090; x_wconf 76' lang='lat' dir='ltr'><strong>possidere</strong></span> <span class='ocrx_word' id='word_1_186' title='bbox 583 2023 661 2072; x_wconf 91' lang='lat' dir='ltr'><strong>ea</strong></span> <span class='ocrx_word' id='word_1_187' title='bbox 689 2022 868 2089; x_wconf 87' lang='lat' dir='ltr'><strong>quae</strong></span> <span class='ocrx_word' id='word_1_188' title='bbox 899 2014 1065 2072; x_wconf 86' lang='lat' dir='ltr'><strong>sunt</strong></span> <span class='ocrx_word' id='word_1_189' title='bbox 1113 2000 1265 2083; x_wconf 86' lang='lat' dir='ltr'><strong>filii,</strong></span> <span class='ocrx_word' id='word_1_190' title='bbox 1304 2014 1369 2071; x_wconf 91' lang='lat' dir='ltr'><strong>et</strong></span> <span class='ocrx_word' id='word_1_191' title='bbox 1402 2012 1756 2088; x_wconf 87' lang='lat' dir='ltr'><strong>tamquam</strong></span> <span class='ocrx_word' id='word_1_192' title='bbox 1793 2005 1910 2071; x_wconf 79' lang='lat' dir='ltr'><strong>Dei</strong></span> <span class='ocrx_word' id='word_1_193' title='bbox 1953 2013 2240 2072; x_wconf 90' lang='lat' dir='ltr'><strong>matrem</strong></span> <span class='ocrx_word' id='word_1_194' title='bbox 2265 2011 2332 2071; x_wconf 89' lang='lat' dir='ltr'><strong>et</strong></span> <span class='ocrx_word' id='word_1_195' title='bbox 2379 2000 2737 2081; x_wconf 84' lang='lat' dir='ltr'><strong>ancillam,</strong></span> 
     </span>
     <span class='ocr_line' id='line_1_21' title="bbox 192 2088 2743 2182; baseline 0.001 -24"><span class='ocrx_word' id='word_1_196' title='bbox 192 2088 455 2160; x_wconf 82' lang='lat' dir='ltr'><strong>adorari</strong></span> <span class='ocrx_word' id='word_1_197' title='bbox 505 2091 592 2160; x_wconf 89' lang='lat' dir='ltr'><strong>ab</strong></span> <span class='ocrx_word' id='word_1_198' title='bbox 640 2090 830 2160; x_wconf 87' lang='lat' dir='ltr'><strong>omni</strong></span> <span class='ocrx_word' id='word_1_199' title='bbox 879 2103 1106 2161; x_wconf 88' lang='lat' dir='ltr'><strong>creata</strong></span> <span class='ocrx_word' id='word_1_200' title='bbox 1156 2104 1423 2160; x_wconf 88' lang='lat' dir='ltr'><strong>natura.</strong></span> <span class='ocrx_word' id='word_1_201' title='bbox 1476 2095 1646 2161; x_wconf 88' lang='lat' dir='ltr'><strong>Nam</strong></span> <span class='ocrx_word' id='word_1_202' title='bbox 1696 2091 1823 2162; x_wconf 91' lang='lat' dir='ltr'><strong>etsi</strong></span> <span class='ocrx_word' id='word_1_203' title='bbox 1871 2112 2145 2182; x_wconf 88' lang='lat' dir='ltr'><strong>semper</strong></span> <span class='ocrx_word' id='word_1_204' title='bbox 2190 2088 2473 2178; x_wconf 89' lang='lat' dir='ltr'><strong>quidem</strong></span> <span class='ocrx_word' id='word_1_205' title='bbox 2524 2111 2565 2159; x_wconf 90' lang='lat' dir='ltr'><strong>a</strong></span> <span class='ocrx_word' id='word_1_206' title='bbox 2617 2111 2743 2179; x_wconf 88' lang='lat' dir='ltr'><strong>pa-</strong></span> 
     </span>
     <span class='ocr_line' id='line_1_22' title="bbox 196 2178 2744 2267; baseline 0 -21"><span class='ocrx_word' id='word_1_207' title='bbox 196 2179 503 2249; x_wconf 85' lang='lat' dir='ltr'><strong>rentibus</strong></span> <span class='ocrx_word' id='word_1_208' title='bbox 550 2178 638 2249; x_wconf 91' lang='lat' dir='ltr'><strong>ad</strong></span> <span class='ocrx_word' id='word_1_209' title='bbox 688 2178 870 2251; x_wconf 88' lang='lat' dir='ltr'><strong>filios</strong></span> <span class='ocrx_word' id='word_1_210' title='bbox 929 2178 1283 2250; x_wconf 88' lang='lat' dir='ltr'><strong>descendit</strong></span> <span class='ocrx_word' id='word_1_211' title='bbox 1348 2179 1760 2262; x_wconf 86' lang='lat' dir='ltr'><strong>haereditas,</strong></span> <span class='ocrx_word' id='word_1_212' title='bbox 1829 2200 2015 2249; x_wconf 88' lang='lat' dir='ltr'><strong>nunc</strong></span> <span class='ocrx_word' id='word_1_213' title='bbox 2123 2191 2199 2249; x_wconf 82' lang='lat' dir='ltr'><strong>ut</strong></span> <span class='ocrx_word' id='word_1_214' title='bbox 2244 2178 2414 2249; x_wconf 90' lang='lat' dir='ltr'><strong>dicit</strong></span> <span class='ocrx_word' id='word_1_215' title='bbox 2458 2178 2744 2267; x_wconf 89' lang='lat' dir='ltr'><strong>quidam</strong></span> 
     </span>
     <span class='ocr_line' id='line_1_23' title="bbox 195 2266 2746 2359; baseline 0 -23"><span class='ocrx_word' id='word_1_216' title='bbox 195 2267 497 2358; x_wconf 85' lang='lat' dir='ltr'><strong>sapiens)</strong></span> <span class='ocrx_word' id='word_1_217' title='bbox 541 2267 626 2337; x_wconf 90' lang='lat' dir='ltr'><strong>ad</strong></span> <span class='ocrx_word' id='word_1_218' title='bbox 663 2267 1034 2338; x_wconf 85' lang='lat' dir='ltr'><strong>fluviorum</strong></span> <span class='ocrx_word' id='word_1_219' title='bbox 1087 2280 1297 2359; x_wconf 89' lang='lat' dir='ltr'><strong>caput</strong></span> <span class='ocrx_word' id='word_1_220' title='bbox 1344 2267 1563 2338; x_wconf 85' lang='lat' dir='ltr'><strong>fontes</strong></span> <span class='ocrx_word' id='word_1_221' title='bbox 1613 2267 2019 2358; x_wconf 88' lang='lat' dir='ltr'><strong>procedunt.</strong></span> <span class='ocrx_word' id='word_1_222' title='bbox 2133 2267 2297 2339; x_wconf 88' lang='lat' dir='ltr'><strong>ilius</strong></span> <span class='ocrx_word' id='word_1_223' title='bbox 2343 2268 2530 2337; x_wconf 87' lang='lat' dir='ltr'><strong>enim</strong></span> <span class='ocrx_word' id='word_1_224' title='bbox 2582 2266 2746 2337; x_wconf 93' lang='lat' dir='ltr'><strong>uni-</strong></span> 
     </span>
     <span class='ocr_line' id='line_1_24' title="bbox 193 2356 2321 2447; baseline 0.001 -24"><span class='ocrx_word' id='word_1_225' title='bbox 193 2376 449 2427; x_wconf 77' lang='lat' dir='ltr'><strong>versam</strong></span> <span class='ocrx_word' id='word_1_226' title='bbox 477 2368 777 2426; x_wconf 87' lang='lat' dir='ltr'><strong>creatam</strong></span> <span class='ocrx_word' id='word_1_227' title='bbox 831 2369 1148 2427; x_wconf 88' lang='lat' dir='ltr'><strong>naturam</strong></span> <span class='ocrx_word' id='word_1_228' title='bbox 1202 2356 1464 2447; x_wconf 84' lang='lat' dir='ltr'><strong>redegit</strong></span> <span class='ocrx_word' id='word_1_229' title='bbox 1495 2357 1565 2426; x_wconf 94' lang='lat' dir='ltr'><strong>in</strong></span> <span class='ocrx_word' id='word_1_230' title='bbox 1619 2356 1860 2427; x_wconf 89' lang='lat' dir='ltr'><strong>matris</strong></span> <span class='ocrx_word' id='word_1_231' title='bbox 1899 2356 2321 2427; x_wconf 85' lang='lat' dir='ltr'><strong>servitutem.</strong></span> 
     </span>
    </p>

    <p class='ocr_par' dir='ltr' id='par_1_3' title="bbox 191 2443 2749 3684">
     <span class='ocr_line' id='line_1_25' title="bbox 273 2443 2742 2537; baseline -0.002 -17"><span class='ocrx_word' id='word_1_232' title='bbox 273 2446 309 2532; x_wconf 65' lang='grc' dir='ltr'><strong>ξ</strong></span> <span class='ocrx_word' id='word_1_233' title='bbox 353 2451 508 2520; x_wconf 71' lang='grc' dir='ltr'><strong>ίθ.</strong></span> <span class='ocrx_word' id='word_1_234' title='bbox 561 2444 869 2537; x_wconf 82' lang='lat' dir='ltr'><strong>Agedum</strong></span> <span class='ocrx_word' id='word_1_235' title='bbox 902 2466 1065 2537; x_wconf 89' lang='lat' dir='ltr'><strong>ergo</strong></span> <span class='ocrx_word' id='word_1_236' title='bbox 1105 2467 1230 2516; x_wconf 92' lang='lat' dir='ltr'><strong>nos</strong></span> <span class='ocrx_word' id='word_1_237' title='bbox 1275 2467 1552 2535; x_wconf 91' lang='lat' dir='ltr'><strong>quoque</strong></span> <span class='ocrx_word' id='word_1_238' title='bbox 1599 2443 1806 2516; x_wconf 90' lang='lat' dir='ltr'><strong>hodie</strong></span> <span class='ocrx_word' id='word_1_239' title='bbox 1851 2446 1963 2518; x_wconf 92' lang='lat' dir='ltr'><strong>Dei</strong></span> <span class='ocrx_word' id='word_1_240' title='bbox 2015 2445 2212 2516; x_wconf 85' lang='lat' dir='ltr'><strong>Matri</strong></span> <span class='ocrx_word' id='word_1_241' title='bbox 2260 2443 2446 2516; x_wconf 90' lang='lat' dir='ltr'><strong>diem</strong></span> <span class='ocrx_word' id='word_1_242' title='bbox 2488 2443 2742 2515; x_wconf 73' lang='lat' dir='ltr'><strong>festum</strong></span> 
     </span>
     <span class='ocr_line' id='line_1_26' title="bbox 192 2533 2748 2622; baseline 0.001 -20"><span class='ocrx_word' id='word_1_243' title='bbox 192 2533 638 2615; x_wconf 81' lang='lat' dir='ltr'><strong>celebremus,</strong></span> <span class='ocrx_word' id='word_1_244' title='bbox 692 2535 813 2622; x_wconf 92' lang='lat' dir='ltr'><strong>qui</strong></span> <span class='ocrx_word' id='word_1_245' title='bbox 847 2534 1018 2605; x_wconf 90' lang='lat' dir='ltr'><strong>solet</strong></span> <span class='ocrx_word' id='word_1_246' title='bbox 1063 2535 1134 2604; x_wconf 93' lang='lat' dir='ltr'><strong>in</strong></span> <span class='ocrx_word' id='word_1_247' title='bbox 1185 2534 1522 2617; x_wconf 74' lang='lat' dir='ltr'><strong>disceSSU,</strong></span> <span class='ocrx_word' id='word_1_248' title='bbox 1568 2556 1703 2605; x_wconf 92' lang='lat' dir='ltr'><strong>non</strong></span> <span class='ocrx_word' id='word_1_249' title='bbox 1757 2535 1960 2607; x_wconf 90' lang='lat' dir='ltr'><strong>tibias</strong></span> <span class='ocrx_word' id='word_1_250' title='bbox 2007 2535 2096 2604; x_wconf 90' lang='lat' dir='ltr'><strong>ali</strong></span> <span class='ocrx_word' id='word_1_251' title='bbox 2154 2557 2278 2605; x_wconf 86' lang='lat' dir='ltr'><strong>uas</strong></span> <span class='ocrx_word' id='word_1_252' title='bbox 2328 2533 2644 2615; x_wconf 82' lang='lat' dir='ltr'><strong>ferentes,</strong></span> <span class='ocrx_word' id='word_1_253' title='bbox 2681 2544 2748 2604; x_wconf 91' lang='lat' dir='ltr'><strong>et</strong></span> 
     </span>
     <span class='ocr_line' id='line_1_27' title="bbox 196 2622 2745 2712; baseline 0 -22"><span class='ocrx_word' id='word_1_254' title='bbox 196 2623 603 2712; x_wconf 87' lang='lat' dir='ltr'><strong>Corybantes</strong></span> <span class='ocrx_word' id='word_1_255' title='bbox 641 2623 699 2704; x_wconf 69' lang='lat'><strong>⁴⁸,</strong></span> <span class='ocrx_word' id='word_1_256' title='bbox 733 2636 799 2693; x_wconf 90' lang='lat' dir='ltr'><strong>et</strong></span> <span class='ocrx_word' id='word_1_257' title='bbox 831 2623 1071 2694; x_wconf 88' lang='lat' dir='ltr'><strong>matris</strong></span> <span class='ocrx_word' id='word_1_258' title='bbox 1105 2623 1467 2705; x_wconf 83' lang='lat' dir='ltr'><strong>falsorum,</strong></span> <span class='ocrx_word' id='word_1_259' title='bbox 1521 2623 1641 2712; x_wconf 92' lang='lat' dir='ltr'><strong>qui</strong></span> <span class='ocrx_word' id='word_1_260' title='bbox 1692 2636 2047 2706; x_wconf 83' lang='lat' dir='ltr'><strong>vocantur,</strong></span> <span class='ocrx_word' id='word_1_261' title='bbox 2151 2644 2419 2704; x_wconf 89' lang='lat' dir='ltr'><strong>eorum,</strong></span> <span class='ocrx_word' id='word_1_262' title='bbox 2473 2635 2551 2692; x_wconf 91' lang='lat' dir='ltr'><strong>ut</strong></span> <span class='ocrx_word' id='word_1_263' title='bbox 2607 2622 2745 2711; x_wconf 91' lang='lat' dir='ltr'><strong>ipsi</strong></span> 
     </span>
     <span class='ocr_line' id='line_1_28' title="bbox 194 2708 2745 2803; baseline 0 -25"><span class='ocrx_word' id='word_1_264' title='bbox 194 2708 475 2793; x_wconf 87' lang='lat' dir='ltr'><strong>dicunt,</strong></span> <span class='ocrx_word' id='word_1_265' title='bbox 534 2722 936 2802; x_wconf 86' lang='lat' dir='ltr'><strong>peragentes</strong></span> <span class='ocrx_word' id='word_1_266' title='bbox 983 2713 1216 2803; x_wconf 89' lang='lat' dir='ltr'><strong>orgia:</strong></span> <span class='ocrx_word' id='word_1_267' title='bbox 1296 2731 1506 2800; x_wconf 89' lang='lat' dir='ltr'><strong>quam</strong></span> <span class='ocrx_word' id='word_1_268' title='bbox 1556 2711 1764 2782; x_wconf 88' lang='lat' dir='ltr'><strong>etiam</strong></span> <span class='ocrx_word' id='word_1_269' title='bbox 1815 2711 2056 2784; x_wconf 88' lang='lat' dir='ltr'><strong>multis</strong></span> <span class='ocrx_word' id='word_1_270' title='bbox 2116 2711 2283 2782; x_wconf 90' lang='lat' dir='ltr'><strong>filiis</strong></span> <span class='ocrx_word' id='word_1_271' title='bbox 2330 2709 2745 2782; x_wconf 86' lang='lat' dir='ltr'><strong>foecundam</strong></span> 
     </span>
     <span class='ocr_line' id='line_1_29' title="bbox 193 2798 2744 2891; baseline -0 -24"><span class='ocrx_word' id='word_1_272' title='bbox 193 2799 378 2870; x_wconf 88' lang='lat' dir='ltr'><strong>stulti</strong></span> <span class='ocrx_word' id='word_1_273' title='bbox 445 2799 901 2891; x_wconf 86' lang='lat' dir='ltr'><strong>confingunt.</strong></span> <span class='ocrx_word' id='word_1_274' title='bbox 971 2821 1197 2871; x_wconf 90' lang='lat' dir='ltr'><strong>sermo</strong></span> <span class='ocrx_word' id='word_1_275' title='bbox 1253 2814 1484 2873; x_wconf 89' lang='lat' dir='ltr'><strong>autem</strong></span> <span class='ocrx_word' id='word_1_276' title='bbox 1549 2801 1857 2871; x_wconf 82' lang='lat' dir='ltr'><strong>veritatis</strong></span> <span class='ocrx_word' id='word_1_277' title='bbox 1904 2801 2206 2873; x_wconf 88' lang='lat' dir='ltr'><strong>ostendit</strong></span> <span class='ocrx_word' id='word_1_278' title='bbox 2268 2820 2504 2870; x_wconf 89' lang='lat' dir='ltr'><strong>carere</strong></span> <span class='ocrx_word' id='word_1_279' title='bbox 2551 2798 2744 2868; x_wconf 84' lang='lat' dir='ltr'><strong>filiis.</strong></span> 
     </span>
     <span class='ocr_line' id='line_1_30' title="bbox 195 2888 2744 2980; baseline 0 -24"><span class='ocrx_word' id='word_1_280' title='bbox 195 2889 565 2960; x_wconf 86' lang='lat' dir='ltr'><strong>Daemones</strong></span> <span class='ocrx_word' id='word_1_281' title='bbox 613 2888 976 2960; x_wconf 89' lang='lat' dir='ltr'><strong>sunthaec</strong></span> <span class='ocrx_word' id='word_1_282' title='bbox 1024 2889 1437 2960; x_wconf 89' lang='lat' dir='ltr'><strong>adumbrata</strong></span> <span class='ocrx_word' id='word_1_283' title='bbox 1492 2901 1785 2980; x_wconf 89' lang='lat' dir='ltr'><strong>spectra,</strong></span> <span class='ocrx_word' id='word_1_284' title='bbox 1837 2891 1960 2977; x_wconf 89' lang='lat' dir='ltr'><strong>qui</strong></span> <span class='ocrx_word' id='word_1_285' title='bbox 2013 2889 2081 2958; x_wconf 91' lang='lat' dir='ltr'><strong>id</strong></span> <span class='ocrx_word' id='word_1_286' title='bbox 2130 2888 2316 2976; x_wconf 88' lang='lat' dir='ltr'><strong>quod</strong></span> <span class='ocrx_word' id='word_1_287' title='bbox 2367 2891 2505 2958; x_wconf 79' lang='lat' dir='ltr'><strong>‘non</strong></span> <span class='ocrx_word' id='word_1_288' title='bbox 2558 2900 2744 2969; x_wconf 87' lang='lat' dir='ltr'><strong>sunt,</strong></span> 
     </span>
     <span class='ocr_line' id='line_1_31' title="bbox 196 2976 2748 3068; baseline -0 -22"><span class='ocrx_word' id='word_1_289' title='bbox 196 2986 439 3048; x_wconf 88' lang='lat' dir='ltr'><strong>temere</strong></span> <span class='ocrx_word' id='word_1_290' title='bbox 472 2976 807 3048; x_wconf 87' lang='lat' dir='ltr'><strong>simulant</strong></span> <span class='ocrx_word' id='word_1_291' title='bbox 838 3001 919 3048; x_wconf 88' lang='lat' dir='ltr'><strong>ac</strong></span> <span class='ocrx_word' id='word_1_292' title='bbox 960 2990 1498 3068; x_wconf 84' lang='lat' dir='ltr'><strong>repraesentant.</strong></span> <span class='ocrx_word' id='word_1_293' title='bbox 1550 2999 1818 3060; x_wconf 90' lang='lat' dir='ltr'><strong>eorum,</strong></span> <span class='ocrx_word' id='word_1_294' title='bbox 1870 2978 1992 3068; x_wconf 91' lang='lat' dir='ltr'><strong>qui</strong></span> <span class='ocrx_word' id='word_1_295' title='bbox 2032 2977 2397 3059; x_wconf 84' lang='lat' dir='ltr'><strong>falluntur,</strong></span> <span class='ocrx_word' id='word_1_296' title='bbox 2467 2977 2748 3067; x_wconf 89' lang='lat' dir='ltr'><strong>ignora-</strong></span> 
     </span>
     <span class='ocr_line' id='line_1_32' title="bbox 197 3064 2748 3159; baseline 0 -26"><span class='ocrx_word' id='word_1_297' title='bbox 197 3064 441 3137; x_wconf 88' lang='lat' dir='ltr'><strong>tionem</strong></span> <span class='ocrx_word' id='word_1_298' title='bbox 485 3066 819 3137; x_wconf 89' lang='lat' dir='ltr'><strong>habentes</strong></span> <span class='ocrx_word' id='word_1_299' title='bbox 850 3065 1286 3158; x_wconf 85' lang='lat' dir='ltr'><strong>adjutricem.</strong></span> <span class='ocrx_word' id='word_1_300' title='bbox 1332 3066 1935 3151; x_wconf 86' lang='lat' dir='ltr'><strong>Quemadmodum</strong></span> <span class='ocrx_word' id='word_1_301' title='bbox 1978 3066 2164 3137; x_wconf 89' lang='lat' dir='ltr'><strong>enim</strong></span> <span class='ocrx_word' id='word_1_302' title='bbox 2214 3067 2281 3159; x_wconf 88' lang='lat' dir='ltr'><strong>gi</strong></span> <span class='ocrx_word' id='word_1_303' title='bbox 2339 3065 2441 3136; x_wconf 89' lang='lat' dir='ltr'><strong>nit</strong></span> <span class='ocrx_word' id='word_1_304' title='bbox 2472 3088 2552 3137; x_wconf 85' lang='lat' dir='ltr'><strong>ex</strong></span> <span class='ocrx_word' id='word_1_305' title='bbox 2582 3087 2748 3135; x_wconf 91' lang='lat' dir='ltr'><strong>con-</strong></span> 
     </span>
     <span class='ocr_line' id='line_1_33' title="bbox 191 3150 2749 3246; baseline 0 -23"><span class='ocrx_word' id='word_1_306' title='bbox 191 3150 543 3240; x_wconf 82' lang='lat' dir='ltr'><strong>junctione</strong></span> <span class='ocrx_word' id='word_1_307' title='bbox 625 3155 760 3225; x_wconf 90' lang='lat' dir='ltr'><strong>uod</strong></span> <span class='ocrx_word' id='word_1_308' title='bbox 808 3167 911 3226; x_wconf 87' lang='lat' dir='ltr'><strong>est</strong></span> <span class='ocrx_word' id='word_1_309' title='bbox 957 3156 1468 3246; x_wconf 89' lang='lat' dir='ltr'><strong>incorporeum,</strong></span> <span class='ocrx_word' id='word_1_310' title='bbox 1505 3169 1570 3226; x_wconf 91' lang='lat' dir='ltr'><strong>et</strong></span> <span class='ocrx_word' id='word_1_311' title='bbox 1605 3177 1915 3243; x_wconf 89' lang='lat' dir='ltr'><strong>quonam</strong></span> <span class='ocrx_word' id='word_1_312' title='bbox 1958 3155 2162 3226; x_wconf 89' lang='lat' dir='ltr'><strong>modo</strong></span> <span class='ocrx_word' id='word_1_313' title='bbox 2196 3158 2300 3227; x_wconf 88' lang='lat' dir='ltr'><strong>coi</strong></span> <span class='ocrx_word' id='word_1_314' title='bbox 2357 3155 2458 3226; x_wconf 74' lang='lat' dir='ltr'><strong>it?</strong></span> <span class='ocrx_word' id='word_1_315' title='bbox 2496 3168 2561 3225; x_wconf 93' lang='lat' dir='ltr'><strong>et</strong></span> <span class='ocrx_word' id='word_1_316' title='bbox 2590 3154 2749 3243; x_wconf 87' lang='lat' dir='ltr'><strong>quis</strong></span> 
     </span>
     <span class='ocr_line' id='line_1_34' title="bbox 196 3177 2744 3402; baseline 0.001 -92"><span class='ocrx_word' id='word_1_317' title='bbox 196 3240 492 3315; x_wconf 87' lang='lat' dir='ltr'><strong>deusest</strong></span> <span class='ocrx_word' id='word_1_318' title='bbox 551 3177 647 3326; x_wconf 60' lang='lat'><strong>13,</strong></span> <span class='ocrx_word' id='word_1_319' title='bbox 714 3244 899 3331; x_wconf 90' lang='lat' dir='ltr'><strong>quod</strong></span> <span class='ocrx_word' id='word_1_320' title='bbox 936 3245 1149 3402; x_wconf 57' lang='lat' dir='ltr'><strong>1prius</strong></span> <span class='ocrx_word' id='word_1_321' title='bbox 1194 3245 1478 3332; x_wconf 89' lang='lat' dir='ltr'><strong>quidem</strong></span> <span class='ocrx_word' id='word_1_322' title='bbox 1530 3266 1666 3316; x_wconf 92' lang='lat' dir='ltr'><strong>non</strong></span> <span class='ocrx_word' id='word_1_323' title='bbox 1716 3257 1903 3328; x_wconf 89' lang='lat' dir='ltr'><strong>erat,</strong></span> <span class='ocrx_word' id='word_1_324' title='bbox 1957 3244 2330 3316; x_wconf 88' lang='lat' dir='ltr'><strong>deducitur</strong></span> <span class='ocrx_word' id='word_1_325' title='bbox 2374 3257 2607 3315; x_wconf 83' lang='lat' dir='ltr'><strong>autern</strong></span> <span class='ocrx_word' id='word_1_326' title='bbox 2658 3242 2744 3312; x_wconf 91' lang='lat' dir='ltr'><strong>ad</strong></span> 
     </span>
     <span class='ocr_line' id='line_1_35' title="bbox 197 3333 2737 3425; baseline -0 -24"><span class='ocrx_word' id='word_1_327' title='bbox 197 3334 754 3422; x_wconf 76' lang='lat' dir='ltr'><strong>generationem?</strong></span> <span class='ocrx_word' id='word_1_328' title='bbox 785 3337 935 3415; x_wconf 86' lang='lat' dir='ltr'><strong>Quo</strong></span> <span class='ocrx_word' id='word_1_329' title='bbox 1030 3345 1259 3404; x_wconf 90' lang='lat' dir='ltr'><strong>autem</strong></span> <span class='ocrx_word' id='word_1_330' title='bbox 1301 3333 1719 3404; x_wconf 81' lang='lat' dir='ltr'><strong>daemonum</strong></span> <span class='ocrx_word' id='word_1_331' title='bbox 1763 3355 1989 3425; x_wconf 86' lang='lat' dir='ltr'><strong>genus</strong></span> <span class='ocrx_word' id='word_1_332' title='bbox 2054 3334 2144 3403; x_wconf 90' lang='lat' dir='ltr'><strong>sit</strong></span> <span class='ocrx_word' id='word_1_333' title='bbox 2199 3334 2685 3424; x_wconf 89' lang='lat' dir='ltr'><strong>incorporeum</strong></span> <span class='ocrx_word' id='word_1_334' title='bbox 2720 3386 2737 3413; x_wconf 88' lang='lat'>‚</span> 
     </span>
     <span class='ocr_line' id='line_1_36' title="bbox 198 3420 2740 3510; baseline 0 -21"><span class='ocrx_word' id='word_1_335' title='bbox 198 3432 291 3490; x_wconf 89' lang='lat' dir='ltr'><strong>est</strong></span> <span class='ocrx_word' id='word_1_336' title='bbox 325 3422 548 3492; x_wconf 86' lang='lat' dir='ltr'><strong>cuivis</strong></span> <span class='ocrx_word' id='word_1_337' title='bbox 583 3420 1052 3501; x_wconf 84' lang='lat' dir='ltr'><strong>manifestum,</strong></span> <span class='ocrx_word' id='word_1_338' title='bbox 1091 3422 1191 3492; x_wconf 83' lang='lat' dir='ltr'><strong>vel</strong></span> <span class='ocrx_word' id='word_1_339' title='bbox 1226 3423 1312 3492; x_wconf 90' lang='lat' dir='ltr'><strong>iis</strong></span> <span class='ocrx_word' id='word_1_340' title='bbox 1344 3423 1577 3505; x_wconf 83' lang='lat' dir='ltr'><strong>etiam,</strong></span> <span class='ocrx_word' id='word_1_341' title='bbox 1611 3423 1735 3510; x_wconf 89' lang='lat' dir='ltr'><strong>qui</strong></span> <span class='ocrx_word' id='word_1_342' title='bbox 1781 3423 2033 3493; x_wconf 87' lang='lat' dir='ltr'><strong>mentis</strong></span> <span class='ocrx_word' id='word_1_343' title='bbox 2066 3422 2289 3493; x_wconf 86' lang='lat' dir='ltr'><strong>oculis</strong></span> <span class='ocrx_word' id='word_1_344' title='bbox 2317 3422 2740 3493; x_wconf 87' lang='lat' dir='ltr'><strong>caecutiunt.</strong></span> 
     </span>
     <span class='ocr_line' id='line_1_37' title="bbox 197 3507 2749 3604; baseline 0.001 -28"><span class='ocrx_word' id='word_1_345' title='bbox 197 3507 453 3581; x_wconf 82' lang='lat' dir='ltr'><strong>Alicubi</strong></span> <span class='ocrx_word' id='word_1_346' title='bbox 498 3511 686 3580; x_wconf 90' lang='lat' dir='ltr'><strong>enim</strong></span> <span class='ocrx_word' id='word_1_347' title='bbox 765 3510 933 3580; x_wconf 88' lang='lat' dir='ltr'><strong>dicit</strong></span> <span class='ocrx_word' id='word_1_348' title='bbox 984 3515 1364 3594; x_wconf 84' lang='lat' dir='ltr'><strong>HomeruS‚</strong></span> <span class='ocrx_word' id='word_1_349' title='bbox 1420 3533 1492 3583; x_wconf 89' lang='lat' dir='ltr'><strong>se</strong></span> <span class='ocrx_word' id='word_1_350' title='bbox 1553 3512 1928 3604; x_wconf 87' lang='lat' dir='ltr'><strong>dignorum</strong></span> <span class='ocrx_word' id='word_1_351' title='bbox 1978 3512 2265 3582; x_wconf 90' lang='lat' dir='ltr'><strong>deorum</strong></span> <span class='ocrx_word' id='word_1_352' title='bbox 2329 3522 2584 3581; x_wconf 89' lang='lat' dir='ltr'><strong>statum</strong></span> <span class='ocrx_word' id='word_1_353' title='bbox 2632 3531 2749 3579; x_wconf 83' lang='lat' dir='ltr'><strong>ex·</strong></span> 
     </span>
     <span class='ocr_line' id='line_1_38' title="bbox 205 3616 506 3684; baseline 0.003 -16"><span class='ocrx_word' id='word_1_354' title='bbox 205 3616 456 3684; x_wconf 87' lang='lat' dir='ltr'><strong>ponens</strong></span> <span class='ocrx_word' id='word_1_355' title='bbox 491 3623 506 3669; x_wconf 89' lang='lat'>:</span> 
     </span>
    </p>
   </div>
   <div class='ocr_carea' id='block_1_3' title="bbox 613 3723 2277 3883">
    <p class='ocr_par' dir='ltr' id='par_1_4' title="bbox 613 3723 2277 3883">
     <span class='ocr_line' id='line_1_39' title="bbox 613 3723 2269 3806; baseline -0.001 -20"><span class='ocrx_word' id='word_1_356' title='bbox 613 3723 747 3786; x_wconf 90' lang='lat' dir='ltr'><strong>Non</strong></span> <span class='ocrx_word' id='word_1_357' title='bbox 779 3740 910 3786; x_wconf 85' lang='lat' dir='ltr'><strong>esca</strong></span> <span class='ocrx_word' id='word_1_358' title='bbox 944 3724 1016 3786; x_wconf 82' lang='lat' dir='ltr'><strong>iis</strong></span> <span class='ocrx_word' id='word_1_359' title='bbox 1042 3726 1237 3805; x_wconf 83' lang='lat' dir='ltr'><strong>panis,</strong></span> <span class='ocrx_word' id='word_1_360' title='bbox 1270 3725 1536 3789; x_wconf 84' lang='lat' dir='ltr'><strong>calidum</strong></span> <span class='ocrx_word' id='word_1_361' title='bbox 1570 3741 1685 3788; x_wconf 87' lang='lat' dir='ltr'><strong>nec</strong></span> <span class='ocrx_word' id='word_1_362' title='bbox 1709 3726 1876 3806; x_wconf 91' lang='lat' dir='ltr'><strong>potio</strong></span> <span class='ocrx_word' id='word_1_363' title='bbox 1904 3728 2125 3787; x_wconf 81' lang='lat' dir='ltr'><strong>vinum</strong></span> <span class='ocrx_word' id='word_1_364' title='bbox 2157 3732 2269 3787; x_wconf 87' lang='lat' dir='ltr'><strong>est.</strong></span> 
     </span>
     <span class='ocr_line' id='line_1_40' title="bbox 617 3804 2277 3883; baseline 0 -18"><span class='ocrx_word' id='word_1_365' title='bbox 617 3804 722 3865; x_wconf 82' lang='lat' dir='ltr'><strong>His</strong></span> <span class='ocrx_word' id='word_1_366' title='bbox 749 3804 922 3868; x_wconf 83' lang='lat' dir='ltr'><strong>deest</strong></span> <span class='ocrx_word' id='word_1_367' title='bbox 950 3805 1096 3867; x_wconf 80' lang='lat' dir='ltr'><strong>hinc</strong></span> <span class='ocrx_word' id='word_1_368' title='bbox 1120 3808 1395 3883; x_wconf 75' lang='lat' dir='ltr'><strong>sanguiS,</strong></span> <span class='ocrx_word' id='word_1_369' title='bbox 1425 3807 1932 3883; x_wconf 84' lang='lat' dir='ltr'><strong>immortalesque</strong></span> <span class='ocrx_word' id='word_1_370' title='bbox 1963 3814 2277 3868; x_wconf 85' lang='lat' dir='ltr'><strong>vocantur.</strong></span> 
     </span>
    </p>
   </div>
   <div class='ocr_carea' id='block_1_4' title="bbox 204 3952 2755 4400">
    <p class='ocr_par' dir='ltr' id='par_1_5' title="bbox 204 3952 2755 4400">
     <span class='ocr_line' id='line_1_41' title="bbox 204 3952 2751 4051; baseline 0 -29"><span class='ocrx_word' id='word_1_371' title='bbox 204 3953 334 4051; x_wconf 72' lang='lat' dir='ltr'><strong>an</strong></span> <span class='ocrx_word' id='word_1_372' title='bbox 381 3965 485 4024; x_wconf 87' lang='lat' dir='ltr'><strong>est</strong></span> <span class='ocrx_word' id='word_1_373' title='bbox 527 3954 651 4036; x_wconf 85' lang='lat' dir='ltr'><strong>eis,</strong></span> <span class='ocrx_word' id='word_1_374' title='bbox 706 3953 955 4042; x_wconf 87' lang='lat' dir='ltr'><strong>inquit,</strong></span> <span class='ocrx_word' id='word_1_375' title='bbox 988 3975 1146 4026; x_wconf 87' lang='lat' dir='ltr'><strong>esca</strong></span> <span class='ocrx_word' id='word_1_376' title='bbox 1232 3956 1408 4036; x_wconf 80' lang='lat' dir='ltr'><strong>aniS,</strong></span> <span class='ocrx_word' id='word_1_377' title='bbox 1463 3975 1687 4042; x_wconf 85' lang='lat' dir='ltr'><strong>neque</strong></span> <span class='ocrx_word' id='word_1_378' title='bbox 1752 3953 1940 4041; x_wconf 89' lang='lat' dir='ltr'><strong>quod</strong></span> <span class='ocrx_word' id='word_1_379' title='bbox 2003 3952 2315 4024; x_wconf 80' lang='lat' dir='ltr'><strong>calefacit</strong></span> <span class='ocrx_word' id='word_1_380' title='bbox 2360 3953 2600 4022; x_wconf 87' lang='lat' dir='ltr'><strong>vinum</strong></span> <span class='ocrx_word' id='word_1_381' title='bbox 2650 3964 2751 4022; x_wconf 90' lang='lat' dir='ltr'><strong>est</strong></span> 
     </span>
     <span class='ocr_line' id='line_1_42' title="bbox 207 4040 2755 4131; baseline 0.002 -24"><span class='ocrx_word' id='word_1_382' title='bbox 207 4058 298 4110; x_wconf 80' lang='lat' dir='ltr'><strong>ets</strong></span> <span class='ocrx_word' id='word_1_383' title='bbox 341 4055 582 4131; x_wconf 84' lang='lat' dir='ltr'><strong>potus:</strong></span> <span class='ocrx_word' id='word_1_384' title='bbox 637 4047 732 4114; x_wconf 87' lang='lat' dir='ltr'><strong>Ea</strong></span> <span class='ocrx_word' id='word_1_385' title='bbox 770 4044 856 4114; x_wconf 93' lang='lat' dir='ltr'><strong>de</strong></span> <span class='ocrx_word' id='word_1_386' title='bbox 887 4064 1100 4115; x_wconf 88' lang='lat' dir='ltr'><strong>causa</strong></span> <span class='ocrx_word' id='word_1_387' title='bbox 1204 4057 1347 4114; x_wconf 87' lang='lat' dir='ltr'><strong>eest</strong></span> <span class='ocrx_word' id='word_1_388' title='bbox 1379 4044 1480 4113; x_wconf 90' lang='lat' dir='ltr'><strong>eis</strong></span> <span class='ocrx_word' id='word_1_389' title='bbox 1543 4065 1667 4115; x_wconf 89' lang='lat' dir='ltr'><strong>san</strong></span> <span class='ocrx_word' id='word_1_390' title='bbox 1727 4044 1878 4113; x_wconf 88' lang='lat' dir='ltr'><strong>uis:</strong></span> <span class='ocrx_word' id='word_1_391' title='bbox 1931 4042 2062 4113; x_wconf 91' lang='lat' dir='ltr'><strong>hoc</strong></span> <span class='ocrx_word' id='word_1_392' title='bbox 2127 4054 2251 4116; x_wconf 87' lang='lat' dir='ltr'><strong>est,</strong></span> <span class='ocrx_word' id='word_1_393' title='bbox 2308 4062 2444 4111; x_wconf 94' lang='lat' dir='ltr'><strong>non</strong></span> <span class='ocrx_word' id='word_1_394' title='bbox 2497 4040 2755 4112; x_wconf 89' lang='lat' dir='ltr'><strong>habent</strong></span> 
     </span>
     <span class='ocr_line' id='line_1_43' title="bbox 209 4131 2754 4231; baseline 0.001 -34"><span class='ocrx_word' id='word_1_395' title='bbox 209 4132 632 4231; x_wconf 77' lang='lat' dir='ltr'><strong>sanguinem,</strong></span> <span class='ocrx_word' id='word_1_396' title='bbox 694 4145 764 4202; x_wconf 92' lang='lat' dir='ltr'><strong>et</strong></span> <span class='ocrx_word' id='word_1_397' title='bbox 822 4132 1274 4203; x_wconf 91' lang='lat' dir='ltr'><strong>nominantur</strong></span> <span class='ocrx_word' id='word_1_398' title='bbox 1338 4132 1661 4203; x_wconf 88' lang='lat' dir='ltr'><strong>immorta</strong></span> <span class='ocrx_word' id='word_1_399' title='bbox 1698 4153 1793 4200; x_wconf 89' lang='lat' dir='ltr'><strong>es.</strong></span> <span class='ocrx_word' id='word_1_400' title='bbox 1874 4131 2155 4222; x_wconf 89' lang='lat' dir='ltr'><strong>Proprie</strong></span> <span class='ocrx_word' id='word_1_401' title='bbox 2201 4142 2432 4200; x_wconf 88' lang='lat' dir='ltr'><strong>autem</strong></span> <span class='ocrx_word' id='word_1_402' title='bbox 2480 4142 2547 4199; x_wconf 90' lang='lat' dir='ltr'><strong>et</strong></span> <span class='ocrx_word' id='word_1_403' title='bbox 2600 4151 2754 4199; x_wconf 85' lang='lat' dir='ltr'><strong>vere</strong></span> 
     </span>
     <span class='ocr_line' id='line_1_44' title="bbox 210 4213 2751 4307; baseline 0.002 -24"><span class='ocrx_word' id='word_1_404' title='bbox 210 4213 367 4288; x_wconf 84' lang='lat' dir='ltr'><strong>dlxtt</strong></span> <span class='ocrx_word' id='word_1_405' title='bbox 411 4219 628 4297; x_wconf 84' lang='lat' dir='ltr'><strong>illud.</strong></span> <span class='ocrx_word' id='word_1_406' title='bbox 682 4226 1046 4293; x_wconf 88' lang='lat' dir='ltr'><strong>Vocantur.</strong></span> <span class='ocrx_word' id='word_1_407' title='bbox 1099 4225 1268 4292; x_wconf 83' lang='lat' dir='ltr'><strong>Nam</strong></span> <span class='ocrx_word' id='word_1_408' title='bbox 1318 4232 1652 4291; x_wconf 88' lang='lat' dir='ltr'><strong>vocantur</strong></span> <span class='ocrx_word' id='word_1_409' title='bbox 1713 4218 1997 4307; x_wconf 88' lang='lat' dir='ltr'><strong>quidem</strong></span> <span class='ocrx_word' id='word_1_410' title='bbox 2067 4219 2493 4290; x_wconf 88' lang='lat' dir='ltr'><strong>immortales</strong></span> <span class='ocrx_word' id='word_1_411' title='bbox 2524 4274 2539 4300; x_wconf 99' lang='lat'><strong>,</strong></span> <span class='ocrx_word' id='word_1_412' title='bbox 2615 4240 2751 4288; x_wconf 92' lang='lat' dir='ltr'><strong>non</strong></span> 
     </span>
     <span class='ocr_line' id='line_1_45' title="bbox 215 4307 2748 4400; baseline 0.003 -29"><span class='ocrx_word' id='word_1_413' title='bbox 215 4320 362 4378; x_wconf 88' lang='lat' dir='ltr'><strong>sunt</strong></span> <span class='ocrx_word' id='word_1_414' title='bbox 405 4322 635 4381; x_wconf 88' lang='lat' dir='ltr'><strong>autem</strong></span> <span class='ocrx_word' id='word_1_415' title='bbox 674 4310 858 4400; x_wconf 89' lang='lat' dir='ltr'><strong>quod</strong></span> <span class='ocrx_word' id='word_1_416' title='bbox 907 4324 1265 4381; x_wconf 83' lang='lat' dir='ltr'><strong>vocantur.</strong></span> <span class='ocrx_word' id='word_1_417' title='bbox 1320 4312 1496 4380; x_wconf 89' lang='lat' dir='ltr'><strong>Sunt</strong></span> <span class='ocrx_word' id='word_1_418' title='bbox 1540 4309 1728 4379; x_wconf 90' lang='lat' dir='ltr'><strong>enim</strong></span> <span class='ocrx_word' id='word_1_419' title='bbox 1785 4307 2040 4379; x_wconf 87' lang='lat' dir='ltr'><strong>mortui</strong></span> <span class='ocrx_word' id='word_1_420' title='bbox 2111 4320 2330 4379; x_wconf 88' lang='lat' dir='ltr'><strong>morte</strong></span> <span class='ocrx_word' id='word_1_421' title='bbox 2385 4309 2558 4378; x_wconf 83' lang='lat' dir='ltr'><strong>vitii.</strong></span> <span class='ocrx_word' id='word_1_422' title='bbox 2616 4313 2748 4378; x_wconf 87' lang='lat' dir='ltr'><strong>Nos</strong></span> 
     </span>
    </p>
   </div>
   <div class='ocr_carea' id='block_1_5' title="bbox 261 4429 1226 4484">
    <p class='ocr_par' dir='ltr' id='par_1_6' title="bbox 261 4429 1226 4484">
     <span class='ocr_line' id='line_1_46' title="bbox 261 4429 1226 4484; baseline 0.002 -8"><span class='ocrx_word' id='word_1_423' title='bbox 261 4429 284 4456; x_wconf 70' lang='lat'><strong>‘</strong></span> <span class='ocrx_word' id='word_1_424' title='bbox 308 4433 504 4483; x_wconf 64' lang='lat' dir='ltr'><strong>orbatio.</strong></span> <span class='ocrx_word' id='word_1_425' title='bbox 522 4434 689 4478; x_wconf 70' lang='lat' dir='ltr'><strong>matri·</strong></span> <span class='ocrx_word' id='word_1_426' title='bbox 709 4437 921 4484; x_wconf 76' lang='lat' dir='ltr'><strong>deorum.</strong></span> <span class='ocrx_word' id='word_1_427' title='bbox 941 4437 1226 4479; x_wconf 66' lang='lat' dir='ltr'><strong>sacerdotes.</strong></span> 
     </span>
    </p>
   </div>
  </div>
 </body>
</html>
