3308 5004
655 369 782 434 2⁴4
1440 384 1518 430 nn
1565 383 1623 432 s.
1676 381 1988 432 vic-ranno
2036 382 2234 433 Ense.
2835 365 3021 433 ΑΗΕ.
3074 367 3114 432 7

569 471 980 541 Dubitemus
1010 469 1212 538 etiam
1264 469 1475 548 nunc,
1528 490 1613 537 an
1669 467 2009 559 perfectus
2056 469 2175 551 sis,
2214 470 2334 559 qui
2384 468 2468 539 de
2507 468 2920 559 perfectione
2966 490 3122 540 coe-

572 560 787 650 pisti?
832 572 898 629 et
944 558 1000 628 si
1034 557 1339 648 legitime
1385 557 1827 628 coronandus
1865 559 1961 627 sis
1992 580 2212 649 agone
2249 560 2565 640 decurso,
2618 580 2777 628 cum
2842 579 3122 628 currere

570 648 882 740 coeperis
927 670 967 717 a
1014 649 1324 718 corona?
1369 646 1538 729 Quis
1584 645 1777 716 daret
1824 647 2025 717 nobis
2056 669 2322 738 pennas
2369 648 2548 718 sicut
2594 647 2999 727 columbae,
3053 660 3122 718 et

569 737 962 807 volaremus
990 735 1075 806 ad
1112 748 1197 817 te,
1250 747 1316 805 et
1361 735 1950 823 requiesceremus
1990 736 2057 806 in
2095 749 2469 829 conspectu
2503 737 2886 807 sanctitatis
2917 739 3127 807 tuae?

569 847 802 896 coram
844 824 913 894 in
948 847 1063 895 ore
1096 837 1213 895 tuo
1262 823 1607 894 Christum
1658 823 2081 895 admirantes
2144 839 2348 914 atque
2394 839 2832 905 veneranteS,
2898 836 3122 917 terge-

573 936 810 985 remus
840 913 1116 1005 capillis
1163 913 1371 1003 pedes
1417 912 1611 983 illius
1658 914 1796 983 tuis
1836 912 2156 1005 pedibus,
2212 927 2278 985 et
2327 915 2655 1005 lacrymis
2703 914 3116 1015 rigaremus,

568 1016 632 1074 et
679 1004 750 1073 in
803 1003 943 1074 illis
990 1001 1432 1073 cicatricibus
1487 1003 1622 1071 tuis
1683 1003 1884 1091 quasi
1939 1004 2333 1074 Dominicae
2381 1003 2725 1094 passionis
2777 1025 3118 1095 impressa

569 1092 855 1184 vestigia
914 1091 1399 1162 lamberemus.
1453 1093 1790 1161 Suavz'ora
1845 1092 2028 1162 enim
2076 1104 2234 1162 sunt
2281 1097 2569 1163 vulnera
2621 1094 2849 1173 amici,
2912 1115 3120 1184 quam

567 1186 800 1252 oscula
838 1183 1103 1251 inimici
1144 1181 1285 1270 (Em
1327 1184 1516 1252 Prov.
1572 1180 1802 1269 xxvn).
1874 1185 2006 1250 Vae
2054 1182 2221 1251 mihi
2275 1182 2526 1252 misero
2582 1181 2920 1272 peccatori
2983 1182 3118 1250 im-

567 1269 832 1341 munda
883 1269 1065 1340 labia
1106 1268 1408 1349 habenti,
1453 1269 1568 1339 cui
1598 1269 1865 1340 fructus
1911 1271 2038 1340 iste
2086 1292 2223 1340 non
2255 1271 2565 1360 contigit,
2601 1292 2760 1340 cum
2795 1271 2866 1338 in
2901 1291 3117 1340 manu

567 1359 797 1430 fuerit.
852 1359 1242 1430 Meminisse
1288 1358 1471 1426 enim
1528 1358 1732 1428 credo
1792 1358 2149 1449 dignaris,
2203 1360 2366 1447 quia
2435 1360 2863 1430 sanctitatem
2922 1372 3110 1429 tuam

567 1448 732 1519 olim
784 1448 1082 1517 Viennae
1128 1445 1313 1539 apud
1354 1447 1629 1517 beatum
1686 1460 1947 1538 patrem
1996 1461 2310 1519 nostrum
2362 1449 2728 1519 Martinum
2786 1447 3103 1528 viderim,

567 1538 683 1606 cui
722 1551 784 1606 te
835 1537 1165 1607 Dominus
1212 1536 1279 1605 in
1332 1547 1547 1605 aetate
1596 1536 1846 1626 impari
1898 1558 2128 1627 parem
2181 1537 2361 1608 fecit.
2416 1542 2509 1607 Ex
2558 1537 2675 1606 illo
2709 1535 3116 1628 igiturclicet

568 1626 756 1696 brevi
789 1625 1027 1695 notitia
1058 1639 1120 1695 te
1153 1624 1518 1726 attigerim,
1569 1637 1795 1695 tamen
1825 1648 2077 1716 magna
2101 1625 2468 1696 dilectione
2497 1625 2898 1717 complexus
2923 1647 3111 1706 sum,

567 1727 633 1784 et
660 1726 920 1804 quanta
952 1728 1114 1785 tunc
1146 1714 1339 1783 licuit
1371 1714 1569 1804 copia
1607 1728 1968 1805 veneratus
1993 1738 2147 1786 sum
2185 1716 2610 1786 sanctitatem
2641 1728 2855 1796 tuam,
2909 1726 2973 1784 et
3006 1735 3117 1782 me

569 1826 650 1873 ac
708 1825 938 1885 meoS,
990 1803 1110 1891 qui
1168 1815 1230 1872 te
1277 1803 1616 1885 absentes,
1671 1817 1900 1873 tamen
1967 1805 2133 1891 quia
2178 1805 2515 1906 jungente
2562 1804 2828 1874 Christo
2890 1824 3115 1872 unum

571 1913 842 1974 sumus,
898 1914 1020 1982 per
1066 1913 1174 1961 me
1221 1891 1584 1974 videbant,
1637 1893 2116 1963 commendavi
2180 1915 2250 1963 in
2318 1906 2671 1964 aeternum
2725 1891 2886 1961 tibi:
2940 1900 3117 1982 gau-‘

567 1980 835 2068 deoque
885 2003 1095 2061 nunc,
1147 1980 1330 2067 quod
1382 1979 1509 2051 hoc
1558 1980 1797 2052 saltem
1849 1981 2022 2051 mihi
2060 1982 2342 2074 gloriari
2392 1983 2587 2058 licet,
2652 1981 2819 2069 quia
2862 1979 3113 2050 faciem

567 2082 757 2139 tuam
813 2069 883 2138 in
907 2091 1112 2139 carne
1142 2069 1428 2138 viderim
1460 2093 1473 2133 ε
1507 2068 1624 2139 sed
1661 2069 1865 2171 lugeo
1897 2070 2384 2163 negligentiam
2422 2069 2841 2140 infelicitatis
2891 2090 3108 2150 meae,

570 2157 753 2246 quod
807 2159 1236 2229 occasionem
1296 2158 1466 2227 tanti
1515 2158 1678 2228 boni
1736 2182 1757 2227 1
1814 2182 2023 2231 narus
2086 2160 2462 2240 amiserim,
2507 2172 2572 2230 et
2617 2157 3116 2231 contenebran-

570 2247 758 2317 tibus
808 2270 917 2317 me
963 2246 1083 2316 illo
1123 2261 1451 2338 tempore,
1505 2269 1641 2317 non
1704 2270 1779 2318 so
1811 2270 1928 2318 um
1981 2249 2304 2341 peccatis,
2358 2250 2615 2336 quibus
2667 2248 2871 2317 etiam
2924 2268 3115 2316 nunc

567 2358 870 2495 fremor,
926 2335 1043 2406 sed
1106 2348 1171 2405 et
1216 2336 1405 2407 curis
1461 2336 1670 2426 hujus
1718 2337 1956 2418 seculi,
2008 2338 2266 2425 quibus
2317 2358 2526 2418 nunc,
2583 2336 2879 2428 propitio
2948 2339 3109 2417 Deo,

595 2425 742 2495 iber
773 2448 956 2506 sum,
1015 2424 1433 2495 sacerdotem
1487 2438 1549 2494 te
1589 2438 1880 2508 tantum,
1917 2426 2101 2513 quod
2159 2427 2228 2496 in
2272 2425 2498 2496 medio
2545 2439 2727 2506 erat,
2775 2424 3062 2494 viderim
3097 2479 3112 2507 ,

563 2528 629 2586 et
675 2515 860 2604 quod
901 2517 1122 2585 inerat
1169 2514 1538 2606 insignius,
1578 2529 1942 2604 martyrem
1982 2517 2208 2586 vivum
2255 2515 2484 2585 videre
2525 2514 2920 2587 nescierim.

654 2607 689 2692 ξ
736 2608 811 2675 2.
867 2604 1282 2686 Memineris‚
1319 2626 1575 2692 quaeso
1607 2616 1693 2686 te,
1731 2604 1945 2675 nostri
1993 2605 2062 2673 in
2108 2605 2224 2676 illa
2272 2604 2406 2687 die,
2444 2626 2582 2692 qua
2634 2617 2693 2674 te
2743 2606 3116 2673 innumera

566 2693 970 2764 meritorum
1023 2708 1294 2764 tuorum
1345 2692 1621 2763 cohorte
1666 2692 2110 2769 comitatum,
2174 2694 2734 2781 ornamentisque
2792 2690 3120 2762 felicibus

567 2795 950 2873 comptum,
997 2797 1063 2852 et
1119 2780 1357 2851 infulis
1420 2782 1674 2872 pariter
1720 2794 1922 2869 atque
1970 2780 2239 2854 adoreis
2291 2795 2719 2864 coronatum,
2759 2794 2825 2851 et
2881 2780 3118 2850 niveas

566 2883 992 2943 sacratorum
1026 2870 1413 2940 antistitum
1462 2871 1701 2952 vittaS‚
1753 2884 1820 2940 et
1873 2869 2152 2942 floridas
2200 2870 2669 2941 confessorum
2708 2891 3057 2960 purpuras
3093 2923 3109 2950 ,

566 2959 1081 3029 occurrentium
1133 2980 1385 3028 manus
1438 2959 1721 3029 afferent
1768 2959 2220 3049 Angelorum:
2275 2972 2473 3047 teque
2535 2960 2809 3050 ipsum,
2878 2969 2955 3027 ut
3001 2978 3119 3026 ar-

567 3059 852 3137 gentum
893 3048 1052 3137 igne
1098 3047 1591 3126 examinatum,
1636 3061 1701 3116 et
1729 3069 1976 3117 aurum
2010 3048 2077 3116 in
2128 3046 2406 3119 fornace
2453 3047 2668 3118 seculi
2709 3047 2922 3138 hujus
2961 3067 3118 3136 pro·-

567 3138 834 3216 batum,
886 3136 1036 3226 ipse
1084 3156 1403 3206 summus
1433 3135 1583 3205 auri
1621 3136 1733 3206 sui
1771 3137 2172 3237 argentique
2213 3151 2542 3229 purgator
2578 3136 2890 3226 accipiet,
2942 3146 3006 3204 et
3035 3147 3118 3204 ut

567 3225 937 3315 pretiosam
974 3223 1345 3294 diademati
1395 3246 1520 3293 suo
1572 3239 2016 3320 margaritam
2068 3231 2203 3296 Rex
2253 3240 2571 3297 aeternus
2622 3225 2928 3316 aptabit:
2986 3245 3115 3295 nec

568 3327 842 3382 tuarum
877 3313 998 3382 tibi
1031 3325 1295 3384 tantum
1332 3312 1637 3404 praemia
1669 3336 1739 3386 se
1763 3314 2010 3385 debere
2036 3315 2365 3385 virtutum
2388 3314 2603 3405 judex
2630 3315 2867 3402 ,iustus
2896 3335 3117 3405 agno-

568 3415 730 3483 scet,
785 3400 1024 3471 videns
1071 3403 1473 3473 innumeros
1511 3403 1696 3473 circa
1745 3416 1806 3473 te
1847 3416 2239 3473 sanctorum
2293 3405 2652 3491 utriusque
2700 3425 2900 3473 sexus
2953 3424 3114 3492 gre-

567 3512 711 3580 geS,
753 3512 926 3578 quos
965 3489 1065 3559 illi
1105 3490 1413 3579 quotidie
1462 3491 1796 3562 institutis
1832 3494 1967 3563 tuis
2000 3493 2312 3583 generaS‚
2366 3492 2737 3562 formulam
2777 3491 3112 3561 omnibus

566 3578 905 3667 perfectae
950 3581 1221 3650 virtutis
1253 3592 1318 3649 et
1358 3579 1542 3662 fidei,
1597 3582 1777 3652 sicut
1820 3595 1886 3651 et
1933 3586 2164 3651 Frater
2203 3581 2639 3663 Paschasius,
2689 3579 3110 3650 ostendens:

565 3673 646 3736 In
694 3669 897 3759 cujus
943 3669 1158 3759 gratia
1217 3681 1284 3737 et
1344 3669 1771 3740 humanitate
1816 3671 2016 3758 quasi
2064 3670 2399 3757 quasdam
2460 3670 2788 3743 virtutum
2857 3668 3118 3759 gratia-

565 3778 863 3844 rumque
896 3770 1168 3827 tuarum
1214 3756 1453 3840 lineam,
1490 3758 1674 3829 velut
1723 3759 2003 3851 speculo
2062 3758 2408 3840 reddente,
2462 3757 2897 3849 collegimus.
2949 3762 3122 3827 Vere

566 3858 639 3916 tu
668 3847 936 3925 beatus,
992 3858 1088 3916 tot
1136 3846 1490 3917 beatorum
1535 3870 1806 3938 parens,
1862 3861 2088 3918 tantae
2124 3849 2367 3919 messis
2408 3859 2615 3927 sator,
2656 3846 3118 3916 centesimum

563 3947 628 4006 et
667 3935 1173 4026 sexagesimum
1235 3958 1314 4006 ac
1378 3936 1801 4007 tricesimum
1870 3936 2169 4007 fructum
2241 3942 2372 4006 Deo
2419 3934 2884 4006 foecunditate
2960 3948 3121 4004 tuae

564 4037 784 4095 terrae
816 4025 1131 4106 afferenS,
1170 4038 1236 4095 et
1285 4047 1681 4095 mensuram
1742 4048 1974 4114 parem
2039 4025 2124 4094 de
2179 4025 2387 4096 variis
2460 4037 2783 4116 partuum
2837 4037 3118 4093 tuorum

562 4113 904 4185 fructibus
936 4126 1363 4203 recepturus.
1408 4120 1494 4183 Te
1527 4113 1920 4184 Altissimus
1970 4115 2148 4183 inter
2182 4115 2374 4204 regni
2432 4115 2541 4185 sui
2597 4115 2933 4183 maximos
2993 4133 3121 4181 no—

565 4202 871 4284 minavit,
924 4203 1040 4273 cui
1078 4203 1416 4274 concessit
1450 4202 1626 4273 sacto
1675 4224 1968 4291 aequare
2016 4223 2449 4272 sermonem:
2493 4226 2631 4290 quo
2679 4203 2758 4273 fit
2797 4216 2873 4273 ut
2915 4223 3117 4273 nemo

564 4312 636 4360 se
707 4290 956 4361 audeat
1000 4314 1323 4363 excusare
1386 4290 1803 4381 discipulus,
1875 4292 2057 4362 velut
2103 4289 2529 4362 difficultatis
2577 4292 2895 4383 imperio,
2951 4312 3114 4360 cum

563 4378 760 4469 prius
810 4380 1122 4471 magistri
1168 4379 1641 4471 adstringatur
1688 4381 2000 4471 exemplo
2046 4381 2102 4449 *.

613 4506 640 4533 ¹⁸
674 4503 789 4548 vida
819 4505 1087 4549 encomium
1104 4504 1430 4557 Martyrotogii
1450 4509 1582 4551 Rom.
1613 4509 1776 4559 paucis
1797 4510 1900 4559 ejus
1921 4505 2074 4549 Vitam
2093 4506 2425 4558 complectens.
