3308 5004
135 363 301 429 AUG.
355 364 437 429 ⁴5
710 384 789 431 nn
837 383 1221 433 noamnomt
1268 385 1549 434 nuiss.
1604 385 1773 432 vinc.
1827 383 2066 433 namn
2441 368 2569 434 339

134 466 530 545 communis,
570 468 989 539 conveniens
1021 483 1188 551 erat,
1237 482 1312 540 ut
1356 469 1624 541 fructus
1652 491 1928 557 quoque
1959 481 2187 540 essent
2218 490 2650 540 communes.

131 554 352 624 Aderat
398 576 554 625 vero
601 576 840 627 eorum
889 579 1189 645 quoque,
1241 559 1362 647 qui
1400 573 1596 628 erant
1643 559 1712 628 in
1760 558 2179 639 Jerusalem,
2232 558 2659 647 quicumque

130 656 259 713 erat
300 657 533 714 coetus
572 667 609 713 a
643 650 776 715 Deo
808 644 1090 717 electus,
1144 649 1510 736 Oportebat
1556 660 1783 718 autem
1837 647 2052 717 ‘ustos
2098 669 2374 735 quoque
2406 660 2471 716 et
2501 652 2657 717 Pro-

132 732 374 823 phetas,
419 734 540 821 qui
579 733 744 804 olim
788 734 1001 817 fuere,
1055 738 1197 807 una
1248 738 1466 825 sequi,
1520 736 1791 808 futuros
1878 737 2038 825 ujus
2069 736 2245 807 sacri
2278 750 2660 806 conventus

131 821 528 913 participes:
581 824 703 911 qui
754 824 948 915 prius
982 826 1523 907 annunciarunt,
1588 826 1731 897 fore
1780 840 1857 896 ut
1902 848 1983 895 ex
2030 846 2151 905 ea,
2207 836 2483 915 propter
2531 846 2659 895 nos

132 932 317 980 carne
365 926 730 1002 suscepta,
785 913 1129 1005 benignus
1179 919 1357 986 Deus
1411 914 1709 984 Verbum
1770 925 2190 984 nasceretur.
2245 913 2371 983 Sed
2437 934 2520 982 ne
2573 935 2661 983 ue

131 1011 342 1069 coetus
373 1000 785 1091 Angelorum
834 1004 1092 1072 aberat.
1145 1003 1486 1091 Quicquid
1523 1003 1708 1074 enim
1747 1003 1914 1094 Regi
1948 1024 2071 1072 sua
2105 1015 2349 1093 sponte
2387 1002 2513 1070 obe
2570 1003 2662 1070 ie—

130 1087 251 1168 bat,
286 1102 348 1158 et
384 1088 537 1161 ideo
575 1090 637 1160 ei
685 1090 1052 1162 assistendi
1105 1092 1361 1162 honore
1390 1092 1684 1183 dignum
1736 1091 2143 1170 habebatur,
2196 1089 2263 1160 id
2307 1104 2660 1177 tamquam

130 1177 437 1248 satellites
484 1178 722 1249 adesse
768 1182 1145 1269 oportebat,
1201 1181 1288 1251 ad
1339 1180 1822 1251 honorandum
1871 1181 2023 1271 ejus
2075 1191 2364 1249 matrem
2408 1200 2660 1249 secun-

130 1266 276 1334 dum
326 1289 633 1337 carnem.
687 1273 764 1338 Et
811 1290 1051 1339 omnes
1099 1269 1407 1351 aderant,
1460 1269 1940 1361 resplendente
1996 1268 2143 1338 face
2192 1269 2531 1360 Spiritus,
2589 1280 2657 1338 et

131 1354 485 1453 praeclaris
526 1357 912 1427 illustrante
945 1357 1435 1448 splendoribus
1481 1381 1598 1430 eos
1627 1359 1749 1445 qui
1785 1358 2157 1428 reverentia
2215 1369 2281 1426 et
2339 1369 2549 1437 mem,
2597 1369 2665 1426 et

131 1443 452 1514 immobili
513 1445 854 1516 desiderio
910 1447 1219 1525 ‚sinceros
1279 1448 1526 1518 mentis
1588 1447 1826 1519 oculos
1890 1448 1958 1515 in
2020 1469 2173 1516 eam
2238 1445 2654 1536 defigebant.

128 1531 352 1602 Nullus
397 1534 583 1605 enim
633 1534 802 1604 ordo
847 1556 927 1604 ex
975 1537 1060 1606 iis
1107 1536 1230 1623 qui
1277 1537 1346 1605 in
1397 1537 1584 1606 coelo
1626 1548 1811 1618 sunt,
1865 1536 1986 1623 qui
2034 1555 2170 1605 non
2231 1534 2662 1604 unanimiter

130 1621 431 1691 affuerit:
486 1645 612 1693 nec
658 1625 1026 1711 quisquam
1078 1625 1398 1696 inventus
1446 1638 1582 1707 est,
1651 1625 1772 1713 qui
1826 1646 1905 1695 eo
1962 1624 2144 1711 quod
2198 1623 2268 1692 in
2337 1623 2663 1712 supernis

129 1723 522 1792 versaretur,
561 1724 626 1781 et
672 1735 831 1788 cum
880 1713 1326 1784 inferioribus
1370 1736 1504 1784 non
1547 1712 2063 1805 comparandus
2102 1723 2317 1794 esset,
2375 1711 2662 1781 descen-

127 1797 295 1879 dere,
339 1815 406 1872 et
436 1801 668 1870 omnia
708 1823 885 1888 quae
917 1801 1246 1883 diximus,
1297 1825 1584 1874 munera
1632 1804 1825 1874 obire
1876 1801 2233 1872 recusarit.

199 1889 234 1975 ξ
277 1892 371 1958 θ.
426 1890 551 1959 Hic
590 1890 870 1960 fuerunt
902 1893 1128 1973 verba,
1168 1893 1501 1983 inspirata
1533 1906 1598 1962 et
1629 1892 1813 1961 dicta
1842 1891 2199 1960 divinitus.
2233 1889 2358 1959 Hic
2401 1889 2648 1978 hymni

127 1974 352 2059 divini,
407 1979 527 2065 qui
565 1978 897 2049 dicuntur
930 1981 998 2049 in
1027 1980 1341 2051 decessu.
1375 1983 1741 2072 Oportebat
1767 1981 1949 2050 enim
1998 1992 2356 2070 propterea
2387 2000 2662 2066 quoque

129 2063 398 2136 laudare.
449 2067 560 2146 Dei
612 2067 982 2158 plusquam
1059 2070 1400 2140 infinitam
1478 2071 1876 2140 bonitatem.
1940 2081 2006 2138 et
2072 2089 2250 2156 quae
2296 2082 2399 2139 est
2467 2067 2661 2138 omni

128 2155 594 2245 magnitudine
633 2158 972 2246 superior,
1029 2158 1603 2249 magnitudinem,
1658 2173 1723 2229 et
1771 2158 2118 2228 infinitam
2157 2157 2556 2257 potentiam,
2595 2168 2664 2225 et

128 2262 286 2326 quae
332 2266 611 2314 omnem
655 2245 1146 2316 sublimitatem
1189 2260 1254 2317 et
1291 2247 1726 2318 altitudinem
1777 2257 2140 2338 exuperat,
2206 2246 2357 2336 ejus
2414 2267 2484 2313 ιη
2537 2266 2663 2316 nos

128 2332 677 2415 moderationem,
734 2334 1100 2424 plusquam
1170 2335 1478 2407 infinitas
1525 2336 1800 2407 divitias
1858 2337 2012 2424 ejus
2048 2390 2063 2417 ,
2120 2357 2297 2423 quae
2343 2354 2661 2423 compre-

128 2417 315 2490 hendi
371 2445 508 2492 non
543 2435 784 2507 potest,
839 2424 1305 2516 benignitatiS,
1363 2425 1845 2517 inexplebilem
1888 2426 2217 2516 abyssum
2270 2422 2653 2523 charitatis:

126 2512 699 2593 quemadmodum
751 2535 790 2583 a
831 2536 954 2585 sua
998 2514 1345 2603 majestate
1380 2537 1515 2585 non
1555 2515 1941 2596 discedens,
1994 2514 2081 2584 ad
2129 2534 2307 2594 eam,
2361 2532 2537 2599 quae
2583 2533 2659 2580 in

127 2596 322 2668 altum
363 2600 650 2681 extollit,
706 2602 1059 2673 descendit
1089 2604 1649 2686 exinanitionem,
1705 2604 1769 2672 id
1807 2626 1965 2672 cum
2008 2625 2110 2683 eo,
2168 2607 2362 2671 Patre
2382 2621 2660 2688 quoque

127 2691 628 2778 comprobante,
681 2703 745 2760 et
780 2697 820 2760 S
875 2692 1085 2760 iritu:
1148 2692 1733 2778 quemadmodum
1785 2693 1902 2779 qui
1939 2704 2041 2763 est
2067 2689 2385 2780 superior
2430 2710 2660 2760 essen-

129 2775 227 2848 tia
256 2800 336 2847 ex
363 2793 559 2849 utero
609 2713 932 2850 muliessri
973 2780 1635 2870 superessentialiter
1662 2781 1924 2872 accepit
1971 2780 2366 2850 essentiam:
2412 2799 2659 2865 quem-

126 2863 488 2938 admodum
533 2873 709 2937 Deus
747 2881 869 2950 est,
932 2881 996 2938 et
1028 2869 1230 2939 homo
1264 2869 1486 2940 factus
1532 2883 1682 2950 est,
1742 2883 1807 2939 et
1855 2868 2064 2940 simul
2118 2880 2346 2936 manet
2387 2880 2659 2936 utrum-

126 2971 282 3036 que:
333 2957 924 3044 quemadmodum
998 2978 1219 3045 neque
1265 2959 1554 3029 excessit
1620 2981 1699 3028 ex
1760 2959 2055 3028 essentia
2116 2955 2539 3036 divinitatiS,
2592 2967 2660 3024 et

126 3039 427 3114 similiter
481 3058 683 3133 atque
735 3067 857 3116 nos
895 3045 1024 3115 suit
1082 3048 1426 3139 particeps
1471 3049 1702 3117 carnis
1748 3058 1813 3116 et
1869 3046 2256 3137 sanguinis:
2311 3043 2653 3131 quemad·-

131 3130 390 3202 modum
428 3134 552 3221 qui
601 3133 842 3223 implet
879 3136 1138 3217 omnia,
1192 3151 1257 3206 et
1296 3150 1396 3206 est
1428 3158 1637 3226 super
1670 3135 1927 3217 omnia,
1981 3148 2046 3205 et
2093 3135 2415 3203 universa
2443 3132 2653 3204 simul

125 3214 238 3287 sert
283 3224 490 3293 verbo
538 3222 678 3292 oris
725 3224 881 3304 sui,
926 3223 1258 3294 habitavit
1319 3226 1387 3294 in
1448 3223 1597 3296 loco
1653 3236 1995 3316 angusto:
2062 3220 2656 3310 quemadmodum

129 3312 488 3406 materiale,
541 3324 606 3381 et
651 3311 830 3399 quod
882 3325 1026 3382 erat
1076 3313 1293 3383 instar
1334 3314 1536 3390 foeni,
1592 3336 1844 3404 corpus
1905 3313 2202 3403 insignis
2248 3312 2467 3399 hujus
2505 3313 2657 3380 Vir-

128 3398 312 3481 giniS,
367 3401 635 3490 accepit
664 3413 1183 3472 consumentem
1218 3403 1443 3493 ignem
1474 3403 1878 3473 divinitatis:
1907 3415 1972 3472 et
2014 3417 2364 3489 tamquam
2400 3421 2657 3500 aurum

134 3502 389 3569 purum,
443 3503 512 3559 et
553 3489 838 3559 minime
890 3490 1389 3573 adulteratum,
1446 3514 1879 3579 nequaquam
1931 3502 2423 3580 consumptum
2474 3488 2655 3567 fuit,

134 3572 246 3671 Deo
291 3576 460 3648 haec
516 3576 798 3647 volente.
839 3583 1003 3647 Nam
1042 3579 1098 3649 si
1140 3585 1312 3650 Deus
1337 3581 1616 3668 quidem
1668 3581 1851 3663 velit,
1891 3592 2179 3670 possunt
2208 3578 2438 3648 omnia
2483 3577 2657 3646 fieri:

134 3661 230 3728 Sin
279 3679 508 3735 autem
565 3666 757 3745 nolit,
803 3667 1092 3737 minime
1142 3681 1457 3758 possunt.

208 3752 239 3837 ἓ
289 3758 437 3826 ss).
496 3761 652 3825 Post
719 3755 886 3825 haec
934 3769 1160 3826 autem
1234 3757 1413 3827 inter
1457 3780 1574 3827 eos
1636 3780 1912 3845 quoque
1978 3770 2162 3827 mota
2219 3768 2321 3824 est
2384 3753 2663 3854 dicendi

136 3845 499 3926 contentio,
556 3866 690 3914 non
732 3856 806 3913 ut
855 3867 924 3912 se
986 3845 1278 3914 invicem
1349 3859 1756 3937 superarent
1807 3846 1968 3934 (hoc
2015 3845 2195 3914 enim
2248 3857 2351 3912 est
2412 3855 2662 3911 mentis

138 3920 494 4002 laborantis
544 3955 755 4002 vanae
804 3932 1063 4023 gloriae
1112 3934 1510 4024 cupiditate,
1566 3948 1630 4004 et
1679 3934 1916 4026 procul
1969 3948 2265 4003 remotae
2323 3954 2364 4000 a
2427 3931 2663 4032 divina

137 4015 494 4113 voluntate)
542 4022 658 4092 sed
716 4034 793 4091 ut
840 4022 924 4090 de
973 4038 1292 4113 prompto
1340 4038 1405 4094 et
1450 4024 1663 4093 alacri
1735 4023 1949 4092 animi
2002 4022 2230 4120 studio
2270 4033 2334 4088 et
2396 4020 2662 4088 v1r1bus

137 4103 292 4174 nihil
345 4111 786 4190 remittenteS,
827 4115 1040 4179 Deum
1073 4112 1517 4193 celebrarent,
1553 4125 1617 4182 et
1660 4126 1944 4180 matrem
1979 4111 2129 4198 ejus
2163 4107 2652 4178 honorarent*.

135 4192 331 4276 Tunc,
379 4211 545 4269 tunc
575 4200 783 4269 Adam
819 4213 883 4268 et
915 4205 1069 4280 Eva,
1114 4201 1326 4270 nostri
1357 4202 1630 4290 generis
1664 4200 1871 4289 primi
1907 4211 2243 4290 parenteS,
2280 4196 2661 4266 exultantes

136 4276 304 4352 clare
349 4289 496 4359 suis
545 4287 758 4358 labris
827 4288 1340 4359 exclamarunt:
1386 4295 1485 4359 Tu
1549 4291 1743 4359 beata
1807 4288 1996 4372 filia,
2048 4286 2357 4357 delevisti
2407 4306 2663 4379 poenas

189 4441 214 4466 ‘
241 4444 305 4484 Ex
324 4448 544 4500 Dionysio
563 4453 788 4504 Areopag.
805 4454 858 4494 1..
876 4455 935 4494 de
952 4454 1040 4494 dcv.
1059 4454 1234 4494 Nomius.
1254 4454 1301 4495 0.
1325 4455 1364 4495 3.
1387 4474 1436 4483 -
1455 4453 1577 4494 Nota
1594 4448 1769 4494 trinam
1790 4452 1846 4493 ιᾱ
1865 4453 1919 4495 Β.
1939 4449 2065 4504 virg.
2085 4453 2420 4503 apostrophem
2448 4452 2665 4502 protov-

87 4519 92 4525 .
142 4496 334 4546 rentum,
350 4504 682 4555 triumphantis
705 4511 753 4549 et
772 4505 1022 4549 militantis
1043 4507 1296 4550 Ecclesiae.
2116 4547 2122 4551 <
