3308 5004
636 345 776 412 5oe
1198 362 1279 410 ns
1324 361 1382 409 s.
1432 359 1779 411 amuco,
1812 360 1956 409 Ant,
2008 357 2393 408 ananum„
2770 341 2957 409 AUG.
3007 342 3109 407 sn

547 469 774 524 suum.
805 445 1284 522 imminentem
1331 466 1549 516 sanus
1586 444 1821 516 adbuc
1855 459 1925 516 et
1952 443 3105 527 incolumis,.eodem,ssualeranne

547 534 1395 630 pnn=me1ationemsiht
1430 535 1928 616 annunciante,
1985 532 2353 625 praescivit
2394 545 2602 621 atqoe
2648 532 3009 624 praedixit.

634 628 692 714 ξι
718 630 816 698 Q
866 628 1350 785 Aggnnuerunt
1393 622 1771 712 aliquando
1818 622 1971 693 viro
2014 623 2127 693 Dei
2176 622 2266 693 in.
2296 622 2733 693 Trecensium
2765 622 2937 694 urbe
2968 644 3103 713 po·

547 714 690 787 site.
722 735 891 789 rane
1023 712 1150 784 iles
1192 711 1349 804 ejus
1392 711 1545 795 atii,
1587 711 1737 803 jam
1783 711 2066 801 quidem
2114 732 2323 782 carne
2359 710 2592 791 soluti,
2632 710 3001 784 Galdricua
3028 723 3111 783 et

546 803 933 876 (isnardum
978 800 1526 890 quotumtetiam
1551 801 1937 873 secundum
1966 822 2247 872 carnem
2281 799 2457 871 alter
2486 821 2887 893 genmanus,
2923 800 3111 872 alter

545 891 958 965 amnculus·
981 891 1140 980 ejus
1181 890 1518 961 extiterat.
1571 894 1883 978 Cumque
1928 889 2114 960 velut
2155 888 2647 970 accelerantes,
2697 891 2919 962 citius·
3100 947 3113 954 -

546 981 963 1062 transioeni,
1016 979 1361 1056 revocanti
1407 992 1483 1049 et
1519 978 1814 1054 retinere
1860 977 2115 1049 volenti
2167 978 2721 1069 respondebant,-
2780 1001 2917 1049 eun
2970 1001 3096 1049 um

543 1071 680 1142 sibi
728 1069 1110 1163 pmfnatre
1152 1067 1893 1150 &aufridomonachm
1945 1069 2070 1157 qui
2113 1067 2516 1139 eorumdem
2567 1090 2610 1139 a
2658 1067 2897 1159 prima.
2930 1089 3098 1139 con-

543 1160 857 1233 versione
894 1158 1148 1240 socius,
1199 1171 1496 1228 stnenue-
1527 1157 1707 1228 satis
1742 1158 1813 1230 in
1864 1157 2105 1228 mul-tis
2143 1157 2497 1228 coenobiis
2533 1156 3097 1228 emtmendismi-

546 1246 861 1321 litaverat
905 1253 1063 1319 Deo.
1107 1246 1460 1318 Continuo„
1479 1246 1791 1318 excitatis
1821 1245 2153 1319 fratribus
2187 1259 2380 1337 pater
2407 1257 2693 1317 sanctus
2723 1246 3101 1317 accelerari

534 1337 757 1429 jubet&
810 1350 884 1409 et
924 1337 1024 1407 ad*
1063 1335 1558 1414 monasterium
1592 1336 1899 1419 veniens,
1935 1334 2088 1426 ipso
2115 1335 2252 1417 die,
2289 1334 2470 1405 sicut
2499 1335 2603 1406 eis
2634 1336 3087 1427 praedixerat,

544 1427 872 1498 eumdem
901 1425 1312 1498 Gaufnidum
1353 1424 1822 1516 'amffipositum
1856 1425 2109 1514 reperit
2137 1426 2208 1494 in
2242 1424 2592 1495 extremis.

632 1518 672 1605 ὅ
718 1521 878 1590 ΜΒ.
931 1514 1260 1588 infensus
1298 1447 1678 1602 aiiqmndo
1726 1519 1865 1585 Rex
1929 1519 2347 1585 Francorum
2411 1514 2640 1585 senior
2703 1513 3095 1585 Ludovicus

543 1605 970 1695 quibusdam
1012 1604 1123 1675 sui
1171 1605 1367 1695 mgni
1415 1603 1819 1694 Episcopis.,
1873 1603 2022 1673 suis
2066 1624 2187 1675 eos
2239 1602 2531 1674 sedibus
2582 1614 2649 1674 et
2694 1603 3101 1673 civitatibus
3182 1613 3197 1628 ⁰

542 1695 952 1766 exturbauit.
1006 1693 1198 1772 Unde
1242 1693 1468 1763 etiam.
1500 1691 1616 1762 bic
1664 1692 1768 1762 vir
1817 1690 2235 1763 reverendus
2264 1691 2498 1783 plures
2532 1691 2813 1782 scripsit
2839 1692 3101 1782 episto-

544 1783 671 1866 las,
726 1805 850 1875 pro
898 1805 1140 1853 eoi-,um
1190 1802 1368 1872 pace-
1395 1781 1742 1863 laborans,
1779 1803 2078 1870 quarum
2112 1781 2453 1869 hodieque
2480 1780 2900 1871 exemplaria
2937 1802 3099 1868 per—

545 1884 878 1944 severant.
935 1870 1195 1949 Accidit
1239 1883 1494 1954 autem,
1549 1882 1626 1942 ut
1677 1882 2031 1962 praesente
2076 1870 2315 1941 eodem
2368 1882 2559 1960 patre
2605 1884 2867 1952 sanem,
2930 1870 3097 1960 Epi-

547 1961 741 2052 scopi
769 1960 993 2041 multi‚
1025 1958 1572 2051 indignationem
1603 1959 1807 2052 Regis
1827 1961 2097 2030 flectere
2123 1959 2503 2051 cupientes
2532 1970 2668 2028 tota
2702 1959 3099 2030 bumilitate

545 2049 1290 2140 prostratissolotenus
1341 2048 1500 2137 ejus
1543 2060 1856 2119 tenerent
1902 2049 2210 2139 vestigia,
2246 2061 2314 2120 et
2348 2069 2471 2118 nec
2510 2048 2610 2118 sic
2643 2048 2937 2140 gratiam
2972 2048 3098 2118 ob-

545 2138 862 2216 tinecent.
916 2143 1074 2222 Qua.
1109 2159 1191 2207 ex
1239 2159 1310 2207 re
1356 2138 1463 2208 vin
1508 2139 1625 2208 Dei
1676 2137 1995 2229 religiosa
2048 2138 2485 2210 animositate
2538 2149 2915 2227 permotus,
2979 2137 3098 2207 die

544 2226 758 2299 altera
783 2225 1732 2319 Regemduniusjncnepans,
1763 2228 1950 2315 quod
1978 2227 2248 2298 Domini
2278 2226 2669 2297 sacerdotes
2692 2227 3091 2316 sprevisset,

546 2316 760 2387 libene
802 2337 1082 2406 quoque
1125 2316 1593 2399 denunciavit,
1645 2316 1833 2404 quod
1879 2316 2119 2387 eadem
2168 2316 2302 2386 sibi
2353 2327 2548 2386 nocte
2586 2314 2810 2385 fuerat
2838 2314 3099 2386 revela-

544 2418 719 2486 tumt
772 2429 818 2474 <t
860 2411 1086 2487 Haec,
1141 2405 1411 2493 inquit,
1463 2405 1837 2476 obstinatio
1887 2405 2328 2496 primogeniti
2378 2405 2477 2474 tui
2527 2403 2829 2494 Philippi
2885 2404 3099 2507 Regis

545 2509 766 2567 morte
811 2494 1284 2566 mulctabitur.
1340 2494 1491 2565 Vidi
1538 2494 1723 2565 enim
1776 2507 1841 2565 te
1884 2517 2056 2565 cum·
2099 2495 2367 2565 minore
2412 2493 2558 2565 filio
2599 2507 2714 2564 tuo
2751 2492 3096 2563 Ludovico

545 2585 632 2655 ad
681 2585 890 2675 pedes
935 2586 1459 2686 Episcoporum,
1511 2605 1695 2671 quos
1736 2583 1885 2653 heri
1934 2583 2474 2674 contempseras,
2528 2582 2968 2664 inclinatum,
3022 2596 3097 2653 et

547 2674 863 2764 protinus
909 2673 1237 2754 intellexi,
1291 2672 1609 2775 Philippo
1657 2671 1969 2743 celeriter
2014 2672 2192 2744 sacto
2237 2673 2322 2742 de
2371 2672 2638 2754 medio,
2696 2694 2816 2762 pro
2864 2671 3099 2742 Ludo-

545 2764 677 2834 vici
709 2763 1198 2834 substitutione
1230 2761 1632 2843 Ecclesiam,
1656 2784 1866 2849 quam
1905 2783 2092 2831 nune
2114 2762 2485 2852 opprimis,
2517 2773 2580 2831 te
2615 2774 3093 2852 rogaturum.»

546 2852 738 2937 Quod
784 2852 1066 2939 quidem
1116 2873 1252 2922 non
1307 2851 1509 2942 longe
1558 2863 1710 2941 post
1758 2849 2174 2920 miserabilis
2220 2872 2429 2921 casus
2473 2849 2818 2940 implevit:
2870 2862 2935 2920 et
2970 2848 3092 2919 de·

543 2941 826 3012 cedente
872 2941 1238 3030 Philippo,
1290 2940 1431 3032 egit
1478 2952 1672 3031 pater
1704 2994 1719 3020 ‚
1772 2952 1849 3009 ut
1894 2940 2006 3021 is,
2059 2939 2181 3029 qui
2228 2938 2518 3009 feliciter
2562 2938 2768 3008 hodie
2806 2950 3080 3028 regnat,

546 3029 936 3101 Ludovicus
973 3029 1218 3120 junior.
1261 3051 1355 3099 un
1412 3041 1668 3099 eretur.

634 3125 674 3200 ἓ
719 3122 853 3202 ut
906 3123 1061 3187 Post
1092 3139 1318 3188 annos
1340 3140 1378 3186 a
1411 3118 1603 3205 iquot
1633 3118 1814 3186 inter
1839 3122 2091 3209 Regem
2124 3122 2544 3186 Francorum
2573 3128 2640 3185 et
2679 3113 3092 3187 Gaufridum

546 3206 870 3277 Comitem
885 3205 1476 3297 Andagavensium
1498 3205 1644 3296 (An
1696 3205 1851 3294 ers),
1882 3205 2378 3276 exercebantur
2396 3204 2799 3275 inimicitiae
2816 3225 3087 3294 graves.

546 3300 764 3366 Causa
799 3306 966 3377 erat,
1001 3294 1185 3383 quod
1219 3295 1445 3363 virum
1481 3294 1644 3364 nobi
1676 3316 1782 3363 em
1838 3295 2219 3365 Gerardum
2251 3293 2335 3363 de
2375 3291 2870 3371 Monaster-iolo,
2906 3296 3096 3382 Rege

544 3383 951 3475 prohibente
979 3438 994 3466 ‚
1058 3384 1128 3452 in
1179 3382 1652 3454 munitissimo
1699 3383 1956 3473 oppido
2004 3405 2133 3453 suo
2183 3388 2422 3453 Comes
2466 3382 2796 3453 obsidens
2824 3436 2841 3462 ,
2897 3401 3098 3450 corn*

546 3468 1000 3564 prebenderat
1048 3494 1208 3543 cum
1271 3493 1477 3542 uxore
1524 3494 1604 3542 ae
1647 3472 1881 3542 liberis
1928 3485 1995 3544 et
2067 3471 2477 3562 propinquis
2507 3527 2523 3554 ‚
2576 3472 2940 3562 ipsamque
2987 3469 3096 3539 di-

546 3573 776 3632 ruerat
831 3562 1315 3631 munitionem.
1382 3562 1740 3632 Tractabat
1786 3584 1948 3654 ergo
2008 3561 2111 3630 vir
2167 3574 2448 3631 sanctus
2510 3560 2596 3631 de
2655 3559 3097 3629 reformanda

547 3672 735 3742 pace,
790 3650 1028 3722 multis
1059 3650 1147 3720 ad
1195 3649 1348 3720 hoci
1406 3672 1561 3721 sum
1611 3651 1970 3742 Episcopis
2016 3662 2083 3719 et
2180 3650 2564 3740 rincipibus
2596 3649 3088 3741 congregatis:

544 3762 704 3811 cum
755 3738 984 3809 subito
1031 3744 1269 3809 Comes
1299 3738 1346 3809 il
1378 3761 1437 3821 e,
1490 3740 1983 3810 amaritudinis
2030 3737 2115 3808 fel
2148 3761 2187 3807 e
2233 3749 2643 3809 commotus.
2680 3738 3097 3808 insalutatos

542 3850 783 3900 omnes
831 3828 1251 3917 relinquens,
1304 3850 1481 3917 equo
1512 3828 1785 3908 insiliit,
1820 3842 1888 3898 et
1916 3828 2217 3897 recessit.
2257 3826 2574 3897 Confusis
2605 3827 2906 3914 denique
2943 3847 3096 3896 om-

542 3918 775 4000 nibuS,
822 3917 967 4007 jam
1010 3928 1385 3989 conventus
1418 3918 1489 3987 in
1537 3916 2016 4009 desperatione
2058 3917 2247 4008 pacis
2288 3916 2725 3986 solvebatur:
2778 3929 2844 3985 et
2892 3935 3097 4005 prae-

541 4006 769 4078 dictus
817 4007 1161 4078 Gerardus
1205 4007 1542 4077 accedens
1574 4008 1661 4076 ad
1711 4006 2063 4076 hominem
2106 4007 2245 4088 Dei,
2285 4004 2633 4076 licentiam
2666 4004 3090 4095 postulabat,

542 4095 727 4168 velut
765 4097 833 4165 in
880 4100 1164 4168 mortem
1219 4108 1284 4165 et
1321 4117 1665 4166 carcerem
1717 4094 2089 4164 rediturus,
2158 4095 2300 4165 Sub
2357 4094 2719 4165 obsidibus
2764 4095 2952 4162 enim
3005 4092 3095 4162 ad

543 4185 963 4273 colloquium
999 4185 1172 4256 illud
1205 4198 1351 4255 erat
1395 4184 1765 4255 adductus.
1820 4188 2129 4270 Cumque
2173 4185 2279 4254 vir
2312 4184 2583 4254 Domini
2617 4181 3097 4253 consolaretur

542 4295 727 4355 eum,
779 4276 1058 4364 gravius
1112 4273 1228 4344 ille
1279 4275 1454 4354 flens
1503 4283 1570 4343 et
1618 4272 1930 4363 ejulans:
1983 4278 2242 4355 Meam,
2302 4272 2553 4362 inquit,
2609 4272 2841 4341 minus
2891 4270 3095 4340 doleo

545 4375 839 4432 sortem:
894 4384 1083 4432 meos
1128 4384 1369 4434 omnes
1417 4362 1620 4452 lugeo
1673 4363 1928 4453 pariter
1971 4362 2361 4433 morituros.
2408 4367 2821 4452 Compassus
2856 4360 3093 4447 itaque

543 4449 647 4520 vir
692 4450 978 4521 beatus:
1031 4473 1070 4517 «
1103 4456 1196 4521 Ne
1233 4451 1498 4533 timeaS,
1532 4452 1673 4522 ait:
1727 4464 1958 4522 certus
1984 4463 2150 4534 est0,
2203 4451 2370 4539 quia
2418 4457 2597 4523 Deus
2645 4450 2767 4522 tibi
2808 4449 3092 4536 tuisque
