3308 5004
236 307 428 388 A'UG.
481 321 566 387 30
1120 338 1197 384 nn
1246 338 1298 385 s.
1358 336 1516 385 Rosa
1566 337 1738 385 vnio.
1796 339 1924 386 Lm.
2574 322 2705 387 749

233 425 412 496 Jesu
460 423 768 504 Christe,
818 441 1030 511 quam
1079 443 1237 492 cum
1307 422 1830 493 nefandissimis
1907 422 2342 513 principibus
2392 424 2635 494 vestris
2706 422 2794 494 ad

239 526 518 614 tempus
567 512 812 592 vivere,
865 510 1031 581 etin
1082 524 1438 581 aeternum
1471 534 1630 582 cum
1694 511 1889 602 ipsis,
1933 512 2172 602 poenis
2224 513 2576 603 perpetuis
2636 534 2795 583 cru-

237 603 483 672 ciari.»
545 606 811 672 Interea
858 600 1049 669 ducti
1099 599 1183 670 ad
1236 599 1465 671 locum
1499 600 1593 669 'in
1638 622 1777 687 quo
1826 600 2176 692 praedicta
2222 601 2430 671 arbor
2475 613 2789 682 steterat,

237 713 401 761 cum
436 691 537 760 eis
566 690 867 782 spatium
918 689 1163 758 orandi
1211 688 1450 759 datum
1500 689 1786 770 fuisset,
1847 703 2256 781 exurgentes
2304 691 2392 759 ab
2440 691 2788 770 oratione,

238 779 537 850 osculati
583 791 746 849 sunt
795 778 1222 857 seinvicem,
1275 789 1340 847 et
1389 779 1646 867 pariter
1692 778 2056 869 capitalem
2110 778 2477 849 subierunt
2525 792 2797 850 senten-

240 869 434 939 tiam.
489 872 785 958 Corpora
824 879 1051 937 autem
1094 887 1332 935 eorum
1371 867 1732 937 inhumata
1768 867 2005 938 relicta
2036 879 2223 949 sunt,
2272 867 2389 938 sed
2427 868 2797 938 Christiani

241 969 452 1028 noctu
501 958 872 1037 venientes,
930 955 1189 1024 ibidem
1237 955 1360 1025 ubi
1408 956 1614 1026 arbor
1663 968 1960 1038 steterat,
2012 956 2177 1044 quia
2232 956 2521 1026 nimiam
2578 969 2798 1027 terrae

239 1046 677 1116 altitudinem
741 1058 1105 1136 aperuerat
1150 1045 1413 1115 eversio
1466 1045 1659 1132 ejus,
1714 1045 2137 1135 sepelierunt
2182 1066 2322 1115 eos,
2370 1045 2592 1116 Altera
2641 1066 2797 1116 vero
2894 1094 2903 1111 .

241 1136 356 1206 die
389 1134 692 1205 volentes
728 1134 979 1226 pagani
1027 1157 1108 1204 ex
1139 1133 1356 1203 nimia
1403 1134 1593 1204 rabie
1639 1155 1929 1226 corpora
1977 1156 2216 1204 eorum
2265 1133 2582 1217 effodere,
2641 1134 2799 1223 qui-

241 1246 545 1312 cumque
596 1235 1028 1294 tentaverunt
1077 1245 1328 1293 manus
1399 1223 1787 1304 admovere,
1840 1246 1881 1293 a
1935 1223 2213 1294 diabolo
2278 1224 2531 1315 arrepti
2609 1234 2794 1293 sunt.

243 1314 373 1384 Ubi
423 1324 657 1404 postea
692 1312 880 1403 pacis
923 1324 1249 1401 tempore,
1303 1312 1590 1382 basilica
1622 1312 1953 1383 fabricata
2001 1325 2140 1384 est:
2176 1313 2246 1382 in
2291 1335 2428 1400 qua
2464 1312 2799 1383 beneficia

241 1402 477 1473 divina
522 1402 898 1471 exuberant
942 1422 1167 1488 usque
1217 1402 1285 1470 in
1360 1401 1775 1472 hodiernum
1836 1401 2047 1471 diem.
2104 1402 2293 1472 Passi
2355 1415 2520 1472 sunt
2577 1403 2797 1473 sancti

241 1505 582 1582 martyres
642 1491 824 1560 Felix
873 1490 1231 1581 presbyter
1295 1502 1360 1559 et
1416 1491 1785 1571 AdauctuS,
1848 1495 1887 1559 3
1931 1489 2207 1560 Calend.
2270 1491 2614 1583 Septemb.
2662 1513 2798 1561 τε·

241 1593 497 1672 gnante
545 1580 834 1650 Domino
885 1594 1115 1649 nostro
1143 1584 1309 1650 Jesu
1358 1579 1623 1650 Christo
1673 1580 1822 1650 sine
1863 1579 2024 1660 fine,
2064 1584 2300 1649 Amen.

790 1870 1021 1995 νιΤΑ
1092 1896 1175 1997 S.
1249 1894 1575 1997 ROSAE
1642 1898 1705 1995 Α
1771 1894 1855 1996 S.
1924 1895 2253 1998 ΜΑΒΙΑ

510 2119 879 2185 VIRGINIS
927 2119 1284 2185 LIMANAE
1331 2120 1380 2184 E
1442 2102 1743 2185 TERTIO
1791 2118 1982 2185 ORD.
2038 2119 2103 2185 S.
2159 2117 2536 2185 DOMINICI

633 2352 749 2399 Pttn
797 2351 1043 2399 nuum
1091 2348 1468 2399 CANONtzAT.
1521 2350 1677 2398 ANNI
1727 2349 1992 2398 uncum
2040 2347 2404 2397 DESCRIPTA.

989 2529 1176 2587 Obiit
1215 2543 1394 2586 anno
1437 2530 1587 2585 1617
1642 2557 1723 2569 —
1761 2526 2053 2585 Ameria.

696 2729 996 2797 Clemens
1043 2727 1410 2818 episcopm,
1473 2724 1759 2794 *servus
1814 2747 2159 2797 servorum
2206 2709 2357 2810 Dei,

958 2834 1051 2903 ad
1076 2842 1476 2924 perpetuam
1521 2833 1629 2901 rei
1676 2833 2094 2903 memoriam.

340 2979 699 3045 Pnotoeus.
754 2981 792 3056 ἓ
839 2980 921 3048 1.
973 2972 1293 3044 Coelestis
1340 2972 1838 3065 paterfamilias
1869 3031 1885 3057 ‚
1929 2975 2135 3065 cujus
2183 2988 2430 3046 natura
2487 2975 2808 3059 bonitas,

253 3061 568 3133 voluntas
617 3063 943 3154 potentia,
995 3075 1060 3132 et
1106 3084 1284 3153 opus
1333 3063 1808 3134 misericordia
1853 3077 1979 3146 est,
2023 3065 2149 3136 ubi
2181 3063 2265 3134 ad
2322 3086 2649 3155 magnam
2703 3062 2814 3134 di-

219 3150 557 3242 ,vinitatis
588 3174 873 3223 coenam
927 3150 1247 3221 invitatos
1277 3151 1581 3224 Judaeos
1629 3174 1703 3222 se
1737 3152 1926 3243 ipsos
1969 3165 2047 3225 ut
2081 3153 2408 3244 indignos
2437 3154 2815 3224 eximentes

255 3242 655 3330 conspexit,
716 3241 800 3311 ad
854 3240 1041 3310 vicos
1086 3253 1153 3310 et
1229 3240 1489 3332 plateas
1559 3241 1856 3314 civitatis
1903 3254 2367 3314 aocet-sentem
2437 3241 2602 3312 hinc
2650 3242 2813 3313 inde

255 3328 428 3398 alios
478 3340 684 3418 atque
720 3329 894 3399 alios
933 3331 1258 3401 convivas
1306 3352 1581 3401 servum
1634 3329 1907 3401 fidelem
1942 3331 2329 3403 transmisit
2371 3330 2648 3421 (Par-ab.
2685 3336 2806 3403 Ev.

185 3489 204 3492 -
253 3422 470 3488 Lucae
509 3441 641 3500 nr,
697 3423 832 3504 ⁴6).
887 3422 1134 3488 Verum
1186 3440 1310 3489 nec
1344 3440 1731 3511 pauperum
1766 3420 2236 3502 multitudine,
2275 3441 2399 3489 nec
2441 3419 2808 3504 debilium,

252 3509 613 3577 coecorum
664 3518 784 3576 aut
829 3505 1239 3578 claudorum
1274 3508 1498 3599 copia,
1542 3530 1669 3580 nec
1718 3508 1829 3580 his
1875 3509 1998 3597 qui
2046 3510 2250 3601 longe
2295 3521 2491 3579 erant
2530 3522 2815 3580 conten-

253 3607 390 3677 tus,
436 3595 523 3666 ad
566 3595 795 3687 regale
833 3595 1149 3686 epulum,
1185 3597 1256 3667 in
1285 3619 1423 3687 quo
1453 3619 1589 3668 non
1642 3620 1864 3689 pauca
1902 3597 2020 3669 sed
2052 3598 2288 3669 omnia
2321 3610 2562 3690 parata
2591 3609 2810 3682 erant,

253 3685 434 3756 etad
482 3684 843 3759 coelestem
896 3684 1186 3755 domum
1235 3684 1690 3776 implendam,
1729 3687 1802 3757 in
1835 3687 2199 3759 ulteriores
2272 3699 2465 3759 entes
2509 3686 2816 3759 destina·

254 3786 401 3844 tum
453 3774 788 3844 nuncium
840 3773 1160 3865 progredi
1198 3775 1435 3866 jussit.
1472 3775 1790 3864 Undique
1828 3798 1909 3846 ex
1940 3777 2120 3860 Asia,
2171 3782 2219 3847 Α
2253 3776 2394 3846 rica
2440 3786 2507 3846 et
2538 3781 2721 3847 Euro
2773 3779 2816 3847 a

256 3874 653 3933 sanctorum
700 3863 1008 3933 virorum
1057 3876 1263 3951 atque
1293 3864 1669 3935 mulierum
1716 3865 2227 3956 cujuscumque
2255 3865 2523 3946 aetatis,
2576 3887 2709 3948 con
2763 3865 2819 3935 i-

258 3952 466 4022 tionis
495 3964 562 4022 et
599 3951 859 4043 gradus
906 3952 1191 4043 agmina
1239 3952 1525 4024 collecta
1571 3952 1810 4036 fuere;
1862 3952 2010 4025 sola
2065 3955 2381 4026 esuriens
2443 3953 2821 4047 languebat

257 4041 587 4123 America‚
641 4062 767 4111 nec
814 4041 1087 4112 Domini
1147 4040 1437 4112 volentis
1484 4041 1779 4114 salutem
1842 4042 2159 4114 omnium
2210 4043 2448 4115 arcani
2500 4044 2816 4135 mysterii

259 4129 559 4212 conscia,
615 4151 741 4201 nec
780 4129 1083 4202 ministri
1116 4131 1427 4205 vocantis
1474 4153 1673 4202 voces
1720 4131 1967 4202 audire
1999 4130 2284 4214 valens;
2347 4132 2567 4205 donec
2637 4133 2821 4205 venit

260 4213 619 4306 plenitudo
657 4218 985 4309 temporis
1030 4232 1098 4290 et
1193 4240 1269 4289 er
1300 4220 1659 4292 ministros
1689 4220 1931 4293 fideles
1969 4220 2355 4293 sedentium
2396 4221 2464 4292 in
2517 4222 2820 4293 tenebris

259 4315 324 4374 et
380 4309 636 4379 umbra
697 4307 941 4379 mortis
999 4308 1149 4378 auri
1204 4330 1290 4379 us
1357 4331 1484 4380 vox
1548 4310 1772 4381 Patris
1830 4309 2188 4393 insonuit,
2245 4309 2660 4400 illatumque
2715 4322 2819 4384 est

321 4431 349 4459 ·
376 4432 554 4477 summ.
573 4435 707 4477 Pont-
725 4434 871 4487 hujus
886 4431 1093 4477 nominis
1110 4435 1169 4477 x:
1188 4436 1383 4478 Beatam
1400 4436 1585 4478 dixerat
1601 4431 1827 4480 tuomum
1842 4437 1931 4480 Del
1946 4437 2121 4481 Reum
2141 4437 2358 4483 Olenum
2378 4438 2460 4490 Pp.
2479 4437 2557 4482 11.
