3308 5004
140 333 317 403 AUG.
372 335 454 401 ⁴9
716 352 796 399 nn
842 351 937 400 ss.
990 349 1244 400 Annam
1289 347 1563 399 ramoso
1610 349 1688 399 ar
1735 347 1937 400 scens
1984 352 2099 400 n.
2458 336 2594 402 4⁴3

142 432 599 526 praedictione
647 431 796 502 loca
828 431 949 501 illa
998 452 1123 502 suo
1151 443 1219 502 et
1260 452 1502 502 eorum
1554 431 1870 502 omnium
1904 432 2020 520 qui
2048 451 2207 504 cum
2257 433 2278 503 i
2334 455 2411 504 so
2458 450 2675 516 erant,

141 522 463 613 martyrio
508 521 869 612 praefinita
917 519 1585 612 esse⁸cognovisset,
1656 519 1951 591 ulterius
2009 539 2225 621 progr
2317 524 2334 591 i
2397 524 2676 594 destitit.

141 618 323 700 Tunc
354 610 685 682 Seleucus
719 610 923 693 venit,
960 623 1031 679 et
1057 609 1228 679 vidit
1273 608 1424 681 loca
1470 610 1545 678 in
1592 609 1850 697 quibus
1900 609 2024 678 viri
2077 610 2175 680 illi
2223 634 2264 681 a
2313 618 2446 682 Deo
2492 613 2682 685 ducti

141 701 620 771 constiterant:
668 699 735 768 in
772 720 893 769 eos
932 709 1164 769 autem
1211 697 1615 779 exercitum,
1661 719 1868 786 quem
1917 719 2154 769 secum
2203 700 2520 784 habebat,
2557 704 2686 773 im·

146 789 344 860 misit.
398 789 474 859 Id
524 810 685 858 cum
754 788 1083 858 sensisset
1143 787 1259 856 Dei
1328 787 1665 869 minister,
1732 799 1799 856 et
1847 807 1920 858 se
1974 800 2042 857 et
2100 790 2321 860 socios
2387 811 2550 862 suos
2597 792 2684 861 ad

146 899 371 969 preces
416 878 744 960 excitanS,
803 878 949 947 ait:
999 898 1036 943 «
1072 879 1125 947 O
1174 876 1384 946 amici
1444 889 1511 946 et
1563 875 2112 959 commilitoneS,
2165 899 2245 948 ac
2295 878 2419 949 filii
2498 881 2679 962 mei,

152 987 325 1038 nunc
382 979 489 1038 est
551 980 824 1057 tempus
870 965 1339 1057 acceptabile,
1408 985 1599 1035 nunc
1643 964 1793 1036 dies
1841 964 2124 1036 salutis:
2180 980 2566 1058 perstemus
2610 969 2680 1038 in

150 1057 253 1126 Dei
325 1076 607 1137 amore,
684 1055 1088 1126 resistamus
1160 1053 1396 1124 animo
1446 1074 1666 1142 aequo
1727 1065 1794 1123 et
1841 1052 2042 1136 forti,
2096 1057 2686 1158 quemadmodum

151 1145 489 1236 praecepit
538 1144 739 1214 nobis
768 1149 981 1214 Deus:
1038 1165 1292 1213 manus
1338 1154 1608 1215 nostras
1659 1163 1793 1213 non
1854 1142 1939 1213 ad
1989 1144 2428 1230 ulciscendos
2461 1168 2687 1237 perse-

147 1249 427 1315 cutores,
466 1232 585 1306 sed
621 1233 705 1302 ad
759 1238 971 1303 Deum
1010 1231 1463 1323 precandum,
1517 1232 1717 1319 eique
1766 1233 2024 1325 gratias
2068 1233 2416 1325 agendum
2467 1236 2689 1327 eriga-

150 1344 340 1395 mus:
377 1320 565 1410 qucd
602 1322 802 1392 nobis
839 1322 1276 1405 concesserit,
1314 1332 1393 1391 ut
1422 1319 1508 1390 ad
1541 1321 1785 1391 horam
1816 1321 1996 1392 hanc
2019 1323 2249 1393 venire
2283 1324 2682 1414 poterimus

147 1432 272 1500 quo
312 1424 574 1502 partem
609 1422 677 1481 et
715 1422 966 1483 sortem
1016 1431 1176 1482 curn
1212 1411 1472 1482 sanctis
1518 1430 1995 1498 assequamur.
2034 1412 2396 1504 Supplices
2442 1414 2528 1484 ab
2570 1413 2689 1482 illo

232 1500 595 1583 stulemuS,
627 1498 811 1588 quod
846 1513 1231 1591 martyrum
1266 1499 1536 1591 primus
1560 1499 2052 1570 celeberrimus
2086 1501 2495 1592 Stephanus,
2527 1525 2687 1572 cum

172 1590 492 1680 apidibus
539 1589 968 1671 obrueretur,
1014 1610 1053 1659 a
1104 1593 1237 1658 Deo
1279 1587 1535 1679 petivit,
1580 1587 1888 1658 dicentes
1919 1600 1984 1659 et
2022 1610 2166 1659 nos:
2215 1591 2499 1662 Domine
2523 1597 2689 1662 Jesu

150 1678 421 1760 Christe,
462 1678 699 1769 accipe
754 1677 1043 1769 spiritus
1099 1699 1454 1748 servorum
1508 1688 1818 1770 tuorum,
1871 1699 2046 1765 quos
2093 1678 2162 1748 in
2229 1701 2479 1750 manus
2537 1692 2692 1750 tuas

149 1767 785 1839 commendamus.»
835 1771 1000 1837 Cum
1051 1787 1210 1836 vero
1249 1765 1320 1835 in
1373 1765 1599 1836 medio
1632 1766 1944 1857 ipsorum
1981 1767 2420 1848 constitisset,
2467 1769 2692 1840 mani-

149 1856 273 1927 bus
319 1869 387 1927 at
438 1878 524 1926 ue
572 1855 793 1925 oculis
842 1856 911 1925 in
962 1854 1230 1925 coelum
1281 1856 1549 1938 erectis,
1602 1859 1817 1925 Deum
1860 1856 2057 1925 enixe
2099 1857 2338 1940 oravit;
2392 1858 2693 1950 comple-

149 1945 361 2033 tisque
389 1879 518 2016 (his
611 1945 907 2026 recibuS,
960 1944 1375 2016 adstiterunt
1422 1944 1649 2015 statim
1706 1957 2197 2034 persecutores,
2251 1945 2415 2016 feris
2465 1947 2694 2017 immi-

150 2033 324 2107 tibus
353 2034 570 2106 crude
602 2034 805 2105 ioreS.
845 2034 985 2125 Ipsi
1036 2055 1214 2116 vero,
1280 2046 1637 2122 tamquam
1693 2033 1856 2135 agni
1905 2034 2035 2105 sim
2094 2034 2259 2107 lices
2307 2036 2395 2106 ad
2446 2037 2691 2107 immo·

149 2120 423 2194 landum
478 2121 720 2204 ducti,
796 2135 1153 2193 mansuete
1210 2133 1276 2193 et
1349 2120 1592 2193 leniter
1670 2143 1935 2213 seipsos
2004 2123 2049 2193 il
2086 2146 2287 2194 orum
2365 2125 2695 2196 manibus

153 2212 598 2293 tradiderunt,
653 2231 1092 2281 communem
1130 2210 1444 2281 omnium
1482 2211 1850 2281 Dominum
1906 2211 2276 2283 imitantes.

229 2303 263 2388 ξ
305 2305 456 2373 12.
512 2299 783 2372 Profani
808 2298 1022 2401 igitur
1058 2298 1164 2369 illi
1194 2311 1259 2370 et
1284 2299 1528 2371 nefarii
1567 2312 2061 2392 persecutore5‚
2093 2301 2406 2371 ferociter
2442 2314 2690 2373 etcum

154 2389 441 2477 quodam
472 2389 502 2479 (
528 2402 604 2459 ut
643 2389 736 2459 ita
783 2387 1073 2478 dicam)
1110 2388 1424 2459 dentium
1487 2389 1780 2460 stridore
1827 2411 1906 2459 ac
1963 2390 2240 2460 fremitu
2302 2390 2644 2462 irruentes
2674 2445 2690 2472 ,

154 2479 393 2550 strictis
427 2479 682 2571 gladiis
743 2477 1143 2549 beatissimo
1195 2478 1379 2549 viros
1435 2476 1949 2561 interfecerunt,
2010 2491 2073 2549 et
2133 2478 2414 2550 illorum
2480 2478 2696 2551 multo

155 2569 479 2660 sanguine
542 2568 1156 2659 praeterlabentem
1218 2567 1511 2638 fluvium
1585 2568 2070 2658 impleverunt.
2125 2570 2361 2639 Statim
2414 2582 2642 2639 autem
2677 2624 2692 2649 ,

156 2654 357 2740 locus,
394 2659 465 2727 in
517 2678 722 2745 quem
774 2657 1212 2729 venerandus
1274 2657 1563 2748 sanguis
1610 2655 1728 2726 ille
1776 2656 2178 2740 defluxerat,
2218 2657 2370 2729 sons
2409 2657 2695 2745 quidam

156 2744 419 2818 effectus
451 2759 578 2827 est,
617 2745 1150 2837 omnigenarum
1185 2747 1735 2837 aegrotationum
1791 2746 2150 2817 sanitatem
2209 2747 2522 2817 afferens:
2577 2748 2698 2835 qui

156 2831 296 2904 fons
341 2836 425 2906 ad
478 2833 893 2905 hodiernum
943 2855 1169 2922 usque
1212 2834 1396 2906 diem
1440 2836 1684 2927 gratiis
1738 2835 2102 2916 redundat,
2155 2848 2220 2906 et
2271 2837 2696 2906 curationem

157 2922 436 3015 singulis
466 2923 1061 2995 accommodatam
1097 2923 1415 3016 largitur.
1470 2924 1932 3008 Quamobrem
1972 2946 2110 2995 non
2158 2924 2244 2994 ad
2284 2947 2402 2997 eos
2436 2924 2689 3005 solum,

159 3012 266 3097 qui
314 3034 549 3105 prope,
584 3024 650 3083 et
699 3013 769 3081 in
816 3034 896 3083 eo
953 3013 1101 3084 loco
1148 3035 1229 3084 ac
1278 3014 1579 3084 finitima
1616 3013 1891 3104 regione
1940 3025 2144 3084 sunt:
2220 3013 2337 3083 sed
2374 3013 2460 3083 ad
2511 3012 2701 3104 ipsos

160 3099 376 3184 etiam,
413 3102 537 3191 qui
587 3101 791 3193 longe
837 3103 1116 3184 absunt,
1169 3113 1235 3172 et
1267 3102 1354 3171 ab
1413 3101 1554 3172 illis
1601 3101 1772 3173 locis
1820 3103 2114 3173 multum
2151 3102 2431 3184 distant,
2487 3102 2702 3191 hujus

157 3187 269 3259 viri
334 3191 553 3262 sancti
617 3188 802 3260 fama
858 3190 1175 3262 celeriter
1219 3191 1569 3282 pervenit:
1621 3212 1801 3279 quae
1865 3191 2069 3273 facit,
2123 3205 2201 3263 ut
2254 3212 2497 3262 omnes
2562 3203 2699 3261 tam

156 3281 355 3363 parvi,
399 3300 613 3368 quam
653 3279 1034 3371 mediocres
1063 3293 1129 3351 et
1168 3279 1428 3350 summi
1464 3280 1613 3362 viri,
1650 3301 2003 3351 concursu
2035 3302 2288 3372 magno
2335 3280 2506 3351 illuc
2542 3300 2703 3369 pro·-

156 3364 565 3451 ficiscantur‚
618 3380 684 3437 et
725 3369 1086 3450 miracula,
1130 3388 1309 3456 quae
1349 3367 1492 3438 illic
1544 3369 1745 3450 flunt,
1789 3369 2085 3461 gloriose
2115 3370 2486 3440 celebrent.
2532 3374 2701 3438 Cur-—

162 3474 300 3523 sum
353 3459 567 3548 igitur
626 3469 803 3527 mart
857 3457 935 3525 ri'
980 3458 1089 3529 sui
1138 3458 1582 3529 beatissimus
1622 3458 1926 3529 Andreas
1965 3481 2127 3529 cum
2189 3470 2323 3529 tota
2370 3478 2497 3528 sua
2546 3457 2705 3528 forti

157 3554 216 3611 et
256 3567 294 3612 a
333 3551 464 3617 Deo
511 3545 727 3617 electa
759 3478 1105 3637 phal'hge
1146 3546 1429 3637 perfecit
1461 3547 1921 3618 decimonono
1953 3547 2211 3619 mensis
2242 3546 2532 3649 Augusti
2560 3547 2696 3616 die.

237 3640 275 3713 ἓ
318 3640 462 3708 ¹8.
520 3641 763 3706 Petrus
794 3654 975 3717 vero,
1021 3636 1379 3706 Tarsensis
1426 3635 1625 3706 urbis
1665 3637 2073 3728 Episcopus,
2121 3636 2242 3725 qui
2301 3637 2536 3706 divino
2575 3638 2700 3707 ba-

159 3720 487 3804 ptismatis
523 3724 794 3794 lavacro
838 3744 1001 3793 eum
1042 3726 1385 3816 purgavit,
1445 3730 1732 3796 Nonnus
1769 3726 2150 3817 Episcopus
2190 3725 2698 3805 Beroeensium‚

162 3807 539 3884 Theodnlus
585 3825 653 3882 et
686 3813 1023 3901 Synesius
1061 3815 1366 3896 Diaconi,
1414 3814 1723 3886 Marinus
1771 3826 1837 3885 et
1882 3814 2223 3897 Nicotaus,
2276 3812 2614 3884 Eusebius
2639 3825 2706 3882 et

163 3896 511 3989 Lamyrion
564 3906 898 3983 Lectores,
936 3924 1097 3972 cum
1147 3901 1451 3973 Andreas
1505 3904 1695 3990 ipse,
1752 3916 1818 3973 et
1865 3904 1916 3972 ii
1973 3904 2095 3991 qui
2140 3923 2301 3973 cum
2351 3924 2431 3973 eo
2476 3912 2695 3982 erant,

162 3998 488 4060 certamen
542 3990 938 4082 perpessuri
988 4001 1241 4074 essent,
1294 4013 1335 4061 e
1366 3992 1750 4084 longinquo
1799 3994 2289 4079 sequebantur,
2341 3990 2705 4081 cupientes

165 4091 386 4145 eorum
435 4080 649 4149 finem
697 4099 1137 4171 cognoscere,
1174 4100 1379 4168 quem
1430 4094 1497 4151 et
1525 4090 2032 4172 cognoverunt,
2073 4101 2542 4161 communem,
2596 4079 2706 4148 in-

164 4178 384 4245 quam,
420 4168 701 4239 illorum
734 4169 1053 4240 omnium
1092 4170 1164 4238 in
1199 4169 1485 4241 Domino
1533 4169 2207 4241 consummationem
2239 4192 2258 4236 :
2307 4186 2608 4257 quorum
2640 4179 2706 4237 et

167 4257 577 4352 venerandas
646 4257 977 4346 relmuias
1048 4276 1082 4327 r
1216 4271 1553 4341 suerunt,
1622 4269 2121 4350 congruentem
2192 4258 2706 4329 venerationem

170 4337 578 4438 adhibentes.
631 4348 963 4418 Viderunt
1008 4359 1074 4418 et
1130 4361 1361 4419 ontem
1410 4346 1611 4418 illum
1652 4346 2152 4430 venerandum,
2205 4358 2270 4418 et
2319 4347 2705 4418 multorum

169 4432 640 4505 miraculorum
677 4436 1105 4519 effectorem,
1166 4458 1249 4509 ex
1297 4436 1535 4528 magni
1586 4435 1914 4527 martyris
1967 4435 2316 4509 defluente
2360 4436 2705 4530 sanguine

1993 4622 2006 4651 l
