3308 5004
630 295 759 360 776
1328 307 1411 357 ns
1458 309 1516 357 s.
1568 308 1807 358 nomo
1853 308 2055 359 arnse.
2107 308 2292 358 conv.
2766 288 3117 355 Anca-321

540 409 678 468 tam
715 395 1173 468 universalem
1224 395 1686 487 poenitentiae
1732 394 2055 486 spiritum
2118 408 2187 465 et
2243 392 2629 464 devotionis
2676 392 3109 464 incendium

534 485 867 566 excitarit,
919 497 998 555 ut
1034 490 1214 555 Rosa
1253 483 1402 554 suis
1434 484 1854 575 aspectibuS,
1880 483 2313 555 contactibus
2342 494 2409 552 et
2443 481 2853 573 precibus...
2884 486 3092 550 Prae-

535 584 638 645 ter
653 574 1021 664 praedicta
1067 572 1461 663 spiritualia
1489 572 1827 643 beneficia
1870 572 2087 643 multa
2124 571 2262 642 alia
2290 583 2357 642 et
2394 570 2701 662 insignia
2750 569 3099 640 miracula

535 664 606 732 in
655 661 986 733 curandis
1049 661 1461 752 corporibus
1523 671 1791 763 patrata
1857 672 2273 742 narrantur,
2338 660 2602 749 quibus
2646 659 2987 739 sanctitas
3033 671 3099 729 et

538 752 782 822 merita
829 752 1044 843 hujus
1089 750 1385 842 virginis
1417 762 1588 821 satis
1635 772 1983 842 superque
2012 750 2462 841 comprobata
2497 761 2744 820 sunt...

833 1067 1074 1168 VITA
1141 1067 1230 1171 S.
1300 1066 1660 1168 ΑΙΒΛΝΙ
1737 1064 2056 1167 EPlSC.
2136 1058 2796 1168 LlNDlSFARN.

622 1341 739 1388 nn
787 1340 1011 1389 vanna.
1065 1340 1274 1387 nana!
1318 1337 1723 1397 conscmrn,
1771 1338 1892 1386 un.
1933 1320 1973 1386 3
2013 1318 2188 1386 Hist.
2222 1319 2397 1386 Eccl.
2439 1315 2665 1387 Gentis
2710 1316 3001 1406 Anqlor.

1216 1535 1403 1594 Obiit
1444 1550 1624 1593 anno
1668 1537 1785 1592 651
1822 1565 1902 1576 —
1940 1536 2100 1593 Nat.
2146 1537 2415 1595 scotun.

619 1721 657 1807 ἓ
703 1724 784 1792 1.
840 1722 1134 1789 Sanctus
1172 1716 1475 1788 Aidanus
1512 1714 1599 1786 ad
1641 1714 2035 1789 oswaldum
2084 1719 2337 1805 Regem
2369 1727 2473 1787 est
2520 1715 2605 1786 de
2644 1717 2889 1788 insula
2919 1740 3103 1807 quae

533 1818 817 1879 vocatur
861 1812 997 1891 Hu,
1049 1805 1459 1888 destinatus»,
1491 1805 1698 1906 cujus
1745 1806 2242 1876 monasterium
2282 1827 2534 1895 magno
2584 1806 3095 1879 monachorum

536 1895 806 1986 pollens
853 1894 1190 1977 examine,
1242 1896 1313 1965 in
1362 1907 1633 1965 cunctis
1685 1915 1860 1983 pene
1919 1893 2568 1986 septentrionalium
2619 1899 2987 1967 Scotorum
3032 1909 3097 1967 et

532 1985 851 2055 omnium
902 1984 1247 2054 Pictorum
1291 1982 1728 2053 monasteriis
1755 2004 1890 2052 non
1925 2004 2136 2074 parvo
2171 1994 2303 2053 tem
2358 2005 2476 2054 ore
2514 2005 2743 2054 arcem
2787 1985 3086 2063 tenebat,

531 2071 993 2173 regendisque
1037 2093 1275 2142 eorum
1312 2070 1592 2163 populis
1623 2083 1960 2162 praeerat.
1999 2077 2188 2156 Quae
2221 2072 2285 2142 vi
2336 2072 2536 2143 elicet
2567 2072 2805 2143 insula
2833 2073 2926 2145 ad
2969 2073 3086 2162 jus

577 2160 815 2231 uidem
861 2160 1256 2230 Britanniae
1308 2161 1623 2250 pertinet,
1658 2181 1796 2231 non
1838 2183 2093 2252 magno
2140 2162 2229 2232 ab
2275 2183 2356 2231 ea
2402 2160 2572 2231 freto
2608 2161 2940 2243 discreta,
2972 2161 3087 2232 sed

529 2182 903 2321 gonatione
952 2250 1323 2330 Pictorum,
1377 2249 1502 2337 qui
1560 2248 1717 2319 illas
1766 2249 2159 2320 Britanniae
2208 2249 2450 2351 plagas
2513 2248 2863 2332 incolunt,
2902 2252 3083 2341 jam-

534 2337 1201 2426 dudummonachis
1239 2342 1595 2410 Scotorum
1649 2337 1924 2422 tradita,
1972 2360 2055 2409 eo
2100 2338 2288 2426 quod
2336 2338 2478 2411 illis
2526 2339 3083 2430 praedicantibus

534 2426 745 2499 fidem
796 2427 1045 2498 Christi
1094 2439 1572 2520 perceperunt.

624 2520 662 2606 ἓ
714 2523 804 2590 8.
854 2517 951 2587 Ab
979 2518 1110 2587 hac
1145 2539 1310 2606 ergo
1353 2516 1604 2598 insula,
1657 2517 1745 2587 ab
1775 2516 2022 2587 horum
2063 2515 2356 2608 collegio
2414 2517 2930 2596 monachorum,
2975 2514 3059 2584 ad

533 2605 961 2697 provinciam
996 2606 1370 2697 Anglorum
1409 2604 1902 2676 instituendam
1937 2606 2010 2676 in
2059 2605 2365 2688 Christo,
2422 2607 2684 2677 missus
2732 2618 2824 2677 est
2866 2603 3063 2676 Aida·

530 2717 690 2776 nus,
744 2706 1027 2786 accepto
1070 2694 1296 2785 gradu
1324 2694 1818 2786 Episcopatus:
1863 2716 2002 2783 quo
2036 2706 2341 2784 tempore
2396 2693 2622 2764 eidem
2677 2691 3076 2765 monasterio

530 2783 867 2875 Segenius
912 2782 1138 2854 Abbas
1169 2796 1234 2854 et
1268 2783 1623 2874 presbyter
1659 2783 1975 2873 praefuit.
2021 2781 2215 2854 Unde
2249 2784 2426 2853 inter
2456 2783 2593 2853 alia
2645 2783 2919 2854 vivendi
2961 2782 3085 2854 do-

447 2905 450 2910 ·
526 2885 875 2954 cumenta,
927 2870 1464 2943 saluberrimum
1513 2870 1969 2943 abstinentiae
2007 2871 2111 2943 vel
2146 2872 2611 2943 continentiae
2657 2872 2936 2944 clericis
2977 2895 3085 2943 re-

527 2959 730 3050 liquit
775 2959 1196 3052 exemplum.
1232 2961 1442 3062 Cujus
1487 2960 1871 3031 doctrinam
1904 2961 1975 3031 id
2026 2961 2325 3032 maxime
2370 2961 2910 3033 commendabat
2937 2984 3092 3032 om-

525 3051 737 3121 nibus
768 3105 783 3132 ,
835 3049 1022 3138 quod
1073 3071 1208 3120 non
1258 3049 1458 3119 aliter
1501 3071 1714 3139 quam
1780 3049 2048 3121 vivebat
2113 3073 2275 3121 cum
2341 3049 2513 3132 suis,
2568 3051 2720 3140 ipse
2765 3049 3085 3122 docebat.

526 3138 708 3210 Nihil
757 3139 943 3209 enim
997 3138 1212 3227 hujus
1261 3138 1509 3209 mundi
1571 3159 1948 3227 quaerere,
2004 3138 2103 3208 nil
2165 3160 2403 3209 amare
2450 3138 2761 3210 curabat.
2828 3145 3095 3211 Cuncta

525 3249 702 3315 quae
748 3228 881 3300 sibi
913 3250 955 3299 a
1000 3228 1307 3317 Regibus
1354 3227 1455 3297 vel
1515 3226 1850 3298 divitibus
1898 3226 2116 3300 seculi
2162 3226 2645 3310 donabantur,
2699 3249 2868 3300 mox
2917 3252 3096 3322 pau-

524 3316 979 3407 peribus‘qui
1023 3327 1485 3397 occurrerent,
1521 3337 1806 3408 erogare
1835 3315 2202 3409 gaudebat.
2236 3318 2631 3388 Discurrere
2671 3335 2798 3407 per
2828 3331 3093 3389 cuneta

525 3416 593 3474 et
623 3404 891 3476 urbana
927 3417 995 3477 et
1041 3405 1299 3477 rustica
1325 3403 1500 3487 loca,
1547 3426 1684 3475 non
1719 3427 2054 3494 equorum
2087 3405 2317 3488 dorso,
2350 3404 2471 3475 sed
2506 3405 2763 3497 pedum
2806 3405 3101 3480 incessu

523 3504 784 3575 vectuS,
840 3494 976 3564 nisi
1024 3494 1084 3564 si
1134 3493 1359 3582 major
1404 3492 1574 3564 forte
1625 3495 1999 3565 necessitas
2044 3494 2521 3586 compulisset,
2565 3493 2881 3586 solebat:
2926 3518 3103 3584 qua-

524 3593 730 3654 tenus
775 3583 1204 3671 ubicumque
1250 3582 1521 3671 aliquos
1577 3581 1680 3654 vel
1728 3582 1977 3654 divites
2023 3583 2126 3654 vel
2242 3604 2537 3674 auperes
2584 3583 2924 3656 incedens
2968 3583 3100 3654 ad·

521 3671 877 3762 spexisset,
930 3671 1291 3774 confestim
1340 3670 1427 3741 ad
1480 3671 1605 3742 hos
1667 3671 2053 3754 divertens,
2105 3606 2239 3743 velD
2247 3672 2336 3744 ad
2371 3671 2535 3743 fidei
2598 3670 3095 3772 suscipiendae

525 3772 1039 3832 sacramentum
1073 3814 1090 3842 ,
1142 3782 1202 3831 st
1250 3759 1569 3831 infideles
1615 3773 1896 3843 essent,
1951 3761 2319 3834 invitaret:
2366 3760 2522 3843 vel,
2579 3763 2640 3831 si
2688 3761 2959 3842 fideles,
3010 3781 3092 3831 tn

522 3849 678 3940 ipsa
721 3871 840 3922 eos
877 3848 1013 3920 fide
1040 3848 1477 3932 confortaret,
1512 3861 1719 3937 atque
1746 3849 1834 3920 ad
1868 3849 2345 3938 eleemosynas
2392 3849 2881 3939 bonorumque
2920 3870 3098 3940 ope·

522 3959 682 4007 rum
728 3939 1262 4026 exequutionem
1306 3950 1374 4010 et
1435 3938 1662 4010 verbis
1697 3938 2021 4009 excitaret
2057 3951 2124 4010 et
2166 3938 2389 4010 factis.
2450 3943 2810 4012 Intantum
2848 3950 3097 4010 autem

511 4026 660 4098 ‚vita
703 4026 896 4098 illius
941 4049 982 4098 a
1022 4027 1237 4099 nostri
1287 4027 1618 4119 temporis
1654 4027 1953 4120 segnitia
1981 4027 2304 4110 distabat,
2347 4039 2427 4099 ut
2464 4047 2707 4100 omnes
2753 4028 2885 4118 qui
2922 4049 3103 4104 cum

521 4137 603 4186 eo
649 4114 1082 4198 incedebant,
1129 4117 1273 4186 sive
1318 4116 1593 4198 attonsi,
1636 4117 1783 4187 sive
1827 4115 2013 4199 laici,
2067 4116 2389 4188 meditari
2430 4115 2783 4199 deberent,
2836 4116 2917 4189 id
2967 4129 3103 4201 est,

522 4215 643 4276 aut
672 4204 984 4296 legendis
1017 4203 1415 4297 ScripturiS,
1468 4216 1589 4275 aut
1634 4205 1926 4296 psalmis
1970 4205 2325 4278 discendis
2376 4227 2661 4296 operam
2711 4204 2921 4278 dare.
2954 4211 3107 4280 11oe

522 4305 671 4363 erat
729 4293 1214 4380 quotidianum
1289 4315 1330 4364 o
1381 4315 1468 4364 us
1530 4293 1753 4385 ipsius
1785 4349 1801 4376 ,
1873 4306 1942 4365 et
1985 4296 2304 4366 omnium
2351 4296 2475 4383 qui
2538 4317 2702 4366 cum
2749 4315 2847 4367 eo
2898 4305 3111 4368 erant

522 4379 841 4464 fratrum,
875 4381 1302 4471 ubicumque
1360 4404 1643 4454 ocorum
1682 4382 2047 4458 venissent.
2086 4388 2164 4455 Et
2196 4384 2256 4458 si
2279 4383 2452 4456 forte
2495 4384 2838 4458 evenisset
2866 4381 3109 4477 (quod

3252 4313 3255 4348 l
