3308 5004
699 345 782 410 ot
1312 360 1393 410 »Β
1442 362 1499 410 e.
1552 362 1879 412 Atruonso
1924 364 1993 411 ι.
2045 364 2124 411 ιιι
2172 361 2428 411 uocato
2858 340 3030 408 Aue.
3079 342 3115 406 2

611 446 876 516 ardenti
937 446 1007 514 in
1062 446 1451 536 proximum
1502 448 1834 517 charitate
1881 448 2294 538 flagraverit.
2338 445 2792 529 Quamobrem
2828 444 2987 513 nihil
3039 442 3119 512 la·

612 536 822 615 boris,
869 534 1039 604 nihil
1079 535 1543 605 molestiarum
1585 536 1925 606 recusavit
1954 558 2288 623 unquam,
2328 550 2406 606 ut
2447 536 2626 606 vitiis
2660 556 2738 603 ac
2772 532 3122 605 sceleribus

613 624 987 713 implicitos
1036 624 1348 693 homines
1398 626 1465 694 in
1520 626 1635 694 Dei
1669 625 1898 694 sinum
1940 626 2516 715 complexumque
2568 623 2932 693 reduceret.
2966 622 3124 690 Hinc

616 712 1118 782 valetudinaria
1167 712 1402 783 adibat
1451 714 1896 803 saepissime,
1951 715 2179 804 aegris
2241 728 2316 781 ut
2363 712 2736 789 assideret,
2794 711 3018 797 eisque
3062 709 3123 776 in

610 815 914 872 extremo
951 804 1342 891 praesertim
1385 802 1557 871 vitae
1601 802 1906 892 periculo
1939 801 2411 873 laborantibus
2439 815 2703 890 praesto
2732 814 2943 881 esset3
2979 799 3125 867 hinc

611 890 916 960 admissa
966 892 1221 960 scelera
1270 891 1676 960 confitentes
1730 892 2223 980 patientissime
2258 891 2605 973 audiebat,
2649 911 2861 977 eoque
2897 889 2962 955 in
3002 907 3125 953 mu·

616 1001 777 1049 nere
817 980 1119 1070 integros
1166 980 1377 1049 ferme
1402 979 1550 1049 dies
1580 995 1786 1067 atque
1815 981 2018 1049 etiam
2057 980 2140 1049 ad
2181 979 2464 1049 multam
2505 993 2766 1049 noctem
2803 975 3124 1064 vigilabat,

617 1068 779 1137 hinc
810 1068 893 1137 ad
932 1068 1304 1139 confertam
1353 1069 1587 1159 populi
1630 1069 2144 1138 multitudinem
2187 1070 2390 1138 verba
2426 1067 2834 1158 plerumque
2864 1064 3131 1134 faciebat

612 1178 649 1226 e
706 1172 1084 1247 suggestu,
1157 1171 1340 1226 tanto
1399 1156 1678 1226 dicendi
1728 1158 2020 1236 ardore,
2076 1171 2153 1227 ut
2216 1158 2633 1247 perditorum
2698 1153 3126 1247 pervicaciam

612 1260 1039 1336 expugnaret
1100 1268 1179 1315 ac
1246 1244 1637 1334 frangeret;
1711 1245 2238 1332 scelerumque,
2306 1246 2566 1332 quibus
2631 1243 3128 1318 obcalluerunt,

615 1334 1116 1424 turpitudinem
1173 1333 1608 1423 patefaciens,
1665 1347 1851 1404 tanto
1890 1335 2152 1404 doloris
2199 1357 2406 1405 sensu
2453 1336 2726 1405 animos
2758 1331 3131 1402 auditorum

613 1424 1110 1501 commovebat,
1150 1436 1224 1491 ut
1256 1444 1373 1492 eos
1412 1423 1497 1492 ad
1535 1423 1881 1512 lacrymas
1914 1424 2309 1503 concitaret,
2352 1424 2654 1510 fletuque
2700 1435 2905 1508 atque
2941 1417 3136 1509 ejula-

615 1513 802 1581 tibus
834 1532 1069 1579 sacrae
1116 1511 1489 1581 identidem
1540 1512 1744 1581 aedes
1791 1512 2286 1603 obstreperent.
2329 1535 2364 1578 »
2400 1517 2580 1582 Haec
2613 1510 2978 1601 Gregorius
3014 1509 3138 1575 xvi

615 1601 685 1668 in
722 1599 910 1668 Bulla
948 1600 1518 1669 Canonizationis.

702 1691 738 1775 ξ
784 1692 879 1758 0.
933 1693 1137 1757 Porro
1185 1688 1615 1759 admirabilis
1650 1689 1776 1758 iste
1815 1688 2207 1758 animarum
2260 1688 2484 1768 zeluS,
2537 1688 2660 1775 qui
2709 1709 2867 1757 cum
2919 1703 3139 1755 amore

613 1782 780 1847 Jesu
885 1776 1209 1846 eculiaris
1248 1777 1575 1866 Alphonsi
1631 1779 1847 1848 virtus
1917 1776 2209 1847 dicenda
2274 1789 2421 1857 est,
2466 1778 2611 1866 jam
2668 1777 2829 1846 inde
2875 1778 2960 1845 ab
3004 1773 3141 1860 ejus

616 1887 812 1935 sacer
861 1865 1060 1935 otalis
1095 1866 1268 1934 vitae
1295 1866 1573 1935 exordio
1607 1867 1726 1936 tali
1762 1888 1833 1935 se
1862 1867 2064 1936 modo
2107 1866 2456 1955 prodebat,
2493 1880 2568 1933 ut
2620 1864 3138 1955 praenuntiaret,
3257 1890 3258 1921 l

615 1954 844 2042 qualis
891 1977 971 2023 ac
1018 1969 1322 2040 quantus
1369 1955 1729 2043 Apostolus
1778 1957 1924 2045 ipse
1976 1977 2358 2044 pauperum
2411 1976 2489 2023 ac
2543 1954 2994 2023 ruricolarum
3044 1970 3121 2040 po
3257 1998 3258 2003 κ

619 2056 758 2114 stea
807 2056 984 2113 esset
1049 2042 1348 2114 futurus.
1403 2044 1730 2126 Quamvis
1802 2044 1988 2112 enim
2063 2044 2372 2133 cujusvis
2444 2041 2712 2112 ordinis
2762 2041 3146 2112 hominibus
3257 2056 3258 2095 1

617 2153 895 2222 operam
947 2154 1144 2200 suam
1195 2146 1471 2202 strenue
1498 2131 1946 2221 impenderet,
1989 2132 2316 2202 libentius
2359 2146 2582 2200 tamen
2627 2154 2793 2200 suas
2842 2151 3041 2199 curas
3069 2124 3146 2195 ad

620 2220 1080 2323 pauperculos
1134 2220 1535 2290 extendebat
1582 2236 1787 2307 atque
1852 2220 2217 2312 ignobiles.
2271 2220 2464 2303 Quod
2518 2219 2617 2289 vel
2657 2240 2742 2290 ex
2791 2220 2910 2290 illo
2960 2236 3149 2308 opere

619 2309 871 2396 conJici
922 2323 1161 2410 potest,
1200 2309 1381 2396 quod
1423 2310 1751 2399 opificum
1795 2315 2003 2381 causa
2041 2311 2337 2380 instituit
2396 2332 2476 2379 ac
2532 2309 2963 2397 bajulorum.
3027 2310 3150 2375 Hos

617 2399 830 2477 enim,
885 2421 993 2467 vix
1017 2398 1351 2467 diaconus
1379 2397 1622 2479 factus,
1662 2400 1934 2468 statutis
1973 2398 2220 2469 diebus
2252 2411 2317 2468 et
2349 2397 2537 2467 horis
2570 2399 2637 2466 in
2675 2420 2901 2467 unum
2937 2396 3148 2465 locum

616 2510 871 2579 congre
923 2488 1101 2557 abat.
1140 2488 1257 2557 ubi
1310 2511 1424 2557 eos
1470 2487 1557 2557 ad
1613 2488 2098 2577 poenitentiam
2136 2501 2339 2573 atque
2371 2487 2453 2556 ad
2496 2487 2657 2557 «lesu
2698 2486 2950 2557 Christi
2979 2504 3154 2555 amo-

621 2599 762 2648 rem
799 2512 1317 2646 adffionabatur.
1365 2583 1440 2646 Et
1489 2599 1649 2646 cum
1721 2578 2049 2667 paulatim
2101 2577 2496 2646 auditorum
2553 2598 2890 2646 numerus
2937 2594 3153 2644 accre-

620 2681 858 2742 sceret,
896 2687 1014 2735 eos
1063 2667 1131 2734 in
1185 2668 1429 2745 varios,
1486 2688 1607 2756 per
1653 2667 2019 2745 civitatem,
2057 2679 2294 2734 caetus
2342 2665 2738 2746 distribuit;
2792 2664 3026 2734 omnia
3071 2662 3155 2730 ita

618 2754 1021 2845 disponens,
1077 2767 1149 2822 ut
1189 2755 1456 2824 sodales
1510 2754 1592 2824 ad
1645 2756 1957 2824 omnium
2013 2754 2342 2823 virtutum
2407 2753 2963 2823 exercitationem
3018 2772 3158 2819 mu-

622 2845 760 2912 tuis
800 2865 872 2912 se
917 2843 1507 2912 cohortationibus
1540 2843 2000 2913 stimularent.
2040 2841 2210 2910 Inde
2245 2853 2400 2910 nata
2438 2855 2540 2911 est
2587 2842 3009 2932 percelebris
3050 2838 3161 2908 illa

621 2952 704 2999 ac
750 2931 1035 3020 grandis
1082 2932 1463 3011 InstitutiO,
1518 2956 1563 3002 a
1607 2933 1893 3001 Sacellis
1947 2943 2369 3019 nuncupata,
2422 2952 2598 3018 quae
2648 2953 2873 3017 usque
2921 2931 3004 3000 ad
3049 2929 3161 2997 ho-

622 3018 944 3088 diernum
995 3019 1173 3088 diem
1226 3020 1503 3109 Neapoli
1534 3020 1882 3111 perdurat,
1921 3031 2123 3106 atque
2170 3019 2560 3089 innumeris
2609 3021 2988 3110 opificibus
3039 3015 3162 3086 fuit

625 3129 837 3177 causa
885 3106 1127 3176 salutis
1175 3120 1510 3177 aeternae.
1563 3115 1695 3179 Nec
1748 3123 1970 3178 tamen
2007 3107 2173 3177 solis
2223 3108 2668 3198 pauperibuS,
2724 3110 2849 3197 qui
2893 3103 3162 3196 Neapoli

623 3195 1341 3284 degebant„subsidio
1388 3198 1701 3267 veniebat
1748 3196 2164 3286 Alphonsus;
2211 3197 2326 3266 sed
2380 3196 2972 3287 flagrantissimus
3018 3194 3164 3283 ejus

624 3285 814 3354 zelus
858 3297 922 3354 et
976 3285 1159 3354 ultra
1218 3286 1560 3354 civitatem
1612 3308 1759 3355 sese
1806 3285 2155 3376 expandit.
2242 3287 2601 3355 Enimvero
2633 3341 2649 3368 ,
2704 3286 3162 3356 ruricolarum

628 3374 1017 3452 miseratus,
1073 3395 1276 3462 saepe
1328 3375 1439 3443 Dei
1486 3374 1792 3444 famulus
1835 3398 1955 3464 per
2000 3396 2227 3464 agros,
2288 3396 2498 3464 pagos
2544 3388 2611 3443 et
2655 3375 2942 3446 castella
3003 3393 3166 3465 pau-

626 3462 908 3552 peribus
945 3463 1476 3553 evangelizabat;
1530 3464 1622 3531 ita
1670 3477 1769 3544 ut,
1797 3464 1941 3552 jam
1986 3462 2102 3532 illo
2155 3478 2478 3553 tempore,
2520 3463 2589 3532 in
2639 3485 2802 3533 eum
2856 3464 3166 3554 apprime

623 3551 1044 3637 quadrarent
1091 3552 1259 3621 haec
1323 3552 1713 3642 Scripturae
1777 3555 2026 3622 verba:
2077 3554 2373 3643 Spiritus
2419 3553 2690 3622 Domini
2739 3575 2952 3643 super
3011 3572 3113 3620 me
3141 3571 3164 3618 .·

622 3651 895 3732 propter
926 3641 1101 3731 quod
1147 3643 1350 3710 unmit
1394 3664 1521 3722 me,
1560 3644 2038 3732 evanyelizare
2074 3643 2491 3732 pauperibus
2535 3642 2720 3710 misit
2762 3664 2894 3723 me,
2931 3660 3170 3711 sanare

627 3732 938 3799 contritos
969 3730 1161 3798 corde
1188 3731 1434 3820 (Lucae
1466 3752 1552 3811 w,
1601 3730 1738 3819 18).

628 3874 837 3941 CAPUT
886 3875 971 3940 11.
1045 3873 1346 3941 Instituit
1403 3871 1782 3963 Alpkonsus
1848 3876 2440 3964 Conqreqationem
2503 3875 2604 3942 Ss.
2657 3873 3116 3965 Redemptor-is
3143 3922 3164 3949 ,

713 3983 993 4053 eamque
1039 3963 1327 4052 triqinta
1357 3963 1622 4031 circiter
1653 3963 1849 4032 annis
1894 3972 2119 4032 sancte
2164 3963 2519 4053 qubernat.

713 4085 866 4170 §t
917 4089 1182 4154 Interea
1230 4083 1514 4155 assidua
1570 4084 1884 4154 laborum
1949 4087 2383 4156 contentione
2438 4084 2720 4165 fractus,
2761 4108 2845 4156 ac
2907 4085 3178 4156 diutina

630 4171 807 4241 vitae
849 4174 1266 4255 austeritate,
1333 4185 1470 4261 qua
1527 4174 1625 4243 vel
1680 4175 1907 4265 ipsum
1955 4180 2224 4245 Petrum
2293 4175 2380 4243 ab
2435 4174 2789 4245 Alcantara
2842 4194 3180 4267 superare

628 4259 1009 4342 dicebatur,
1063 4276 1471 4333 extenuatus
1517 4263 1951 4353 Alphonsu33
2004 4286 2164 4333 cum
2216 4261 2535 4352 pluribus
2589 4263 2696 4332 sui
2745 4265 3180 4354 apostolatus

626 4349 858 4432 sociis,
914 4350 983 4419 in
1032 4352 1407 4439 quamdam
1461 4353 1905 4423 solitudinem
1956 4352 2041 4421 ad
2089 4357 2149 4422 S.
2194 4352 2474 4421 Mariam
2529 4353 2892 4435 Montium,
2967 4370 3182 4444 prope

629 4438 922 4522 Scalam,
976 4438 1555 4528 interquiescendi
1602 4445 1839 4525 cauSA,
1885 4464 1957 4512 se
2007 4442 2283 4531 recepit.
2337 4445 2479 4512 Hoc
2525 4440 2780 4512 factum
2838 4455 2948 4512 est
2994 4461 3181 4512 anno
