3308 5004
678 250 808 317 662
1106 251 1119 269 ‘
1235 266 1317 315 m:
1362 266 1419 313 s.
1473 263 1745 314 exone-210
1789 263 1961 315 nuc.
2010 265 2087 314 ιιι·
2135 264 2337 314 socns
2383 265 2499 314 u.
2813 246 3004 316 sslGu
3051 248 3167 314 37

673 354 712 511 P
757 356 850 425 8.
906 350 1060 423 Fuit
1103 371 1382 441 quoque
1427 363 1494 420 et
1537 349 1674 450 ipsi
1705 350 2063 440 proximus
2092 371 2344 442 genere
2371 372 2477 421 vir
2504 349 2817 439 quidam,
2853 351 3166 422 nomine

585 446 672 512 Fe
706 441 794 522 ix,
852 440 1175 528 idemque
1221 449 1460 510 sancta
1507 437 1874 510 dilectione
1919 453 2298 511 connexus.
2353 443 2432 510 Et
2478 437 2538 510 is
2582 460 2859 527 quoque
2916 439 3164 509 filiam

584 528 853 601 occulte
900 529 1444 600 Christianorum
1475 581 1493 610 ,
1546 526 1871 598 Liliosam
1920 528 2202 598 nomine
2230 583 2246 610 ,
2300 528 2565 599 ducens
2612 550 2935 610 uxorem,
2998 551 3165 599 una

583 641 745 690 cum
794 617 916 688 illa
964 616 1310 687 Christum
1358 616 1430 685 in
1481 615 1736 688 abditis
1781 615 2072 686 colebat.
2123 621 2365 704 Itaque
2413 627 2658 687 mutuo
2705 617 2842 687 sibi
2887 616 3160 688 cohae-

582 721 833 788 rentes,
886 716 1315 779 constantem
1361 704 1543 775 inter
1588 727 1663 776 se
1708 704 2211 776 conservabant
2256 705 2798 776 familiaritatem
2831 718 2896 777 et
2923 705 3159 777 bene-

584 795 949 866 volentiam
982 851 1000 877 ,
1049 806 1117 866 et
1163 817 1289 866 nec
1331 793 1723 896 prosperiS,
1777 815 1904 865 nec
1949 793 2257 865 adversis
2303 817 2347 866 a
2392 816 2466 866 se
2512 794 2806 865 invicem
2856 815 3160 885 separa-

582 885 863 966 bantur,
915 896 1197 972 eratque
1244 883 1386 953 illis
1432 881 1615 952 idem
1665 882 1971 965 animm,
2007 883 2387 971 eademque
2419 883 2783 953 sententia.
2825 884 3157 972 Denique

583 985 859 1044 sanctae
906 972 1123 1043 hu’us
1166 971 1549 1043 devotionis
1595 971 1803 1043 ardor
1849 983 2110 1042 tantam
2160 973 2437 1060 utrique
2482 971 2718 1052 fratri,
2773 985 2942 1063 puta
3007 978 3155 1043 Au·

583 1060 753 1133 relio
797 1074 864 1134 et
910 996 1154 1142 Felici,
1209 1060 1566 1131 charitatis
1615 1060 2101 1152 perfectionem
2149 1062 2419 1142 attulit,
2471 1073 2551 1133 ut
2598 1082 2724 1131 nec
2772 1061 2953 1143 vita,
3010 1084 3152 1134 nec

582 1173 772 1222 mors
818 1149 1172 1231 divideret,
1222 1172 1397 1238 quos
1447 1171 1573 1241 par
1603 1149 1844 1308 religio
1873 1150 2324 1220 consociarat.
2357 1153 2503 1220 Non
2539 1149 2865 1240 plurimis
2895 1162 3150 1221 autem

581 1238 836 1311 exactis
882 1238 1109 1323 annis,
1162 1237 1246 1308 ad
1296 1238 1520 1309 forum
1568 1242 1743 1308 Aure
1776 1239 1884 1312 ius
1934 1238 2280 1330 profectus
2311 1250 2415 1310 est
2450 1260 2530 1309 eo
2564 1238 2700 1320 die,
2746 1260 2885 1326 quo
2921 1239 3150 1309 Joan-

584 1350 708 1398 nes
755 1327 894 1410 ille,
938 1328 1144 1419 cujus
1190 1327 1608 1398 mentionem
1658 1326 1883 1398 recolo
1932 1349 2045 1397 me
2089 1327 2259 1398 alibi
2306 1327 2668 1408 habuisse,
2719 1326 2882 1398 odio
2937 1328 3150 1398 Chri-

582 1417 792 1487 stiani
836 1417 1138 1487 nominis
1169 1470 1186 1499 ,
1236 1438 1459 1504 usque
1506 1415 1591 1485 ad
1642 1437 1879 1486 necem
1930 1416 2332 1488 verberibus
2378 1417 2510 1488 fuit
2555 1429 2967 1487 cruentatus
2995 1471 3015 1499 ‚
3083 1429 3152 1489 et

580 1507 802 1577 instar
845 1504 1184 1576 foeminae
1230 1505 1467 1576 sedere
1511 1505 1923 1595 compulsus
1970 1505 2184 1577 asello
2213 1560 2230 1589 ‚
2284 1506 2625 1576 immenso
2684 1505 3143 1580 vinculorum

583 1595 882 1685 pondere
923 1605 1311 1665 coarctatus
1358 1593 1749 1665 ferebatur:
1802 1593 2010 1682 cujus
2060 1594 2387 1686 ponderis
2437 1604 2623 1665 tanta
2676 1606 2824 1664 erat
2876 1595 3145 1665 imma-

578 1684 784 1768 nitas,
813 1683 987 1754 utin
1023 1695 1283 1774 partem
1317 1682 1508 1753 illam
1534 1683 1835 1770 jumenti
1865 1682 2232 1754 instratum
2271 1682 2749 1764 inclinaretur,
2789 1682 2883 1753 ad
2959 1706 3138 1754 uam

579 1773 681 1845 vis
722 1783 1014 1844 onerosa
1061 1794 1347 1842 crurum
1392 1770 1849 1862 dependebat.
1903 1776 2115 1859 Atque
2146 1772 2241 1842 ita
2278 1771 2854 1862 praecedentibus
2883 1772 2936 1842 il
2971 1795 3138 1844 uso-

575 1884 732 1932 rum
785 1861 1241 1952 praeconibus
1316 1872 1694 1954 per‘totam
1742 1859 2266 1932 circumductus
2296 1861 2566 1942 urbem,
2608 1859 2896 1931 tandem
2923 1862 3136 1932 satel-

575 1949 778 2022 litum
834 1949 1224 2020 ministerio
1281 1949 1368 2019 ad
1428 1947 1910 2039 spectaculum
1977 1949 2165 2051 vulgi
2237 1962 2621 2041 pertractus
2665 1960 2793 2021 est.
2849 1955 3134 2022 Poteras

576 2049 743 2108 tunc
790 2036 1033 2108 audire
1078 2037 1407 2108 hincinde
1453 2060 1651 2109 voces
1697 2038 2285 2127 exprobrantium,
2338 2050 2544 2126 atque
2576 2037 2989 2108 insultando
3015 2039 3131 2109 di·

474 2172 479 2177 -
576 2125 925 2197 centium:
975 2132 1414 2219 Nequaquam
1467 2127 1750 2219 dignam
1801 2128 1912 2197 sui
1960 2126 2238 2198 sceleris
2287 2149 2578 2218 poenam
2631 2126 2966 2217 persolvit
3016 2127 3129 2198 hic

580 2215 787 2286 homo
831 2216 952 2305 qui
999 2215 1224 2306 gentis
1274 2228 1541 2287 nostrae
1591 2228 1814 2285 vatem
1861 2216 1956 2286 im
2015 2216 2181 2286 roba
2228 2216 2777 2287 subsannatione
2825 2237 2960 2286 non
3023 2228 3130 2288 est

575 2304 834 2375 veritus
879 2304 1228 2394 impetere.
1281 2309 1482 2375 Hunc
1529 2304 1717 2375 enim
1768 2326 1937 2394 pseu
1988 2304 2467 2396 oprophetam,
2522 2306 2729 2397 cujus
2769 2308 2981 2376 causa
3018 2306 3123 2374 vi—

572 2392 918 2464 debantur
962 2393 1104 2463 zelo
1148 2393 1444 2474 accensi,
1500 2391 2008 2464 {smaelitarum
2055 2416 2226 2484 gens
2276 2393 2502 2466 solum
2554 2395 2625 2463 in
2687 2394 3110 2465 veneratione

574 2482 800 2561 habet,
856 2494 1181 2570 tanquam
1235 2505 1356 2574 per
1400 2506 1559 2553 eum
1609 2480 1857 2554 salutis
1902 2481 2224 2554 didicerit
2270 2483 2481 2555 viam.

544 2624 556 2639 .
658 2574 697 2660 ξ
743 2574 832 2644 4.
883 2576 1022 2642 Hoc
1069 2594 1231 2663 ergo
1279 2570 1672 2662 spectaculo
1711 2571 1985 2642 futurus
2021 2572 2303 2654 athleta,
2365 2592 2600 2643 amore
2647 2581 3105 2664 compunctus

572 2660 940 2751 martyrii,
1004 2672 1069 2731 et
1116 2659 1389 2732 coelesti
1440 2660 1956 2748 quodammodo
2004 2661 2285 2731 flamine
2346 2660 2770 2751 adspiratus,
2828 2658 3112 2731 credidit

572 2770 731 2821 mox
763 2772 890 2820 sua
936 2753 1147 2822 causa
1186 2749 1254 2819 id
1306 2750 1702 2840 contigisse,
1768 2763 2115 2839 tamquam
2174 2749 2515 2821 divinitus
2564 2748 2728 2820 inde
2788 2749 3116 2820 admone·

569 2850 780 2921 retur,
827 2860 911 2909 ne
942 2837 1342 2909 formidaret
1364 2839 1620 2926 eosqui
1654 2861 1773 2909 cor
1824 2861 1909 2909 us
1932 2838 2281 2922 occidunt,
2314 2861 2475 2910 cum
2509 2838 2687 2909 nihil
2716 2837 3118 2909 detrimenti

570 2927 940 2998 animabus
997 2926 1262 3019 possint
1331 2928 1614 2997 afferre:
1670 2950 1701 2998 s
1829 2926 2027 2998 illum
2080 2928 2305 3018 potius
2360 2928 2667 3009 timeret,
2724 2928 2847 3015 qui
2900 2938 3119 3017 potest

570 3039 824 3107 corpus
868 3028 936 3087 et
979 3016 1284 3086 animam
1322 3016 1603 3107 perdere
1636 3016 1705 3084 in
1755 3018 2169 3118 gehennam.
2221 3016 2588 3088 Admirans
2638 3038 2795 3086 vero
2843 3016 3120 3087 stabili-

569 3115 777 3176 tatem
810 3118 876 3176 et
904 3104 1359 3175 constantiam
1395 3117 1619 3176 tantae
1636 3104 1836 3175 fidei:
1876 3110 2063 3186 Vere,
2110 3105 2362 3193 inquit,
2395 3128 2481 3175 su
2534 3128 2609 3176 er
2625 3104 3116 3196 Evangelicam

570 3206 834 3284 petram
887 3193 1404 3264 tabernaculum
1444 3193 1875 3264 credulitatis
1907 3194 2035 3263 viri
2074 3194 2287 3266 hu'us
2334 3194 2455 3264 fun
2509 3207 2703 3265 atum
2752 3207 2882 3276 est,
2927 3193 3114 3283 quod

571 3293 758 3353 tanta
788 3283 889 3353 vis
920 3294 1416 3353 tormentorum
1461 3304 1594 3351 non
1615 3282 1918 3373 impulit,
1953 3305 2076 3353 nec
2111 3283 2177 3354 la
2227 3283 2491 3353 entium
2527 3305 2916 3374 poenarum
2946 3305 3119 3354 aura

570 3371 940 3443 concussit.
1008 3375 1188 3443 Haec
1233 3392 1390 3441 cum
1433 3370 1613 3441 inter
1665 3371 1905 3442 crebra
1949 3372 2257 3464 suspiria
2302 3371 2638 3464 coepisset
2703 3373 2945 3443 animo
3001 3394 3121 3442 ru·

566 3459 859 3539 minare,
895 3474 1249 3551 regressus
1270 3458 1582 3541 domum,
1639 3461 1872 3531 retulit
1897 3461 2050 3551 piae
2082 3461 2300 3532 sodali
2327 3475 2579 3532 cuncta
2609 3484 2793 3550 quae
2819 3460 3110 3543 viderat,

566 3548 881 3637 laetoque
916 3549 1169 3641 spiritu
1226 3547 1528 3620 addidit:
1570 3572 1611 3616 «
1640 3555 1742 3620 Tu
1799 3571 2074 3641 semper
2119 3549 2534 3621 dulcissima
2591 3550 2889 3641 conjux,
2941 3572 3113 3623 cum

565 3659 694 3729 ego
736 3638 1051 3708 mihimet
1083 3638 1401 3719 viverem,
1435 3651 1502 3708 et
1530 3643 1662 3709 Deo
1710 3649 2026 3711 mortuus
2062 3661 2310 3722 essem,
2344 3639 2587 3710 sedulo
2637 3661 2748 3709 me
2780 3651 2898 3710 tuo
2955 3638 3118 3709 hor-

564 3740 715 3799 tatu
742 3727 833 3798 ad
865 3726 1148 3798 meliora
1185 3726 1524 3799 invitabas
1555 3750 1569 3795 :
1605 3728 1916 3799 instabas
1954 3739 2092 3798 tota
2138 3728 2273 3809 die,
2308 3751 2350 3798 a
2382 3728 2600 3799 seculi
2640 3727 3120 3819 voluptatibus

561 3837 675 3888 me
727 3818 954 3888 nitens
1004 3815 1315 3899 avellere,
1357 3828 1436 3887 ut
1483 3816 1892 3909 praeferrem
1943 3817 2324 3888 tenebrosis
2382 3817 2596 3908 huJ‘us
2653 3816 2905 3888 mundi
2951 3816 3118 3887 affe·

559 3907 791 3979 ctibus
827 3906 1217 3977 felicitatem
1273 3907 1467 3997 regni
1521 3907 1803 3977 aeterni.
1858 3905 2182 3977 Labentia
2241 3919 2516 3987 cuncta,
2557 3919 2625 3977 et
2677 3928 2887 3976 omne
2919 3902 3114 3993 quod

558 3996 701 4067 fine
733 4007 1057 4073 arctatur.
1109 4016 1270 4067 cum
1324 3995 1517 4066 omni
1582 3994 2016 4066 festinatione
2059 3994 2406 4066 suadebas
2478 4007 2562 4083 ut,
2627 3994 3106 4087 despicerem:

560 4085 1012 4176 praedicabas
1044 4083 1419 4155 monachos
1453 4085 1714 4155 mundo
1746 4084 2270 4155 renunciantes:
2311 4083 2930 4175 religiosarumque
2967 4082 3113 4155 vir-

560 4174 806 4265 ginum
854 4173 1368 4245 conversatione
1397 4173 1753 4254 oblectata,
1800 4172 2007 4243 vitam
2057 4172 2339 4264 saepius
2394 4173 2800 4264 suspirabas
2835 4183 3114 4245 sancto·

557 4284 741 4333 rum.
799 4264 928 4335 Sed
975 4285 1102 4353 ego
1149 4262 1318 4333 haec
1369 4262 1661 4334 audiens
1695 4318 1710 4343 ,
1762 4261 2162 4333 differebam
2230 4263 2557 4354 operibus
2602 4262 2896 4351 exequi,
2949 4262 3114 4333 licet

556 4349 931 4439 aliquando
975 4372 1057 4422 ea
1104 4351 1397 4421 tenuiter
1446 4352 1679 4422 animo
1727 4351 2115 4423 meditarer.
2182 4357 2375 4423 Nunc
2423 4373 2587 4422 vero
2650 4365 2923 4440 tempus
2967 4364 3100 4433 est,
