3308 5004
592 324 724 397 246
2730 329 2917 400 AUG.
2971 330 3066 396 Η·

672 494 991 598 GESTA
1064 494 1608 599 ILLUSTRIA
1682 495 1758 598 S.
1830 496 2374 648 SUSANNAE
2443 495 2715 600 VIRG.
2787 499 2887 599 Μ.

1552 721 1785 779 QUIBUS
1831 722 2025 771 Em!

518 879 940 975 GABINII,
1001 879 1455 973 CLAUDII,
1499 879 2318 961 PRAEPEDIGNAE
2354 906 2448 961 m·
2485 905 2844 961 mmontm
2880 907 3053 961 Ems

1469 1053 1612 1133 ET
1669 1053 2105 1133 MAXIMI

1266 1236 1586 1285 uAR'rYtuA
1633 1236 1795 1284 SUNT
1841 1234 2297 1287 CORRRHENSA

515 1394 851 1446 vurmwn
896 1397 939 1444 Α
984 1392 1279 1443 nonnus
1326 1395 1479 1444 nou.
1531 1394 1867 1445 xccrnslan
1920 1394 2326 1445 conseruent.
2378 1395 2808 1446 consxmmxr
2854 1397 3052 1445 νεῖο-

602 1503 889 1551 snssuu
927 1501 1433 1552 uAnrrnotocu.
1475 1503 1719 1552 srrtmt
1749 1502 2057 1552 nonnum,
2093 1479 2532 1563 xxromvmus,
2572 1503 2680 1553 um
2713 1503 2906 1553 nsum
2937 1503 3050 1551 Esr

599 1608 1089 1666 orron‘rmwn,
1126 1609 1368 1657 nanu
1427 1605 1597 1667 ouon
1662 1609 1890 1658 nutris
1951 1608 2127 1658 Locrs
2185 1608 2507 1659 onscuaus
2555 1610 2666 1658 εει·
2712 1609 3048 1659 msronuffl

597 1711 800 1765 sunno
833 1694 868 1729 '⁵

1197 1825 1336 1881 Sub
1377 1824 1493 1883 fin.
1538 1824 1646 1881 111
1687 1837 1863 1883 eaeo.
1912 1854 1991 1867 —
2030 1827 2357 1884 Romana.

506 2081 511 2088 .
599 2020 637 2106 ἓ
682 2025 760 2092 1.
798 2020 1252 2110 Temporibus
1285 2019 1685 2090 Diocletiani
1720 2031 1786 2090 et
1818 2019 2214 2090 Maximiani
2241 2024 2704 2110 Augustorum
2734 2020 2867 2091 fuit
2896 2021 3050 2108 qui-

512 2107 674 2178 dam
728 2108 1101 2199 presbyter,
1156 2109 1435 2178 nomine
1483 2108 1841 2190 GabiniuS,
1894 2109 1980 2179 de
2019 2109 2188 2178 urbe
2221 2113 2456 2190 Roma,
2495 2108 2703 2180 frater
2736 2109 3051 2181 uterinus

510 2196 648 2287 Caji
697 2197 895 2269 urbis
940 2204 1196 2268 Romae
1243 2198 1587 2289 Episcopi,
1642 2196 1888 2268 doctus
1929 2198 1999 2266 in
2032 2196 2287 2268 divinis
2323 2197 2561 2278 literis,
2605 2211 2872 2269 amator
2905 2210 3047 2268 tam

510 2285 785 2356 divinae
833 2286 1233 2378 sapientiae,
1276 2309 1486 2375 quam
1532 2286 2046 2357 mundanarum
2091 2285 2471 2358 literarum.
2517 2291 2583 2358 Is
2615 2308 2774 2358 vero
2804 2286 3049 2357 crebro

507 2373 903 2446 conferebat
947 2397 1107 2446 cum
1143 2375 1301 2466 Cajo
1332 2396 1663 2467 germano
1702 2396 1852 2456 suo,
1893 2374 2373 2463 Scribebatque
2405 2375 2619 2447 libros
2647 2390 2883 2447 contra
2929 2398 3050 2465 pa-

508 2485 766 2554 ganos:
819 2463 1081 2556 quippe
1125 2463 1439 2536 eruditus
1485 2463 1877 2556 omnigenis
1924 2463 2178 2535 artium
2233 2463 2744 2536 mundanarum
2802 2464 3043 2536 literis.

510 2559 818 2642 Cumque
867 2553 1081 2624 nobili
1130 2566 1322 2625 ortus
1367 2565 1546 2624 esset
1598 2552 1949 2645 progenie,
2002 2552 2185 2625 fama
2219 2552 2555 2625 latissime
2585 2554 3047 2645 cognosceba-

507 2654 643 2712 tur.
697 2648 863 2713 Nam
916 2655 983 2713 et
1037 2642 1531 2713 Diocletianum
1590 2649 1974 2733 Augustum
2010 2642 2352 2734 sanguine
2394 2643 2564 2713 attin
2618 2644 2795 2714 ebat.
2841 2642 3045 2731 Cajus

504 2752 782 2819 quoque
816 2730 1134 2802 similiter
1163 2731 1598 2823 vulgabatur.
1634 2730 1942 2801 Habebat
1973 2742 2201 2801 autem
2245 2731 2427 2802 idem
2465 2736 2518 2802 G
2612 2731 2798 2803 inius
2823 2730 3039 2800 filiam

508 2820 817 2900 unicam,
867 2841 1017 2889 eam
1073 2842 1157 2890 ue
1203 2820 1688 2891 charissimam
1723 2831 1790 2890 et
1822 2819 2390 2909 pulcherrimam,
2433 2843 2641 2909 quam
2683 2820 2834 2910 ipse
2869 2841 3045 2890 enu-

505 2908 740 2979 trierat
784 2909 856 2977 in
906 2919 1023 2979 stu
1074 2908 1159 2980 iis
1208 2908 1534 2999 profanae
1584 2908 2023 2988 literaturae,
2088 2908 2232 2979 siv'e
2306 2909 2824 2989 mundanarum
2891 2907 3045 2978 lite-

506 3018 782 3066 rarum:
838 3009 1074 3087 postea
1118 3017 1280 3067 vero
1325 2996 1528 3067 etiam
1579 2996 1836 3067 divinis
1883 2997 1972 3067 ab
2018 3017 2098 3066 eo
2145 2996 2367 3068 literis
2403 2997 2697 3079 imbuta,
2742 2997 2909 3067 honi
2938 2996 3047 3067 in-

506 3084 693 3173 genii
738 3106 819 3154 ex
865 3084 984 3155 illo
1042 3085 1385 3177 particeps
1446 3086 1684 3157 effecta
1740 3097 1866 3155 est.
1928 3084 2229 3156 Audiens
2285 3097 2517 3158 autem
2581 3085 3046 3156 Diocletianus

505 3172 808 3262 puellam
858 3186 922 3243 et
970 3173 1492 3265 pulchritudine
1535 3185 1602 3244 et
1648 3173 1986 3264 sapientia
2036 3172 2430 3263 pollentem,
2486 3174 2674 3246 misit
2716 3173 2802 3244 ad
2845 3174 3047 3245 Gabi-

506 3260 730 3343 nium,
782 3273 849 3332 et
889 3262 1088 3363 petiit
1117 3284 1268 3332 eam
1311 3262 1721 3332 Maximiano
1757 3261 2125 3332 Maximino
2162 3268 2468 3354 Augusto
2500 3263 2644 3334 filio
2684 3285 2812 3335 suo
2845 3264 3043 3349 (ado-

500 3351 728 3440 ptivo)
750 3372 1142 3441 conjugem.
1178 3350 1357 3420 Misit
1381 3363 1609 3421 autem
1637 3350 2001 3421 Claudium
2027 3352 2521 3423 consobrinum
2551 3374 2787 3432 suum,
2825 3353 3043 3423 virum

503 3438 834 3520 nobilem,
879 3452 955 3511 ut
992 3440 1224 3525 omnia
1259 3440 1545 3529 pacifice
1573 3461 1615 3509 a
1653 3439 1946 3510 Gabinio
1980 3440 2373 3530 presbytero
2404 3441 2767 3512 obtineret.

594 3534 633 3608 ἓ
684 3531 774 3598 2.
827 3528 1119 3598 Veniens
1164 3528 1394 3617 itaque
1441 3527 1768 3603 Claudius
1814 3528 1897 3598 ad
1942 3529 2338 3611 Gabinium,
2383 3530 2481 3602 sic
2512 3551 2671 3601 eum
2710 3528 3038 3619 appellat:

503 3638 541 3683 «
575 3615 856 3686 Etiamsi
883 3629 1281 3688 occurrente
1305 3617 1417 3686 die
1452 3616 1623 3689 festo
1653 3639 1764 3689 me
1799 3638 1936 3687 non
1973 3618 2424 3709 compulisset
2451 3631 2889 3710 praeceptum
2919 3616 3046 3688 do-

504 3705 851 3777 minorum
904 3717 1293 3777 nostrorum
1343 3710 1834 3797 Augustorum,
1890 3707 2011 3794 qui
2063 3727 2170 3778 me
2229 3721 2545 3778 amanter
2597 3708 2682 3777 ad
2721 3729 2840 3777 vos
2871 3706 3045 3777 diri-

502 3816 663 3895 gere
709 3793 1111 3865 voluerunt:
1164 3808 1390 3865 tamen
1443 3817 1559 3865 vos
1590 3817 1724 3865 non
1766 3794 2107 3865 debuistis
2138 3795 2342 3898 longe
2378 3794 2691 3867 recedere
2723 3796 2811 3866 ab
2843 3796 3046 3886 agni-

501 3896 684 3954 tione
708 3883 1278 3956 suavissimorum
1312 3896 1675 3975 parentum
1705 3896 2109 3954 vestrorum.
2148 3884 2325 3969 Quid
2351 3907 2507 3955 vero
2537 3884 2786 3955 melius
2816 3885 3042 3975 possis

503 3971 754 4062 eligere
802 3984 921 4043 aut
964 3984 1223 4063 optare,
1273 3994 1486 4061 quam
1537 3985 1614 4044 ut
1661 3973 1933 4062 generis
1983 3973 2080 4043 tui
2122 3973 2550 4044 nobilitatem
2590 3974 2935 4045 instaures
2965 3995 3045 4043 ac

502 4062 778 4151 repares
804 4061 1294 4151 conjunctione
1317 4076 1383 4132 et
1407 4061 1717 4132 claritate
1748 4065 2250 4153 Augustorum?
2270 4085 2306 4130 »
2329 4062 2667 4134 Gabinius
2689 4062 3045 4154 presbyter

502 4150 895 4251 respondit:
972 4173 1010 4218 «
1080 4155 1212 4221 Nos
1281 4150 1584 4221 humiles
1633 4149 1982 4221 undenam
2033 4149 2226 4241 digni
2276 4173 2524 4223 sumus
2572 4151 2843 4242 cognati
2903 4150 3046 4220 dici

504 4243 903 4328 majorum?
935 4263 972 4308 »
1021 4239 1351 4309 Claudius
1397 4238 1607 4308 dixit:
1664 4260 1699 4304 «
1753 4243 1995 4308 Sancte
2041 4237 2273 4321 frater,
2310 4262 2478 4310 num
2534 4240 2653 4310 uid
2692 4253 2768 4311 tu
2798 4261 2933 4310 non
2970 4261 3044 4310 es

500 4324 692 4397 filius
739 4328 1113 4410 Maximini,
1165 4327 1373 4416 cujus
1417 4339 1484 4398 et
1531 4327 1735 4419 Cajus
1782 4328 2187 4418 Episcopus,
2234 4341 2454 4400 vester
2519 4341 2721 4412 rater,
2764 4328 3044 4420 cognati

554 4452 582 4481 ¹·
607 4453 724 4495 Acts
735 4453 852 4496 haec
866 4454 924 4496 ab
943 4455 1144 4497 eruditu
1161 4455 1408 4498 nonnullis
1424 4455 1784 4507 impugnantur:
1813 4456 2045 4498 Batonius
2066 4456 2125 4497 od
2143 4465 2249 4497 mn.
2267 4457 2347 4498 2⁹4
2364 4456 2528 4499 tuetur
2547 4457 2596 4500 et
2614 4455 2832 4509 explicat.
