3308 5004
230 327 413 394 AUG.
472 329 511 394 7
2561 331 2689 396 2215

1381 472 1629 550 VITA

750 694 834 796 S.
871 694 1365 797 CAJETANI
1415 695 1903 797 THlENAEl
1959 694 2246 798 CONF.

667 955 900 1002 ramat
962 953 1357 1003 emmenum!
1416 954 1729 1004 REGULAR.
1790 954 2333 1003 CONGnneartoNts

1156 1060 1358 1109 VULGO
1388 1061 1842 1110 THEATINORUM

1129 1211 1886 1278 INSTITUTORIS

269 1408 345 1454 Ex
396 1408 595 1456 numa
643 1406 1020 1456 cmomzu.
1075 1408 1154 1454 AB
1201 1407 1578 1456 INNOCBNTIO
1628 1408 1723 1454 Pr.
1779 1406 1869 1454 111
1921 1406 2234 1455 Paolum.
2285 1407 2460 1476 ΑΝΝΟΓ
2505 1405 2712 1456 uncxl.
2821 1465 2824 1468 Ι

989 1604 1176 1661 Obiit:
1218 1618 1394 1661 anno
1435 1606 1594 1661 1547
1639 1636 1713 1646 —
1755 1605 1997 1662 Italus.

655 1784 1078 1855 Innocentius
1124 1789 1510 1877 EpiscopuS,
1551 1807 1782 1856 servu-s
1813 1807 2152 1855 servorum
2187 1788 2327 1867 Dei,

942 1876 1032 1944 ad
1074 1884 1469 1967 perpetuam
1512 1877 1618 1945 rei
1653 1877 2065 1945 memoriam.

315 2021 352 2106 ξ
398 2023 476 2090 ¹.
532 2019 804 2088 Rationi
853 2019 1173 2110 congruit
1220 2032 1285 2088 et
1331 2019 1649 2088 convenit
1696 2017 2062 2105 aequitati,
2114 2029 2192 2088 ut
2236 2039 2362 2099 ea,
2416 2040 2593 2106 quae
2642 2024 2777 2090 Ro-

225 2108 422 2178 mani
472 2107 827 2178 Pontificis
888 2107 1173 2199 provida
1238 2106 1730 2177 deliberatione
1778 2130 1859 2178 ac
1922 2107 2420 2177 venerabilium
2483 2107 2773 2178 fratrum

220 2217 514 2266 suorum
568 2201 630 2267 S.
687 2201 763 2267 R.
813 2201 883 2266 Ε.
938 2195 1431 2277 cardinalium,
1473 2215 1737 2267 necnon
1770 2196 2349 2278 Patriarcharum‚
2392 2208 2458 2265 et
2495 2197 2776 2288 Episco-

279 2307 567 2357 orum...
622 2286 940 2356 unanimi
987 2285 1277 2358 consilio
1323 2285 1593 2356 decreta
1623 2340 1644 2366 ,
1702 2284 1986 2355 definita
2031 2298 2096 2355 et
2142 2296 2394 2355 statuta
2441 2284 2766 2369 fuerunt,

254 2375 385 2445 icet
433 2375 656 2466 ipsius
702 2375 1226 2477 superveniente
1271 2374 1463 2445 obitu
1511 2376 1799 2445 Litterae
1828 2373 2240 2465 apostolicae
2279 2372 2577 2463 desuper
2606 2396 2773 2444 con-

220 2463 441 2535 sectae
471 2485 606 2536 non
641 2462 919 2545 fuerint,
959 2485 1166 2535 suum
1199 2463 1506 2536 debitum
1559 2476 2074 2551 consequantur
2118 2463 2460 2534 effectum.
2497 2462 2772 2534 Dudum

223 2553 571 2641 siquidem
624 2552 843 2623 felicis
893 2552 1384 2625 recordationis
1431 2554 1744 2625 Clemens
1783 2559 1964 2645 Papa
1998 2557 2074 2634 X,
2182 2550 2617 2622 raedecessor
2645 2574 2770 2622 no—

223 2655 402 2723 ster,
462 2642 572 2732 pie
639 2663 873 2712 secum
940 2644 1171 2713 animo
1239 2643 1637 2724 revolvenS,
1696 2643 1875 2713 inter
1919 2641 2055 2712 alia
2153 2641 2376 2710 ivinae
2434 2640 2774 2731 largitatis

218 2730 561 2801 beneficia
597 2730 768 2801 illud
817 2753 969 2801 esse
1018 2752 1339 2823 perenne,
1389 2732 1575 2820 quod
1627 2731 1712 2801 ad
1763 2730 2180 2803 eradicanda
2223 2730 2553 2800 falsorum
2605 2729 2775 2822 dog-

224 2833 495 2890 matum
532 2819 835 2899 zizania,
887 2843 1065 2908 quae
1113 2822 1181 2890 in
1234 2821 1573 2892 Ecclesiae
1620 2822 1930 2892 florentis
1975 2842 2142 2911 agro
2189 2819 2518 2889 inimicus
2566 2819 2773 2889 homo

214 2909 485 3001 jugiter
546 2911 1103 3000 superseminare
1150 2932 1285 2980 non
1337 2923 1597 2992 cessat,
1657 2910 1969 2981 coelestis
2034 2907 2526 3000 paterfamilias
2574 2908 2769 2978 statis

224 2997 658 3089 temporibus
704 2997 954 3089 dignos
1002 3000 1351 3090 operarios
1400 2999 1687 3081 miserit,
1727 2999 1848 3087 qui
1897 2998 2288 3069 imminenti
2323 2996 2505 3066 malo
2532 3017 2774 3066 occur-

223 3099 452 3157 rerent
490 3100 556 3156 et
587 3101 1130 3158 succrescentem
1183 3089 1639 3178 perniciosam
1694 3101 1946 3158 sectam
1996 3089 2411 3168 amoverent,
2466 3108 2545 3155 ac
2593 3086 2775 3156 inter

224 3190 484 3246 ceteros
533 3189 841 3247 anteacto
872 3177 1129 3259 secul0,
1169 3199 1306 3265 quo
1337 3178 1597 3267 impius
1645 3176 2124 3247 haeresiarcha
2156 3189 2223 3246 et
2250 3174 2610 3267 religiosae
2638 3174 2772 3244 mi-

225 3263 412 3334 litiae
462 3264 770 3335 desertor
799 3266 1139 3337 Lutherus
1171 3266 1373 3336 aliive
1402 3266 1720 3356 sacrilegi
1756 3265 2024 3337 sectarii
2058 3270 2125 3334 S.
2164 3265 2356 3335 Sedis
2385 3277 2450 3333 et
2479 3265 2775 3335 Romani

222 3353 576 3425 Pontificis
631 3353 1036 3444 dignitatem
1098 3370 1581 3437 exauctorare,
1636 3355 1924 3426 Ordines
1974 3354 2323 3446 regulares
2382 3352 2765 3435 eliminare,

224 3442 594 3512 relaxatam
646 3441 813 3512 cleri
861 3443 1301 3535 disciplinam
1353 3445 1738 3527 criminari,
1791 3464 2137 3532 usumque
2164 3455 2229 3512 et
2264 3442 2770 3512 venerationem

224 3544 815 3602 sacramentorum
885 3532 1249 3603 obliterare
1314 3534 1677 3604 temerario
1734 3545 1986 3604 conatu
2054 3532 2501 3633 satagebant,
2555 3529 2772 3600 fuisse

221 3618 461 3690 divina
512 3620 939 3710 providentia
987 3622 1353 3692 excitatum
1406 3623 1728 3712 spiritum
1782 3621 2008 3692 fidelis
2054 3643 2228 3690 servi
2293 3621 2403 3689 sui
2464 3618 2772 3707 Cajetani

222 3708 573 3790 Thienaei,
627 3710 748 3797 qui
798 3709 880 3779 ad
932 3710 1331 3780 eorumdem
1385 3723 1789 3781 novatorum
1824 3709 2295 3780 confusionem
2331 3707 2520 3778 aliud
2564 3727 2772 3779 suave

221 3808 291 3865 et
337 3810 434 3868 tot
482 3798 829 3886 tantisque
876 3798 1158 3869 asseclis
1207 3812 1553 3891 receptum
1608 3798 1965 3889 religionis
2002 3819 2207 3868 usum
2243 3796 2618 3888 apostolica
2653 3816 2774 3864 au-

225 3887 539 3956 ctoritate
564 3886 633 3955 in
669 3887 822 3978 ipso
850 3889 1171 3957 Vaticano
1202 3888 1458 3978 templo
1489 3889 1974 3958 confirmatum
2006 3886 2326 3967 instituit,
2365 3906 2502 3972 quo
2533 3882 2775 3953 Clerici

221 3976 625 4067 RegulareS,
679 3976 812 4046 sub
842 3976 1155 4065 eJ‘usdem
1208 3978 1498 4048 Romani
1549 3976 1912 4048 Pontifices
1957 3988 2024 4045 et
2073 3973 2414 4066 praefatae
2453 3971 2648 4044 Sedis
2697 3976 2765 4041 S.

222 4062 630 4134 immediata
684 4065 1111 4155 subjectione
1171 4079 1238 4136 et
1305 4066 1589 4157 speciali
1705 4064 2072 4135 rotectione
2136 4062 2489 4153 suscepti,
2556 4061 2777 4131 tribus

221 4152 802 4225 substantialibus
842 4155 1017 4225 votis
1062 4154 1362 4236 emissiS,
1415 4168 1656 4246 aposto
1686 4155 1863 4224 icam
1914 4152 2187 4221 vivendi
2225 4150 2547 4232 formam,
2584 4150 2778 4220 omni

222 4262 451 4312 rerum
488 4242 977 4334 temporalium
1010 4257 1076 4312 et
1107 4243 1209 4313 vel
1244 4245 1396 4334 ipsa
1426 4242 1911 4314 emendicandi
1950 4244 2119 4311 cura
2167 4238 2582 4343 posthabim,
2621 4238 2779 4308 imi-

226 4341 558 4413 tarentur,
613 4331 994 4423 collapsam
1043 4330 1211 4403 cleri
1260 4346 1326 4403 et
1374 4355 1641 4403 morum
1680 4330 2121 4424 disciplinam
2163 4341 2656 4411 instaurarent,
2694 4348 2777 4398 ac

223 4420 728 4491 venerationem
779 4434 845 4491 et
890 4420 1349 4510 frequentiam
1417 4434 2008 4493 sacramentorum
2073 4419 2335 4512 insigni
2390 4419 2663 4510 pietatis
2711 4429 2778 4488 et

1570 4624 1599 4647 ‘x
