3308 5004
178 344 377 411 AUG.
434 344 522 409 ⁴3⁴
991 362 1069 409 nn
1116 362 1170 409 s.
1226 360 1603 410 Rauranum:
1650 362 1884 412 nonu
2516 345 2643 410 3⁴3

181 444 688 515 resurrectione
719 444 1086 526 declarato,
1117 445 1510 517 exclamans
1549 446 1756 516 dixit:
1792 452 1870 517 In
1906 448 2182 518 veritate
2218 461 2292 518 tu
2319 469 2393 517 es
2424 446 2733 518 Christus

181 535 382 606 filius
423 534 579 615 Dei,
629 535 749 621 qui
809 534 878 602 in
943 534 1281 604 mundum
1345 535 1589 604 venisti
1637 549 1791 604 tuos
1830 538 2181 627 captivos,
2238 558 2411 624 quos
2452 536 2725 617 creasti,

181 624 488 714 pretioso
544 623 881 713 sanguine
931 623 1289 692 redimere.
1348 623 1541 705 Quod
1592 624 1805 714 igitur
1860 623 2018 695 fecit
2072 640 2307 695 sancta
2357 624 2614 694 Helena
2663 625 2731 694 in

182 712 485 793 Oriente,
539 712 666 782 hoc
696 711 852 782 fecit
881 713 1078 782 beata
1110 696 1555 803 Radegundis
1589 713 1658 781 in
1696 712 1972 805 flantis.
2014 713 2139 784 Sed
2182 714 2345 801 quia
2386 714 2535 783 sine
2568 735 2735 783 con-

185 802 349 872 silio
382 800 552 870 nihil
600 801 823 871 facere
857 801 1093 881 voluit,
1153 801 1492 890 quamdiu
1541 802 1702 870 vixit
1743 801 1816 870 in
1863 804 1990 872 hoc
2042 801 2325 883 munde,
2381 802 2595 872 literis
2644 801 2731 872 ad

191 890 624 980 Sigebertum
674 889 1324 960 excellentissimum
1377 896 1629 979 Regem
1678 889 1881 971 datis,
1932 892 2123 982 petiit
2162 890 2249 959 ab
2288 911 2391 971 eo,
2448 903 2523 960 ut
2569 912 2733 960 cum

192 981 349 1067 ejus
395 979 573 1049 bona
624 980 820 1047 venia
893 978 1122 1048 liceret
1180 980 1312 1068 ipsi
1364 1000 1486 1068 pro
1553 979 1759 1048 totius
1818 980 2077 1071 patriae
2131 978 2349 1050 salute
2407 991 2473 1049 et
2538 979 2733 1067 regni

186 1069 346 1156 ejus
393 1066 879 1145 stabilimento,
935 1067 1199 1157 lignum
1252 1067 1576 1137 salutaris
1606 1069 1841 1139 Crucis
1876 1069 2142 1138 Domini
2181 1068 2267 1137 ab
2315 1073 2733 1157 Imperatore

184 1167 523 1246 expetere.
577 1155 702 1224 Illo
735 1156 1271 1227 clementissime
1309 1170 1586 1226 sanetae
1626 1158 1925 1247 Reginae
1981 1157 2300 1247 precibus
2339 1169 2725 1235 annuente,

190 1244 552 1314 devotione
610 1245 812 1334 plena
858 1267 1017 1315 cum
1070 1245 1289 1316 multo
1337 1245 1679 1314 desiderio
1730 1246 1811 1314 ad
1871 1252 2351 1335 Imperatorem
2397 1266 2532 1315 non
2584 1266 2735 1314 mu·

191 1355 362 1402 nera
412 1333 620 1413 misit,
683 1335 940 1423 quippe
988 1355 1164 1420 quae
1210 1338 1422 1403 causa
1468 1335 1728 1403 amoris
1779 1335 2023 1405 Christi
2078 1355 2448 1424 pauperem
2507 1355 2578 1402 se
2635 1332 2733 1403 fe-

185 1435 422 1491 cerat:
490 1422 604 1492 sed
662 1427 946 1492 Sanctos
990 1423 1251 1523 jugiter
1299 1422 1726 1513 imploranS,
1784 1424 2075 1493 nuncios
2123 1445 2286 1494 suos
2338 1422 2727 1512 ablegavit,

189 1516 740 1596 Sanctorumque
796 1511 1197 1602 suffragiis,
1278 1512 1459 1599 quod
1511 1512 1791 1601 optabat
1858 1512 2103 1603 adepta
2164 1524 2286 1582 est.
2358 1516 2734 1599 Imperator

186 1599 377 1669 enim
426 1611 492 1669 et
536 1599 810 1668 beatum
866 1600 1130 1689 lignum
1185 1601 1420 1671 Crucis
1469 1601 1738 1670 Domini
1777 1601 1834 1681 ¹⁶,
1890 1624 2058 1671 auro
2105 1613 2171 1670 et
2202 1600 2495 1690 gemmis
2534 1621 2735 1669 orna-

186 1701 392 1767 tum,
451 1686 838 1776 multasque
886 1693 1291 1758 Sanctorum
1362 1689 1730 1777 reliquiaS,
1804 1712 1979 1777 quas
2036 1690 2275 1760 Oriens
2332 1688 2728 1769 obtinebat,

183 1778 249 1933 gi
294 1797 415 1867 per
468 1776 722 1876 legatos
770 1777 1172 1858 transmisit,
1226 1799 1369 1847 una
1407 1801 1568 1848 cum
1619 1779 2027 1869 Evangeliis,
2082 1800 2251 1849 auro
2300 1778 2732 1868 gemmisque

235 1877 551 1934 ecoratts.

282 1955 321 2039 ξ
356 1959 502 2025 16.
545 1958 624 2023 Ut
654 1965 879 2024 autem
918 1954 1107 2024 salus
1140 1954 1386 2023 mundi
1419 1954 1488 2023 in
1530 1954 1957 2024 Pictavorum
2001 1955 2243 2024 urbem
2276 1976 2432 2025 cum
2465 1965 2735 2024 sancto-

190 2063 347 2112 rum
388 2042 694 2130 reliquiis
733 2042 1029 2124 advenit,
1070 2042 1564 2113 misitdevotus
1605 2049 1743 2113 Rex
1771 2045 1990 2113 virum
2020 2044 2355 2113 illustrem
2383 2044 2733 2113 Justinum

188 2130 279 2201 ad
307 2131 528 2200 virum
555 2131 1015 2220 Apostolicum
1045 2131 1520 2221 Euphronium
1549 2132 1976 2221 episcopum,
2016 2132 2445 2222 praecipiens
2472 2144 2546 2201 ut
2569 2154 2730 2201 cum

187 2221 448 2290 honore
474 2219 820 2310 condigno
850 2219 1218 2311 gloriosam
1260 2221 1525 2290 Domini
1552 2225 1832 2290 Crucem
1869 2233 1933 2289 et
1964 2225 2368 2290 Sanctorum
2406 2221 2734 2307 reliquias

194 2310 263 2377 in
321 2309 811 2379 monasterium
864 2309 1185 2379 dominae
1249 2308 1695 2399 Radegundis
1744 2308 2044 2379 inferret.
2098 2309 2290 2393 Quod
2339 2322 2416 2378 ut
2469 2309 2726 2379 factum

187 2409 334 2476 est,
388 2396 709 2467 exultavit
761 2397 1048 2467 mirifice
1097 2398 1291 2467 beata
1341 2397 1460 2467 illa
1507 2421 1665 2468 cum
1715 2399 1903 2467 omni
1970 2398 2544 2489 congregatione,
2599 2396 2733 2466 tale

189 2485 328 2555 sibi
375 2486 634 2556 donum
685 2486 970 2557 caelitus
1018 2486 1370 2568 collatum,
1426 2486 1606 2576 quod
1663 2486 2034 2588 propitium
2076 2492 2282 2556 Deum
2326 2486 2728 2556 effecturum

187 2587 369 2645 esset
416 2598 579 2645 suae
623 2576 1160 2667 congregationi,
1199 2598 1405 2663 quam
1443 2577 1510 2645 in
1564 2581 1680 2644 Det
1730 2576 2081 2646 servitium
2132 2575 2567 2665 collegisset:
2622 2574 2732 2643 ni-

191 2663 448 2733 mirum
502 2664 753 2753 spiritu
802 2666 1317 2756 praesentienS,
1383 2677 1531 2754 post
1590 2664 1947 2734 decessum
2015 2685 2218 2733 suum
2285 2686 2490 2750 quam
2556 2674 2734 2734 esset

187 2753 437 2842 exigua
488 2755 883 2823 monasterii
916 2754 1068 2845 ejus
1115 2753 1346 2824 futura
1394 2752 1709 2834 facultaS,
1751 2753 1906 2822 licet
1953 2752 2103 2842 ipsa
2146 2774 2304 2821 cum
2337 2751 2508 2821 coeli
2552 2757 2733 2842 Rege

188 2840 622 2930 gloriaretur.
679 2847 758 2912 Ut
802 2863 964 2932 ergo
1015 2841 1114 2911 illi
1176 2841 1616 2922 subveniret,
1673 2843 1889 2912 instar
1944 2841 2186 2931 optimi
2243 2841 2610 2930 provisoris
2667 2852 2734 2909 et

195 2930 492 3021 pastoris
541 2931 725 3007 boni,
779 2953 863 3001 ne
896 2953 1053 3000 oves
1084 2952 1576 3017 usquequaque
1616 2930 1977 3010 desereret,
2031 2930 2325 3020 pretium
2369 2929 2615 2999 mundi
2647 2928 2733 2996 de

189 3019 481 3109 pignore
528 3019 796 3098 Christi,
850 3041 886 3089 e
939 3019 1313 3109 longinqua
1361 3020 1638 3109 regione
1685 3019 2082 3109 expetitum,
2137 3020 2206 3088 in
2244 3018 2376 3088 loci
2424 3019 2573 3108 ejus
2613 3017 2733 3086 ho-

191 3128 429 3176 norem
480 3121 544 3176 et
593 3107 831 3198 populi
879 3108 1169 3177 salutem
1221 3130 1346 3177 suo
1400 3110 1465 3176 in
1505 3107 1919 3178 monasterio
1968 3107 2286 3194 reliquit:
2342 3107 2462 3177 ubi
2496 3106 2732 3175 divina

187 3207 436 3286 agente
484 3196 751 3277 virtute,
804 3197 1026 3266 caecis
1076 3196 1384 3266 redditur
1433 3196 1584 3276 lux,
1640 3219 1842 3268 aures
1889 3196 2261 3269 surdorum
2315 3207 2723 3286 patescunt,

191 3296 543 3354 mutorum
597 3285 855 3375 linguis
902 3308 1107 3356 suum
1177 3286 1560 3355 restituitur
1618 3285 1970 3365 officium,
2034 3284 2265 3355 claudi
2318 3284 2726 3364 ambulant,

186 3373 562 3443 daemones
612 3374 1090 3464 profligantur.
1145 3373 1319 3455 Quid
1378 3374 1650 3444 multa?
1696 3374 2024 3460 Quisquis
2075 3373 2312 3443 morbo
2365 3372 2725 3452 laborans,

185 3462 614 3548 quicumque
662 3463 934 3531 tandem
988 3461 1100 3531 ille
1147 3463 1235 3531 sit
1285 3463 1590 3543 morbus,
1635 3469 1723 3533 ‘ex
1774 3463 1907 3532 fide
1939 3482 2017 3531 eo
2065 3460 2350 3541 accedit,
2408 3484 2529 3563 per
2576 3483 2733 3531 san-

187 3563 335 3619 ctae
383 3551 620 3620 Crucis
667 3552 983 3620 virtutem
1036 3551 1289 3620 recedit
1338 3552 1732 3622 incolumis.
1788 3558 1912 3622 Pro
1959 3573 2096 3637 quo
2148 3550 2477 3619 ineffab1li
2520 3549 2726 3630 done,

187 3638 373 3725 quod
428 3639 495 3708 in
559 3640 736 3708 hanc
784 3639 1024 3708 urbem
1077 3641 1271 3710 beata
1321 3640 1577 3722 intulit,
1630 3640 1950 3728 quisquis
1996 3661 2078 3709 ex
2133 3637 2267 3708 fide
2316 3638 2517 3720 vivit,
2579 3639 2731 3729 ejus

189 3727 461 3796 nomini
500 3727 866 3797 benedicit.
1704 3752 1726 3762 ·

277 3817 317 3902 ξ
362 3820 495 3889 12.
548 3821 751 3885 Porro
799 3815 1207 3886 clarissimis
1255 3817 1584 3906 RegibuS,
1620 3829 1687 3886 et
1715 3815 2197 3886 serenissimae
2237 3817 2534 3906 Reginae
2565 3820 2733 3883 Bru-

192 3903 520 3985 nechildi,
563 3927 736 3992 quos
786 3903 968 3974 haud
1019 3904 1394 3994 vulgariter
1440 3904 1714 3987 dilexit,
1768 3919 1971 3991 atque
2019 3904 2221 3974 etiam
2275 3902 2732 3973 sacrosanctis

188 3991 500 4063 ecclesiis
547 4007 611 4062 et
656 4015 892 4063 eorum
944 3994 1299 4083 Episcopis
1328 4016 1487 4063 cum
1540 3993 1773 4062 divina
1821 3994 2266 4064 obtestatione
2308 4014 2508 4063 suum
2546 4012 2734 4060 com-

187 4081 539 4151 mendavit
587 4082 1106 4152 monasterium.
1141 4088 1265 4152 Pro
1313 4081 1588 4152 coelesti
1637 4096 1864 4152 autem
1913 4082 2038 4152 hoc
2075 4102 2360 4151 munere
2394 4080 2580 4150 misit
2614 4101 2732 4148 su-

187 4170 586 4262 pradictum
638 4172 1111 4261 presbyterum
1149 4193 1309 4240 curn
1342 4171 1521 4250 aliis,
1562 4172 1819 4262 gratias
1858 4184 1933 4240 ut
1980 4182 2261 4260 agerent
2298 4169 2729 4259 Imperatori.

236 4319 263 4342 ¹·
296 4315 490 4356 Scilicet
508 4316 553 4355 S.
583 4315 721 4366 ngni
749 4317 1046 4365 particulam.
1078 4317 1210 4356 'runc
1231 4317 1284 4354 ut
1305 4317 1355 4355 B.
1374 4316 1593 4364 Reginae,
1610 4316 1660 4354 tn
1689 4324 1829 4363 quam
1849 4324 2032 4354 summa
2054 4314 2293 4354 terebatur
2323 4312 2623 4354 observantia
2651 4313 2736 4354 Ve-

178 4370 381 4410 nantum
417 4370 709 4409 Fortunatus
742 4371 857 4409 satie
889 4371 1127 4410 devotioni
1157 4370 1346 4412 faceret.
1375 4369 1574 4416 hymnos
1603 4369 1899 4417 conscripsit,
1932 4368 2099 4407 Vama
2120 4369 2249 4417 Reate
2271 4370 2505 4418 prodeunt,
2525 4371 2574 4408 et
2592 4369 2737 4415 Parus«

181 4426 343 4472 linqua
361 4424 548 4473 gloriosi
560 4425 783 4472 praelium
803 4422 1052 4472 (lauream)
1071 4423 1324 4462 certaminis
1336 4436 1353 4469 ,·
1373 4423 1513 4470 quus
1537 4431 1646 4471 pars
1666 4422 1873 4462 secunda
1901 4422 2102 4462 alterum
2123 4421 2332 4467 confictu
2363 4423 2540 4462 Lustrt‘s
2559 4434 2638 4462 eea:
2657 4418 2733 4473 qui

170 4479 280 4524 jam
306 4476 664 4526 peu-aettmuxta
683 4473 991 4517 correctionis
1019 4478 1152 4516 Rom.
1172 4476 1453 4517 lectionem:
1482 4475 1658 4515 Lustra.
1686 4485 1766 4516 sex
1794 4473 1988 4525 quijam
2009 4475 2191 4526 peregit
2219 4477 2305 4516 etc.
