3308 5004
245 331 431 400 AUG.
472 332 555 397 10
736 348 814 395 nx
862 347 953 396 ss.
1007 323 1121 395 u‘u.
1176 343 1357 397 s1xro
1406 349 1501 396 rr.
1555 350 1632 398 nr
1678 348 2032 399 uuuurxo
2081 350 2303 399 mvm
2586 333 2715 402 237

254 434 408 522 ejus
470 432 844 504 Dominum
902 436 1140 503 Jesum
1193 433 1591 515 Christum,
1647 446 1713 503 et
1760 433 2120 505 thesauros
2175 435 2301 506 tibi
2360 436 2683 518 ostend0,
2741 448 2806 508 et

256 523 465 593 vitam
535 533 885 593 aeternam
956 521 1370 611 promitto.»
1413 522 1588 592 Dicit
1632 526 1697 593 ei
1745 521 2201 614 Hippolytus:
2259 524 2324 595 Si
2374 524 2579 596 dictis
2627 525 2806 597 sacta

250 631 689 702 compensaS,
743 610 992 680 faciam
1042 610 1225 697 quod
1265 610 1584 680 hortaris.
1624 616 1697 681 Β.
1735 613 2142 682 Laurentius
2190 613 2331 683 ait:
2385 636 2421 681 «
2458 613 2631 685 Audi
2667 634 2798 697 me,

249 712 317 770 et
346 701 453 771 i'ac
486 701 717 780 citius,
763 719 938 788 quae
972 698 1286 770 hortatus
1334 719 1488 769 sum
1524 722 1538 768 :
1593 698 1778 770 idola
1809 701 1991 771 enim
2027 713 2240 782 muta,
2286 702 2496 772 surda
2535 716 2600 775 et
2631 721 2808 773 vana

250 803 434 861 sunt.
480 795 582 860 Tu
615 788 856 861 saltem
883 788 1255 878 baptizare.
1297 811 1333 855 »
1378 787 1632 859 Deinde
1669 810 1856 859 more
1890 787 2090 859 solito
2137 791 2577 862 catechizavit
2614 812 2801 874 eum,

255 891 752 969 acceptamque
799 897 1052 965 aquam
1105 876 1477 960 benedixit,
1529 890 1594 947 et
1644 879 2011 968 baptizavit
2057 900 2240 948 eum.
2298 883 2373 948 Et
2436 902 2596 950 cum
2645 901 2806 950 eum

253 985 331 1037 ex
393 990 576 1057 aqua
644 966 985 1045 elevaret,
1038 964 1210 1035 dixit
1277 962 1747 1058 Hippolytus:
1802 967 1954 1036 Vidi
2000 967 2271 1037 animas
2331 969 2806 1039 innocentium

256 1054 468 1128 laetas
515 1054 866 1147 gaudere:
941 1075 1146 1144 porro
1203 1054 1289 1124 ad
1353 1059 1424 1124 B.
1493 1056 1940 1127 Laurentium
2009 1054 2604 1145 lacrymabundus
2663 1058 2804 1127 ait:

250 1145 507 1235 Adjuro
546 1158 611 1215 te
655 1167 776 1235 per
825 1143 1189 1214 Dominum
1238 1150 1475 1215 Jesum
1541 1144 1914 1224 Christum,
1968 1156 2044 1213 ut
2081 1147 2309 1216 omnis
2357 1145 2607 1216 domus
2657 1164 2806 1216 mea

253 1234 663 1325 baptizetur.
726 1238 803 1303 Et
862 1231 1211 1323 praeclare
1256 1233 1579 1322 baptizati
1634 1245 1802 1304 sunt
1853 1234 1920 1302 in
1982 1232 2186 1303 domo
2235 1235 2386 1324 ejus
2427 1234 2810 1325 promiscui

254 1342 460 1393 sexus
493 1324 731 1393 decem
774 1332 842 1391 et
872 1342 1143 1391 novem.

342 1415 380 1500 ξ
426 1418 567 1486 18.
600 1416 770 1481 Ecce
818 1423 1047 1480 autem
1088 1409 1369 1480 mandat
1392 1410 1797 1481 Valerianus
1823 1409 2218 1501 Hippolyt0‚
2256 1423 2333 1480 ut
2364 1412 2808 1482 Laurentium

258 1500 342 1569 ad
397 1502 733 1592 palatium
785 1498 1112 1569 adducat.
1169 1499 1347 1568 Dixit
1392 1520 1555 1591 ergo
1604 1500 2021 1591 Hippolytus
2069 1499 2152 1568 ad
2208 1505 2278 1570 Β.
2317 1501 2805 1571 Laurentium:

257 1590 661 1661 Valerianus
718 1589 1007 1680 jubente
1057 1587 1254 1657 Decio
1304 1589 1675 1680 praecipit,
1743 1602 1819 1659 ut
1868 1602 1929 1659 te
1976 1588 2062 1658 ad
2133 1588 2329 1659 illum
2403 1589 2804 1680 perducam.

256 1684 503 1750 Beatus
536 1678 950 1750 Laurentius
997 1677 1127 1746 ait:
1169 1682 1462 1747 Eamus:
1507 1690 1574 1747 et
1622 1677 1794 1746 mihi
1848 1677 2034 1746 enim
2065 1731 2080 1755 ,
2133 1688 2200 1747 et
2247 1677 2367 1747 tibi
2418 1677 2638 1767 gloria
2688 1699 2812 1770 pa-

255 1780 475 1838 ratur.
527 1772 696 1837 Cum
740 1766 1085 1836 venissent
1131 1786 1293 1856 ergo
1342 1766 1547 1837 ambo
1586 1765 1797 1837 simul
1831 1766 1901 1835 in
1942 1778 2389 1856 conspectum
2440 1767 2806 1848 Valeriani,

257 1857 660 1927 Valerianus
716 1855 889 1925 dixit
926 1854 1012 1924 ad
1070 1859 1138 1924 B.
1196 1855 1691 1925 Laurentium:
1758 1860 1937 1925 Pone
1991 1855 2137 1943 jam
2204 1856 2696 1945 pertinaciam,
2748 1866 2814 1925 et

257 1946 488 2037 profer
534 1945 897 2015 thesauros
943 1965 1118 2031 quos
1180 1943 1364 2033 apud
1409 1956 1472 2013 te
1518 1943 1897 2013 didicimus
1951 1944 2306 2034 repositos.
2376 1950 2447 2013 B.
2511 1950 2815 2015 Lauren-

260 2035 399 2106 tius
431 2034 627 2105 dixit:
685 2038 779 2102 Da
843 2030 1015 2101 mihi
1064 2030 1261 2102 bidui
1310 2046 1429 2101 aut
1495 2030 1707 2103 tridui
1768 2032 2108 2115 inducias,
2161 2045 2228 2102 et
2276 2033 2618 2123 proferam
2688 2032 2813 2102 tibi

260 2124 647 2194 thesauros.
712 2121 886 2191 Dixit
934 2133 1162 2191 autem
1222 2121 1626 2191 Valerianus
1691 2121 2106 2212 Hippolyto:
2171 2127 2314 2191 Tua
2368 2122 2506 2193 fide
2567 2122 2815 2192 habeat

263 2213 469 2282 trium
504 2212 776 2281 dierum
826 2209 1172 2280 inducias.
1227 2210 1510 2300 Collegit
1539 2231 1704 2301 ergo
1743 2215 1813 2280 B.
1871 2210 2280 2280 Laurentius
2310 2232 2571 2291 caecOS,
2625 2211 2816 2281 clau-

263 2300 411 2384 dos,
465 2299 729 2370 debiles
759 2310 825 2367 et
873 2318 1236 2388 pauperes,
1298 2311 1363 2368 et
1409 2298 1773 2370 abscondit
1809 2321 1924 2368 eos
1974 2299 2043 2367 in
2093 2299 2382 2369 aedibus
2428 2299 2808 2390 Hippolyti.

263 2389 666 2460 Valerianus
713 2408 872 2456 vero
924 2386 1278 2457 nunciavit
1325 2390 1547 2470 Decio,
1589 2389 1659 2456 B.
1705 2387 2174 2467 Laurentium,
2222 2387 2563 2458 triduanis
2620 2408 2817 2457 acce-

264 2478 398 2570 ptis
446 2476 775 2559 induciiS‚
835 2476 1238 2568 promisisse
1285 2498 1357 2547 se
1390 2477 1751 2548 thesauros
1794 2475 2257 2579 prolaturum.
2297 2482 2451 2547 Post
2503 2476 2814 2547 triduum

267 2567 725 2658 praesentavit
777 2588 847 2637 se
892 2570 965 2635 B.
1021 2566 1430 2638 Laurentius
1475 2567 1545 2636 in
1601 2566 1854 2657 palatio
1905 2565 2335 2647 Salustiano,
2402 2566 2706 2652 dixitque
2753 2565 2816 2635 ei

264 2659 508 2728 Decius
567 2677 800 2726 coram
862 2654 1223 2724 Valeriano
1272 2653 1649 2745 praesecto:
1707 2655 1833 2725 Ubi
1899 2667 2062 2724 sunt
2126 2654 2477 2735 thesauri,
2529 2676 2705 2742 quos
2753 2666 2816 2724 te

261 2746 732 2816 exhibiturum
812 2743 1160 2834 pollicitus
1216 2747 1340 2813 es?
1400 2748 1470 2813 Β.
1530 2743 1981 2824 Laurentius,
2035 2742 2320 2813 collecta
2371 2743 2817 2814 multitudine

264 2855 677 2937 pauperum,
720 2832 1098 2902 introduxit
1130 2853 1246 2901 eos
1286 2831 1353 2901 in
1399 2832 1763 2923 palatium,
1807 2831 2048 2902 dicens
2094 2832 2282 2901 clara
2329 2853 2527 2902 voce:
2580 2854 2617 2898 «
2648 2836 2818 2902 Ecce

262 2926 375 2994 isti
425 2935 590 2995 sunt
621 2920 924 2991 thesauri
957 2921 1239 3000 aeterni,
1275 2921 1395 3009 qui
1433 2943 1795 3009 nunquam
1834 2921 2271 3000 minuuntur,
2313 2921 2429 2992 sed
2469 2932 2814 2990 crescunt:

261 3013 379 3101 qui
420 3014 492 3082 in
535 3008 850 3100 singulos
883 3008 1404 3101 disperguntur,
1449 3022 1515 3080 et
1562 3010 1632 3079 in
1676 3010 2004 3080 omnibus
2053 3009 2575 3079 inveniuntur.»
2625 3009 2820 3079 Vale—

261 3103 506 3171 rianus
540 3097 926 3191 praefectus
956 3098 1167 3168 dixit:
1220 3098 1396 3182 Quid
1448 3120 1573 3258 Ber
1621 3098 1838 3170 multa
1895 3097 2216 3190 vagaris?
2265 3099 2588 3169 Sacrifica
2653 3098 2815 3180 diis,

261 3203 329 3261 et
375 3190 597 3280 abjice
661 3201 842 3258 artes
908 3187 1253 3278 magicas,
1323 3188 1444 3275 qui
1498 3209 1582 3259 us
1636 3187 1956 3259 confidis.
2011 3193 2083 3256 Β.
2138 3189 2547 3258 Laurentius
2593 3187 2815 3261 dixit:

263 3302 300 3346 «
337 3280 508 3363 Quis
548 3279 641 3346 ita
676 3275 926 3367 premit
956 3296 1074 3347 vos
1121 3276 1466 3356 diabolus,
1518 3287 1595 3347 ut
1634 3277 2053 3347 Christianos
2093 3276 2394 3364 jubeatis
2428 3277 2823 3346 sacrificare

264 3366 653 3437 daemoniis
675 3370 704 3431 ’ἑ
751 3370 881 3434 Vos
919 3363 1053 3466 ipsi
1080 3364 1411 3453 judicate,
1447 3366 1722 3456 justum
1773 3386 1858 3435 ne
1888 3366 1978 3435 sit
2027 3384 2152 3434 nos
2198 3365 2497 3437 cervices
2547 3377 2818 3435 nostras

265 3457 604 3526 inclinare
651 3454 1111 3525 daemonibus
1166 3454 1418 3545 potius,
1471 3475 1684 3542 quam
1737 3458 1896 3536 Dec,
1960 3453 2338 3525 visibilium
2390 3465 2456 3524 et
2503 3453 2824 3524 invisibi-

269 3544 438 3615 lium
491 3543 805 3614 omnium
863 3543 1177 3624 creatori,
1221 3556 1286 3612 et
1332 3555 1564 3613 utrum
1617 3542 1861 3613 debeat
1913 3543 2186 3612 adorari
2236 3544 2295 3612 is
2336 3543 2461 3631 qui
2501 3542 2683 3624 fecit,
2732 3561 2821 3612 an

268 3636 385 3720 qui
426 3634 650 3702 factus
698 3645 871 3702 est.»
922 3632 1168 3703 Decius
1193 3636 1438 3702 Caesar
1468 3630 1679 3701 dixit:
1726 3633 1893 3715 Quis
1926 3631 2029 3702 vel
2078 3631 2302 3702 sactus
2327 3644 2451 3714 est,
2484 3632 2585 3701 vel
2619 3631 2826 3701 fecit?

270 3726 338 3791 B.
403 3721 818 3793 Laurentius
864 3721 992 3790 ait:
1050 3725 1292 3789 «Deus
1357 3733 1423 3790 et
1472 3733 1662 3811 pater
1725 3720 1993 3790 Domini
2067 3721 2286 3792 nostri
2344 3727 2510 3792 Jesu
2572 3720 2823 3790 Christi

270 3811 582 3880 conditor
618 3821 719 3879 est
751 3810 1112 3880 universae
1144 3821 1522 3891 creaturae,
1560 3809 1952 3890 hominum,
1986 3808 2369 3890 volucrum,
2407 3809 2818 3891 bestiarum,

265 3899 760 3988 jumentorum,
816 3898 1139 3988 piscium,
1176 3896 1350 3966 coeli
1396 3911 1463 3968 et
1509 3912 1754 3968 terrae:
1797 3909 1862 3967 et
1911 3910 1987 3968 tu
2018 3897 2220 3981 dicis,
2283 3897 2608 3969 Sacrifica
2648 3896 2825 3987 lapi-

275 3987 500 4071 dibus,
551 4000 617 4058 et
655 3986 867 4057 adora
906 4009 1050 4057 rem
1102 3987 1385 4056 surdam
1427 3999 1493 4057 et
1524 3999 1787 4057 mutam
1809 3990 1876 4054 ‘30

358 4079 394 4164 ἓ
440 4081 591 4149 19.
648 4077 892 4147 Decius
940 4081 1184 4146 Caesar
1228 4076 1470 4157 iratuS,
1517 4075 1731 4166 jussit
1769 4095 1932 4145 eum
1991 4075 2062 4144 in
2111 4084 2486 4164 conspectu
2526 4095 2652 4143 suo
2693 4094 2825 4145 nu·-

268 4163 505 4236 datum
554 4165 747 4236 caedi
796 4165 1280 4256 scorpionibus
1309 4218 1325 4245 ,
1382 4164 1531 4252 ipso
1606 4163 1806 4235 Decio
1857 4163 2241 4234 clamante:
2281 4168 2451 4233 Deos
2499 4161 2824 4253 blasphe-

268 4274 458 4324 mare
489 4253 656 4324 noli.
704 4259 775 4323 B.
814 4254 1224 4325 Laurentius
1272 4253 1342 4321 in
1381 4254 1551 4344 ipsis
1582 4252 1943 4325 tormentis
1972 4252 2284 4323 dicebat:
2325 4258 2506 4342 «Ego
2534 4252 2822 4339 quidem

266 4344 527 4433 gratias
560 4364 689 4434 ago
738 4348 871 4414 Deo
919 4364 1092 4424 me0,
1131 4340 1252 4430 qui
1303 4362 1411 4411 me
1458 4341 1791 4433 dignatus
1821 4354 1923 4412 est
1951 4341 2329 4433 adjungere
2377 4341 2592 4414 servis
2631 4341 2819 4413 suis:

267 4444 346 4500 tu
378 4447 609 4504 autem
662 4431 870 4502 miser
913 4432 1252 4520 torqueris
1308 4430 1581 4503 insania
1628 4444 1694 4501 et
1756 4431 1984 4502 furore
2035 4446 2221 4502 tuo.»
2273 4431 2517 4502 Decius
2584 4435 2827 4501 Caesar
