3308 5004
217 329 367 398 Aue.
401 328 439 395 3
783 347 862 396 nx
906 345 1160 396 ntum.
1213 346 1273 395 s.
1324 345 1633 396 surum
1679 345 2073 397 rnorousnr.
2486 329 2615 397 403

211 430 507 533 appamit.
558 430 905 519 Numquid
960 452 1097 502 non
1150 429 1344 502 vides
1375 452 1658 502 crocum
1691 484 1707 512 ,
1759 431 1883 520 qui
1929 430 1999 502 in
2051 432 2203 522 ipso
2258 443 2385 515 est,
2437 432 2707 505 suavis-

207 521 341 592 s1mi
388 541 528 591 esse
576 520 854 592 odoris?
885 525 963 589 Et
1008 520 1162 611 ipse
1199 520 1619 609 conjunctus
1664 532 1767 591 est
1814 541 1965 590 meo
2009 520 2284 592 calatho
2331 522 2401 594 in
2442 520 2709 594 excelso

206 610 347 690 loco,
380 609 495 681 uhi
541 611 747 681 ambo
796 608 1001 700 positi
1036 630 1289 681 sumus
1316 609 1520 697 quasi
1565 608 1853 700 gemini.
1887 614 1967 680 Et
2002 631 2161 681 cum
2195 610 2364 681 haec
2394 609 2701 694 dixisset,

205 698 394 770 denuo
434 720 505 769 ex
534 698 757 769 oculis
805 698 978 770 meis
1015 698 1317 770 evanuit.

271 789 302 875 ξ
340 793 425 861 θ.
479 791 786 875 Cumque
830 786 1351 878 expergefactus
1397 785 1714 868 fuissem,
1766 785 2025 877 gratias
2069 787 2179 878 egi
2227 791 2361 859 Deo
2393 787 2711 877 omnipo-

209 875 355 950 tenti,
395 889 458 945 et
502 878 852 947 consuetis
875 875 1171 966 jeJuniis
1208 897 1492 980 operam
1541 875 1704 945 dedi
1749 896 1974 962 usque
2008 875 2092 945 ad
2146 876 2414 947 tertiam
2451 876 2710 948 revela-

206 964 439 1035 tionem.
483 969 563 1036 In
612 965 808 1037 tertia
853 965 1069 1056 igitur
1105 975 1516 1054 septimana,
1582 965 1822 1036 eadem
1871 962 1984 1033 die
2029 975 2096 1033 et
2141 964 2312 1036 horst
2360 967 2543 1036 venit
2588 987 2709 1037 su-

202 1052 515 1143 pradictus
545 1053 653 1123 vir
695 1055 1137 1126 comminans
1183 1065 1250 1123 et
1309 1052 1835 1133 fremebundus,
1874 1065 1940 1123 et
1986 1051 2159 1123 dixit
2205 1053 2429 1123 mihi:
2482 1058 2707 1137 Quare

196 1164 382 1228 usque
426 1164 617 1213 nunc
663 1142 1147 1224 dissimulasti,
1198 1153 1268 1212 et
1306 1141 1588 1214 noluisti
1640 1163 1923 1233 pergere
1968 1153 2035 1211 et
2087 1142 2316 1212 dicere
2366 1141 2705 1234 Episcopo

194 1231 430 1312 «Ioanni,
479 1252 660 1320 quae
706 1232 833 1303 tibi
861 1231 1046 1302 dicta
1086 1243 1249 1303 sunt
1285 1243 1350 1302 et
1396 1235 1722 1302 ostensa?
1767 1235 1986 1314 Quam
2037 1230 2547 1302 excusationem
2581 1231 2705 1303 ha-

193 1317 356 1418 ltebis
396 1321 582 1410 apud
614 1325 851 1401 Deum,
893 1332 1016 1391 aut
1035 1342 1247 1408 quam
1287 1320 1555 1391 veniam
1595 1342 1718 1410 pro
1772 1319 1902 1390 hoc
1935 1333 2337 1412 contemptu
2391 1320 2703 1411 sperabis

194 1428 248 1474 tn
276 1407 378 1478 die
409 1409 716 1499 judicii?
760 1409 1112 1497 Numquid
1147 1430 1283 1479 non
1334 1408 1547 1492 videa,
1584 1423 1846 1496 quanta
1892 1409 2168 1479 siccitas
2216 1422 2318 1479 est
2371 1421 2438 1481 et
2483 1409 2709 1482 tribu-

191 1493 327 1567 latio
363 1498 427 1567 in
471 1511 613 1570 toto
661 1499 950 1582 mundo,
1006 1510 1074 1568 et
1132 1509 1206 1569 ιιι
1253 1498 1682 1588 negligenter
1727 1497 1927 1588 agis?
1958 1497 2308 1585 Numquid
2361 1519 2496 1568 non
2547 1519 2709 1568 con-

189 1583 439 1666 sideras,
491 1589 657 1676 quia
694 1587 893 1659 multi
931 1587 1247 1658 meliores
1296 1600 1360 1658 te
1394 1587 1531 1659 sint
1564 1608 1687 1678 per
1714 1608 2024 1656 eremum
2076 1588 2296 1657 sancti
2345 1586 2499 1668 viri,
2531 1607 2709 1674 quos

189 1688 690 1774 praetereuntes,
737 1699 857 1766 per
885 1689 948 1746 te
978 1675 1330 1747 voluimus
1358 1675 1753 1747 innotesci?
1799 1675 1961 1746 Ideo
2001 1696 2302 1764 namque
2353 1689 2416 1746 te
2461 1697 2542 1746 ex
2572 1674 2710 1746 alia

185 1783 239 1830 tn
285 1764 404 1834 hac
431 1765 600 1837 villa
630 1765 978 1836 voluimus
1001 1785 1153 1835 esse
1191 1765 1638 1846 sacerdotem,
1697 1776 1773 1835 ut
1822 1786 1943 1854 per
1974 1775 2038 1834 te
2070 1763 2700 1836 manifestaremur.

181 1855 417 1944 Exurge
464 1855 679 1946 igitur
724 1866 790 1924 et
823 1854 1014 1934 vade,
1060 1867 1126 1923 et
1153 1852 1266 1923 dic
1312 1853 1443 1934 illi,
1482 1866 1560 1925 ut
1596 1853 1859 1944 aperiat
1893 1852 2092 1923 nobis
2120 1868 2188 1923 et
2216 1853 2423 1924 faciat
2463 1852 2696 1925 locum

178 1941 504 2023 orationis,
547 1958 624 2014 ut
655 1943 1143 2015 intercessione
1176 1955 1408 2014 nostra
1436 1943 1843 2014 misereatur
1870 1942 2204 2014 Dominus
2254 1941 2511 2034 populo
2545 1962 2698 2013 suo.

177 2032 243 2098 Bt
281 2052 432 2101 cum
465 2032 554 2102 ad
590 2032 793 2102 verba
839 2033 993 2122 ejus
1033 2032 1570 2113 intremuissem,
1622 2031 1833 2102 dixit:
1880 2055 1906 2094 ι
1941 2036 2081 2102 Non
2147 2031 2510 2122 negligens
2557 2029 2697 2113 fui,

177 2117 431 2190 domine
460 2121 585 2202 mi,
629 2120 748 2192 sed
799 2119 1267 2210 praestolabar
1305 2120 1583 2191 tertium
1634 2121 2004 2191 adventum
2037 2133 2260 2191 tuum.
2300 2125 2493 2191 Nunc
2541 2140 2703 2191 vero

174 2207 307 2276 sine
338 2209 642 2280 crastina
687 2209 800 2278 die
831 2231 1138 2300 pergam,
1190 2211 1448 2291 omnia,
1482 2230 1663 2297 quae
1696 2208 2041 2279 mandasti
2076 2209 2271 2291 mihi,
2308 2207 2699 2279 dicturus.»

173 2299 432 2367 Etcum
487 2298 865 2388 indignans
924 2299 1287 2368 adversum
1351 2320 1459 2368 me
1507 2310 1737 2380 staret,
1789 2297 2074 2368 videbar
2120 2298 2293 2369 mihi
2357 2297 2556 2385 quasi
2628 2297 2698 2366 in

175 2382 366 2455 altero
398 2387 656 2457 mentis
693 2408 976 2458 excessu
1006 2386 1363 2460 devenisse
1385 2388 1860 2488 serosolymis,
1892 2400 1958 2457 et
1988 2387 2190 2473 quasi
2219 2388 2290 2455 in
2327 2398 2706 2477 conspectu

173 2473 491 2547 adstarem
548 2481 598 2547 E
653 2476 887 2566 iscopo
930 2476 1208 2557 Joanni,
1264 2497 1557 2548 narrans
1602 2499 1665 2546 et
1714 2496 1988 2547 omnem
2041 2475 2415 2545 visionem:
2468 2496 2511 2544 a
2565 2495 2704 2562 quo

173 2562 429 2634 videbar
476 2588 570 2637 au
626 2567 747 2636 ire:
784 2567 851 2636 Si
892 2565 1061 2636 haec
1099 2566 1199 2635 sic
1237 2587 1311 2635 se
1342 2565 1620 2648 habent,
1657 2577 1736 2636 ut
1766 2565 1963 2645 dicis,
1998 2560 2429 2647 charissime,
2478 2574 2545 2633 et
2577 2568 2705 2634 Do-

172 2653 383 2725 minus
422 2655 553 2726 tibi
605 2654 924 2725 revelavit
949 2654 1119 2725 haec
1151 2655 1579 2745 temporibus
1607 2655 1883 2735 nostriS,
1916 2666 2180 2744 oportet
2226 2674 2334 2722 me
2379 2652 2705 2743 colligere

171 2738 242 2810 de
284 2743 722 2830 possessione
762 2743 877 2813 illa
907 2744 1147 2813 bovem
1181 2742 1380 2813 illum
1420 2743 1800 2813 maximum
1829 2754 2194 2823 aratorem,
2246 2740 2369 2830 qui
2402 2755 2469 2812 et
2503 2762 2704 2812 carro

170 2841 225 2896 et
254 2845 476 2902 aratro
510 2855 551 2902 a
610 2845 720 2903 tus
766 2846 891 2913 est,
933 2843 1002 2902 et
1047 2831 1392 2903 dimittere
1437 2832 1565 2902 tibi
1618 2831 2119 2923 possessionem
2175 2853 2333 2901 cum
2376 2830 2705 2901 omnibus

172 2921 460 2991 caeteris.
494 2855 603 2991 Ad,
642 2944 848 3008 quem
900 2922 1038 3011 ajo:
1099 2926 1176 2991 Ut
1208 2921 1375 3008 quid
1411 2920 1582 2991 mihi
1617 2920 1960 3011 possessio
1992 2919 2274 2989 domine
2306 2920 2428 2999 mi,
2471 2919 2531 2988 si
2566 2939 2703 2989 non

173 3002 367 3078 habeo
432 3010 726 3092 bovem,
782 3032 903 3101 per
947 3031 1152 3098 quem
1227 3021 1507 3100 regatur
1550 3023 1617 3079 et
1672 3020 1905 3079 aretur
1964 3010 2359 3098 possessio?
2409 3012 2487 3077 Et
2534 3006 2706 3077 dixit

175 3096 320 3166 mihi
362 3099 790 3189 Episcopus:
830 3103 929 3169 Ita
990 3098 1274 3191 placuit,
1319 3099 1749 3179 charissime,
1804 3097 2130 3184 quoniam
2182 3097 2423 3168 civitas
2469 3108 2704 3166 nostra

172 3183 487 3259 vehiculis
522 3187 981 3269 ministratur,
1017 3201 1084 3258 et
1111 3210 1332 3258 unum
1368 3188 1609 3258 bovem
1649 3187 1850 3257 illum
1888 3186 2268 3256 maximum
2304 3185 2387 3254 ad
2422 3205 2697 3255 carrum

174 3273 381 3345 miuus
413 3276 787 3358 habemus,
817 3298 1022 3364 quem
1058 3290 1131 3346 tu
1164 3277 1418 3347 diceris
1440 3277 1507 3347 in
1541 3276 1975 3367 possessione
2007 3288 2119 3347 tua
2149 3273 2395 3344 celare.
2428 3276 2701 3363 Oportet

174 3380 473 3451 namque,
530 3378 609 3435 ut
649 3365 717 3434 in
768 3365 1037 3435 civitate
1082 3365 1530 3436 celeberrima
1562 3367 1653 3434 sit
1699 3365 1961 3456 magiS,
2006 3385 2215 3452 quam
2281 3363 2351 3431 in
2415 3360 2702 3452 parvula

174 3455 610 3536 possessione.
663 3453 1011 3540 Numquid
1064 3476 1200 3524 non
1252 3455 1375 3525 tibi
1425 3453 1782 3525 sufficiunt
1826 3453 1967 3524 duo
2015 3451 2278 3523 residui
2319 3453 2525 3523 boves
2569 3449 2700 3519 mi-

176 3557 346 3611 nores
381 3542 473 3613 ad
525 3542 970 3615 excolendam
1006 3556 1254 3613 terram
1288 3543 1579 3614 vehiculi
1630 3544 2109 3629 tui‘PCumque
2146 3542 2275 3611 hoc
2306 3540 2376 3611 in
2422 3539 2697 3623 ecstasi,

178 3624 279 3726 ¹¹9⁰
318 3645 445 3713 est,
503 3633 578 3702 in
611 3654 897 3702 excessu
932 3633 1182 3703 mentis
1212 3631 1591 3713 audissem,
1637 3633 1868 3702 statim
1910 3629 2452 3722 expergefactus,
2492 3629 2699 3699 bene-

179 3712 289 3786 dui
337 3722 739 3802 Dominum,
773 3732 839 3791 et
913 3723 1126 3791 errexi
1174 3722 1256 3791 ad
1295 3721 1637 3793 civitatem
1676 3721 1762 3791 ad
1805 3734 2123 3793 sanctum
2172 3725 2507 3789 loannem
2543 3717 2702 3807 Epi-

181 3824 461 3896 scopum.
503 3815 585 3880 Et
628 3831 790 3880 cum
845 3743 946 3880 ifli
996 3811 1255 3893 omnia,
1308 3832 1488 3899 quae
1544 3810 1873 3892 videram,
1929 3807 2398 3887 nunciassem,
2454 3805 2704 3875 reticui

182 3890 244 3962 de
282 3897 546 3969 visione
609 3899 825 3980 bovis,
877 3912 1243 3989 expectans
1305 3899 1473 3987 quid
1522 3899 1837 3969 audirem
1909 3899 1999 3968 ab
2069 3918 2172 3967 eo.
2226 3894 2700 3995 Intellexeram

185 3984 356 4067 enim,
408 3988 578 4076 quia
617 3992 682 4058 S.
735 3989 1127 4078 Stephanus
1165 3989 1313 4080 ipse
1351 4000 1531 4059 esset
1561 3989 1689 4058 bos
1717 3987 2104 4057 maximus:
2141 3988 2308 4073 quia
2352 4004 2535 4053 carri
2569 3980 2695 4066 1111,

188 4067 246 4139 de
279 4076 539 4162 quibus
586 4076 896 4157 dicebat,
950 4090 1228 4148 sanctae
1284 4088 1515 4148 essent
1560 4077 1940 4147 ecclesiae:
1992 4087 2057 4146 et
2106 4075 2264 4145 Sion
2320 4072 2544 4173 pri-tna
2592 4092 2702 4142 ec-

192 4157 376 4247 elesia,
412 4166 567 4257 ipse
595 4179 773 4237 esset
802 4187 1045 4237 carrus
1079 4166 1321 4257 major.
1360 4171 1440 4237 Et
1469 4166 1635 4254 quia
1668 4164 1961 4235 habebat
1992 4174 2277 4234 sanctus
2314 4165 2700 4251 Episcopus

196 4263 224 4311 a
251 4271 343 4350 {ne
389 4267 623 4344 petere
670 4254 1011 4326 benedicti
1062 4254 1389 4346 Stephani
1448 4254 1811 4343 reliquiaS,
1864 4252 2018 4324 ideo
2063 4251 2150 4321 de
2197 4250 2460 4322 visione
2507 4249 2701 4322 bovis

201 4334 487 4434 Eptscopo
535 4342 766 4414 dicere
812 4344 1031 4415 nolui.

257 4429 285 4513 ὅ
318 4434 396 4501 v.
447 4436 760 4522 Cumque
807 4434 975 4504 haec
1001 4433 1312 4505 audisset
1352 4433 1667 4504 Joannes
1694 4430 2102 4523 EpiscopuS,
2152 4428 2575 4520 lacrymatus
2596 4434 2701 4496 est
