3308 5004
601 302 642 366 6
1214 316 1293 363 ns
1340 314 1601 364 exrsms
1647 316 1742 363 ΕΤ»
1771 313 2000 364 cumo
2046 313 2105 362 s.
2157 300 2340 364 mm
2781 298 2967 365 AUG.
3023 299 3049 363 l

514 398 536 467 i
592 421 667 467 so
708 399 775 466 in
812 397 1013 468 terris
1061 396 1271 487 ligata
1304 408 1422 464 aut
1462 396 1684 466 soluta
1731 395 2048 477 fuissent,
2083 396 2155 481 in
2205 396 2417 466 coelis
2457 397 2865 467 sententiam
2899 418 3067 466 con-

570 498 955 556 rmaturum
1020 485 1361 577 promisit.
1406 484 1591 554 Adde
1638 485 1824 573 quod
1881 485 2158 556 ‘vocanti
2205 485 2436 568 fratri,
2503 498 2568 555 et
2605 485 2692 555 ad
2745 484 3064 555 Messinm

516 576 947 663 sequendum
991 575 1308 644 invitanti
1348 574 1640 645 libenter
1689 574 2088 656 obediverit,
2127 585 2192 644 et
2247 575 2671 645 vocationem
2722 574 2914 644 illam
2966 596 3069 646 se-

562 687 762 745 uens,
819 665 907 734 ad
948 664 1288 734 Christum
1320 662 1601 744 venerit,
1644 676 1711 733 et
1743 664 2009 755 Cephae
2042 664 2599 755 appellationem,
2635 663 2819 734 velut
2843 662 3068 750 quod-

513 687 672 823 dam
726 776 892 824 suae
939 753 1010 821 in
1067 753 1297 844 ipsum
1379 752 1542 821 fidei
1610 752 1892 841 signum
1961 765 2165 841 atque
2226 753 2603 843 imaginem
2673 753 3061 844 acceperit:

514 842 842 930 quodque
888 864 967 911 ex
999 864 1078 912 eo
1128 855 1433 932 tempore
1501 853 1684 910 totus
1733 864 1772 910 a
1821 842 2144 931 Magistro
2192 864 2318 911 suo
2384 843 2683 932 pendere
2714 898 2729 924 ,
2798 856 2865 912 et
2910 842 3068 930 ejus

514 954 749 1001 amore
789 932 1266 1000 inflammatus
1291 952 1441 999 esse
1460 930 1760 1019 coeperit
1789 953 1804 997 :
1843 929 1931 1000 ob
1965 931 2174 1018 idque
2207 930 2719 1001 benevolentiae
2746 930 3061 1000 ardorem

512 1020 757 1091 multis
806 1021 875 1089 in
916 1022 1122 1091 rebus
1168 1043 1248 1089 ac
1284 1040 1487 1110 saepe
1544 1018 1745 1088 talem
1796 1019 2196 1101 ostenderit,
2252 1019 2529 1107 qualem
2582 1019 2822 1091 nullus
2884 1020 3067 1091 alius

513 1132 594 1180 ex
642 1108 1009 1200 discipulis
1043 1108 1456 1179 ostenderat.

601 1202 638 1287 ξ
690 1204 777 1271 2.
822 1203 1003 1269 Haec
1033 1199 1159 1266 etsi
1210 1208 1345 1266 tam
1399 1220 1505 1265 ma
1566 1219 1653 1266 na
1701 1207 1887 1277 sunt,
1940 1210 2016 1266 ut
2064 1197 2411 1266 humanas
2455 1196 2903 1288 cogitationes
2949 1218 3067 1266 ex-

512 1301 862 1378 superent,
901 1299 965 1356 et
1003 1286 1336 1359 orationis
1365 1285 1521 1356 sacu
1554 1300 1687 1355 tate
1720 1286 1983 1373 majora
2015 1286 2399 1368 videantur,
2448 1308 2580 1355 non
2635 1297 2863 1356 tamen
2902 1285 3065 1355 talia

512 1377 798 1446 omuino
855 1386 1040 1455 sunt,
1108 1388 1182 1444 ut
1228 1374 1492 1444 aditum
1549 1375 1747 1445 nobis
1794 1387 1859 1443 et
1908 1375 2088 1444 viam
2145 1375 2533 1445 obstruant.
2606 1375 2700 1445 Ad
2752 1387 3060 1444 nostram

511 1465 698 1535 enim
741 1487 963 1552 usque
1010 1462 1550 1533 imbecillitatem
1602 1477 1667 1533 et
1718 1463 2052 1532 humilem
2108 1477 2388 1554 captum
2456 1486 2526 1535 se
2573 1463 2871 1534 demittit
2914 1484 3067 1533 om-

513 1554 710 1623 nium
731 1552 1203 1643 Apostolorum
1243 1574 1587 1632 summus,
1621 1574 1753 1622 non
1788 1552 2013 1621 solum
2051 1567 2328 1644 propter
2356 1553 3055 1633 commiserationem,

510 1665 652 1730 qua
700 1664 861 1734 prae
908 1642 1194 1712 caeteris
1243 1663 1367 1710 nos
1416 1641 1735 1712 homines
1784 1642 2246 1731 prosequitur:
2300 1641 2416 1711 sed
2458 1643 2663 1712 etiam
2713 1642 2897 1729 quod
2933 1648 3068 1710 Ma-

512 1732 805 1821 gistrum
859 1753 1062 1800 suum
1117 1730 1448 1812 imitatur,
1501 1731 1619 1818 qui
1671 1752 1832 1801 cum
1881 1751 2103 1816 usque
2144 1731 2228 1800 ad
2278 1732 2455 1801 servi
2502 1730 2794 1801 formam
2846 1752 2917 1800 se
2951 1731 3068 1799 de-

513 1820 802 1903 miserit,
856 1842 934 1889 eo
966 1820 1116 1910 ipso
1150 1819 1533 1921 discipulos
1567 1842 1731 1889 suos
1769 1819 2065 1899 edocuit,
2116 1840 2251 1889 non
2286 1820 2522 1900 elat08‚
2562 1820 2678 1891 sed
2718 1819 3061 1890 modestos

512 1932 707 1991 esse,
770 1922 1044 1979 etcum
1095 1909 1483 1978 humilibus
1559 1909 1907 1979 submisse
1954 1921 2159 1995 atque
2230 1908 2587 1979 humiliter
2652 1930 2725 1977 se
2799 1930 3056 1998 gerere.

511 1998 771 2069 Hilaris
814 1997 1097 2085 quidem
1134 1998 1281 2068 dies
1330 1997 1444 2065 ille
1491 1996 1708 2067 festus
1746 2009 1869 2077 est,
1930 2010 1996 2066 et
2046 1997 2263 2067 multo
2312 1998 2542 2068 Sancti
2593 1997 2892 2088 Spiritus
2951 1996 3061 2065 lu-

510 2087 699 2157 mine
747 2087 1063 2167 illustriS,
1116 2088 1239 2174 qui
1285 2087 1436 2176 ejus
1484 2086 1892 2175 martyrium
1946 2085 2146 2155 nobis
2197 2099 2692 2176 repraesentat,
2751 2086 2879 2156 hoc
2932 2096 3057 2166 est,

509 2197 787 2247 crucem
822 2176 1053 2257 fixam,
1097 2189 1163 2245 et
1192 2175 1588 2265 Apostolum
1625 2188 1941 2266 prompto
1982 2175 2215 2245 animo
2255 2174 2338 2244 ad
2367 2197 2516 2243 eam
2545 2174 3057 2256 ascendentem,

513 2286 765 2337 manus
826 2263 911 2333 ad
968 2265 1430 2333 extensionem
1473 2263 1653 2334 ultro
1702 2286 2042 2355 expansas
2075 2318 2090 2344 ‚
2143 2278 2209 2333 et
2273 2265 2668 2334 Dominicae
2717 2264 3060 2353 passionis

510 2353 887 2442 imaginem
928 2374 1088 2442 prae
1137 2375 1207 2423 se
1232 2351 1550 2434 ferentes,
1586 2355 1881 2443 figuram
1915 2352 2386 2423 crucifixionis
2435 2374 2568 2423 non
2622 2364 2903 2434 rectam,
2942 2352 3062 2420 sed

511 2442 736 2533 capite
783 2441 851 2511 in
893 2454 1140 2511 terram
1192 2441 1548 2512 devoluto:
1603 2464 1780 2530 quae
1828 2464 1937 2513 res
1991 2442 2143 2534 ejus
2184 2443 2253 2512 in
2292 2442 2695 2534 Magistrum
2748 2462 3061 2512 reveren·

511 2531 674 2601 tiam
728 2531 1183 2621 significavit,
1255 2554 1413 2602 cum
1468 2553 1741 2623 semper
1786 2553 2108 2602 summus
2158 2532 2277 2602 ille
2325 2532 2687 2623 Apostolus
2739 2531 3062 2621 Magistro

510 2641 639 2693 suo
687 2621 1135 2690 reverentiam
1184 2633 1249 2690 et
1298 2621 1601 2712 primas,
1671 2633 1749 2691 ut
1808 2642 1934 2712 par
1979 2631 2146 2696 erat,
2200 2622 2659 2692 concesserit.
2722 2640 3062 2705 suamque

514 2708 974 2779 humilitatem
1026 2709 1219 2779 illius
1264 2710 1555 2780 celsitati
1602 2709 2016 2800 subjecerit,
2089 2721 2295 2798 atque
2352 2733 2433 2780 eo
2496 2709 2700 2779 modo
2769 2708 3063 2778 humilia

514 2798 740 2886 magis
771 2810 836 2868 et
864 2797 1125 2877 infima,
1165 2820 1374 2885 quam
1411 2820 1686 2868 summa
1714 2808 1779 2868 et
1804 2798 2130 2867 sublimia
2166 2800 2523 2888 optaverit.
2575 2797 2803 2869 Nihilo
2832 2810 3061 2866 autem

510 2885 643 2956 hac
700 2886 852 2976 ipsa
900 2886 1245 2956 hilaritate
1275 2886 1559 2957 inferior
1586 2900 1690 2957 est
1738 2887 2071 2957 hodierna
2119 2888 2526 2959 celebritas:
2579 2886 2841 2977 quippe
2887 2905 3064 2979 quae

507 2995 747 3043 eorum
800 2998 1050 3045 causas
1085 2987 1611 3067 praemonstrat,
1665 2998 1844 3063 quae
1885 2989 2228 3066 postremo
2259 2977 2620 3068 Apostolus
2651 2996 2900 3066 passus
2931 2987 3054 3054 est,

509 3075 576 3132 et
624 3086 760 3133 non
814 3065 1072 3144 minus,
1101 3086 1309 3151 quam
1351 3065 1581 3135 crucis
1619 3065 1926 3147 elevati0,
1958 3087 2060 3146 ea,
2135 3088 2263 3136 uae
2294 3077 2494 3136 antea
2539 3086 2786 3155 passus
2811 3063 3060 3141 fuerat,

509 3152 682 3222 haec
714 3152 1016 3235 indicat;
1067 3175 1283 3241 quare
1328 3166 1393 3223 et
1439 3176 1608 3223 crux
1664 3154 1816 3244 ipsa
1855 3156 2075 3256 jucun
2135 3155 2236 3224 ior
2284 3155 2384 3224 illi
2433 3154 2588 3237 fuit,
2642 3165 2848 3240 atque
2902 3172 3059 3220 cae-—

512 3242 677 3312 teris
722 3243 1051 3313 omnibus
1100 3243 1308 3313 rebus
1353 3242 1744 3332 optabilior.
1797 3248 1923 3313 Hic
1970 3243 2158 3312 enim
2215 3242 2364 3313 dies
2424 3241 2849 3312 venerandas
2910 3240 3063 3330 ejus

511 3345 791 3401 catenas
821 3331 1219 3402 manifestas
1236 3332 1555 3413 ostendit,
1586 3346 1651 3401 et
1675 3355 1914 3402 earum
1940 3331 2408 3402 adorationem
2437 3330 2777 3426 proponit,
2802 3330 3062 3417 quibus

508 3420 875 3520 Apostolus
923 3421 1071 3511 ipse
1108 3421 1491 3498 devinctus,
1529 3421 1951 3513 multiplices
1988 3422 2162 3510 eJUS,
2214 3421 2335 3508 qui
2383 3434 2488 3491 est
2534 3419 2878 3489 malorum
2909 3438 3060 3487 om-

511 3531 710 3578 nium
745 3510 962 3600 orig0,
1018 3510 1236 3579 nodos
1284 3532 1365 3579 ac
1400 3511 1760 3580 machinas
1803 3510 2118 3580 dissolvit
2154 3564 2169 3591 ,
2236 3523 2301 3579 et
2339 3532 2517 3597 quos
2574 3507 2899 3578 diabolus
2946 3506 3066 3576 ad-

510 3597 785 3668 strictos
836 3599 1131 3679 tenebat,
1178 3620 1295 3668 eos
1323 3612 1593 3690 ereptos
1640 3621 1679 3669 a
1731 3614 1949 3669 morte
1980 3600 2419 3688 sempiterna
2460 3598 2797 3668 liberavit.

600 3688 636 3773 ἓ
682 3691 775 3759 8.
830 3692 1012 3757 Haec
1046 3710 1166 3778 pro
1199 3688 1334 3757 diei
1367 3687 1519 3757 festi
1551 3703 1964 3779 argumento
1996 3689 2349 3770 habentes,
2387 3709 2550 3759 cum
2592 3684 3066 3757 crucifixionis

506 3797 791 3847 causam
843 3776 954 3846 his
1016 3777 1223 3846 rebus
1283 3776 1718 3847 conciliatam
1786 3777 2001 3848 fuisse
2070 3799 2149 3847 co
2207 3798 2616 3858 noscamus,
2679 3773 2861 3844 etin
2920 3794 3063 3843 uno

507 3865 888 3952 eodemque
919 3865 1234 3956 Apostolo
1270 3879 1407 3936 tam
1459 3865 1650 3946 haec,
1715 3888 1926 3953 quam
1977 3865 2092 3936 illa
2173 3879 2324 3936 acta
2369 3881 2434 3935 et
2480 3865 2852 3954 conjuncta
2899 3882 3063 3931 con-

510 3953 952 4044 templemur,
1004 3956 1093 4025 ob
1130 3954 1200 4024 id
1254 3967 1684 4046 praesentem
1731 3955 2194 4025 celebritatem
2246 3977 2286 4025 a
2344 3975 2539 4026 sacro
2589 3951 2902 4042 martyrii
2952 3950 3064 4018 die

512 4041 812 4112 alienam
849 4064 985 4113 non
1017 4044 1600 4114 existimabimus.
1654 4049 1893 4131 Itaque
1925 4067 2006 4113 ex
2053 4057 2346 4130 utraque
2401 4066 2474 4113 re
2518 4061 2736 4113 unam
2785 4060 3067 4129 compo-

426 4209 431 4218 ,
509 4145 774 4211 nentes,
813 4133 1144 4203 orationis
1194 4132 1524 4203 laudibus
1563 4146 1627 4203 et
1668 4133 1830 4202 fidei
1878 4133 2147 4213 ardore,
2199 4154 2412 4219 quam
2465 4132 2765 4200 maxime
2815 4149 3066 4219 possu-

420 4235 426 4248 ·
512 4239 694 4300 muS,
753 4220 1085 4292 hodierno
1133 4220 1245 4291 die
1278 4222 1742 4293 celebritatem
1807 4223 2032 4313 ipsam
2107 4222 2583 4302 illustremuS,
2646 4240 2796 4289 eam
2853 4239 2938 4287 ue
2991 4228 3070 4286 ut

507 4309 703 4378 omni
749 4331 829 4379 ex
862 4323 1050 4401 parte
1098 4310 1444 4403 insignem
1478 4325 1543 4382 et
1589 4333 1885 4396 sacram,
1921 4323 2126 4398 atque
2157 4310 2483 4380 universo
2519 4306 2781 4379 mundo
2855 4327 3061 4375 umen

507 4398 1019 4483 conciliantem,
1073 4411 1140 4473 et
1187 4401 1304 4471 Dei
1336 4401 1753 4472 voluntatem
1806 4400 1878 4471 in
1928 4398 2245 4492 Apostolo
2279 4421 2407 4470 suo
2453 4396 2844 4469 decorando
2904 4416 3067 4487 prae
