3308 5004
717 331 846 397 736
1213 347 1281 395 m
1330 346 1524 396 πετο
1571 347 1910 397 nacotmr.
1962 347 2019 394 s.
2070 346 2300 395 somn.
2354 346 2535 394 aur.
2852 327 3055 397 Aue.
3104 329 3177 396 29

715 436 752 521 ἓ
798 437 941 506 14.
987 432 1108 501 His
1156 431 1255 501 sic
1305 432 1540 522 gestiS,
1594 445 1791 522 pater
1849 430 2132 520 quidem
2197 432 2422 501 vivam
2471 429 2689 501 filiam
2737 430 3042 502 domum
3090 454 3184 502 re-

632 522 878 604 ducit,
931 532 996 590 et
1059 520 1388 610 lacrymis
1435 520 1643 591 simul
1694 533 1761 591 et
1806 520 2064 612 gaudio
2113 519 2396 610 plenuS,
2446 534 2515 590 et
2559 519 3088 603 admirabilem,
3132 533 3189 590 et

626 631 804 697 quae
853 622 1121 700 praeter
1166 608 1564 701 opinionem
1615 610 1986 692 acciderat,
2042 609 2227 679 filiae
2261 631 2553 680 narrans
2602 609 3181 699 redemptionem.

628 699 757 781 Qui
788 712 1020 768 autem
1068 698 1624 769 circumsistebat
1687 698 2029 789 populus,
2085 698 2347 789 insigni
2396 697 2735 769 miraculo
2779 699 3187 789 obstupefa-

627 800 802 867 ctus,
841 788 1153 878 ingentes
1204 793 1336 857 Deo
1384 787 1628 878 agebat
1658 787 1940 878 gratias.
1983 790 2125 865 Quo
2164 786 2418 856 factum
2450 801 2577 869 est,
2620 800 2698 857 ut
2743 787 3186 858 Praecursori

633 876 964 965 templum
1018 874 1162 945 illic
1199 889 1700 957 construerent,
1738 876 1861 946 ubi
1893 876 2151 945 factum
2187 875 2409 944 fuerat
2443 874 2894 945 miraculum.
2938 881 3023 946 In
3060 898 3185 965 quo

627 988 787 1035 cum
824 965 1013 1034 hunc
1063 986 1340 1035 sacrum
1389 978 1455 1034 et
1490 965 1866 1036 mirificum
1900 965 2197 1055 digitum
2234 963 2740 1055 deposuissent,
2776 986 2951 1035 eum
3002 965 3181 1036 festis

629 1055 970 1123 honorant
1001 1053 1515 1136 anniversariiS,
1545 1052 1991 1134 miraculum,
2027 1053 2208 1140 quod
2247 1052 2504 1123 factum
2541 1052 2786 1135 fuerat,
2844 1075 2979 1143 per
3003 1076 3181 1124 com-

617 1142 1195 1213 memorationem
1270 1143 1810 1213 transmittentes
1870 1141 1958 1212 ad
2011 1156 2340 1232 posteros.
2396 1142 2659 1212 Dicitur
2715 1142 2933 1212 etiam
2997 1142 3175 1213 aliud

627 1252 901 1318 quoque
963 1232 1218 1301 mirum
1271 1231 1401 1301 tale
1449 1231 1598 1301 fieri
1639 1232 1695 1301 si
1752 1254 1963 1301 num:
2018 1231 2242 1322 Hujus
2290 1229 2553 1321 scilicet
2600 1243 2881 1301 sanctae
2936 1254 3175 1302 manus

628 1319 1003 1406 aliquando
1049 1319 1328 1407 quidem
1371 1320 1661 1403 extendi,
1692 1255 1969 1421 digitos,
2001 1319 2378 1408 aliquando
2416 1342 2578 1412 vero
2624 1320 2978 1391 contrahi:
3017 1343 3177 1409 quo-

632 1410 1235 1510 rum-extensione
1279 1408 1560 1511 quidem
1626 1407 2009 1509 significari
2070 1408 2485 1479 fertilitatem
2553 1407 2913 1480 fructuum
2949 1464 2968 1491 ,
3020 1432 3174 1481 con-

633 1510 961 1566 tractione
1008 1510 1263 1577 autem,
1320 1520 1625 1588 inopiam
1663 1509 1728 1567 et
1763 1520 2151 1589 penuriam.

715 1588 751 1673 ξ
797 1593 942 1658 15.
988 1591 1152 1655 Cum
1204 1599 1431 1657 autem
1484 1586 1730 1668 multi,
1793 1588 1916 1673 qui
1961 1600 2118 1656 ante
2168 1608 2293 1656 nos
2340 1586 2662 1668 fuerunt,
2716 1591 3166 1676 Imperatores

629 1675 807 1743 lianc
858 1696 1141 1744 manum
1192 1674 1699 1746 desiderassent
1752 1675 1996 1763 quovis
2047 1675 2248 1745 modo
2297 1674 2689 1767 possidere,
2755 1697 2887 1745 nec
2928 1678 3162 1755 sinere,

628 1776 705 1833 ut
754 1776 1019 1833 tantum
1069 1764 1329 1834 honum
1391 1775 1695 1834 maneret
1742 1764 1926 1854 apud
1980 1765 2311 1834 barbaras
2385 1776 2667 1855 genteS,
2719 1786 2905 1851 quae
2956 1778 3163 1856 partes

586 1852 784 1935 villas
816 1865 1259 1942 occuparant,
1314 1854 1704 1941 captivum:
1759 1853 2143 1943 augebatur
2188 1852 2507 1942 quidem,
2563 1876 2644 1922 ac
2694 1852 2974 1944 vigebat
3031 1853 3163 1941 ejus

631 1941 723 2009 rei
773 1939 1233 2011 desiderium:
1289 1940 1405 2011 sed
1459 1942 1731 2023 modus,
1769 1964 1905 2029 quo
1956 1943 2020 2012 id
2068 1941 2518 2043 possiderent,
2574 1940 2767 2012 nullo
2820 1943 3026 2013 modo
3064 1944 3155 2011 in-

631 2029 845 2097 veniri
878 2042 1157 2119 poterat.
1195 2035 1272 2099 Et
1299 2051 1458 2099 cum
1490 2031 1590 2099 eis
1614 2030 1990 2121 aliquando
2021 2054 2245 2102 visum
2277 2043 2478 2112 esset,
2511 2030 2741 2101 dando
2773 2033 3150 2122 pecuniam,

629 2117 831 2187 talem
881 2140 1285 2206 comparare
1334 2119 1761 2200 thesaurum,
1818 2121 2071 2202 aerem,
2126 2133 2202 2190 ut
2232 2132 2335 2190 est
2384 2121 2452 2189 iii
2494 2120 2879 2207 proverbio,
2920 2117 3152 2211 pugnis

626 2206 973 2276 caedebat.
1014 2207 1537 2280 Desiderabatur
1568 2230 1731 2298 ergo
1769 2211 1858 2278 ab
1884 2208 2260 2279 homnibus
2290 2232 2330 2278 a
2356 2209 2616 2296 quibus
2648 2231 2899 2287 nomen
2926 2206 3153 2278 Christi

627 2309 729 2365 est
768 2296 1200 2365 invocatum:
1244 2310 1309 2366 et
1340 2300 1767 2383 quicumque
1815 2298 1882 2365 in
1934 2298 2085 2385 ejus
2135 2298 2229 2367 rei
2281 2300 2682 2368 versabatur
2728 2299 3140 2388 cogitatione,

634 2391 841 2454 Deum
894 2385 1178 2474 rogabat
1207 2386 1579 2475 gemitibus
1613 2385 2222 2469 inenarrabilibus,
2255 2399 2332 2456 ut
2360 2387 2680 2477 benignis
2709 2387 2925 2457 oculis
2954 2405 3143 2456 suum

628 2471 1011 2564 adspiceret
1060 2474 1422 2564 populum,
1494 2486 1558 2546 et
1605 2476 1756 2564 ejus
1802 2495 1964 2545 eum
2011 2474 2312 2546 efficeret
2383 2497 2849 2568 possessorem
2899 2486 2955 2544 et
2996 2491 3138 2560 spe-

628 2575 978 2650 ctatorem.
1033 2564 1373 2645 Quoniam
1409 2576 1637 2633 autem
1675 2564 1951 2634 divinae
2000 2564 2472 2655 providentiae
2503 2578 2668 2636 sunt
2715 2565 2923 2636 omnia
2954 2580 3126 2648 prae-

631 2651 846 2731 finita,
900 2652 963 2720 ei
1010 2652 1129 2739 qui
1178 2653 1413 2722 omnia
1464 2653 1827 2742 praescivit
1874 2665 2032 2723 ante
2083 2654 2425 2724 mundum
2474 2653 2866 2732 conditum,
2921 2645 3130 2746 desp}-

629 2741 836 2810 cienti
875 2753 1182 2830 tempora
1232 2754 1501 2811 nostrae
1553 2742 1979 2825 inscientiae,
2048 2742 2310 2834 placuit
2358 2765 2478 2832 per
2538 2743 2790 2816 multas
2828 2760 2981 2810 suas
3014 2757 3136 2804 ini-

629 2830 1028 2910 serationes,
1066 2831 1236 2899 utin
1267 2830 1395 2899 hac
1431 2850 1707 2919 quoque
1737 2830 2177 2922 generatione
2211 2832 2627 2903 revelaretur
2659 2833 2787 2903 hoc
2836 2845 3138 2919 magnum

628 2931 692 2988 et
732 2918 1005 3009 insigne
1055 2918 1469 2989 miraculum
1499 2974 1514 3000 ,
1568 2919 1636 2989 in
1687 2942 1828 3006 qua
1889 2919 2379 2990 Constantinus
2432 2925 2515 2991 Vl
2563 2934 2630 2992 et
2675 2927 3017 2992 Romanus
3062 2918 3136 3015 [12

625 3008 744 3092 qui
794 3007 989 3097 digni
1039 3020 1203 3076 sunt
1237 3009 1509 3099 magnis
1544 3007 1908 3090 laudibuS‚
1961 3011 2050 3080 ab
2101 3009 2251 3098 ipso
2296 3025 2455 3079 ortu
2514 3009 2884 3101 purpureis
2937 3006 3138 3076 fasciis

628 3096 940 3175 involuti,
996 3097 1321 3197 regebant
1388 3097 1694 3166 habenas
1767 3098 2071 3187 Imperii.
2125 3098 2198 3168 Id
2251 3110 2483 3169 autem
2531 3110 2633 3168 est
2665 3154 2680 3177 ‚
2747 3092 3140 3168 venerandae

521 3229 526 3236 -
629 3189 1101 3254 Praecursoris
1137 3206 1385 3255 manus
1432 3187 1831 3276 exportatiO,
1871 3199 1937 3256 et
1985 3187 2321 3257 revocatio
2365 3187 2569 3277 (anno
2614 3189 2799 3276 956).

716 3275 752 3359 ξ
799 3278 950 3343 16.
1006 3274 1247 3343 Modus
1293 3285 1522 3344 autem
1557 3274 2032 3358 revocationis,
2076 3288 2178 3345 est
2203 3276 2401 3345 valde
2434 3275 2775 3347 mirabilis
2798 3289 2872 3347 et
2920 3281 3153 3367 praeter

628 3361 1050 3450 opinionem.
1105 3368 1270 3432 Nam
1322 3363 1426 3431 vir
1455 3363 1783 3449 quidam,
1837 3365 1960 3452 qui
2022 3378 2169 3435 erat
2215 3365 2473 3435 relatus
2522 3366 2592 3434 in
2642 3379 2902 3435 sortem
2948 3364 3157 3433 diaco-

632 3471 877 3519 norum
927 3451 1322 3520 Antiochiae
1366 3451 1687 3535 civitatis,
1737 3454 1868 3523 Job
1918 3454 2240 3535 nomine,
2298 3475 2596 3544 superne
2654 3453 3061 3545 inspiratus,
3104 3458 3163 3519 et

629 3538 863 3608 divino
922 3539 1065 3609 zelo
1114 3540 1439 3629 repletus,
1495 3541 1682 3632 apud
1734 3563 1806 3613 se
1860 3541 2226 3635 cogitabat,
2283 3555 2510 3634 posset
2558 3565 2642 3612 ne
2704 3537 3164 3615 Praecursoris

630 3627 1010 3697 suffuratus
1060 3633 1437 3712 Dexteram‚
1469 3651 1619 3700 eam
1674 3631 1934 3702 donum
1970 3632 2439 3702 desideratum
2468 3630 2573 3702 lar
2624 3632 2709 3701 iri
2744 3631 3162 3703 Christianis:

627 3732 832 3804 atque
879 3717 1050 3788 adeo
1096 3717 1180 3788 ad
1213 3718 1417 3788 talem
1469 3721 1804 3821 processit
1848 3721 2367 3811 experientiam.
2412 3721 2578 3791 Pulc
2635 3743 2789 3792 rum
2842 3719 3166 3811 templum

626 3817 691 3874 et
738 3806 1084 3906 excelsum
1137 3808 1268 3879 sub
1308 3829 1579 3878 nomine
1621 3810 1799 3878 Petri
1839 3809 2317 3896 Apostolorum
2368 3810 2708 3900 principis
2748 3811 3052 3900 positum
3080 3816 3170 3877 est

627 3895 697 3962 in
748 3915 831 3964 ea
877 3895 1170 3965 civitate.
1210 3900 1287 3965 ln
1342 3897 1556 3984 hujus
1603 3897 1943 3968 vestibulo
2000 3921 2159 3969 cum
2222 3920 2419 3968 suam
2490 3899 2551 3970 is
2597 3898 2869 3969 fecisset
2915 3896 3173 3968 habita·

631 3983 908 4060 tionem,
959 4006 1118 4053 cum
1168 4007 1549 4068 sacrorum,
1602 4007 1780 4073 quae
1828 3985 1969 4074 illic
2016 3999 2244 4069 erant,
2297 4008 2619 4058 vasorum
2679 3987 2966 4058 custode
3028 3982 3171 4056 iniit

628 4072 1033 4153 amicitiam,
1067 4085 1143 4143 ut
1179 4095 1258 4144 ea
1291 4074 1376 4143 de
1400 4097 1608 4146 causa
1645 4086 1934 4146 tentaret
1979 4098 2139 4146 cum
2168 4076 2319 4166 ipso
2358 4088 2497 4147 tota
2530 4089 2728 4147 nocte
2752 4074 3172 4147 venerandae

633 4183 884 4231 manus
917 4162 1226 4233 assidere
1261 4162 1510 4234 loculo.
1564 4169 1933 4265 Postquam
1987 4176 2215 4235 autem
2267 4165 2578 4255 petitioni
2640 4187 2774 4236 non
2823 4161 3172 4236 annuitis

628 4249 744 4318 cui
776 4250 1037 4350 credita
1081 4250 1305 4351 fuerat
1341 4252 1680 4336 custodia,
1734 4251 2170 4344 inopinatum
2220 4253 2391 4341 quid
2440 4250 2777 4346 cogitanS,
2828 4253 2917 4325 ad
2970 4254 3169 4326 aliam

628 4350 869 4436 transit
905 4338 1510 4411 machinationem.
1566 4346 1734 4412 Cum
1785 4355 2192 4434 sumptuosa
2223 4354 2291 4413 et
2328 4341 2518 4414 lauta
2565 4346 2810 4416 mensa
2852 4365 3019 4414 eum
3061 4362 3168 4414 ex·

631 4424 1013 4509 hilarasset,
1068 4441 1133 4498 et
1180 4429 1399 4501 amice
1444 4452 1604 4502 euin
1647 4431 1735 4503 ad
1783 4431 2569 4516 bibenduminvitand0‚
2608 4432 2697 4505 ad
2748 4431 3164 4523 profundum
