3308 5004
194 321 385 387 AUG.
438 321 526 387 20
874 338 951 385 na
998 336 1053 386 s.
1108 337 1440 386 naamam
1486 337 1630 384 Anu.
1686 333 2074 386 emanant..
2533 322 2653 388 44⁴

196 424 608 495 dormientis
656 423 909 511 injecta
938 436 1041 492 est
1087 422 1453 493 lasciviens
1503 422 1755 511 puella.
1801 428 2020 506 Quam
2072 422 2186 493 ille
2219 425 2547 506 sentienS,
2586 445 2748 496 cum

196 513 395 584 omni
434 535 603 603 pace
641 526 706 583 et
740 512 1012 582 silentio
1052 524 1311 603 partem
1346 511 1409 581 ei
1456 510 1715 593 lectuli,
1761 533 1971 599 quam
2004 526 2478 603 occupaverat,
2515 514 2743 595 cessit,

193 615 262 672 et
297 602 365 671 in
420 601 601 672 latus
641 601 934 671 alterum
967 622 1039 672 se
1085 601 1439 682 convertit,
1475 612 1680 688 atque
1726 600 2073 670 dormivit.
2129 602 2372 673 Misera
2419 625 2576 673 vero
2624 602 2747 673 illa

193 691 637 779 aliquamdiu
686 691 933 782 jacuit,
980 691 1329 760 sustinens
1376 701 1442 759 et
1486 700 1877 780 expectanS,
1920 702 1986 759 et
2045 689 2296 760 deinde
2346 692 2637 782 palpans
2684 702 2751 763 et

195 779 592 862 stimulans,
651 779 929 849 demum
995 780 1199 848 etiam
1251 779 1610 870 unguibus
1661 799 1821 848 eum
1864 777 2176 848 lacerans
2233 791 2298 849 et
2343 793 2740 851 cruentans.

195 869 574 939 Novissime
622 891 779 939 cum
832 868 1213 938 immobilis
1246 868 1362 938 ille
1396 867 1814 969 persisteret,
1871 867 2022 950 illa,
2078 867 2236 937 licet
2283 869 2747 958 impudentis-

199 960 377 1029 sima
413 969 612 1039 esset,
653 957 952 1037 erubuit,
987 969 1051 1026 et
1082 958 1360 1027 horrore
1393 957 1654 1046 ingenti
1696 968 1901 1043 atque
1940 955 2395 1027 admiratione
2432 958 2733 1049 perfusa,

196 1047 434 1118 relicto
465 1069 568 1128 e0,
613 1068 907 1136 surgens
938 1046 1229 1137 aufugit.
1286 1045 1581 1135 Contigit
1628 1045 1837 1127 item,
1892 1058 1969 1115 ut
2015 1068 2175 1115 cum
2226 1046 2433 1116 sociis
2480 1046 2744 1136 aliquot

194 1135 384 1225 apud
432 1149 816 1205 matronam
889 1134 1192 1222 aliquam
1267 1134 1658 1205 Bernardus
1720 1134 2206 1225 hospitaretur.
2288 1136 2745 1207 considerans

194 1238 422 1294 autem
478 1224 729 1294 mulier
761 1223 1260 1293 adolescentem
1310 1223 1636 1293 decorum
1688 1223 2044 1314 adspectu,
2104 1235 2304 1314 capta
2349 1236 2452 1294 est
2499 1225 2744 1313 laqueo

193 1313 557 1383 oculorum
609 1334 921 1393 suorum,
974 1324 1039 1382 et
1081 1313 1151 1381 in
1206 1313 1837 1403 concupiscentiam
1873 1312 2024 1403 ejus
2071 1314 2344 1382 exarsit.
2408 1318 2738 1401 Cumque,

194 1415 547 1490 tamquam
588 1401 1008 1471 honoratiori
1057 1403 1398 1482 omnium,
1436 1423 1744 1472 seorsum
1783 1401 2052 1472 fecisset
2081 1401 2143 1470 ei
2176 1401 2505 1472 lectulum
2545 1423 2745 1494 prae-

194 1491 452 1582 parari,
507 1512 803 1581 surgens
872 1491 1019 1581 ipsa
1095 1489 1181 1560 de
1240 1502 1482 1572 nocte,
1557 1489 1998 1591 impudenter
2061 1491 2347 1560 accessit
2414 1491 2738 1562 adeum.

194 1585 414 1662 Quam
470 1579 860 1650 Bernardus
909 1579 1237 1660 sentiens,
1309 1601 1431 1648 nec
1485 1579 1759 1649 consilii
1821 1580 2058 1670 inops,
2122 1579 2424 1649 clamare
2469 1581 2738 1666 coepit:

194 1673 545 1750 Latrones,
597 1668 918 1737 latrones.
973 1670 1065 1737 Ad
1114 1689 1324 1755 quam
1358 1689 1589 1737 vocem
1641 1668 1820 1758 sugit
1874 1667 2149 1749 mulier,
2205 1668 2468 1739 familia
2515 1669 2744 1740 omnis

192 1757 487 1847 exurgit,
528 1758 812 1827 lucerna
843 1757 1267 1837 accenditur,
1324 1756 1495 1827 latro
1536 1759 1915 1845 quaeritur,
1971 1756 2089 1826 sed
2145 1758 2431 1827 minime
2477 1757 2744 1828 inveni-

194 1863 331 1916 tur.
365 1846 455 1915 Ad
496 1845 786 1915 lectulos
822 1845 1080 1936 singuli
1129 1846 1442 1926 redeunt,
1496 1859 1562 1915 et
1624 1846 1700 1915 fit
1752 1845 2130 1927 silentium,
2189 1845 2366 1915 fiunt
2426 1847 2745 1917 tenebrae

193 1936 378 2004 sicut
407 1935 637 2025 prius:
685 1948 980 2025 pausant
1020 1936 1290 2015 caeteri,
1338 1934 1454 2004 sed
1493 1956 1626 2003 non
1665 1934 1784 2004 illa
1820 1935 2069 2005 misera
2111 1955 2180 2004 re
2232 1936 2498 2005 uiescit.
2530 1941 2746 2006 Exur-

192 2024 292 2114 git
320 2023 574 2104 denuo,
629 2036 694 2092 et
741 2024 1067 2094 Rernardi
1113 2024 1440 2093 lectulum
1487 2023 1693 2114 petit:
1737 2023 1853 2092 sed
1905 2023 2133 2093 denuo
2164 2022 2209 2092 il
2244 2046 2280 2093 e
2330 2024 2732 2113 proclamat:

193 2117 541 2193 Latrones,
592 2112 916 2183 latrones.
970 2113 1338 2196 Quaeritur
1383 2112 1630 2183 iterum
1683 2112 1892 2194 latro,
1947 2110 2106 2182 latet
2160 2113 2435 2194 iterum,
2485 2135 2610 2184 nec
2659 2114 2747 2184 ab

191 2223 296 2284 eo,
347 2203 469 2289 qui
500 2201 691 2271 solus
743 2215 1041 2282 noverat,
1099 2201 1516 2292 publicatur.
1581 2207 1808 2289 Usque
1874 2202 2071 2272 tertio
2127 2200 2441 2293 improba
2491 2201 2747 2272 mulier

198 2291 298 2359 sic
329 2290 629 2381 repulsa,
671 2290 777 2360 vix
827 2290 1127 2371 tandem,
1181 2290 1321 2360 sive
1362 2301 1570 2371 metu,
1625 2290 1766 2360 sive
1813 2290 2289 2381 desperatione
2337 2291 2538 2372 victa,
2595 2315 2745 2362 ces-

197 2378 389 2448 savit.
430 2384 596 2450 Cum
647 2391 874 2449 autem
918 2380 1029 2449 die
1069 2379 1377 2468 sequenti
1413 2380 1539 2449 iter
1568 2391 1868 2470 agerent,
1906 2390 2274 2471 arguentes
2310 2381 2738 2449 Bernardum

195 2468 388 2549 socii,
426 2490 716 2540 curnam
769 2469 967 2539 toties
993 2490 1132 2539 una
1173 2490 1334 2538 voce
1370 2467 1669 2539 latrones
1701 2469 2165 2549 somniaverit,
2219 2469 2736 2560 perquirebant.

192 2558 464 2641 Quibus
512 2558 669 2627 ille:
723 2558 1157 2637 «veraciter,
1223 2559 1467 2649 inquit,
1522 2557 1692 2627 latro
1743 2557 2023 2628 aderat:
2098 2559 2264 2646 quia
2324 2558 2511 2646 quod
2572 2558 2743 2628 mihi

193 2647 563 2737 pretiosius
594 2659 696 2717 est
735 2648 803 2716 in
843 2648 970 2717 hac
1027 2647 1182 2728 vita,
1245 2647 1622 2718 castitatem
1665 2646 2016 2728 videlicet,
2071 2647 2340 2737 hospita
2399 2647 2746 2717 nitebatur

191 2736 367 2896 ωἰὸὴὶ
414 2735 706 2817 auferre,
763 2734 1282 2827 irreparabilem
1333 2736 1571 2823 utique
1625 2735 2070 2817 thesaurum,
2127 2749 2332 2824 atque
2388 2737 2744 2827 incompa-

189 2846 265 2893 ra
321 2847 557 2894 iem.»

276 2916 315 3001 ξ
360 2918 437 2985 ¹2.
514 2919 699 2983 Inter
744 2914 915 2985 haec
972 2925 1198 2984 tamen
1275 2914 1585 3005 cogitans
1631 2924 1698 2982 et
1747 2911 2178 3003 perpendens
2208 2965 2227 2991 ‚
2299 2913 2482 3000 quod
2537 2912 2743 3004 vulgo

190 3001 469 3083 dicitur,
524 3007 666 3072 Non
718 3016 822 3073 est
867 3014 1092 3074 tutum
1137 3002 1263 3072 diu
1315 3002 1710 3072 cohabitare
1758 3000 2083 3091 serpenti,
2136 2999 2373 3091 fugam
2426 3000 2743 3070 meditari

190 3091 437 3192 coepit.
474 3091 757 3162 Videbat
812 3093 997 3161 enim
1062 3090 1405 3161 mundum
1466 3091 1677 3160 istum
1730 3102 1795 3160 et
1825 3090 2208 3181 principem
2244 3089 2396 3179 eJus
2443 3091 2744 3161 exterius

191 3180 327 3249 sibi
368 3179 585 3250 multa
630 3180 1052 3261 offerentem,
1110 3178 1329 3249 multa
1369 3180 1903 3269 promittentem,
1941 3190 2006 3248 et
2060 3199 2350 3268 magnas
2396 3198 2529 3259 res,
2586 3201 2746 3270 spes

190 3269 512 3358 majoreS‚
560 3268 676 3340 sed
728 3268 1006 3339 fallaces
1059 3288 1301 3337 omnes
1335 3321 1350 3349 ‚
1411 3281 1478 3338 et
1523 3268 1855 3337 vanitates
1913 3267 2336 3338 vanitatum:
2390 3268 2741 3338 veritatem

192 3378 350 3427 vero
398 3358 619 3448 ipsam
670 3358 990 3427 interitus
1018 3357 1279 3447 jugiter
1339 3356 1667 3427 audiebat
1717 3355 2156 3438 clamantem,
2220 3365 2287 3425 et
2344 3356 2740 3426 dicentem:

199 3448 424 3516 Venite
455 3447 547 3516 ad
576 3468 682 3517 me
711 3469 954 3525 omnes,
998 3448 1122 3538 qui
1150 3447 1472 3517 laboratis
1504 3456 1567 3516 et
1614 3447 1878 3515 onerati
1922 3447 2101 3527 estis,
2154 3456 2217 3515 et
2271 3467 2392 3537 eqo
2446 3446 2745 3536 reficiam

190 3558 303 3604 vos
330 3535 597 3624 (March.
636 3534 751 3625 xl).
783 3537 1017 3605 Tollite
1032 3536 1285 3636 jaqum
1315 3556 1537 3605 meum
1562 3556 1768 3626 super
1802 3557 1938 3615 υοε,
1977 3545 2039 3604 et
2070 3536 2421 3605 invenietis
2447 3538 2746 3638 requiem

192 3625 543 3693 animabus
573 3627 831 3694 vestris.
867 3623 1238 3694 Persectms
1268 3646 1423 3693 vero
1459 3622 1847 3711 relinquere
1889 3622 2303 3704 deliberans,
2358 3637 2585 3714 coepit
2633 3625 2746 3693 in-

191 3713 465 3800 quirere
515 3726 584 3782 et
637 3712 1070 3803 investigare,
1123 3713 1246 3783 ubi
1293 3713 1547 3783 certius
1612 3726 1677 3782 et
1725 3712 1973 3803 purius
2028 3711 2365 3782 inveniret
2431 3712 2742 3802 requiem

191 3801 462 3872 animae
524 3823 689 3873 suae
736 3803 869 3872 sub
906 3802 1080 3892 jugo
1128 3802 1399 3871 Christi.
1477 3800 1864 3888 Inquirenti
1929 3810 2185 3881 autem,
2249 3801 2497 3891 prima,
2566 3822 2745 3889 quae

191 3891 423 3962 animo
469 3891 621 3981 ejus
669 3888 1017 3971 insideret,
1068 3891 1372 3961 occurrit
1410 3889 1701 3960 Cistertii
1748 3888 1856 3979 (a)
1905 3888 2266 3958 innovatae
2323 3889 2746 3960 monasticae

191 3979 545 4071 religionis
593 4001 768 4048 nova
827 3980 1179 4070 plantati0,
1226 3979 1471 4049 messis
1519 3979 1761 4059 multa,
1795 3977 1924 4049 sed
1980 3977 2314 4068 operariis
2363 3976 2733 4068 indigens:

190 4091 348 4138 cum
399 4069 506 4139 vix
552 4068 782 4139 adhuc
831 4068 1085 4156 aliquis
1147 4067 1615 4138 conversionis
1673 4068 1894 4158 gratia
1941 4065 2317 4135 declinaret
2369 4065 2535 4135 illuc
2566 4120 2582 4148 ,
2650 4066 2741 4137 ob

193 4158 482 4227 nimiam
532 4158 710 4227 vitae
750 4157 973 4248 ipsius
1000 4170 1066 4227 et
1102 4156 1527 4248 paupertatis
1558 4156 2052 4228 austeritatem.
2084 4159 2272 4237 Quae
2306 4166 2531 4224 tamen
2574 4174 2740 4225 cum

243 4358 303 4405 (ο)
332 4358 617 4398 Otsrssnctuu
646 4356 874 4409 (ciream),
893 4355 1058 4404 silvae.
1076 4356 1483 4398 archicoenobtum
1506 4355 1596 4395 nub
1615 4354 1779 4404 regul·
1800 4354 1844 4396 Β.
1863 4350 2122 4400 Benedicti.
2140 4350 2191 4394 in
2213 4354 2427 4396 Dloecen
2447 4353 2742 4398 cabilonennl

193 4408 240 4450 iu
268 4412 541 4460 Burmanni·
569 4412 1046 4458 (Mamur-Saone.
1072 4409 1406 4460 distinguenda
1433 4409 1490 4449 ab
1519 4409 1802 4456 homonyma
1832 4408 1948 4448 urbe
1982 4405 2059 4448 cui
2093 4410 2368 4458 adjunctum
2400 4411 2662 4451 aur-Ham
2691 4408 2742 4453 in

193 4464 457 4514 campania.
484 4464 565 4505 lat.
598 4464 935 4514 catalaunum).
965 4465 1289 4507 Fundanorum
1317 4460 1481 4504 habuit
1510 4461 1553 4503 S.
1581 4462 1861 4509 Buba-tum,
1877 4462 1935 4504 de
1952 4472 2048 4513 quo
2069 4461 2250 4510 surius.
2268 4462 2371 4504 Vol.
2391 4470 2454 4510 tv,
2473 4472 2520 4514 p.
2536 4463 2628 4505 ⁶68.
