3308 5004
650 347 782 413 47⁰
1252 360 1333 408 aa
1379 358 1435 406 s.
1489 356 1822 407 numiano
1868 356 2011 405 m.
2066 352 2453 406 mauu..
2785 337 2975 408 mo.
3023 339 3116 407 20

563 448 900 529 nationes,
944 445 1018 516 in
1112 443 1320 514 uibus
1357 441 1693 514 naturalis
1738 441 1972 513 feritas
2004 454 2324 513 naturam
2355 440 2873 530 quodammodo
2920 442 3121 514 exuit

563 537 973 616 humanam,
1006 556 1078 604 re
1110 534 1246 627 igio
1294 534 1462 604 haec
1493 531 1796 623 profecta
1841 541 1965 613 est,
2018 531 2139 624 ubi
2180 552 2304 623 per
2348 553 2498 601 eam
2533 531 2790 602 bestiae
2835 531 3114 622 sylvae,

564 626 886 697 homines
933 624 1133 695 fiunt:
1193 632 1260 692 et
1312 643 1473 692 cum
1527 620 1933 692 hominibus
1978 634 2293 691 assuetae
2341 621 2733 691 conversari
2762 675 2778 702 ,
2833 621 3122 691 discunt

565 728 843 785 cantare
887 712 1171 783 Domino
1210 712 1559 782 canticum
1613 731 1886 780 novum.
1940 714 2372 802 Quapropter
2401 709 2705 800 piscator
2736 710 2872 792 Dei,
2917 731 3117 801 prae—

566 804 865 896 cipiente
912 803 1224 882 Domino,
1277 822 1414 871 non
1470 812 1695 870 cessat
1741 799 1971 869 laxare
2024 799 2194 869 retia
2244 800 2316 867 in
2371 812 2782 890 capturam,
2834 811 2904 869 et
2955 799 3123 870 aliis

567 891 1012 973 abeuntibus,
1064 889 1222 961 aliis
1269 888 1805 960 succedentibus
1853 888 1921 956 in
1964 887 2191 958 locum
2226 908 2491 969 eorum,
2538 909 2919 976 numquam
2990 889 3122 957 mi-

565 983 811 1053 nuitur
837 992 1115 1051 sanctae
1154 978 1345 1048 illius
1399 976 1954 1070 congregationis
2013 976 2394 1068 plenitudo,
2449 982 2588 1048 Hoc
2636 999 2857 1065 usque
2925 999 3126 1048 nunc

650 1083 877 1151 erunt,
923 1081 990 1138 et
1033 1067 1342 1157 quotidie
1402 1079 1619 1159 agunt
1668 1067 1884 1136 mirae
1929 1065 2082 1155 ejus
2147 1078 2498 1156 capturae,
2544 1066 3068 1137 Catalaunensis
3096 1122 3115 1143 .

566 1166 622 1231 R
676 1158 1002 1239 emensiS,
1059 1157 1507 1239 Parisiensis,
1562 1155 2148 1247 MoguntinensiS.
2202 1154 2636 1236 Leodiensis,
2703 1168 2771 1225 et
2817 1155 3122 1226 aliarum

566 1247 1065 1319 nonnullarum
1125 1246 1527 1317 civitatum:
1585 1244 1947 1314 Flandriae
1991 1265 2309 1332 quoque.
2363 1245 2790 1327 Germaniae,
2848 1243 3118 1325 Italiae,

564 1337 993 1425 Aquitaniae,
1044 1348 1110 1406 et
1140 1335 1434 1405 aliarum
1471 1334 1859 1426 regionum,
1897 1354 2376 1422 quascumque
2405 1354 2847 1422 quacumque
2880 1355 3122 1404 neces-

565 1427 765 1499 sitate
793 1425 1079 1517 contigit
1126 1423 1526 1513 aliquando,
1565 1445 1691 1493 seu
1722 1421 1952 1492 adbuc
1986 1442 2206 1509 usque
2255 1421 2459 1492 hodie
2503 1423 2843 1513 contingit
2887 1423 3119 1492 virum

566 1516 685 1586 Dei
732 1515 1032 1585 visitare.
1084 1517 1500 1604 cooperante
1568 1511 1911 1600 siquidem
1980 1512 2200 1601 gratia
2263 1512 2562 1601 Spiritus
2609 1513 2864 1592 Sancti,
2943 1532 3124 1599 quo—

567 1625 872 1692 cumque
920 1602 1126 1683 vadit‚
1188 1601 1461 1694 plenius
1509 1600 1730 1683 redit,
1782 1612 1849 1670 et
1898 1621 2023 1670 sua
2071 1622 2231 1671 eum
2283 1601 2639 1691 plenitudo
2687 1600 2946 1688 ubique
3006 1621 3127 1669 co-

566 1692 876 1763 mitatur.
915 1697 1048 1762 Nec
1080 1691 1365 1761 dimittit
1394 1712 1583 1772 suos,
1634 1711 1811 1778 quos
1839 1711 1878 1758 a
1929 1710 2003 1758 se
2050 1690 2473 1770 transmittit,
2519 1688 2635 1760 sed
2685 1689 3128 1777 ubicumque

567 1793 751 1864 sunt,
788 1793 857 1853 et
902 1781 1051 1871 ipse
1082 1801 1357 1870 semper
1390 1793 1672 1869 paterna
1699 1777 2141 1849 solicitudine
2178 1799 2336 1848 cum
2372 1779 2475 1849 eis
2502 1791 2628 1848 est.
2683 1784 2761 1848 Et
2794 1779 2976 1851 sicut
3028 1778 3121 1847 ad

569 1870 827 1949 locum,
870 1869 1058 1941 unde
1087 1880 1358 1950 exeunt,
1397 1868 1693 1938 flumina
1739 1880 2212 1937 revertuntur:
2268 1868 2368 1936 sic
2416 1867 2501 1937 ad
2545 1868 2773 1958 ipsum
2806 1867 3127 1956 quotidie

568 1980 691 2030 seu
731 1958 929 2040 laeta,
976 1979 1098 2028 seu
1147 1958 1366 2028 tristia
1404 1957 1709 2027 filiorum
1733 1976 2046 2027 suorum.
2079 1960 2292 2047 Saepe
2338 1957 2544 2026 etiam
2586 1958 2736 2026 sine
2764 1956 2958 2026 omni
3015 1977 3127 2025 re-

573 2047 832 2118 latione
861 2047 1095 2118 carnis
1138 2059 1206 2116 et
1260 2046 1662 2138 sanguinis,
1729 2057 2050 2135 paternae
2096 2045 2250 2134 ejus
2296 2044 2724 2116 solicitudini
2783 2044 3126 2115 divinitus

569 2136 962 2218 innotescit,
1012 2136 1177 2224 quid
1231 2135 1414 2206 circa
1461 2135 1734 2223 aliquos
1777 2156 2015 2204 eorum
2052 2133 2256 2225 longe
2288 2155 2327 2203 a
2361 2156 2434 2204 se
2471 2133 2807 2204 distantes
2845 2146 3122 2225 agatur:

569 2226 628 2297 si
677 2225 843 2314 quid
895 2224 996 2296 eis
1043 2224 1574 2317 providendum,
1629 2224 1686 2295 si
1726 2222 1891 2310 quid
1947 2224 2014 2292 in
2064 2224 2166 2294 eis
2211 2222 2725 2293 emendandum
2784 2224 2913 2293 sit:
2970 2236 3162 2292 ten--

569 2315 859 2385 tationes
907 2325 972 2384 et
1014 2335 1336 2385 excessus
1368 2334 1636 2394 eorum,
1681 2312 2119 2384 infirmitates
2150 2323 2216 2381 et
2245 2313 2499 2394 obitus,
2533 2324 2601 2382 et
2647 2311 3130 2400 quarumlibet

566 2403 986 2475 secularium
1040 2403 1565 2474 tribulationum
1614 2403 1969 2472 incursus.
2007 2406 2170 2471 Nam
2233 2413 2299 2471 et
2346 2423 2471 2493 pro
2541 2401 2929 2471 absentium
2983 2399 3133 2470 ira-

567 2507 750 2565 trum
801 2491 1007 2565 certis
1057 2492 1580 2564 necessitatibus
1629 2489 2108 2582 praesentibus
2152 2490 2335 2561 circa
2399 2513 2472 2561 se
2518 2490 2850 2562 fratribus
2910 2512 3132 2592 saepe

564 2584 941 2654 orationem
979 2581 1268 2652 indicit:
1324 2601 1851 2668 nonnumquam
1892 2579 2096 2648 etiam
2149 2580 2520 2651 morientes
2573 2580 2645 2649 in
2695 2578 2854 2651 aliis
2911 2579 3123 2660 locis,

566 2671 649 2742 ad
696 2673 926 2763 ipsum
980 2692 1102 2762 per
1147 2669 1478 2743 visionem
1512 2669 1886 2741 accessisse
1922 2680 2327 2750 noscuntur,
2384 2668 2931 2740 benedictionem
2959 2668 3133 2756 ejus

563 2776 631 2831 et
677 2761 1024 2832 licentiam
1064 2759 1532 2863 postulantes:
1592 2758 1924 2827 nimirum
1973 2768 2217 2847 agente
2246 2758 2375 2828 hoc
2422 2758 2812 2829 obedientia
2865 2757 3127 2827 misso-

565 2872 749 2931 rum,
803 2862 869 2919 et
895 2849 1228 2919 charitate
1275 2847 1629 2918 mittentis

604 2986 611 2991 .
653 2942 692 3027 ὅ
738 2942 903 3010 68.
956 2942 1288 3009 Veneram
1327 2935 1706 3025 aliquando
1752 2934 1839 3005 ad
1886 2955 2075 3014 eum,
2127 2945 2193 3003 et
2238 2932 2408 3003 dum
2468 2933 2785 3023 loquerer
2824 2934 2926 3017 ei,
2972 2933 3126 3006 vidi

566 3039 633 3096 et
664 3026 923 3108 audivi,
972 3026 1157 3115 quod
1209 3024 1411 3097 silere
1458 3046 1593 3096 non
1629 3023 1883 3094 debeo:
1933 3021 2180 3093 Aderat
2220 3023 2605 3093 monachus
2629 3023 2916 3112 quidam
2957 3028 3129 3096 Fus-

570 3115 937 3196 niacensis,
970 3115 1302 3186 continuo
1332 3114 1418 3185 ad
1468 3135 1630 3185 suos
1670 3111 2045 3183 rediturus.
2097 3117 2404 3199 Cumque
2450 3133 2783 3203 responso
2832 3123 3122 3202 accepto

568 3225 780 3294 super
824 3203 936 3273 his
984 3224 1108 3293 pro
1139 3203 1395 3291 quibus
1436 3214 1732 3284 venerat,
1770 3201 1918 3290 jam
1977 3201 2065 3271 ab
2112 3222 2193 3271 eo
2239 3200 2702 3303 egrederetur,
2742 3201 2813 3272 in
2864 3224 2898 3270 s
2952 3202 3128 3273 iritu

565 3303 633 3362 et
681 3292 928 3362 virtute
977 3292 1160 3362 Eliae
1207 3294 1533 3362 revocans
1579 3313 1738 3360 eum
1818 3290 2151 3382 propbeta
2213 3293 2326 3360 Det
2358 3343 2375 3371 ,
2442 3303 2511 3361 et
2563 3291 2843 3360 nomine
2921 3291 3130 3362 ratris

567 3380 933 3472 cujusdam
982 3381 1069 3451 de
1129 3380 1337 3451 domo
1382 3380 1501 3450 illa
1541 3379 1917 3470 praemisso
1946 3434 1961 3459 ,
2016 3378 2103 3449 de
2162 3378 2455 3450 occultis
2513 3378 2959 3467 quibusdam,
3008 3400 3130 3449 me

569 3468 913 3551 audiente,
970 3469 1452 3550 mandavitei,
1494 3480 1569 3539 ut
1612 3466 2021 3559 corrigenda
2060 3468 2474 3559 corrigeret:
2527 3469 2631 3539 sin
2683 3482 2934 3548 autem,
2994 3468 3129 3556 ju—

567 3558 830 3629 dicium
887 3560 998 3627 Dei
1044 3579 1256 3648 super
1285 3578 1356 3629 se
1389 3558 1458 3627 in
1516 3557 1825 3648 proximo
1869 3567 2277 3649 expectaret.
2317 3556 2756 3649 stupefactus
2788 3555 2922 3637 ille,
2952 3557 3126 3643 quis

568 3646 633 3718 ei
682 3646 1143 3729 haecdixerit,
1190 3646 1567 3734 requisivit.
1606 3646 1958 3735 Quisquis,
1999 3645 2248 3734 inquit,
2273 3644 2521 3716 dixerit
2550 3647 2762 3716 mihi:
2814 3658 2882 3716 tu
2917 3645 3122 3726 vade,

567 3748 635 3807 ct
679 3735 817 3817 dic,
867 3756 1046 3823 quae
1089 3757 1217 3826 ego
1247 3735 1405 3806 dico
1449 3736 1598 3817 tibi,
1647 3757 1757 3816 ne,
1811 3735 1869 3808 si
1928 3735 2481 3806 dissimulaveris
2509 3788 2525 3815 ‚
2581 3748 2643 3806 te
2689 3756 2967 3824 quoque
3015 3734 3131 3806 in-

568 3825 792 3896 volvat
820 3847 948 3927 par
998 3847 1213 3917 poena
1262 3826 1546 3917 peccati.
1601 3825 1898 3895 Mirabar
1945 3844 2156 3914 super
2202 3824 2369 3894 hoc:
2423 3823 2539 3896 sed
2576 3824 2860 3894 miranti
2903 3824 3122 3906 mihi,

570 3916 642 3985 in
676 3913 892 3985 simili
920 3935 1132 3986 causa
1165 3914 1591 3985 mirabiliora
1638 3913 1725 3983 de
1769 3936 1849 3984 eo
1881 3923 2159 3983 narrata
2206 3924 2394 3983 sunt.
2743 3962 2748 3969 -

658 4007 696 4105 ᾗ
741 4008 901 4076 «u.
955 4003 1175 4074 Guido
1208 4024 1505 4092 namque
1531 4003 1742 4074 frater
1777 4002 1950 4092 ejus,
1985 4001 2206 4092 maJor
2236 4016 2404 4072 natu
2438 4001 2617 4072 inter
2643 3999 2889 4072 fratres
2923 4023 3118 4084 suos,

569 4114 775 4183 cujus
806 4093 1160 4184 gravitatis
1204 4105 1272 4162 et
1317 4093 1621 4163 veritatis
1669 4090 1874 4161 fuerit
1936 4090 2078 4172 vir,
2141 4110 2385 4162 omnes
2431 4089 2711 4173 sciunt,
2776 4090 2897 4178 qui
2949 4092 3134 4162 scire

568 4203 728 4251 eum
786 4195 1173 4271 potuerunt.
1228 4182 1376 4264 Hic,
1429 4203 1590 4253 cum
1642 4179 1855 4251 simul
1902 4178 2164 4250 alicubi
2222 4200 2573 4261 essemuS,
2618 4191 2685 4250 et
2731 4180 2817 4249 de
2876 4179 3136 4271 hujus-

570 4268 762 4339 modi
819 4269 1280 4358 loqueremur,
1336 4282 1401 4342 et
1447 4289 1848 4359 quaererem
1894 4290 2025 4358 ego
2071 4267 2159 4338 ab
2205 4290 2308 4351 e0,
2368 4269 2552 4339 sicut
2604 4267 2967 4359 jucundae
3039 4269 3133 4341 ad

571 4358 836 4428 amicos
881 4358 1360 4430 collocutionis
1414 4381 1565 4431 esse
1604 4357 1898 4428 solebat:
1955 4355 2288 4438 Fabulae,
2341 4356 2614 4445 inquit,
2675 4369 2878 4440 sunt,
2944 4379 3134 4445 quae

572 4446 860 4516 auditis.
935 4452 1242 4535 Cumque
1300 4468 1429 4518 suo
1483 4469 1674 4518 more
1741 4457 1810 4518 et
1880 4445 2082 4517 solito
2143 4445 2376 4518 studio
2438 4445 2778 4519 fraternas
2839 4447 3135 4522 vin-:uteo
