3308 5004
142 311 315 377 AUG.
354 312 381 373 -1
741 330 820 376 ne
866 329 959 375 ss.
1015 329 1209 377 ramo
1258 330 1478 376 Arosr.
1532 331 1608 376 m·
1659 328 1882 376 rnorn.
1936 330 2082 376 nmA
2517 314 2602 379 29

141 413 401 483 frenum
456 413 878 505 imposuisti,
916 427 1000 483 'et
1048 429 1335 483 naturae
1382 435 1669 484 cursum
1718 414 2107 484 retinuisti:
2163 435 2386 501 neque
2429 437 2552 505 pro
2583 415 2694 485 his

141 525 305 589 quae
354 502 556 581 fiunt,
614 508 824 572 Deum
875 525 1073 571 orare
1125 503 1278 572 vis?
1347 509 1488 573 Non
1559 503 1779 573 multo
1834 516 2064 593 postea
2113 504 2367 593 etipse
2416 520 2695 594 peccato

142 592 490 681 subjectus
535 614 688 661 esse
725 591 1186 681 redargueris,
1228 593 1869 682 benignitatemque
1894 615 1973 662 ac
2010 594 2281 662 veniam
2317 615 2354 662 a
2407 596 2695 664 Domino

140 680 573 770 impetrabis:
630 695 706 751 ut
758 695 828 750 tu
859 703 1135 768 quoque
1171 681 1239 749 in
1293 703 1662 751 conservos
1708 695 1861 750 tuos
1912 681 2143 751 mitem
2194 695 2399 769 atque
2449 684 2696 753 huma·-

139 791 296 839 num
344 785 409 839 te
443 771 790 840 ostendas,

218 867 255 939 ἓ
302 866 444 932 ¹1.
501 860 627 929 Sed
679 860 1127 947 quamobrem
1196 858 1527 952 hodierno
1585 858 1698 927 die
1767 859 2016 929 harum
2070 883 2298 931 rerum
2355 863 2694 931 narratio-

141 970 285 1015 nem
320 949 805 1038 exponendam
837 948 1161 1038 suscepi?
1196 953 1276 1017 Ut
1308 948 1568 1017 scilicet
1602 948 1792 1018 vobis
1822 949 2277 1031 ostenderem,
2336 965 2694 1040 propterea

138 1058 266 1105 non
319 1060 547 1106 unum
590 1038 888 1124 aliquem
940 1060 1019 1106 ex
1070 1037 1485 1127 Angelorum
1553 1059 1846 1107 numero
1888 1038 1954 1106 in
2021 1039 2220 1108 terris
2270 1040 2687 1109 sacerdotem

140 1125 560 1214 praefectum
612 1128 848 1208 fuisse,
893 1126 1010 1195 sed
1055 1126 1405 1196 hominem
1439 1148 1518 1196 ex
1568 1125 1849 1195 homine
1882 1128 2192 1216 genitum
2228 1150 2242 1194 ε
2298 1150 2405 1207 ne,
2443 1129 2501 1196 si
2537 1150 2694 1218 pec-

136 1229 444 1285 catorum
489 1217 775 1285 omnino
823 1229 1001 1285 esset
1046 1237 1313 1304 experS‚
1373 1229 1733 1303 peccantes
1766 1216 2082 1285 homines
2113 1217 2260 1286 sine
2301 1217 2695 1286 misericor-

137 1303 247 1373 dia
301 1306 580 1393 puniret
631 1306 689 1373 *.
746 1305 873 1374 Sed
940 1318 1299 1405 propterea
1358 1304 1562 1374 homo
1616 1318 1889 1373 creatus
1937 1318 2039 1374 est
2085 1304 2428 1385 sacerdoS,
2486 1318 2564 1374 ut
2612 1326 2693 1375 ex

141 1394 439 1548 propriis
486 1394 851 1463 affectibus
890 1392 1183 1463 disceret
1213 1393 1565 1463 humanae
1598 1406 1886 1462 naturae
1935 1394 2371 1464 consortibus
2420 1396 2688 1463 veniam

162 1483 406 1571 argiri.
460 1488 701 1568 Itaque
732 1485 801 1551 in
854 1482 1162 1551 medium
1201 1482 1454 1572 protuli
1491 1504 1779 1572 magnos
1813 1483 1968 1552 illos
2000 1484 2204 1564 virOS‚
2243 1483 2500 1569 quibus
2530 1504 2690 1553 cum

139 1571 437 1661 populos
474 1572 732 1643 multos
779 1572 1173 1641 crediturus
1204 1585 1382 1641 esset
1414 1576 1614 1652 DeuS‚
1652 1593 1770 1640 eos
1821 1587 2099 1662 peccato
2148 1572 2397 1661 subjici
2435 1571 2696 1663 permi-

137 1661 262 1728 sit:
299 1661 422 1730 scd
480 1675 717 1751 postea
767 1674 1124 1750 peccatum
1180 1660 1320 1729 illis
1360 1659 1799 1740 condonavit,
1848 1675 1945 1740 ut,
1997 1683 2077 1741 ex
2125 1661 2211 1730 iis
2258 1662 2515 1747 quibus
2563 1661 2696 1751 ipsi

135 1749 405 1821 eruditi
441 1764 697 1829 essent,
754 1752 1034 1839 benigni
1087 1750 1350 1819 fierent.
1388 1750 1617 1818 Primo
1666 1756 1937 1819 Petrum
1979 1762 2242 1819 tantum
2296 1749 2493 1819 illum
2525 1754 2697 1840 Apo-

142 1837 397 1908 stolum
450 1839 735 1919 adduxi,
778 1838 898 1926 qui
948 1860 1108 1908 cum
1162 1861 1447 1939 peccare
1497 1840 1882 1928 permissus
1913 1838 2177 1917 fuisset,
2231 1837 2466 1907 divina
2501 1839 2697 1908 beni-

137 1928 401 2015 gnitate
450 1928 761 2015 adjutus,
802 1928 1223 2017 poenitentia
1267 1942 1625 2017 peccatum
1654 1927 1926 1997 delevit.
1969 1928 2224 1997 Deinde
2262 1928 2576 2017 venimus
2607 1927 2693 1997 ad

138 2015 386 2097 Eliam,
445 2018 646 2103 cujus
694 2029 998 2086 erratum
1036 2017 1328 2107 jamjam
1364 2038 1814 2105 exponemus.
1868 2028 1947 2085 ut
1993 2031 2059 2086 et
2106 2017 2543 2117 impetratam
2586 2038 2697 2086 ve·-

138 2105 321 2174 niam
362 2106 854 2176 ostendamus:
893 2106 1224 2191 quoniam
1278 2105 1546 2174 volebat
1578 2105 1861 2192 quidem
1916 2110 2090 2176 Deus
2127 2106 2343 2174 Ellam
2378 2105 2700 2196 benigni-

140 2207 266 2263 tate
313 2196 448 2275 uti‚
502 2195 620 2264 sed
673 2194 787 2264 ille
837 2194 1135 2263 nolebat.
1196 2194 1478 2263 Volebat
1529 2199 1705 2263 Deus
1755 2194 2063 2285 pluviam
2114 2195 2301 2275 dare,
2357 2194 2474 2265 sed
2527 2195 2698 2284 peti-

139 2282 392 2353 tionem
447 2306 488 2353 a
536 2306 729 2353 servo
783 2283 1195 2370 requirebat.

218 2376 256 2459 ξ
305 2377 461 2445 12.
518 2377 685 2442 Cum
735 2373 951 2462 igitur
1000 2384 1215 2441 totum
1268 2372 1397 2441 iter
1453 2370 1847 2462 perfecisset
1892 2371 2101 2452 Elias,
2154 2371 2338 2440 venit
2379 2371 2447 2440 in
2501 2376 2699 2440 Sare-

143 2463 299 2551 ptba
352 2462 822 2543 Sidoniorum,
883 2472 951 2531 et
998 2461 1168 2531 vidit
1217 2460 1579 2531 mulierem
1630 2459 1915 2531 viduam
1971 2460 2162 2551 ligna
2222 2460 2689 2550 colligentem.

143 2551 316 2634 Quid
369 2565 693 2642 expectas
740 2550 1070 2642 amplius,
1125 2550 1315 2619 Elia?
1375 2555 1509 2620 Cur
1564 2551 1876 2619 accurris
1925 2550 2011 2618 ad
2076 2550 2407 2618 viduam?
2453 2550 2700 2618 Vidisti

142 2641 573 2731 paupertatis
620 2640 1059 2709 exordia.‘Ne
1111 2639 1493 2729 interroges
1525 2652 1787 2726 quanta
1837 2639 1925 2708 sit
1958 2640 2108 2728 ejus
2157 2638 2480 2718 tenuitaS‚
2524 2637 2697 2706 nihil

135 2751 437 2815 quaeras
465 2730 552 2800 de
587 2729 700 2798 his
732 2751 909 2815 quae
957 2730 1135 2797 intra
1173 2727 1462 2798 domum
1516 2740 1701 2808 sunt,
1753 2751 1913 2797 cum
1950 2727 2378 2818 paupertatis
2428 2728 2700 2817 ingres-

138 2840 291 2887 sum
326 2819 479 2908 jam
533 2818 810 2887 videris.
864 2817 1040 2901 Quid
1090 2831 1215 2898 est,
1272 2817 1457 2903 quod
1493 2817 1561 2887 in
1614 2819 1766 2907 ejus
1816 2816 2099 2886 domum
2154 2815 2437 2884 introire
2486 2815 2702 2884 velis?

134 2907 384 2978 Vidisti
420 2907 616 2997 ligna
660 2906 1127 2997 colligentem,
1163 2919 1229 2975 et
1260 2908 1347 2976 ab
1395 2930 1474 2976 ea
1526 2907 1777 2975 nutriri
1828 2905 2185 2996 postulas?
2224 2906 2348 2974 Sed
2404 2904 2704 2974 habebat

135 2995 273 3075 ille,
323 3010 680 3083 tamquam
734 2996 990 3087 pignus
1037 2995 1416 3082 quoddam,
1473 2995 1747 3065 Domini
1795 3016 2211 3064 sermonem.
2258 2994 2437 3064 Abiit
2487 2994 2701 3085 igitur

140 3084 330 3166 illuc,
370 3099 449 3154 ut
497 3108 660 3154 cum
712 3085 916 3154 vidua
970 3085 1387 3172 loqueretur.
1442 3085 1568 3154 Sed
1621 3084 1957 3172 quidnam
1994 3085 2132 3153 ait?
2183 3089 2272 3152 Da
2335 3083 2532 3162 mihi,
2588 3083 2698 3151 in-

137 3175 310 3259 quit,
372 3172 746 3264 paululum
783 3196 1027 3261 aquae,
1080 3187 1157 3244 ut
1191 3174 1450 3244 bibam.
1506 3173 1987 3243 Animadverte
2037 3173 2444 3262 sapientiam
2483 3172 2692 3250 Eliae,

134 3262 731 3348 quemadmodum
771 3285 906 3332 non
941 3264 1171 3332 statim
1214 3263 1297 3331 ad
1335 3262 1561 3352 majus
1587 3262 1852 3349 aliquid
1909 3262 2278 3352 petendum
2330 3262 2538 3342 venit,
2576 3261 2692 3330 sed

135 3351 217 3419 ad
270 3351 343 3420 id
374 3352 565 3438 quod
617 3364 761 3420 erat
810 3353 1039 3422 vilius.
1094 3357 1235 3422 Non
1288 3351 1484 3431 dixit,
1522 3357 1616 3420 Da
1669 3352 1840 3420 mibi
1893 3349 2358 3441 panemtsed,
2396 3355 2485 3418 Da
2521 3350 2698 3419 mibi

134 3462 421 3526 aquam.
460 3442 661 3510 Prius
710 3463 962 3527 aquam
1006 3441 1223 3531 petiit,
1268 3442 1668 3530 conjectura
1708 3440 2067 3530 colligens,
2135 3439 2318 3527 quod
2371 3440 2428 3508 si
2480 3460 2702 3525 aquae

136 3528 540 3599 facultatem
577 3529 922 3610 habuerit,
978 3531 1196 3619 possit
1243 3541 1310 3598 et
1339 3529 1542 3619 panis
1590 3529 1986 3598 facultatem
2033 3528 2308 3598 habere.
2366 3533 2459 3597 Da
2495 3527 2694 3610 mihi,

138 3619 390 3705 inquit,
450 3618 819 3708 paululum
878 3641 1121 3705 aquae.
1188 3619 1369 3688 Abiit
1414 3618 1672 3698 vidua,
1726 3640 1978 3705 aquam
2034 3617 2222 3692 tulit:
2277 3638 2486 3705 quam
2537 3637 2696 3687 cum

137 3707 250 3775 ille
294 3707 611 3792 bibisset,
665 3707 981 3777 animum
1030 3708 1245 3788 auxit,
1298 3722 1364 3776 et
1418 3708 1549 3776 ait:
1604 3711 1812 3778 Sume
1862 3707 2036 3776 mibi
2071 3719 2137 3776 et
2184 3706 2528 3777 bucellam
2584 3728 2702 3796 pa-

141 3797 268 3876 niS,
326 3808 410 3867 ut
455 3796 846 3866 comedam.
919 3797 1039 3866 Cui
1102 3795 1458 3886 respondit
1520 3795 1771 3864 vidua:
1848 3797 2023 3865 Vivit
2072 3797 2430 3876 DominuS‚
2488 3796 2547 3865 si
2595 3805 2703 3864 est

142 3885 311 3954 mibi
362 3885 571 3977 panis
614 3886 1001 3966 cineritiu5‚
1057 3884 1195 3955 nisi
1245 3884 1556 3976 pugillus
1613 3883 1878 3954 farinae
1909 3886 1977 3953 in
2023 3884 2298 3974 hydria,
2350 3896 2418 3954 et
2452 3883 2704 3974 paulu-

144 3971 284 4043 lum
331 3975 467 4044 olei
523 3974 593 4043 in
658 3975 965 4065 lecytho:
1018 3996 1196 4061 quae
1245 3996 1403 4044 cum
1459 3973 1840 4052 confecero,
1878 3973 2236 4043 comedam
2278 3995 2406 4064 ego
2449 3985 2517 4041 et
2571 3972 2704 4042 filii

148 4063 294 4142 mei,
332 4077 403 4133 et
452 4064 860 4134 moriemur.
894 4063 1080 4146 Quid
1130 4063 1216 4133 ad
1269 4063 1436 4133 baec
1485 4062 1712 4132 Elias?
1745 4063 1949 4143 Vade,
1982 4062 2232 4150 inquit,
2279 4075 2344 4133 et
2378 4061 2484 4131 fac
2525 4062 2701 4132 mihi

154 4151 690 4224 subcinericium
745 4175 992 4243 panem
1038 4173 1377 4234 seorsum,
1413 4163 1478 4222 et
1506 4152 1909 4222 comedam:
1962 4165 2029 4221 et
2078 4163 2310 4242 postea
2358 4151 2568 4222 facies
2618 4151 2704 4220 li-

158 4235 323 4311 beris
373 4244 539 4322 tuis,
595 4256 663 4311 et
711 4241 1095 4312 comedent.
1294 4293 1297 4296 -
1679 4305 1703 4316 ,
2409 4319 2426 4328 ,

234 4333 434 4417 ξίὸ.
464 4331 648 4416 Quid
677 4332 806 4414 εἰς,
838 4331 1027 4401 Elia?
1054 4336 1236 4412 Est0,
1272 4353 1521 4421 panem
1554 4332 1764 4423 petis:
1805 4353 1935 4401 cur
1959 4352 2271 4402 seorsum
2299 4342 2366 4400 et
2392 4329 2699 4422 primum

212 4453 233 4480 “
254 4456 411 4511 lagno
427 4456 733 4512 benignitate
750 4456 980 4500 Dominus
999 4468 1097 4499 non
1118 4457 1325 4509 Angelon
1347 4459 1429 4501 ned
1446 4459 1662 4502 homiues
1690 4459 1928 4502 Ecclesiae
1946 4455 2193 4510 praefecit.
