3308 5004
683 317 812 382 560
1348 335 1429 382 nn
1475 335 1532 383 s.
1585 330 1935 396 rummsca
1983 330 2065 380 nn
2110 332 2399 382 cmm.
2816 314 3006 381 AUG.
3063 317 3146 382 2⁴

594 418 876 500 multae,
930 419 1148 488 sacris
1194 418 1636 510 potissimum
1688 419 1791 488 vir
1840 419 2079 490 inibus
2127 430 2396 508 praesto
2441 429 2609 489 erat.
2667 422 2846 488 Mors
2892 417 3163 489 deinde

594 508 1297 598 consanguineorum,
1350 507 1423 578 in
1474 508 1699 596 iisque
1737 508 1783 578 fi
1818 509 1865 577 ii
1897 507 2314 589 dulcissimi,
2362 508 2480 579 sed
2514 506 2865 579 Francisei
2902 507 3167 579 Salesii

598 596 1064 688 potissimum,
1116 620 1158 667 a
1203 597 1413 685 cujus
1463 612 1640 668 nutu
1686 597 2134 686 consiliisque
2188 596 2551 688 pendebat,
2624 595 2889 667 virilem
2954 595 3163 667 illius

595 686 907 755 animum
945 684 1115 755 adeo
1147 706 1284 756 non
1319 686 1543 778 fregit,
1587 699 1669 757 ut
1701 686 1920 757 nihilo
1959 687 2186 757 secius
2216 708 2422 774 quam
2458 699 2661 757 antea
2688 685 2908 756 ardua
2934 707 3165 773 quae·

595 796 730 862 que
775 773 1032 845 adoriri
1080 796 1162 844 ac
1211 776 1541 876 perficere
1586 789 1977 847 conaretur.
2022 776 2289 860 Quibus
2324 775 2537 848 rebus
2572 774 2644 844 in
2678 797 2831 845 eam
2866 775 3162 864 sapien-

600 865 733 933 tiae
779 876 844 933 et
892 864 1277 935 sanctitatis
1310 864 1705 955 opinionem
1736 865 1925 956 apud
1964 886 2207 934 omnes
2239 864 2445 945 venit,
2483 876 2561 935 ut
2588 886 2670 934 ex
2708 862 2950 935 ordine
2983 885 3165 952 quo·

598 953 745 1033 vis,
798 952 1004 1022 etiam
1055 953 1480 1045 episcopali,
1547 955 1867 1025 Joannae
1932 953 2337 1024 Franciscae
2400 953 2694 1025 consilia
2757 965 3165 1043 expeterent

598 1041 954 1132 principes
1002 1042 1156 1124 viri,
1209 1065 1290 1112 ac
1341 1065 1535 1135 reges
1568 1042 1760 1114 illius
1800 1065 1871 1115 se
1905 1043 2228 1134 precibus
2259 1042 2847 1123 commendarent,
2891 1054 2962 1112 et
2993 1064 3164 1113 san·

596 1144 748 1200 ctus
797 1132 947 1221 ipse
995 1132 1394 1203 Vincentius
1441 1132 1526 1201 de
1562 1130 1773 1202 Paulo
1804 1132 2100 1203 instituti
2135 1132 2243 1203 sui
2281 1130 2465 1222 leges
2495 1131 2720 1202 eidem
2746 1132 3163 1202 examinan-

597 1217 721 1289 das
761 1233 829 1290 et
863 1220 1312 1311 corrigendas
1347 1221 1662 1291 traderet.

683 1310 721 1395 ξ
770 1315 863 1379 6.
918 1314 1082 1378 Tam
1129 1307 1469 1380 excellens
1517 1310 1778 1390 virtuS,
1842 1330 2022 1398 quae
2080 1310 2400 1468 quamvis
2465 1331 2590 1401 per
2649 1320 2745 1380 tot
2847 1306 3164 1379 raeclarc

597 1410 789 1486 gesta
836 1419 985 1468 sese
1035 1397 1453 1487 prodiderat,
1511 1399 1744 1485 majus
1794 1410 2021 1468 tamen
2060 1421 2100 1468 a
2134 1398 2350 1486 iquid‚
2392 1421 2601 1486 quam
2637 1419 2774 1486 quo
2850 1398 3164 1468 exterius

603 1486 898 1577 patebat,
945 1486 1154 1556 latere
1195 1488 1384 1557 intus
1424 1486 1775 1557 indicabat
1805 1488 1931 1578 (ita
1969 1487 2276 1577 quidem,
2309 1501 2388 1557 ut
2426 1487 2682 1558 Salesio
2715 1486 2850 1577 ipsi
2887 1487 3162 1576 optimo

596 1596 833 1644 rerum
881 1577 1301 1647 aestimatori
1351 1575 1799 1646 admirationi
1844 1577 2055 1667 esset)
2083 1578 2169 1647 ad
2202 1599 2361 1647 eum
2407 1575 2846 1666 perfectionis
2878 1597 2919 1644 a
2979 1575 3159 1646 icem

599 1678 1021 1754 pervenerat,
1078 1678 1156 1735 ut
1202 1677 1477 1735 matura
1514 1665 1662 1755 jam
1710 1664 1901 1736 coelo
1948 1680 2149 1736 esset.
2205 1671 2443 1753 Itaque
2480 1687 2696 1754 quum
2738 1663 2876 1734 fam
2964 1688 3015 1735 a
3048 1663 3160 1735 Dei

598 1753 880 1824 Parisiis
929 1753 1225 1835 rediens,
1278 1776 1415 1842 quo
1451 1753 1664 1844 jussu
1713 1755 2032 1846 Episcopi
2082 1756 2577 1836 Gebennensis‚
2634 1754 2722 1824 ab
2778 1758 2977 1823 Anna
3026 1759 3157 1824 Au-

599 1842 846 1912 striaca
896 1843 1213 1932 expetita,
1269 1864 1423 1922 sese,
1461 1842 1871 1924 contulerat,
1919 1844 2155 1914 Molini
2190 1844 2543 1934 (Manlius)
2578 1844 2649 1911 in
2686 1842 3015 1912 morbum
3054 1843 3159 1912 in-

598 1930 789 2010 cidit,
840 1954 879 2000 e
924 1952 1063 2018 quo
1111 1932 1366 2000 instare
1415 1931 1547 2002 sibi
1598 1955 1997 2023 supremam
2049 1933 2233 2003 diem
2284 1933 2678 2023 intelligens
2717 1943 3157 2002 sacramenta

597 2017 940 2089 Ecclesiae
988 2020 1095 2109 pie
1144 2032 1512 2106 sancteque
1560 2023 1888 2111 suscepit.
1944 2020 2318 2112 Epistolam
2362 2044 2520 2092 mox
2556 2019 2746 2092 dedit
2782 2020 2868 2090 ad
2906 2042 3153 2090 omnes

599 2108 710 2176 sui
759 2109 1036 2178 Ordinis
1085 2107 1430 2188 alumnas,
1474 2108 1834 2179 charitatis
1870 2123 1936 2180 et
1964 2111 2344 2202 sapientiae
2384 2109 2684 2201 plenam.
2725 2108 3012 2179 Cunctis
3045 2109 3153 2179 de·

600 2218 794 2266 mum
846 2198 1349 2288 praesentibus,
1404 2198 1832 2282 absentibus,
1872 2197 2127 2269 futuris
2159 2201 2365 2269 etiarn
2401 2199 2705 2268 Instituti
2738 2198 2849 2269 sui
2890 2198 3153 2268 monia·

600 2284 785 2355 libus
833 2309 873 2356 a
924 2291 1055 2357 Deo
1105 2286 1329 2357 fausta
1374 2288 1611 2358 omnia
1661 2299 1960 2377 precata,
2003 2288 2301 2358 fervidos
2347 2289 2527 2359 inter
2558 2287 2743 2370 fidei,
2785 2286 2960 2378 spei,
2998 2286 3153 2357 cha·

599 2375 820 2445 ritatis
846 2389 1064 2457 actuS,
1095 2375 1178 2444 ad
1207 2376 1602 2466 amplexum
1635 2377 1883 2478 Sponsi
1906 2378 2013 2447 sui
2045 2377 2380 2460 coelestiS,
2418 2399 2624 2465 quem
2649 2375 2852 2446 unice
2880 2397 3151 2465 semper

598 2462 950 2545 dilexerat,
1007 2463 1295 2535 feliciter
1340 2464 1748 2548 convolav1t,
1803 2466 2037 2537 idibus
2076 2466 2669 2538 Decembrisfflnni
2710 2486 2963 2536 uncxu.
3008 2465 3151 2535 Exi-

601 2554 812 2623 miam
861 2555 1164 2623 Joannae
1214 2555 1617 2625 Franciscae
1665 2555 1954 2646 gloriam
1991 2556 2365 2627 declaravit
2397 2558 2587 2626 visus
2615 2578 2655 2625 a
2685 2560 2751 2625 S.
2798 2556 3148 2624 Vincentio

600 2641 683 2711 de
734 2643 942 2713 Paulo
991 2642 1481 2732 splendescens
1528 2644 1779 2735 globus
1827 2644 2023 2714 alteri
2074 2667 2226 2715 mox
2266 2645 2636 2735 adjunctus
2670 2643 3143 2733 splendidiori,

600 2745 805 2818 atque
851 2731 1034 2802 alius
1080 2732 1361 2802 demum
1415 2732 1617 2822 longe
1665 2755 1879 2824 supra
1927 2755 2136 2821 quam
2182 2734 2324 2804 dici
2420 2745 2592 2804 otest
2645 2731 3139 2809 lucidissimus,

599 2822 719 2907 qui
769 2835 999 2890 utrum
1058 2843 1144 2891 ue
1191 2821 1326 2891 sibi
1375 2822 1825 2893 commixtum
1877 2823 2165 2913 excepit.
2221 2757 2560 2892 Intellexit
2603 2822 2791 2892 enim
2853 2841 3142 2912 superno

603 2909 866 2979 lumine
900 2842 1219 2999 perfusus
1251 2910 1353 2978 vir
1387 2910 1527 2993 Dei,
1569 2912 1638 2979 in
1678 2912 1901 3001 primo
1934 2910 2055 2981 illo
2085 2911 2290 3002 globo
2319 2911 2654 2982 Joannam
2686 2912 3125 2986 Francisram‚

601 2998 669 3067 in
720 2999 935 3067 altero
985 3003 1050 3067 S.
1107 2998 1551 3068 Franciscum
1603 2999 1981 3081 Salesium,
2041 3001 2109 3070 in
2163 3001 2358 3071 tertio
2407 3023 2565 3070 vero
2622 3006 2838 3070 Deum
2888 3000 3124 3089 ipsum,

600 3088 719 3173 qui
757 3085 979 3156 lucem
1018 3087 1359 3156 inhabitat
1393 3087 1967 3169 inaccessibilem,
2007 3090 2381 3179 designari.

688 3176 726 3261 ξ
773 3180 848 3245 2.
907 3179 1000 3244 En
1056 3176 1268 3265 igitur
1314 3197 1389 3246 sa
1446 3176 1830 3246 ientissimo
1893 3178 2008 3246 Dei
2062 3179 2354 3250 consilio
2420 3179 2487 3248 in
2551 3199 2701 3247 una·
2754 3182 2820 3246 S.
2884 3181 3141 3247 Joanna

605 3264 967 3332 Francisca
1016 3286 1149 3332 non
1203 3265 1327 3333 uni
1427 3276 1736 3335 umtaxat
1785 3265 2157 3337 mulierum
2210 3268 2457 3348 coetui,
2502 3267 2618 3336 sed
2659 3266 2973 3356 cujusvis
3006 3262 3144 3333 illa-

601 3373 758 3421 rum
809 3351 1213 3433 conditioni,
1270 3375 1348 3423 ac
1401 3354 1713 3422 numeris
1757 3355 2087 3426 omnibus
2135 3354 2557 3437 absolutum,
2610 3353 2986 3445 exemplar.
3021 3357 3145 3423 Ha-

602 3440 765 3509 bent
816 3441 927 3509 hic
979 3441 1301 3532 virgines,
1358 3441 1611 3511 habent
1661 3457 1939 3534 nuptae,
1998 3444 2253 3514 habent
2302 3445 2568 3525 viduae,
2624 3443 2881 3514 habent
2918 3462 3146 3513 sacrae

601 3533 736 3599 Deo
786 3529 1113 3599 Moniales
1159 3530 1341 3617 quod
1393 3530 1849 3613 admirentur,
1904 3533 2090 3619 quod
2143 3533 2520 3604 imitentur.
2566 3531 2693 3603 Illa
2723 3532 2912 3603 enim
2948 3530 3146 3632 virgi·

602 3619 837 3688 nitatis
885 3632 1117 3689 custos
1166 3619 1631 3709 integerrima,
1687 3622 1746 3693 si
1781 3622 2049 3712 nuptiis
2078 3623 2451 3702 consensit,
2492 3643 2627 3691 non
2662 3643 2828 3693 suae
2866 3643 3046 3709 quae
3076 3617 3146 3689 11-

602 3707 689 3776 lis
738 3706 1254 3790 adversabatur,
1309 3709 1426 3779 sed
1481 3724 1803 3799 paternae
1850 3711 2177 3781 obsecuta
2223 3724 2326 3781 est
2373 3711 2728 3783 voluntati.
2777 3716 2856 3781 In
2916 3709 3147 3780 matri·

601 3797 836 3866 monio
888 3818 1021 3866 non
1073 3796 1254 3867 filios
1305 3797 1507 3868 modo
1555 3799 1638 3868 ad
1695 3800 2148 3869 imitationem
2203 3800 2472 3890 pietatis
2521 3822 2708 3882 suae,
2764 3799 2885 3869 sed
2926 3799 3145 3869 virum

601 3886 805 3956 etiam
856 3885 1202 3957 adducere
1239 3886 1483 3957 sedulo
1517 3888 1807 3958 studuit.
1854 3887 2070 3957 Vidua
2109 3910 2335 3978 porro,
2381 3890 2686 3959 sanctius
2726 3888 2901 3959 vitae
2932 3907 3149 3979 genus

602 3997 641 4043 a
693 3997 951 4064 gressa,
1006 3976 1429 4047 instituendo
1477 3999 1517 4047 a
1564 4000 1636 4046 se
1687 3976 1928 4049 Ordini
1984 3978 2260 4068 egregio
2363 3978 2630 4049 rolusit.
2676 3978 2804 4047 Ubi
2837 3998 3024 4057 vero,
3066 3973 3148 4045 ad

601 4085 640 4132 a
673 4065 843 4133 tiora
894 4065 1158 4136 vocanti
1208 4087 1304 4145 se,
1359 4070 1491 4134 Deo
1531 4065 1853 4135 alacriter
1888 4067 2137 4155 paruit,
2178 4066 2301 4138 fun
2355 4068 2484 4137 atis
2513 4067 2723 4159 opera
2753 4087 2883 4137 sua
2918 4086 3150 4135 mona-

602 4153 826 4222 steriis
877 4166 1009 4224 tam
1065 4153 1326 4235 multis,
1381 4177 1461 4224 ac
1494 4153 1876 4226 fundandis
1908 4155 1976 4223 in
2018 4168 2368 4246 posterum
2407 4177 2542 4225 non
2580 4169 2712 4226 tam
2746 4154 3038 4245 optimis
3067 4153 3149 4223 ab

602 4261 675 4308 se
719 4242 1111 4313 constitutis
1160 4242 1455 4333 legibuS,
1492 4266 1700 4331 quam
1746 4243 2235 4333 pulcherrimis
2269 4245 2600 4316 virtutum
2636 4244 2953 4314 omnium
2990 4263 3147 4333 ope-

603 4328 797 4398 ribus
844 4353 923 4399 ac
984 4332 1494 4414 monumentis,
1556 4332 1856 4403 arduum
1915 4334 2125 4403 simul
2172 4347 2237 4403 et
2287 4356 2495 4407 suave
2541 4333 2626 4403 ad
2680 4331 3145 4423 evangelicam

603 4416 1089 4503 perfectionem
1131 4421 1259 4489 iter
1296 4421 1595 4492 ostendit
1632 4436 1835 4511 atque
1865 4422 2278 4514 explanavit.
