3308 5004
702 335 829 401 384
1266 352 1347 400 nn
1394 347 1656 398 masma
1701 349 2018 399 :nussam
2066 350 2127 397 n.
2180 349 2244 398 n.
2296 351 2349 397 ,ιι
2401 348 2460 398 c.
2835 330 3021 398 AUG.
3070 331 3145 397 46

611 436 879 528 (aderat
923 446 1151 506 autem
1202 435 1430 526 pudor
1474 456 1750 522 quoque
1782 433 2258 515 deformitatis,
2311 444 2591 524 propter
2635 454 2844 521 quam
2899 435 2986 505 ab
3032 435 3149 506 ho-

618 525 926 596 minibus
976 546 1109 594 non
1160 535 1306 595 erat
1350 523 1883 614 adspectabilis:
1937 536 2002 593 et
2061 544 2282 611 neque
2347 522 2785 594 solummodo
2832 535 2975 593 erat
3018 523 3151 595 fere

614 636 890 704 semper
937 614 1004 682 in
1053 613 1251 695 lecto,
1306 611 1420 685 sed
1472 614 1737 682 amicos
1763 612 1994 693 etiam,
2029 613 2147 699 qui
2197 611 2561 682 veniebant
2597 611 2686 680 ad
2718 633 2877 682 eum
2924 611 3152 703 adspi-

615 702 965 785 ciendum,
1021 723 1186 793 prae
1249 702 1512 793 pudore
1558 700 1904 791 celabat),
1958 712 2314 791 propterea
2373 702 2540 770 haec
2587 699 2921 772 laboravit
2985 703 3153 773 scire

615 791 1042 882 diligentius,
1080 804 1159 862 ut
1191 803 1421 881 posset
1442 802 1625 861 certe
1647 788 2055 860 renunciare
2087 788 2369 859 domino
2396 811 2545 870 suo,
2569 810 2708 877 quo
2742 789 2856 859 ille
2887 811 3152 879 quoque

612 880 783 951 forte
818 902 938 971 per
981 902 1140 951 eum
1177 880 1542 950 sanitatem
1591 891 2149 967 consequeretur.
2205 879 2475 948 Invenit
2517 899 2681 970 ergo
2732 900 2978 949 rursus
3028 884 3147 950 Do·

616 970 885 1040 minum
937 969 1006 1038 in
1039 968 1297 1039 eisdem
1354 967 1522 1037 locis
1552 980 1861 1038 mortuos
1898 968 2331 1049 excitantem,
2376 966 2602 1037 caecis
2635 968 2858 1038 visum
2894 966 3150 1038 donan-

611 1068 774 1140 tem,
825 1057 1113 1128 claudos
1161 1056 1248 1126 ad
1300 1056 1839 1147 ingrediendum
1874 1057 2179 1147 integros
2224 1055 2658 1137 efficientem,
2712 1077 3053 1144 sanosque
3091 1071 3152 1127 et

609 1147 847 1217 firmos
898 1146 1297 1217 reddentem
1349 1167 1594 1216 omnes
1632 1147 1756 1234 qui
1805 1144 2039 1232 aliqua
2091 1145 2493 1215 laborabant
2528 1144 2954 1216 infirmitate.

701 1237 738 1323 ξ
784 1244 874 1309 ὅ.
928 1240 1294 1323 Postquam
1327 1255 1491 1324 ergo
1540 1255 1949 1325 persuasum
1986 1234 2252 1316 habuit,
2289 1246 2355 1305 et
2383 1247 2615 1325 aperte
2651 1235 2969 1324 cognovit
2993 1233 3153 1305 haec

611 1323 764 1394 fieri
814 1346 854 1394 a
903 1325 1215 1405 Domino,
1268 1344 1348 1393 ea
1395 1325 1702 1415 Abagaro
1772 1344 2087 1393 reversus
2145 1322 2601 1413 significavit:
2652 1336 2719 1392 et
2775 1322 3010 1414 plures
3050 1346 3149 1405 ea,

612 1434 791 1500 quae
840 1412 1101 1483 viderat
1162 1425 1228 1482 et
1286 1409 1646 1494 audierat,
1725 1411 2021 1482 edocuit.
2081 1412 2539 1495 Quamobrem
2606 1412 2850 1499 utqui
2896 1434 3037 1483 rem
3089 1414 3155 1483 in

613 1501 912 1571 transitu
946 1513 1415 1591 comparasset
1456 1503 1812 1593 majorem,
1865 1522 2072 1588 quam
2124 1523 2300 1588 quae
2354 1502 2417 1571 ei
2464 1500 2837 1571 commissa
2895 1501 3152 1581 fuerat,

610 1600 678 1658 et
723 1601 802 1659 ut
847 1590 967 1677 qui
1023 1590 1204 1661 bona
1248 1590 1518 1660 afferret
1579 1589 1881 1671 nuncia,
1935 1590 2435 1681 benignissime
2502 1589 2634 1658 fuit
2697 1603 3044 1681 exceptuS,
3099 1605 3157 1661 et

615 1676 899 1748 habitus
931 1678 1060 1748 fuit
1115 1700 1302 1749 unus
1338 1701 1418 1749 ex
1461 1679 1759 1749 maxime
1805 1677 2178 1748 benevolis,
2222 1684 2300 1748 Et
2330 1678 2656 1767 quoniam
2695 1679 2815 1767 qui
2864 1678 3158 1770 alicujus

612 1767 710 1838 rei
751 1767 1093 1840 desiderio
1133 1780 1426 1850 tenetur,
1466 1780 1821 1855 tamquam
1878 1767 2194 1858 rapinam
2253 1768 2619 1850 existimat,
2655 1767 2716 1837 si
2768 1767 2953 1855 quod
3005 1790 3159 1859 pro·

615 1856 907 1925 missum
939 1856 1168 1938 fuerit,
1213 1856 1596 1939 differatur,
1639 1879 1734 1936 re,
1765 1878 1943 1957 quae
1973 1867 2315 1938 narratur,
2353 1868 2419 1926 et
2454 1878 2572 1947 spe
2621 1856 2641 1924 i
2697 1878 2772 1926 sa
2811 1857 3157 1927 hominem

614 1945 990 2015 excitante:
1047 1946 1428 2016 vehementi
1483 1968 1570 2016 ue
1617 1944 1844 2017 studio
1885 1946 2216 2015 incitatur
2264 1945 2348 2016 ad
2401 1967 2619 2015 venan
2676 1967 2792 2014 um
2830 1945 2926 2027 id,
2978 1946 3156 2033 quod

616 2033 1087 2124 significatum
1116 2034 1362 2105 fuerit:
1401 2036 1421 2104 i
1476 2037 1662 2105 circo
1694 2033 2045 2126 Abagarus
2077 2047 2180 2105 est
2226 2034 2580 2116 excitatus»,
2633 2046 2710 2104 ut
2758 2033 2975 2105 literis
3004 2056 3154 2105 eum

614 2133 1015 2203 accerseret,
1070 2125 1189 2211 qui
1227 2124 1392 2195 talia
1437 2123 1801 2194 dicebatur
1847 2144 2048 2214 posse
2096 2144 2362 2193 curare.
2404 2129 2482 2193 Et
2514 2123 2832 2213 protinus
2889 2124 3022 2194 scri
3079 2125 3159 2194 sit

615 2210 700 2280 ad
753 2212 1121 2282 Dominum
1164 2234 1315 2283 eam
1343 2268 1359 2294 ,
1427 2235 1603 2301 quae
1633 2212 1894 2300 ubique
1941 2211 2447 2295 circumfertur,
2500 2210 2902 2314 epistolam:
2940 2147 3157 2282 «Aza-

614 2322 827 2391 garus
876 2302 1228 2392 Toparcha
1277 2301 1569 2373 Edessae
1613 2300 1741 2392 (a),
1793 2301 1956 2371 Jesu
2004 2301 2332 2372 Salvatori
2363 2357 2379 2384 ,
2439 2323 2563 2388 qul
2608 2299 2837 2372 bonus
2889 2316 3155 2371 exortus

615 2400 718 2460 est
765 2389 1079 2461 medicus
1145 2391 1214 2460 in
1267 2391 1538 2461 civitate
1591 2389 2224 2479 Jerosolymorum,
2279 2390 2597 2460 salutem.
2650 2389 3013 2460 Auditione
3051 2413 3157 2460 ac-

610 2479 764 2570 cepi
810 2478 1014 2561 dete,
1069 2479 1251 2551 etde
1289 2481 1429 2552 tuis
1475 2479 1979 2561 curationibus,
2032 2493 2107 2550 ut
2166 2502 2343 2569 quae
2391 2502 2430 2549 a
2479 2492 2539 2549 te
2597 2478 2767 2548 flant
2812 2479 2963 2550 sine
3023 2500 3158 2549 me-

611 2566 1024 2639 dicamentis
1069 2582 1137 2639 et
1182 2570 1451 2641 herbis:
1514 2583 1602 2651 et,
1645 2580 1724 2639 ut
1761 2568 2014 2652 fertur,
2068 2591 2308 2639 caecos
2354 2568 2525 2638 facis
2569 2569 2824 2650 videre,
2878 2567 3158 2639 claudos

609 2658 994 2739 ambulare,
1054 2658 1359 2748 leprosos
1409 2658 1733 2739 mundas,
1787 2656 2188 2728 immundos
2228 2658 2516 2749 spiritus
2542 2670 2608 2727 et
2653 2656 3029 2728 daemones
3051 2679 3159 2726 ex-

612 2745 837 2836 pellis,
891 2759 956 2816 et
1002 2769 1119 2817 eos
1166 2769 1373 2819 curas
1404 2748 1524 2835 qui
1565 2747 1900 2817 diuturno
1929 2745 2119 2816 fuere
2166 2748 2407 2817 morbo
2454 2746 2696 2828 vexati,
2744 2759 2810 2815 et
2859 2760 3158 2817 mortuos

612 2835 894 2905 excitas.
942 2839 1106 2906 Cum
1142 2837 1310 2906 haec
1342 2848 1568 2906 autem
1604 2835 1841 2906 omnia
1864 2833 1952 2904 de
1977 2847 2039 2905 te
2066 2833 2509 2917 audivissem,
2540 2835 2841 2905 duorum
2870 2835 3157 2907 alterum

615 2923 789 2992 mihi
831 2923 1014 2994 venit
1061 2924 1083 2993 i
1170 2935 1467 2995 mentem
1502 2936 1579 2994 ut
1625 2925 2023 3014 cogitarem,
2075 2923 2178 2993 vel
2233 2936 2295 2994 te
2339 2945 2490 2995 esse
2527 2929 2769 3007 Deum,
2823 2936 2890 2994 et
2937 2945 3098 2995 cum
3128 2944 3159 2990 e

610 3011 801 3081 coelo
832 3012 1077 3082 descen
1131 3014 1293 3094 eris,
1348 3013 1516 3083 haec
1564 3011 1833 3083 facere:
1875 3012 1977 3082 vel
2019 3024 2082 3082 te
2134 3033 2284 3082 esse
2333 3013 2555 3083 filium
2608 3013 2750 3083 Dei.
2802 3017 3163 3106 Propterea

611 3121 776 3189 ergo
823 3099 909 3170 ad
958 3114 1021 3171 te
1068 3101 1380 3172 scribens
1427 3101 1686 3193 rogavi,
1741 3123 1829 3171 ne
1874 3101 2179 3193 graveris
2236 3101 2321 3171 ad
2375 3124 2484 3172 me
2530 3102 2763 3172 venire
2793 3156 2809 3184 ,
2863 3115 2932 3173 et
2977 3123 3160 3173 mor-

611 3188 808 3269 bum,
854 3211 993 3277 quo
1041 3190 1300 3271 laboro,
1336 3213 1606 3261 curare.
1645 3190 1913 3260 Etenim
1944 3190 2153 3260 audio
2176 3189 2472 3261 Judaeos
2509 3190 2845 3262 adversus
2871 3204 2937 3262 te
2970 3211 3163 3261 mur-

612 3298 913 3355 murare,
964 3291 1030 3348 et
1063 3279 1233 3349 velle
1271 3279 1395 3349 tibi
1444 3278 1876 3349 malefacere.
1930 3284 2045 3350 Est
2074 3291 2301 3349 autem
2338 3279 2515 3348 mihi
2560 3279 2803 3350 civitas
2837 3279 3156 3358 minima,

612 3377 679 3435 et
711 3365 1022 3448 honesta,
1072 3389 1251 3455 quae
1296 3368 1610 3454 utrisque
1645 3367 1846 3437 nobis
1891 3366 2209 3451 sufficiet,
2260 3380 2339 3438 ut
2388 3367 2460 3438 in
2508 3389 2677 3458 pace
2728 3368 2801 3439 in
2847 3389 2929 3438 ea
2967 3366 3165 3437 habi-

611 3466 860 3524 temuS.
881 3477 918 3522 »
953 3456 1289 3538 Quoniam
1331 3477 1493 3547 ergo
1523 3456 1822 3526 Ananias
1854 3469 1920 3526 et
1951 3478 2117 3526 suae
2156 3457 2224 3527 in
2255 3456 2618 3527 dominum
2650 3456 3165 3527 benevolentiae

611 3554 848 3632 aperta
946 3545 1304 3614 raebuerat
1352 3543 1634 3628 indicia,
1688 3557 1753 3615 et
1798 3544 1977 3615 viam
2029 3557 2210 3616 recte
2257 3545 2537 3626 sciebat,
2591 3558 2657 3616 et
2689 3544 3024 3637 pingendi
3059 3565 3168 3614 ar-

612 3644 746 3701 tem
781 3632 886 3703 cal
920 3633 1097 3717 ebat,
1142 3655 1266 3725 per
1299 3654 1458 3704 eum
1512 3634 1599 3704 ad
1629 3639 1869 3705 Jesum
1901 3634 2106 3704 talem
2160 3635 2348 3705 misit
2392 3633 2783 3727 epistolam,
2818 3633 3168 3704 mandans

611 3720 699 3803 ei,
753 3733 829 3793 ut
862 3722 918 3794 si
968 3722 1185 3793 literis
1232 3721 1499 3793 Christo
1554 3723 1973 3814 persuadere
2014 3744 2152 3793 non
2201 3737 2461 3814 posset,
2500 3736 2577 3794 ut
2626 3722 2714 3793 ad
2764 3724 3001 3814 ipsum
3053 3744 3169 3792 ve-

612 3810 814 3893 niret,
883 3811 1035 3969 gius
1080 3810 1362 3900 quidem
1419 3823 1601 3882 certe
1654 3811 1915 3883 formae
1963 3811 2490 3884 similitudinem
2540 3825 2861 3884 accurate
2906 3811 3170 3884 descri-

612 3912 798 3990 ptam
840 3921 878 3969 a
967 3921 1127 3971 eum
1177 3901 1471 3984 afferret,
1524 3913 1603 3972 ut
1649 3901 1722 3971 in
1774 3900 2020 3972 umbra
2068 3901 2306 3972 saltem
2359 3900 2689 3985 disceret,
2743 3923 2881 3973 non
2935 3902 3167 3974 solum

613 4010 736 4090 per
760 3989 1102 4147 audlitum,
1150 3989 1267 4062 sed
1294 3989 1500 4061 etiam
1542 4011 1667 4082 per
1694 3989 1946 4072 visum,
1979 3990 2211 4079 qualis
2241 3990 2329 4061 sit
2353 3990 2468 4061 hic
2492 4012 2904 4084 magnorum
2936 3988 3170 4083 opifex

614 4098 881 4149 miracu
912 4100 1142 4149 orum.

663 4227 729 4282 (a)
756 4233 1008 4273 Auienus
1033 4230 1112 4286 (de
1139 4242 1234 4284 qno
1262 4230 1312 4275 in
1340 4233 1463 4275 Nota
1489 4234 1546 4274 od
1566 4233 1669 4274 Sur.
1698 4232 1801 4274 Vol.
1823 4242 1870 4280 11.
1887 4243 1932 4284 p.
1950 4234 2016 4280 34.
2030 4230 2113 4274 ubi
2133 4231 2254 4285 legis
2272 4235 2479 4274 Ήιοηιαηι
2498 4244 2585 4284 pro
2602 4235 2762 4285 apost.
2782 4235 3013 4276 madoco
3032 4241 3167 4274 men·

611 4281 726 4323 done
753 4283 940 4337 cusum)
968 4282 1149 4336 primun
1179 4288 1360 4337 Regum
1392 4283 1486 4328 ruit
1516 4283 1657 4336 magi
1691 4284 1865 4337 quippe
1894 4295 1989 4327 uon
2022 4299 2144 4338 reget
2172 4289 2227 4328 ut
2254 4288 2397 4338 vulgo
2423 4289 2645 4329 feruntur
2673 4289 2756 4330 ned
2773 4290 2991 4339 amimea
3007 4285 3165 4330 eruat)

611 4346 695 4398 qul
723 4346 774 4391 ln
804 4349 1047 4394 Christum
1073 4354 1301 4395 aedunt.
1327 4355 1582 4396 'l'omtcna
1610 4363 1638 4395 ο
1669 4348 1828 4408 τὸπος
1856 4355 1988 4399 um,
2016 4355 2064 4395 et
2082 4349 2210 4420 ἁρχὴ
2236 4355 2475 4406 primam,
2492 4355 2836 4406 praefecturam
2854 4351 3069 4405 regioni·
3088 4359 3165 4392 ⁸0-

611 4415 707 4461 nat.
733 4414 1051 4468 princip-tum
1078 4419 1128 4459 et
1153 4415 1343 4460 simnia.
1369 4420 1554 4462 Eunu
1579 4419 1761 4468 urbem.
1787 4421 2041 4464 vernacule
2057 4420 2252 4469 Rauda.
2268 4421 2505 4473 Abuca-u·
2526 4419 2853 4465 minutati.
2869 4423 2931 4463 ad
2947 4421 3059 4472 Μ.
3079 4421 3161 4460 Ar·

612 4465 795 4511 monite
814 4472 977 4513 austro
996 4469 1238 4513 occiduam
1256 4474 1456 4524 plagam.
