3308 5004
794 277 924 343 680
1279 290 1360 340 nx
1404 290 1462 339 s.
1513 289 1872 339 msusrmo
1918 290 2120 339 msc.
2169 291 2249 342 n
2291 290 2468 340 nott..
2518 288 2697 339 noc-r.
2912 270 3146 338 Anaxa

707 399 781 447 se
826 398 987 447 cum
1040 375 1187 447 suis
1224 375 1615 465 maj0ribus.
1634 397 1715 446 ea
1752 397 1929 464 quae
1977 374 2280 446 refellere
2329 396 2463 444 non
2518 373 2775 463 potuit,
2835 387 3148 464 prosecutus

705 476 833 547 est,
865 476 932 535 et
979 465 1034 535 si
1082 464 1212 534 sibi
1263 463 1434 535 forte
1485 463 1571 532 de
1618 463 1730 533 his
1787 465 1952 535 satis
2005 464 2290 535 minime
2333 463 2676 544 fecissent,
2730 484 2894 533 suae
2960 464 3148 540 animae

707 551 1236 625 consulturum:
1289 566 1495 639 atque
1541 552 1637 623 ita
1681 552 1772 622 ab
1814 552 2165 633 omnibus,
2216 553 2401 642 apud
2439 574 2618 641 quos
2668 574 2955 643 magnus
2994 565 3047 622 et
3078 550 3149 621 do

708 655 861 714 ctus
907 642 1289 721 videbatur,
1329 640 1505 712 nihil
1554 641 1854 712 valuisse
1883 641 1955 711 iu
2003 663 2170 711 suae
2207 655 2430 712 sectae
2476 642 2848 711 assertione
2888 640 3150 727 judicatus

707 745 831 803 est.
869 736 1015 814 Qua
1064 730 1180 801 ille
1225 730 1632 801 confusione
1678 731 1988 810 affectuS‚
2039 743 2107 799 et
2153 730 2464 817 sequenti
2521 742 2826 819 tempore
2870 729 2950 799 de
2978 730 3150 818 Hippc

711 820 907 891 nensi
955 820 1225 890 civitate
1274 819 1642 908 profectus,
1696 819 1781 888 ad
1830 817 2143 888 eamdem
2193 817 2497 908 amplius
2533 839 2687 888 »non
2744 820 3070 888 remeavit:
3102 823 3148 885 Ac

711 910 811 980 sic
858 930 982 998 per
1016 920 1469 978 memoratum
1504 908 1616 978 Dei
1661 907 2010 977 hominem
2063 907 2377 980 omnium
2411 906 2764 986 cordibus,
2803 906 2901 976 vel
2945 907 3048 993 qui
3078 904 3149 973 ad-

709 1008 925 1074 erant,
969 996 1072 1066 vel
1121 998 1242 1084 qui
1290 996 1629 1077 absentes,
1669 995 1812 1077 illa,
1846 1018 2024 1083 quae
2057 1007 2246 1087 gesta
2296 1008 2482 1077 sunt,
2534 1009 3001 1082 cognoverant,
3031 1015 3148 1065 error

710 1085 830 1155 ille
860 1084 1156 1166 ablatuS,
1188 1083 1661 1173 catholicaque
1693 1098 1795 1154 est
1841 1085 2157 1155 intimata
2187 1106 2267 1154 ac
2295 1096 2645 1175 comperta
2673 1084 2939 1153 sincera
2970 1082 3147 1172 religio.

804 1182 843 1256 ἓ
890 1177 968 1245 ⁷.
1020 1179 1099 1244 Et
1128 1173 1414 1243 docebat
1443 1195 1522 1243 ac
1549 1173 1988 1263 praedicabat
2021 1173 2136 1244 ille
2170 1173 2483 1263 privatim
2517 1186 2583 1241 et
2616 1172 2910 1263 publice,
2933 1173 2994 1241 in
3022 1172 3149 1240 domo

712 1275 778 1333 et
825 1263 894 1331 in
943 1261 1235 1333 ecclesia
1280 1261 1524 1333 salutis
1571 1263 1856 1344 verbum
1917 1285 2074 1333 cum
2127 1263 2318 1333 omni
2385 1261 2643 1331 fiducia
2697 1260 3013 1331 adversus
3048 1258 3149 1328 Afri-

713 1373 926 1443 canas
956 1350 1298 1432 haereseS,
1356 1349 1790 1439 maximeque
1819 1364 2055 1422 contra
2109 1350 2510 1432 Donatistas,
2555 1349 2977 1421 manichaeos
3001 1363 3052 1417 et
3085 1352 3148 1416 Pe

712 1439 775 1510 la
832 1439 1048 1521 ianos,
1116 1438 1314 1510 libris
1364 1437 1715 1521 confectis,
1784 1462 1864 1510 ac
1932 1440 2234 1530 repetitis
2298 1439 2761 1519 sermonibus»,
2814 1436 3149 1508 ineffabiliter

712 1551 749 1598 a
807 1527 1222 1598 mirantibus
1251 1528 1657 1599 Christianis
1687 1540 1751 1599 et
1781 1528 2329 1609 collaetantibus,
2366 1541 2432 1599 et
2478 1528 2607 1598 hoc
2656 1529 2909 1617 ipsum,
2950 1526 3050 1595 ubi
3083 1545 3147 1613 pe

710 1629 981 1697 terant,
1035 1638 1172 1686 non
1222 1619 1649 1710 tacentibuffi
1704 1617 1817 1686 sed
1892 1617 2440 1688 diffamantibus.
2523 1617 2810 1703 Sicque,
2878 1615 3184 1702 adjuvante¹

710 1706 1031 1786 Domino,
1070 1704 1294 1775 levare
1342 1706 1410 1774 in
1442 1705 1660 1775 Africa
1692 1706 1989 1777 Ecclesia
2018 1706 2362 1777 Catholica
2392 1726 2630 1776 exorsa
2667 1719 2771 1775 est
2808 1717 3018 1796 caput,
3045 1721 3144 1788 quae
3183 1719 3184 1728 ¹

710 1794 930 1865 multo
967 1806 1268 1885 tempore
1317 1792 1458 1863 illis
1504 1793 2138 1865 convalescentibus
2170 1794 2556 1876 haereticis,
2598 1794 3062 1884 praecipueque
3093 1811 3143 1856 ιτ·

705 1883 1098 1973 baptizante
1147 1882 1388 1952 Donati
1440 1896 1627 1972 parte
1661 1882 1993 1971 maiorem
2039 1882 2551 1954 multitudinem
2601 1879 3139 1975 Afrorumaeeductq

705 1984 773 2041 et
818 1992 1149 2061 oppressa
1189 1970 1485 2060 jacebat.
1532 1972 1770 2042 Libros
1818 1994 1974 2043 vero
2018 1970 2325 2058 ejusdem
2362 1973 2503 2043 sive
2552 1986 2901 2053 tractatuS,
2939 1965 3138 2061 mirabili
3183 2001 3184 2004 π

710 2059 830 2129 Dei
874 2060 1095 2150 gratia
1146 2060 1591 2150 procedentes
1658 2083 1737 2130 ac
1786 2061 2205 2150 profluentes
2233 2116 2249 2142 ,
2303 2061 2674 2132 instructos
2723 2062 2907 2131 omni
2953 2057 3138 2128 rationis

710 2148 908 2239 copia
939 2202 955 2228 ‚
1026 2160 1230 2236 atque
1295 2148 1694 2218 auctoritate
1741 2162 2140 2220 sanctarum
2190 2149 2687 2238 scripturarum
2725 2203 2744 2230 ,
2797 2149 2921 2238 ipsi
2959 2162 3135 2247 quoque

714 2236 1034 2307 haeretici
1075 2251 1586 2319 concurrenteS,
1638 2259 1795 2308 cum
1848 2238 2212 2308 Catholicis
2248 2239 2316 2310 in
2371 2237 2513 2308 enti
2541 2237 2791 2308 ardore
2834 2234 3132 2308 audiebant:

712 2337 777 2395 et
809 2325 1149 2414 quisquis,
1183 2339 1260 2394 ut
1307 2325 1520 2397 voluit
1550 2339 1617 2397 et
1661 2326 1900 2417 potuit,
1934 2327 2234 2397 notarios
2281 2349 2323 2396 a
2376 2326 2643 2406 bibens,
2694 2329 2898 2397 etiam
2939 2347 3004 2394 ea
3042 2339 3132 2408 quae

714 2412 1158 2494 dicebantur,
1211 2427 1490 2505 excepta
1552 2415 1941 2506 descripsit.
1994 2420 2072 2487 Et
2118 2414 2284 2486 inde
2335 2415 2480 2517 Jam
2536 2438 2658 2506 per
2710 2428 2918 2486 totum
2971 2409 3129 2482 Afri&

713 2526 969 2595 corpus
1010 2502 1358 2594 praeclara
1407 2504 1752 2585 doctrina,
1810 2504 2114 2593 odorque
2161 2506 2620 2578 suavissimus
2666 2504 2932 2581 Christi,
2976 2499 3122 2571 diffusi

712 2603 779 2661 et
812 2590 1255 2693 ‘manifestat-a
1286 2605 1410 2675 est,
1462 2594 1962 2694 congaudente,
2017 2595 2146 2664 hoc
2193 2615 2470 2696 quoque
2519 2609 2891 2684 comperto,
2937 2585 3116 2659 Euolat

713 2684 830 2750 Dei
864 2692 1349 2751 transmarma.
1404 2686 1741 2766 Quoniam
1777 2682 1958 2753 sicut
2004 2681 2174 2753 dum
2235 2697 2492 2774 patitur
2553 2703 2778 2754 unum
2830 2680 3110 2752 membru.

711 2770 1228 2860 compatiuntur
1259 2772 1488 2841 omnia
1541 2771 1896 2842 membra:
1950 2773 2042 2841 ita
2098 2771 2304 2842 etiam
2350 2794 2510 2842 cum
2559 2771 2976 2863 glorificatur
3005 2778 3108 2834 ηοω

711 2858 1128 2959 membrum,
1180 2858 1618 2961 congaudent
1663 2860 1892 2931 omnia
1947 2860 2280 2930 membra.
2317 2865 2438 2931 Per
2468 2859 2648 2930 idem
2697 2874 2961 3016 temFus
2998 2863 3106 2923 cort!
3183 2938 3184 2943 Ἰ

709 2951 762 3017 E
813 2947 1090 3035 iscopis,
1138 2947 1265 3017 hoc
1314 2947 1414 3017 illi
1437 2948 1871 3038 jubentibus,
1924 2949 2045 3036 qui
2096 2948 2483 3035 plenarium
2533 2952 2744 3021 totius
2776 2953 2822 3017 A
2857 2948 3104 3016 ricem·
3183 2954 3184 2981 ³

708 2969 948 3135 cilium
986 3035 1300 3135 Hippone
1331 3036 1646 3137 agebant,
1677 3037 1763 3107 de
1794 3036 1929 3108 fide
1962 3052 2028 3109 et
2058 3038 2397 3128 symbolo,
2441 3040 2796 3128 presbyter
2828 3028 3108 3110 adum-1¹¹·
3183 3066 3184 3081 ³

709 3138 1033 3215 gusttnus
1067 3123 1466 3215 disputavit.
3063 3200 3072 3210 ,

794 3213 949 3299 §Q
1004 3211 1127 3281 Ille
1177 3235 1330 3283 vero
1365 3214 1606 3284 beatus
1656 3235 1858 3284 senex
1894 3214 2238 3296 Valerius,
2292 3214 2579 3286 caeteris
2624 3224 2704 3283 ex
2754 3213 2882 3282 hoc
2941 3198 3124 3296 amttlt!1⁵

710 3299 1050 3382 exultans,
1088 3314 1154 3371 et
1184 3307 1313 3372 Deo
1362 3303 1619 3393 gratias
1666 3324 1878 3393 agens
1901 3302 1987 3373 de
2027 3325 2352 3375 concesso
2383 3303 2520 3374 sibi
2566 3302 2851 3392 speciali
2889 3292 3128 3395 benpfimu.

702 3400 1005 3459 metuere
1051 3391 1291 3480 coepit.
1334 3405 1411 3460 ut
1455 3403 1557 3460 est
1596 3391 1947 3462 humanus
1993 3392 2299 3475 animus,
2349 3413 2431 3461 ne
2477 3393 2566 3461 ab
2613 3390 2749 3460 alia
2800 3389 3046 3460 ecclesia
3071 3396 3130 3446 82‘

705 3476 947 3547 cerdos
996 3480 1327 3567 probatus
1373 3479 1459 3548 ad
1510 3479 1995 3570 Episcopatum
2047 3495 2511 3568 quaereretur,
2564 3491 2628 3549 et
2661 3481 2793 3553 sibi
2833 3477 3135 3547 auferretur·

704 3569 872 3636 Nam
923 3579 987 3637 et
1028 3567 1094 3636 id
1155 3568 1620 3659 provenisset,
1683 3568 1817 3638 nisi
1861 3583 1930 3637 et
1978 3569 2104 3639 hoc
2148 3569 2326 3646 idem
2381 3569 2764 3660 Episcopus
2803 3563 3060 3656 cognito.
3092 3545 3136 3620 ²⁴¹

699 3653 930 3726 locum
984 3670 1323 3727 secretum
1390 3679 1549 3727 eum
1597 3659 1891 3727 transire
1932 3672 2264 3739 curasset,
2341 3657 2891 3742 occultatumque
2946 3658 3141 3732 aqu&

697 3743 1011 3814 rentibus
1055 3744 1340 3814 minime
1371 3744 1664 3814 inveniri
1715 3745 2007 3815 fecisset.
2063 3746 2254 3817 Unde
2285 3745 2590 3836 amplius
2635 3742 2992 3839 formidans
3028 3731 3141 3804 idem

696 3832 1112 3904 venerabilis
1162 3855 1390 3917 senex,
1440 3847 1506 3903 et
1537 3834 1764 3903 sciens
1812 3857 1884 3904 se
1930 3858 2216 3925 corpore
2261 3848 2327 3906 et
2379 3848 2598 3904 aetate
2639 3832 3142 3911 infirmissimum„

699 3921 837 4012 egit
887 3921 1166 3993 secretis
1216 3921 1432 3992 literis
1488 3923 1674 4011 apud
1748 3924 2112 3994 Primatem
2187 3923 2599 4013 Episcopum
2652 3920 2824 3993 sedis
2875 3911 3145 4007 Carthagt·

702 4009 959 4090 nensis,
1013 4010 1323 4101 allegans
1372 4010 1908 4081 imbecillitatem
1956 4013 2265 4101 corporis
2331 4012 2463 4093 sui,
2522 4011 2879 4096 aetatisque
2911 4007 3148 4102 granta·

704 4110 866 4180 tem,
901 4112 966 4168 et
1003 4101 1395 4179 obsecrans,
1434 4112 1509 4168 ut
1538 4099 1962 4191 Hipponensi
1996 4101 2338 4171 Ecclesiae
2369 4100 2797 4177 ordinaretur
2815 4099 3034 4182 Epnsco
3080 4102 3145 4153 us,

703 4188 1018 4274 quisuae
1039 4188 1403 4281 cathedrae
1445 4209 1578 4256 non
1605 4188 1752 4278 jam
1797 4188 2211 4270 succederet,
2246 4188 2364 4259 sed
2399 4185 2846 4261 consacerdos
2874 4198 2979 4280 acc
3056 4180 3151 4239 ere*

706 4276 1155 4366 Augustinus.
1208 4282 1394 4360 Quae
1443 4277 1656 4367 igitur
1688 4277 1926 4347 beatus
1975 4277 2282 4347 Valerius
2329 4279 2586 4367 optavit
2625 4288 2689 4346 ct
2737 4278 2985 4368 rogam,
3024 4262 3150 4330 sata·

714 4385 884 4453 gens
918 4365 1251 4454 rescripto
1292 4365 1704 4456 impetravit.
1767 4370 1922 4436 Post
1966 4388 2175 4457 quam
2237 4366 2627 4458 petitionem
2678 4363 2762 4434 ad
2811 4347 3149 4428 visitandum
