3308 5004
176 349 334 416 ΑΗΘ.
387 348 412 413 t
997 363 1079 410 nr.
1127 362 1185 409 s.
1237 361 1512 411 manno
1558 362 1842 413 ascenso
2529 347 2616 414 67

176 471 471 541 magnum
522 447 726 520 nobis
757 446 1163 535 relinquens
1187 446 1511 518 solatium
1550 460 1757 536 atque
1788 448 2188 529 consilium,
2229 469 2349 549 per
2390 448 2483 531 id,
2516 448 2703 537 quod

177 541 233 610 in
260 539 614 629 semetipsa
660 557 867 627 opere
900 536 1249 626 passionis
1299 536 1635 626 probavit.
1672 538 1863 620 Quod
1915 538 2081 609 filiis
2116 538 2339 608 valido
2386 560 2707 610 sermone

182 638 602 718 persuaserat,
654 639 734 697 ut
776 625 1220 697 corroborata
1274 625 1539 707 anima,
1590 639 1657 696 et
1703 627 1991 697 sublimi
2049 647 2258 698 sensu
2315 627 2654 698 instructa
2683 681 2700 710 ,

181 716 388 787 audeat
432 738 676 786 omnes
709 713 983 817 ingredi
1032 715 1415 805 passioneS,
1447 726 1513 784 et
1549 715 1787 786 omnia
1817 716 1959 786 sive
1995 728 2519 799 tormentorum,
2557 717 2703 787 sive

177 805 630 877 discriminum
689 803 1073 875 vistbilium
1118 804 1302 875 dura
1348 816 1815 875 contemnere.
1881 805 2052 888 Quis
2097 806 2283 875 enim
2338 806 2463 887 vir,
2526 827 2707 893 quae

175 894 415 976 mulier,
450 894 614 982 quis
651 893 909 974 senior,
962 904 1083 962 aut
1139 894 1300 981 quis
1341 892 1668 983 juvenis,
1737 892 2096 964 decaetero
2158 894 2430 965 veniam
2534 895 2708 966 ossit

168 984 478 1075 accipere,
512 992 635 1053 aut
670 982 1182 1054 excusationem
1219 981 1473 1052 habere
1506 980 1902 1083 fragilitatis
1933 982 2286 1063 carnis,·et
2317 983 2469 1053 timi
2523 983 2707 1054 itatis

167 1072 512 1152 humanae,
550 1072 615 1142 si
645 1084 925 1162 propter
948 1070 1297 1143 Christum
1333 1071 1469 1141 sibi
1497 1070 1809 1161 pericula
1836 1072 2062 1142 videat
2110 1070 2385 1141 inferri:
2422 1071 2707 1159 quando

164 1160 393 1232 mulier
447 1173 800 1232 senectute
848 1159 1198 1242 confecta,
1263 1170 1330 1231 et
1369 1173 1717 1231 tantorum
1776 1160 2085 1231 filiorum
2139 1172 2379 1240 mater,
2431 1172 2498 1230 et
2545 1172 2704 1230 ante

163 1262 410 1340 tempus
454 1250 720 1341 gratiae
773 1269 1186 1340 congressa,
1258 1248 1596 1320 sustinuit
1665 1249 1904 1320 multis
1973 1248 2280 1319 virorum
2333 1270 2455 1339 per
2520 1249 2704 1319 idem

165 1349 411 1430 tempus
462 1350 651 1411 metu
682 1338 928 1408 mortis
978 1337 1331 1421 inclinatis
1378 1338 1450 1406 in
1500 1337 1863 1428 sacrilegia
1899 1337 2254 1429 perfidiae,
2297 1338 2598 1409 necdum
2631 1338 2703 1407 in

164 1428 411 1497 Domini
451 1427 826 1498 Salvatoris
874 1425 1173 1497 adventu
1211 1426 1509 1498 extincto
1560 1439 1863 1517 peccato,
1902 1448 2124 1514 neque
2161 1440 2377 1497 morte
2411 1426 2701 1509 devicta,

161 1517 348 1587 tantis
392 1515 655 1587 animis
687 1527 753 1585 et
802 1526 987 1586 tanta
1023 1515 1291 1596 virtute,
1347 1528 1570 1586 tantas
1622 1529 1901 1606 propter
1944 1518 2151 1586 [teum
2198 1537 2454 1607 poenas
2493 1515 2706 1587 susti-

162 1605 382 1676 nuisse
427 1604 766 1685 cernitur,
818 1617 886 1675 et
925 1605 1169 1676 vicisse
1198 1627 1279 1675 co
1332 1605 1665 1686 noscitur,
1714 1618 1790 1675 ut
1826 1604 2295 1696 evangelicam
2349 1603 2710 1695 perfectio-

162 1714 298 1763 nem
348 1695 418 1764 in
473 1693 905 1784 temporibus
940 1693 1111 1784 legis
1142 1693 1287 1784 imp
1318 1693 1575 1763 everit?

231 1785 267 1883 ξ
307 1790 461 1857 12.
521 1782 714 1853 Unde
760 1782 931 1855 haec
969 1804 1133 1873 ergo
1186 1782 1421 1853 omnia
1459 1783 1879 1872 cogitantes,
1931 1795 2000 1851 et
2047 1781 2397 1863 mulieres,
2449 1794 2516 1852 et
2546 1780 2701 1864 viri,

157 1880 213 1971 et
231 1892 549 1961 juvenes,
569 1884 636 1942 et
665 1892 887 1953 senes,
916 1870 1310 1971 exemplum
1344 1872 1588 1961 agonis
1623 1871 1857 1972 liujus,
1891 1883 2381 1958 tantorumque
2404 1869 2473 1939 in
2510 1870 2702 1954 filiis,

153 1981 212 2029 in
249 1973 464 2031 matre
514 1960 1006 2041 luctaminum,
1052 1972 1234 2030 sicut
1275 1960 1344 2029 in
1396 1960 1658 2042 tabula,
1705 1975 1796 2030 tta
1837 1961 1910 2031 in
1945 1959 2154 2029 corde
2195 1971 2418 2031 vestro
2445 1959 2708 2030 descri-

157 2048 301 2130 bite,
343 2048 634 2119 assidua
683 2049 1044 2126 vobiscum
1084 2049 1566 2120 exercitatione
1622 2047 2080 2136 meditamini.
2129 2053 2374 2119 Contra
2426 2069 2705 2121 omnem

156 2137 618 2226 spiritualium
668 2137 1114 2208 inimicorum
1180 2153 1605 2208 armaturam
1659 2138 1851 2208 illius
1901 2137 2302 2228 patientiam
2358 2158 2707 2228 propona-

159 2247 298 2296 mus
325 2227 412 2297 ad
460 2227 758 2297 invictae
808 2226 1081 2297 virtutis
1127 2226 1548 2327 exemplum,
1586 2239 1666 2296 ut
1711 2227 1917 2297 isthic
1951 2226 2385 2299 aemulantes
2432 2224 2705 2296 fortitu-

156 2312 370 2386 dinem
403 2327 810 2387 sanotorum
847 2314 1152 2396 illorum,
1186 2315 1510 2387 similiter
1539 2315 1683 2385 illic
1710 2337 1951 2386 eorum
1992 2336 2320 2386 coronam
2353 2315 2707 2405 possimus

158 2402 462 2494 adipisci.
518 2409 860 2487 Quantam
896 2403 1002 2474 illi
1050 2404 1448 2495 patientiam
1476 2405 1544 2474 in
1578 2404 1909 2495 periculis
1948 2402 2434 2493 corporalibus
2474 2417 2706 2474 osten-

158 2489 414 2577 derunt,
465 2506 728 2566 tantam
778 2514 909 2564 nos
968 2493 1037 2563 in
1094 2493 1536 2584 passionibus
1611 2491 2133 2565 irrationalibus
2197 2490 2704 2563 continentiam

158 2579 747 2654 demonstremus:
801 2581 871 2652 id
921 2594 1024 2653 est
1067 2595 1306 2654 contra
1355 2583 1529 2653 iram
1578 2596 1645 2654 et
1693 2583 2078 2663 avaritiam,
2135 2581 2236 2651 vel
2271 2581 2505 2651 inanis
2553 2580 2706 2671 glo-

159 2669 280 2740 riae
302 2671 947 2762 concupiscentiam
981 2671 1217 2742 divino
1250 2671 1495 2744 timore
1524 2672 1798 2752 muniti,
1840 2670 2164 2743 sensibus
2199 2682 2697 2761 repugnanteS,

157 2772 213 2858 et
250 2761 549 2833 consilia
578 2759 839 2831 diaboli
870 2759 1301 2831 destruentes
1330 2762 1402 2831 in
1431 2760 1654 2832 nobis.
1695 2761 1763 2831 Si
1788 2760 1973 2830 enim
2005 2758 2472 2849 cupiditatum
2508 2758 2708 2850 ignes
2779 2831 2786 2839 ,

158 2850 564 2923 vicerimus:
610 2850 792 2926 sicut
836 2848 941 2920 illi
981 2848 1372 2940 tyrannidis
1419 2849 1651 2940 ignem
1695 2849 2029 2929 vicerunt,
2078 2849 2459 2938 poterimus
2498 2848 2704 2937 juxta

159 2935 330 3025 ipsos
372 2952 442 3010 et
506 2951 800 3018 matrem
847 2957 1115 3020 eorum,
1180 2938 1332 3029 pari
1375 2938 1598 3028 gloria
1670 2937 2028 3008 constituti
2095 2937 2365 3009 similes
2433 2935 2701 3008 haberi.

160 3027 381 3098 Potens
424 3041 670 3099 autem
709 3039 814 3100 est
845 3032 1026 3104 Deus
1070 3039 1149 3097 ut
1196 3038 1492 3118 praestet
1538 3049 1668 3098 nos
1704 3048 1947 3099 omnes
1982 3045 2104 3117 per
2147 3025 2462 3097 eamdem
2496 3024 2707 3098 fidem

161 3113 236 3182 ad
278 3114 856 3206 paremgloriam
910 3116 1311 3206 pervenire:
1367 3138 1490 3206 per
1524 3116 1940 3188 ‘charitatem
1981 3129 2050 3186 et
2095 3116 2388 3207 gratiam
2431 3112 2707 3185 Domini

163 3205 354 3274 nostri
399 3211 576 3284 Jesu
615 3204 888 3285 Christi,
930 3226 1052 3294 per
1095 3227 1301 3292 quem
1352 3218 1418 3275 et
1448 3226 1609 3276 cum
1657 3227 1799 3293 quo
1833 3215 1940 3275 est
1985 3209 2120 3275 Deo
2149 3203 2332 3275 Patri
2383 3223 2702 3293 regnum,

162 3289 381 3452 ffiria,
418 3314 593 3451 cut}
643 3293 906 3383 Spiritu
953 3297 1225 3378 Sancto,
1278 3305 1345 3364 et
1390 3316 1581 3365 nuno
1627 3306 1695 3363 et
1742 3314 2040 3383 semper,
2093 3305 2160 3362 et
2208 3293 2278 3363 in
2329 3291 2565 3365 secula
2599 3312 2708 3363 se-

260 3402 487 3465 orum,
600 3403 783 3454 men.

717 3625 956 3728 VITA
1021 3626 1120 3728 Β.
1191 3620 1620 3728 FRIARDl
1697 3623 2136 3728 RECLUSI

236 3863 522 3915 Anci-ont
568 3866 627 3915 s.
678 3863 999 3916 carisomo
1046 3865 1429 3920 ‘ruamus-1.
1475 3845 1593 3914 lib.
1636 3844 1721 3913 de
1767 3845 1910 3913 Vita
1958 3845 2266 3923 Patr-unt,
2308 3864 2458 3934 cap.
2505 3846 2614 3911 to.

618 4005 942 4077 warewit
983 4021 1164 4065 anno
1205 4009 1325 4065 577
1364 4038 1444 4050 -
1482 4008 1540 4065 Ε
1579 4002 1937 4064 Britannia
1977 4004 2251 4063 Minori.

237 4185 275 4271 ξ
316 4192 392 4261 1.
449 4188 650 4260 Multi
687 4188 998 4277 variique
1045 4200 1209 4259 sunt
1245 4189 1530 4279 gradus,
1585 4210 1710 4281 per
1752 4209 1931 4275 quos
1963 4186 2050 4257 ad
2089 4184 2441 4256 coelorum
2491 4205 2709 4276 regna

153 4277 669 4367 enascentium,
712 4278 799 4351 de
843 4277 1127 4366 quibus,
1178 4279 1553 4368 utopinor‚
1592 4290 1662 4348 et
1688 4275 1899 4348 David
1947 4275 2141 4356 dicit,
2183 4275 2347 4362 quia
2377 4295 2711 4345 ascensus
2803 4291 2808 4302 ’

182 4377 237 4428 ln
270 4365 471 4436 corde
513 4367 769 4459 posuit.
799 4367 1254 4458 Accipiuntur
1280 4389 1445 4458 ergo
1492 4367 1565 4437 hi
1663 4365 1899 4447 radus,
1938 4364 2368 4437 diversorum
2418 4383 2708 4455 operum

183 4447 251 4517 &d
290 4454 558 4527 cultum
604 4455 920 4527 divinum
974 4455 1362 4546 profectus:
1417 4467 1485 4526 et
1532 4390 1774 4527 nuqlus
1821 4455 1892 4525 in
1951 4454 2062 4528 his
2123 4474 2441 4545 gressum
2491 4452 2711 4543 figere
