3308 5004
182 350 327 417 AUG.
369 350 408 413 2
850 367 927 415 m:
976 367 1033 416 s.
1085 366 1412 417 Atruouso
1461 369 1527 416 ι.
1582 369 1663 415 ns
1710 367 1960 417 mcotuo
2086 362 2094 369 '
2492 352 2577 417 83

176 453 295 533 Ibi,
352 450 532 521 brevi
582 472 749 523 suae
803 452 1376 542 peregrinationis
1437 452 1647 523 finem
1699 466 2064 523 venturum
2115 474 2265 522 esse
2316 453 2659 543 sperabat.

177 546 605 611 Verumtamen
657 539 998 612 incolatus
1045 541 1194 627 ejus
1233 541 1530 611 multum
1566 541 1798 612 adhuc
1838 541 2234 633 prolongari
2283 541 2557 623 debuit;
2601 552 2669 612 et

175 628 491 700 duodecim
544 642 895 720 praeterea
930 631 1097 700 anni
1131 631 1200 699 in
1242 630 1418 701 duro
1450 630 1652 701 exilio
1683 630 1745 699 ei
1774 642 1969 701 erant
2017 629 2357 700 trahendi.
2394 633 2668 722 Quippe

180 718 230 786 in
272 718 368 787 Dei
404 731 551 787 erat
597 717 913 799 decretis»,
967 732 1041 789 ut
1080 719 1494 810 Alphonsu8‚
1532 719 1618 789 ad
1659 719 2050 810 exemplum
2087 719 2521 790 dilectissimi
2554 720 2668 789 sui

182 807 455 896 Magistri,
494 807 598 875 vir
627 805 944 876 dolorum
985 807 1370 878 efficeretur
1399 863 1415 891 ,
1467 821 1672 896 atque
1706 809 2017 878 omnium
2055 808 2506 879 acerbitatum
2557 830 2670 879 ca·-

180 894 330 965 licem
375 916 598 984 usque
629 895 715 965 ad
757 894 1011 966 faecem
1060 897 1475 968 exhauriret.
1782 944 1817 985 0

172 1033 342 1100 Cum·
383 1035 490 1100 1v.
540 1031 920 1121 Alphonsus
948 1085 964 1113 ,
1032 1031 1303 1101 dimisso
1350 1035 1405 1101 Ε
1452 1032 1756 1122 iscopatu
1785 1086 1800 1112 ‚
1868 1032 1960 1100 ad
2013 1054 2167 1101 suos
2213 1034 2522 1101 alumnos
2567 1054 2673 1101 re-

234 1122 521 1200 vertitur,
565 1130 628 1188 et
658 1129 884 1189 sancte
931 1122 1001 1189 in
1040 1122 1315 1190 Domino
1346 1143 1383 1190 o
1427 1121 1694 1189 dormit.

236 1249 268 1336 ξ
307 1255 379 1322 1.
432 1248 560 1319 Ubi
585 1248 977 1338 Alphonsus
1001 1250 1360 1321 Nuceriam
1393 1254 1827 1340 Paganorum
1859 1248 1944 1318 ad
1973 1271 2135 1320 suos
2163 1247 2293 1318 fuit
2326 1270 2662 1329 reversuS,

166 1358 308 1407 novo
349 1337 831 1408 exstimulante
879 1338 1147 1429 pietatis
1194 1338 1460 1420 ardore,
1498 1337 1669 1408 nihil
1716 1338 1936 1427 magis
1970 1337 2161 1407 cordi
2197 1337 2445 1407 habere
2479 1338 2668 1407 visus

164 1439 264 1508 est,
297 1448 495 1513 quam
549 1438 626 1495 ut
657 1426 743 1495 ad
793 1449 873 1496 ea
919 1428 1176 1508 omnia,
1230 1450 1407 1515 quae
1446 1427 1531 1496 ad
1583 1427 1975 1517 religiosam
2018 1426 2224 1495 vitam
2279 1426 2662 1515 pertinent,

163 1536 219 1582 se
257 1537 492 1586 rursus
545 1527 759 1585 totum
812 1515 1228 1587 transferret.
1300 1521 1485 1599 Quae
1550 1516 2001 1606 praecipuum
2050 1513 2208 1602 ejus
2256 1513 2672 1605 episcopalis

163 1603 365 1692 palatii
410 1617 895 1675 ornamentum
948 1603 1191 1686 fuerat,
1256 1605 1422 1676 haec
1470 1604 1710 1675 eadem
1764 1604 1891 1694 ipsi
1945 1603 2448 1673 amabilissima
2504 1626 2673 1692 pau-

161 1705 354 1780 pertas
382 1691 704 1762 ultimam
736 1693 888 1781 ejus
940 1692 1467 1775 habitationem,
1504 1716 1681 1781 quae
1729 1693 2005 1763 duobus
2049 1692 2273 1762 solum
2323 1692 2672 1762 cubiculis

157 1780 504 1857 constabat.
543 1780 746 1850 unice
774 1780 1156 1852 adornavit.
1201 1784 1471 1873 Quippe
1505 1783 1619 1851 Dei
1661 1805 1893 1852 amore
1933 1782 2238 1861 saucius,
2276 1779 2449 1849 nihil
2482 1794 2672 1850 extra

158 1888 289 1937 eum
338 1870 748 1960 appetebat;
805 1870 1073 1960 ipsique
1138 1883 1405 1941 terrena
1463 1872 1700 1941 omnia
1760 1870 2150 1940 sordebant.
2215 1869 2668 1960 Episcopatus

157 1956 344 2046 igitur
382 1958 676 2049 negotiis
725 1958 1123 2048 expeditus,
1196 1959 1482 2029 multam
1534 1982 1613 2030 ex
1672 1960 1834 2029 hinc
1902 1958 2227 2049 temporis
2277 1971 2537 2049 partem
2595 1958 2661 2027 in

157 2067 480 2115 sacrorum
537 2047 873 2117 librorum
927 2047 1236 2129 lectione,
1286 2049 1352 2117 in
1390 2071 1618 2119 rerum
1653 2048 2048 2117 divinarum
2095 2046 2674 2138 contemplatione

156 2135 578 2217 traducebat;
633 2148 697 2206 et
747 2137 1145 2226 praesertim
1204 2137 1274 2206 in
1330 2137 1703 2207 fundendis
1755 2136 2076 2227 precibus
2125 2159 2353 2206 coram
2408 2141 2510 2206 Ss.
2565 2135 2668 2204 Al-

158 2224 299 2294 taris
348 2229 815 2305 SacramentQ
869 2225 952 2295 ad
1003 2225 1186 2313 quod
1236 2228 1428 2295 omni
1477 2226 1805 2297 suavitate
1857 2224 2279 2315 plenissimis
2329 2224 2674 2294 illecebris

153 2312 623 2384 attrahebatur.
679 2313 1045 2402 Reliquum
1098 2336 1252 2384 vero
1291 2328 1584 2405 tempus,
1627 2328 1771 2384 tum
1806 2336 1971 2383 suae
2003 2314 2341 2402 regendae
2375 2318 2671 2404 Congre-

156 2401 413 2488 gationi,
462 2415 607 2472 tum
664 2403 854 2472 novis
893 2403 1415 2473 conscribendis
1462 2402 1659 2472 libris
1714 2403 1807 2471 im
1864 2402 2178 2472 endebat.
2237 2402 2433 2470 Enim
2487 2424 2667 2483 vern,

155 2489 413 2579 perinde
462 2515 543 2561 ac
591 2490 649 2561 si
698 2491 1325 2583 flagrantissimus,
1380 2515 1514 2580 quo
1575 2506 1810 2562 aestua
1865 2506 1976 2572 at,
2029 2491 2421 2561 animarum
2481 2490 2672 2561 zelus

158 2581 380 2649 mentis
427 2582 585 2669 ejus
633 2580 1053 2651 alacritatem
1101 2581 1406 2668 quotidie
1452 2596 1772 2671 augeret,
1829 2581 2184 2670 scriptoris
2244 2601 2530 2649 munere
2579 2579 2674 2649 ita

154 2664 326 2758 fungi
379 2670 859 2760 perseveravit,
912 2682 1012 2750 ut,
1068 2669 1166 2739 vel
1218 2669 1287 2739 in
1337 2693 1613 2739 summa
1663 2681 2029 2750 senectute,
2093 2667 2294 2758 plura
2341 2689 2550 2759 opera
2599 2669 2669 2735 in

156 2754 351 2826 lucem
401 2758 658 2828 ederet.
1054 2823 1059 2828 .

224 2847 257 2932 ξ
306 2852 392 2917 ².
450 2845 583 2917 Sed
632 2858 697 2916 et
746 2859 1015 2937 tempus
1060 2846 1484 2917 zelosissimo
1531 2846 1677 2915 viro
1727 2844 2108 2936 superfuit,
2155 2842 2335 2931 quod
2388 2866 2673 2913 conver-

154 2932 308 3002 sioni
355 2935 1027 3023 sanctificationique
1056 2935 1448 3005 animarum
1482 2948 1548 3005 et
1582 2935 2076 3026 praedicationi
2107 2933 2305 3003 Verbi
2341 2932 2455 3003 Dei
2504 2955 2671 3003 con-

153 3037 445 3094 secraret.
502 3025 675 3104 Voti,
711 3023 896 3112 quod
934 3025 1000 3093 in
1038 3024 1366 3094 honorem
1404 3024 1730 3115 Deiparae
1756 3024 2057 3114 Virginis
2095 3023 2440 3103 emiserat,
2487 3044 2669 3092 nun-

153 3130 334 3195 quam
393 3114 811 3193 immemor,
864 3113 1161 3204 singulis
1225 3113 1527 3185 sabbatis
1574 3135 1611 3183 e
1674 3126 2003 3203 suggestu
2051 3112 2135 3181 ad
2200 3111 2536 3202 populum
2584 3111 2673 3181 de

153 3195 453 3271 laudibus
505 3200 832 3271 Marianis
902 3201 1216 3282 dicebat;
1296 3202 1605 3289 nihilque
1676 3224 1916 3272 eorum
1983 3200 2378 3282 omittebat,
2447 3200 2676 3286 inquit

156 3288 396 3373 primus
426 3291 585 3380 ejus
634 3289 1058 3380 biographus
1088 3296 1283 3360 Pater
1314 3291 1639 3381 Tannoja,
1696 3290 1955 3377 quibus
2003 3312 2165 3379 erga
2196 3288 2503 3357 divinam
2538 3294 2675 3358 Ma-

156 3386 295 3445 trem
348 3380 701 3469 pietatem,
754 3393 818 3448 et
865 3400 1167 3449 amorem
1218 3401 1381 3470 erga
1428 3385 1667 3450 Jesum
1719 3384 2239 3448 Sacramentum
2293 3375 2550 3446 factum
2603 3377 2673 3446 in

154 3465 452 3539 cordibus
504 3467 816 3537 fidelium
848 3468 1370 3542 excitaret-,Hoc
1402 3468 1606 3537 etiam
1645 3480 1973 3557 tempore,
2012 3490 2090 3535 ex
2124 3466 2406 3556 ingenti,
2460 3486 2673 3551 quam

158 3554 402 3625 Voltarii
429 3558 695 3648 scripta
720 3556 1088 3637 animabus
1129 3555 1532 3638 inferebant,
1572 3556 1775 3625 ruina
1799 3555 2243 3625 acerbissime
2275 3553 2670 3632 afflictatus,

157 3645 554 3716 sacerdotem
611 3650 942 3716 Nonnotte
993 3667 1112 3735 per
1155 3645 1517 3746 epistolam
1567 3645 1759 3725 adiit,
1815 3645 2250 3715 vehementer
2298 3643 2676 3713 adhortans

160 3744 217 3798 ut
256 3732 318 3800 in
368 3734 567 3804 illam
638 3734 933 3804 humani
993 3755 1266 3824 generis
1336 3733 1709 3825 perniciem
1760 3755 1840 3803 ac
1893 3733 2348 3804 certissimam
2415 3743 2674 3821 pestem

156 3820 719 3893 confutationibus
766 3824 914 3893 suis
952 3835 1228 3894 strenue
1264 3845 1573 3914 pugnare
1608 3833 1941 3914 pergeret.
1988 3823 2166 3906 Quin
2207 3835 2271 3890 et
2311 3819 2396 3889 ad
2438 3820 2670 3919 ipsum

162 3908 533 3993 Voltarium,
586 3934 791 3998 quem
845 3912 911 3982 in
946 3912 1195 3982 melius
1234 3934 1641 3983 conversum
1678 3910 2012 3993 audierat,
2051 3910 2311 3981 litteras
2350 3908 2671 4008 scripsit;

164 4014 303 4079 quas
330 4013 592 4081 tamen,
638 3999 833 4070 illum
870 4001 1336 4072 conversionis
1366 4022 1713 4071 rumorem
1745 3998 1993 4069 falsum
2028 4022 2176 4071 esse
2209 4019 2668 4086 compertenS,

170 4103 273 4152 non
335 4088 713 4159 mittendas
760 4089 1042 4178 putavit.
1093 4089 1269 4172 Quid
1335 4089 1591 4189 plura?
1639 4089 1840 4158 Senio
1890 4088 2048 4158 licet
2108 4111 2187 4157 ac
2244 4085 2678 4177 gravissimis

172 4176 390 4248 morbis
427 4177 866 4260 confractuS,
918 4201 1000 4248 ex
1047 4199 1173 4248 suo
1222 4178 1527 4247 divinam
1576 4177 1869 4269 gloriam
1919 4174 2396 4267 amplificandi
2448 4175 2678 4245 studio

174 4266 330 4343 quasi
362 4267 821 4356 juvenescere
871 4267 1230 4338 videbatur
1275 4266 1689 4357 Alphonsus,
1743 4265 1829 4336 iis
1876 4267 2201 4336 omnibus
2264 4264 2679 4334 incumbens

178 4351 428 4452 assidue,
483 4355 747 4444 quibus
792 4356 1187 4427 animarum
1227 4355 1518 4426 salutem
1568 4353 2049 4441 Ecclesiaeque
2087 4355 2348 4426 bonum
2400 4375 2678 4445 promo-

182 4455 282 4510 veri
317 4466 517 4534 posse
552 4443 893 4516 credebat.
