3308 5004
657 304 783 372 ⁴66
1325 294 1328 297 ’
1375 320 1457 368 mi
1502 321 1558 367 S.
1608 320 1780 369 Ara».
1824 320 1901 368 rr
1947 318 2147 372 sociis
2192 320 2308 369 mi·
2826 273 3015 370 KUG.
3065 304 3104 378 5

567 429 643 477 se
676 403 1095 486 transferret.
1141 403 1322 475 Fecit
1353 404 1468 474 ille
1515 404 2018 476 libentissime:
2060 425 2364 492 cumque
2396 425 2478 480 eo
2507 404 2824 486 venisset,
2860 405 2926 474 in
2982 426 3112 475 ens

570 495 712 566 illic
739 494 1071 586 gaudium
1100 493 1317 564 extitit
1338 506 1406 563 et
1427 494 1871 584 compunctio
1898 493 2235 574 cordium,
2269 493 2540 564 Hilaria.
2567 493 2690 563 diu
2723 492 2808 563 ad
2822 516 2932 563 mo
2987 515 3108 568 um

568 585 790 656 sancti
823 583 1139 674 Episcopi
1174 582 1382 672 pedes
1422 594 1694 653 tenente
1721 595 1926 671 atque
1958 582 2264 653 dicente:
2301 606 2338 651 «
2376 582 2669 653 Obsecro
2702 595 2764 652 te
2797 582 3105 664 domine,

566 685 644 743 ut
671 694 875 743 cures
905 693 1013 741 me
1052 672 1374 742 mundari
1408 694 1448 740 a
1484 672 1781 761 p‘eccatis
1829 671 2026 742 ineis.
2057 695 2103 752 ‚»
2138 671 2258 741 Cui
2306 671 2406 743 sic
2455 670 2810 762 respondit
2834 676 2903 742 S.
2943 675 3112 741 Nar-

565 762 834 834 cissus:
869 766 1068 831 Beata
1094 773 1199 830 est
1221 760 1391 830 fides
1426 774 1566 842 tua,
1600 782 1780 848 quae
1808 773 1966 831 ante
1994 759 2225 843 etiam,
2255 782 2464 848 quam
2507 760 2786 833 audires
2819 760 3112 830 verbum

569 850 710 930 Dei,
764 849 1139 934 credidisti,
1179 849 1543 940 ipsamque
1576 850 1924 920 veritatem
1979 849 2117 930 Dei,
2168 871 2376 936 quam
2423 869 2543 938 per
2583 850 2788 922 verba
2837 849 3114 939 praedi-

567 938 861 1012 cationis
896 939 1007 1008 vix
1052 951 1482 1040 cognoscunt
1527 938 1845 1025 homines
1875 992 1891 1018 ,
1945 939 2016 1007 in
2068 952 2182 1010 tua
2235 952 2459 1010 mente
2507 937 2836 1009 fundasti.
2889 942 3113 1026 Atque

569 1027 847 1109 idcirco,
897 1027 1065 1114 quia
1107 1027 1301 1096 video
1334 1050 1449 1098 vos
1477 1049 1627 1097 esse
1656 1048 1944 1115 capaces
1980 1027 2162 1096 verbi
2199 1028 2339 1108 Dei,
2384 1026 2718 1097 hodierna
2745 1026 2858 1096 die
2892 1025 3112 1098 simul

556 1117 878 1207 jejunare
925 1116 1231 1206 incipite,
1270 1128 1345 1185 ut
1380 1116 1768 1206 septimana
1801 1138 1944 1186 una
1978 1115 2271 1207 jejuniis
2302 1129 2367 1186 et
2408 1115 2732 1207 precibus
2761 1129 3109 1197 vacanteS,

569 1227 740 1297 puro
788 1204 993 1276 corde
1040 1205 1283 1276 audire
1408 1205 1595 1275 ssitis
1629 1206 1835 1277 verba
1874 1206 2047 1276 vitae
2083 1219 2422 1286 aeternae,
2465 1227 2642 1292 quae
2676 1204 2916 1275 vestris
2953 1205 3116 1274 aui-

569 1294 817 1365 mabus
877 1293 1170 1364 salutem
1239 1316 1274 1362 a
1334 1305 1551 1364 erant¹
1596 1293 2114 1384 sempiternam.
2193 1299 2283 1363 Eo
2334 1293 2603 1452 jetiunio
2664 1305 2942 1374 exactO,
2996 1292 3116 1363 die

569 1396 807 1454 octavo
872 1382 1321 1472 expiabimini
1383 1405 1421 1452 a
1458 1383 1756 1462 ,cunctis
1817 1383 2116 1473 peccatis
2161 1395 2238 1453 et
2279 1403 2390 1453 sce
2420 1383 2655 1453 eribus
2705 1382 2991 1453 vestris:
3043 1395 3119 1453 et

576 1485 742 1542 tunc
770 1471 962 1542 eritis
991 1471 1211 1542 instar
1249 1470 1646 1552 infantium,
1683 1472 1914 1543 omnis
1947 1471 2205 1560 peccati
2257 1493 2538 1560 prorsus
2569 1483 2901 1561 expertes.
2941 1470 3119 1541 Dicit

568 1561 634 1630 ei
666 1560 975 1630 Hilaria:
1029 1583 1065 1626 «
1097 1559 1163 1629 Si
1207 1559 1437 1647 jubes,
1490 1559 1793 1634 dicimus
1838 1561 2006 1648 quid
2055 1559 2524 1634 coluerimus:
2579 1574 2654 1630 tu
2687 1580 2842 1638 vero
2879 1559 3118 1648 profli-

566 1662 723 1737 gato
770 1670 999 1719 errore
1040 1661 1294 1730 nostre,
1349 1649 1517 1719 doce
1553 1650 1722 1737 quid
1773 1671 1976 1739 porro
2023 1648 2246 1719 colere
2291 1648 2692 1720 debeamus,
2729 1672 2764 1715 »
2816 1652 3120 1720 Sanctus

569 1738 929 1809 Narcissus
977 1738 1357 1828 Episcopus
1411 1739 1548 1808 ait:
1604 1743 1704 1808 Ita
1765 1739 2095 1809 nimirum
2158 1738 2497 1810 constabit
2593 1759 2747 1809 osse
2779 1748 2843 1805 te
2890 1737 3118 1809 susci-

568 1847 726 1983 pere
756 1881 773 1908 ‚
824 1825 1007 1914 quod
1058 1825 1280 1897 colere
1325 1827 1577 1897 debeas
1611 1882 1627 1909 ‚
1681 1827 1741 1898 si
1791 1827 1987 1918 prius
2032 1848 2112 1896 ex
2210 1849 2357 1906 nas,
2410 1827 2530 1915 qui
2632 1827 2965 1896 hactenus
2998 1846 3158 1916 co-¹

594 1915 801 1985 ueris.
856 1915 974 1985 Dic
1023 1915 1234 2006 igitur
1279 1915 1545 1986 cultum
1596 1928 1821 1997 tuum,
1875 1928 1943 1986 et
1977 1937 2102 1987 con
2167 1929 2303 1996 tere
2334 1916 2622 1987 Domino
2671 1914 3114 2002 iniquitatem

569 2017 783 2074 tuam.
2610 2053 2626 2065 ..

659 2100 696 2174 ἓ
747 2098 842 2165 θ.
893 2092 1153 2162 Hilaria
1201 2092 1416 2162 dixit:
1471 2116 1506 2159 «
1541 2097 1861 2163 Parentes
1925 2092 2060 2162 mei
2108 2092 2336 2183 Cyprii
2402 2090 2635 2171 fuere,
2686 2104 2892 2179 atque
2949 2091 3119 2163 inde

567 2182 707 2251 huc
753 2194 1085 2251 venerunt
1132 2204 1290 2252 cum
1342 2182 1561 2251 sacris
1607 2181 1909 2252 Veneris.
1964 2187 2189 2252 Venus
2234 2194 2463 2251 autem
2504 2179 2635 2250 coli
2688 2202 2819 2250 non
2860 2192 3114 2271 potest,

569 2269 701 2338 nisi
749 2270 836 2340 ab
884 2270 1025 2343 illis
1073 2270 1390 2340 foeminis
1425 2325 1440 2350 ‚
1513 2292 1693 2358 quae
1756 2292 1826 2341 se
1893 2271 2289 2342 scortationi
2334 2269 2519 2340 dent.
2575 2275 2669 2340 Ea
2722 2271 2937 2339 causa
2981 2291 3117 2360 ego

567 2358 778 2428 filiam
834 2381 1058 2429 meam
1108 2360 1324 2432 sacris
1372 2360 1650 2430 Veneris
1697 2358 1944 2441 dicavi,
1997 2372 2062 2429 et
2102 2372 2450 2447 tamquam
2491 2359 2659 2429 deae
2690 2358 2927 2427 Veneri
2963 2380 3117 2427 ser·-

567 2448 907 2530 vituram',
955 2461 1020 2520 et
1074 2448 1160 2519 de
1198 2469 1402 2540 opere
1445 2448 1827 2520 meretricio
1875 2462 2141 2539 gratam
2190 2449 2252 2520 ei
2295 2446 2626 2528 futuram,
2671 2447 2741 2517 in
2785 2446 3117 2538 lupanari

570 2559 718 2606 eam
770 2538 956 2608 volui
1007 2560 1283 2608 manere
1316 2593 1333 2621 ,
1401 2538 1493 2609 ita
1555 2537 1730 2608 mihi
1797 2537 2222 2628 persuadens
2256 2593 2272 2618 ‚
2328 2537 2692 2629 propitiam
2747 2536 2920 2605 mihi
2968 2536 3120 2607 fore

568 2632 920 2709 Venerem,
960 2628 1018 2698 si
1069 2626 1282 2697 filiam
1337 2649 1558 2697 meam
1610 2626 1828 2699 sacris
1857 2628 2011 2717 ejus
2056 2627 2381 2719 operibus
2419 2646 2890 2715 occupassem.
2938 2630 3116 2696 Nam

560 2738 697 2802 quo
731 2715 964 2805 plures
993 2716 1125 2807 sibi
1160 2728 1502 2787 amatores
1549 2715 1926 2786 conciliare
1959 2726 2177 2805 potest
2213 2715 2463 2785 mulier
2493 2714 2737 2784 Veneri
2771 2714 3116 2797 servienS,

565 2826 645 2875 eo
684 2805 1051 2894 gratiorem
1093 2826 1242 2874 eam
1276 2827 1426 2875 esse
1458 2804 1700 2874 Veneri
1734 2805 2119 2876 sacerdotes
2153 2805 2304 2886 ejus
2336 2802 2706 2873 affirmant.
2740 2825 2776 2870 »
2805 2801 3120 2873 Audiens

566 2897 732 2962 haec
772 2893 874 2961 vir
921 2894 1036 2963 Dei
1084 2893 1469 2974 Narcissus,
1522 2892 1885 2981 ingemuit,
1938 2907 2004 2965 et
2042 2892 2341 2963 fundens
2390 2893 2532 2962 lacr
2587 2913 2755 2973 mas,
2808 2890 2981 2961 dixit
3022 2890 3116 2963 ad

569 2982 942 3051 Diaconum
979 3003 1183 3052 suum
1223 3005 1237 3046 ι
1293 2986 1509 3072 Surge
1550 2980 1777 3062 frater,
1821 2981 2169 3070 ploremus
2203 2981 2402 3050 talem
2436 3004 2523 3052 cu
2559 2994 2735 3049 tum:
2785 3001 3120 3072 rogemus

571 3069 960 3152 Dominum,
1010 3082 1090 3138 ut
1138 3070 1254 3139 ubi
1307 3068 1687 3139 abundavit
1749 3069 2120 3157 iniquitas,
2173 3067 2693 3160 superabundet
2744 3080 2809 3138 et
2856 3069 3110 3160 gratia.

564 3163 870 3244 Cumque
919 3158 1174 3248 pariter
1219 3171 1531 3229 orassent
1577 3158 1958 3249 Episcopus
2004 3170 2069 3229 et
2116 3159 2480 3241 Diaconus,
2534 3171 2600 3228 et
2640 3157 2983 3247 lacrymas
3017 3158 3112 3228 ad

572 3246 931 3315 Dominum
983 3245 1370 3330 fudissent,
1433 3247 1758 3336 apparuit
1807 3247 2128 3337 Aethiops
2174 3247 2455 3335 quidam
2495 3302 2511 3329 ,
2572 3269 2773 3317 corvo
2824 3246 3106 3337 nigror,

567 3332 796 3405 nudus
841 3345 907 3404 et
953 3333 1278 3405 horridus
1312 3390 1327 3418 ,
1404 3334 1635 3426 leprae
1692 3337 1884 3407 sanie
1952 3350 2087 3407 toto
2149 3358 2433 3427 corpore
2479 3351 2772 3407 scatens.
2829 3340 2896 3405 Is
2943 3357 3110 3405 cum

570 3444 817 3513 magno
863 3423 1164 3510 quodam
1217 3424 1487 3514 mugitu
1537 3424 1672 3494 ait:
1745 3429 1794 3496 Ο
1844 3439 2078 3495 sancte
2139 3426 2451 3496 Narcisse
2499 3423 2833 3515 Episcope
2866 3479 2881 3505 ,
2935 3423 3112 3511 quid

564 3510 682 3581 iibi
736 3511 831 3582 rei
878 3513 1061 3602 apud
1115 3513 1286 3582 mihi
1335 3513 1676 3593 addictas,
1729 3514 1917 3605 apud
1965 3514 2257 3585 ancillas
2311 3536 2544 3595 meas,
2597 3535 2775 3600 quae
2823 3514 2894 3582 iii
2951 3534 3105 3583 meo

563 3620 836 3690 semper
868 3602 1141 3672 servitio
1180 3600 1417 3672 fuere?
1462 3607 1641 3672 Deus
1675 3612 1834 3674 tuus
1868 3603 2168 3673 mundas
2195 3602 2466 3673 animas
2504 3614 2569 3671 et
2602 3624 2776 3692 pura
2816 3623 3115 3692 corpora

562 3701 789 3771 amat,
841 3702 911 3758 et
955 3691 1294 3761 sacrificia
1357 3690 1724 3780 impolluta
1770 3690 2020 3783 diligit.
2073 3697 2214 3763 Hae
2262 3713 2418 3761 vero
2469 3712 2659 3760 meae
2715 3703 2918 3770 sunt,
2978 3712 3112 3760 nec

559 3776 845 3849 alterius
891 3801 1041 3851 esse
1089 3792 1399 3869 possunt.
1461 3780 1583 3851 Ubi
1644 3781 1922 3851 castitas
1963 3792 2249 3871 regnat,
2313 3780 2484 3849 illuc
2528 3801 2655 3868 ego
2706 3801 2841 3848 non
2897 3780 3103 3849 intro.

570 3866 691 3937 Ubi
739 3867 1121 3938 munditiae
1166 3880 1236 3939 et
1277 3869 1609 3940 castitatis
1673 3869 1960 3959 spiritus
2021 3869 2258 3950 adest,
2320 3868 2462 3937 illic
2510 3866 2737 3939 locum
2789 3890 2914 3957 ego
2966 3889 3106 3938 non

567 3956 856 4027 invenio.
912 3962 1012 4026 Tu
1042 3979 1198 4028 vero
1230 3956 1397 4044 quid
1433 3957 1546 4028 hic
1578 3959 1975 4049 aucuparis,
2029 3958 2152 4029 ubi
2201 3956 2439 4027 nullus
2472 3956 2766 4027 castitati
2797 3969 2863 4025 et
2900 3978 3109 4026 mun·

561 4045 768 4116 «litiae
825 4045 1020 4116 locus
1075 4049 1230 4117 est?
1279 4052 1410 4116 Cur
1465 4047 1602 4116 huc
1651 4046 1918 4137 ingredi
1971 4045 2292 4127 voluisti,
2362 4044 2482 4115 ubi
2532 4045 2892 4132 inquinata
2942 4059 3111 4115 sunt

562 4154 871 4234 (orpora,
906 4147 972 4204 et
1001 4134 1213 4205 animi
1250 4135 1544 4227 polluti?
1593 4140 1886 4206 Sanctus
1932 4136 2314 4215 Narcissus,
2360 4134 2542 4203 edito
2591 4134 2789 4224 signo
2838 4134 3100 4216 CruciS,

560 4221 731 4291 <lixit
758 4222 841 4291 ad
877 4223 1280 4294 daemonem
1317 4247 1331 4292 ε
1368 4224 1720 4314 Praecipio
1751 4224 1900 4305 tibi,
1939 4222 2300 4299 immunde
2329 4223 2661 4324 spiritus‚·
2690 4245 2809 4314 per
2850 4245 3112 4321 nomeu

564 4311 834 4380 Domini
876 4312 1004 4381 mei
1031 4314 1193 4384 Jesu
1232 4313 1502 4415 Cliristi,
1546 4325 1625 4413 ut
1657 4312 1823 4383 hinc
1857 4313 2170 4414 protinus
2208 4313 2416 4412 abeas
2453 4325 2518 4382 et
2551 4310 2921 4382 animabus
2949 4332 3102 4470 {am

567 4405 696 4470 lieo
730 4421 851 4491 per
881 4401 1355 4492 Redemptoris
1386 4415 1678 4494 gratiam
1714 4401 2092 4477 lucrifactis
2127 4400 2509 4471 molestiam
2545 4401 2760 4472 ullam
2790 4424 2954 4492 amp
2991 4424 3101 4471 ius
