3308 5004
679 314 810 381 350
1202 332 1282 380 nn
1328 330 1634 379 assuurr.
1688 331 1967 380 nnariss.
2021 330 2194 379 vnio.
2243 330 2484 378 mun
2608 350 2613 355 -
2811 310 2996 377 AUG.
3053 311 3138 376 ⁴5

677 413 715 499 ἓ
760 416 848 484 5.
888 415 1054 480 Vere
1086 410 1419 480 Dominus
1451 409 1809 491 virtutum,
1847 409 1918 478 in
1957 409 2456 479 resurrectione
2488 407 2802 477 virtutem
2839 406 3129 487 faciens,

589 522 798 587 quam
850 512 1006 569 ante
1055 520 1189 569 non
1239 498 1533 579 fecerat,
1588 497 1936 569 redimens
1997 520 2272 568 servum
2306 552 2321 578 ,
2376 509 2443 566 et
2492 518 2615 586 pro
2668 518 2862 566 servo
2908 496 3140 566 filium

590 588 919 658 efficiens
971 587 1364 658 Clarissima
1411 602 1641 658 autem
1689 588 2125 658 Ascensionis
2170 586 2324 667 die,
2385 584 2690 673 quando,
2745 585 3141 657 videntibus

590 676 979 768 discipulis,
1013 691 1116 747 est
1159 677 1463 747 elevatus
1492 677 1560 745 in
1592 676 1889 754 coelum,
1943 698 2297 746 summum
2339 674 2509 744 illud
2550 673 3141 762 reverendumque

590 766 956 857 collegium
1007 767 1190 836 venit
1237 766 1506 835 obviam
1560 764 2024 853 Redemptori‚
2076 778 2142 835 et
2188 764 2417 834 omnis
2465 763 2587 833 illa
2635 775 2771 832 tam
2808 765 3140 833 assisten-

592 856 790 936 tium,
832 877 1042 941 quarn
1096 854 1638 924 ministrantium
1688 853 2102 944 Angelorum
2152 853 2524 923 auctoritas
2555 852 2865 923 cucurrit
2897 852 2982 922 ad
3026 852 3136 921 Fi·

591 943 791 1025 lium,
843 959 908 1013 et
955 943 1436 1014 ascendentem
1498 942 1877 1022 demiranS,
1921 943 2053 1012 ait:
2108 945 2269 1026 Quis
2315 953 2411 1012 est
2471 942 2616 1023 iste,
2660 945 2780 1033 qui
2827 943 3011 1010 venit
3055 942 3140 1010 de

587 1033 794 1102 Edom
843 1035 1067 1103 tinctis
1095 1034 1387 1103 vestibus
1424 1033 1505 1102 de
1533 1037 1743 1102 Bosra
1764 1035 1796 1101 'P
1842 1031 2160 1102 Videntes
2190 1032 2376 1100 enim
2427 1051 2587 1100 eum
2616 1030 2984 1121 sanguinei
3019 1053 3139 1099 ru-

592 1122 780 1192 boris
828 1122 1019 1191 unda
1085 1121 1442 1212 perfusum
1478 1176 1493 1202 ,
1550 1121 1894 1191 mirantur
1946 1122 2098 1209 ejus
2165 1120 2563 1211 patientiam
2601 1173 2617 1201 ,
2669 1132 2734 1190 et
2779 1119 3133 1189 saevitiam

586 1211 1009 1281 ludaeorum
1042 1212 1162 1298 qui
1196 1232 1330 1280 non
1367 1222 1531 1281 sunt
1578 1210 1774 1280 veriti
1809 1209 2058 1279 Filium
2111 1210 2225 1278 Dei
2273 1209 2511 1279 Crucis
2558 1208 2943 1298 ignominia
2974 1229 3137 1277 con-

589 1299 943 1369 demnare.
997 1300 1365 1379 ‹zv-adiens,
1426 1299 1789 1385 inquiunt,
1851 1301 1922 1368 in
1976 1300 2413 1368 multitudine
2466 1298 2885 1386 fortitudinis
2920 1320 3132 1366 suae:

592 1410 725 1457 non
778 1388 999 1458 solum
1054 1389 1121 1457 in
1171 1387 1596 1467 fortitudine,
1654 1386 1769 1457 sed
1821 1388 2026 1457 etiam
2082 1388 2147 1456 in
2203 1386 2643 1456 multitudine
2682 1385 3128 1465 fortitudiniS,

638 1478 751 1546 uia
806 1475 996 1545 nulla
1045 1476 1371 1547 fortitudo
1430 1477 1667 1546 sortior
1713 1475 1877 1555 fuit,
1933 1497 2141 1563 quam
2196 1476 2531 1545 redimere
2580 1497 2851 1544 servum
2883 1530 2898 1554 ‚
2953 1488 3020 1543 et
3065 1474 3130 1542 in

589 1499 971 1635 divinitatis
1017 1564 1293 1636 dextera
1344 1579 1671 1655 perpetuo
1717 1564 2078 1635 collocare.
2133 1569 2274 1635 Hae
2307 1577 2470 1634 sunt
2522 1561 2635 1633 ille
2685 1585 2905 1643 voces,
2963 1585 3137 1651 quae

591 1653 1083 1724 descendentes
1115 1653 1201 1723 ad
1238 1653 1514 1735 inferoS,
1569 1654 1658 1723 ab
1707 1652 1944 1724 inferis
1983 1666 2482 1744 resurgentem,
2520 1652 3007 1723 ascendentem
3051 1652 3130 1722 ad

590 1742 839 1824 coeloS,
894 1742 1299 1813 multiformi
1339 1744 1704 1834 praeconio
1757 1756 2293 1833 prosequuntur.

678 1833 715 1918 ξ
763 1838 858 1902 6.
911 1831 1039 1901 Sed
1079 1832 1224 1921 jam
1271 1830 1638 1901 vertendus
1684 1845 1786 1902 est
1833 1832 2056 1921 stylus
2102 1831 2185 1901 ad
2242 1836 2558 1901 Sanctam
2612 1842 3040 1909 sanctarum,
3075 1842 3137 1899 et

590 1918 872 1990 illorum
914 1920 1278 1990 verborum
1329 1919 1689 1989 enodanda
1733 1922 2114 2011 proprietas
2145 1975 2160 2001 ‚
2211 1942 2388 2007 quae
2426 1920 2688 2010 Virgini
2740 1920 2935 1988 Matri
2974 1932 3136 1987 sunt

590 2008 980 2099 specialiter
1024 2008 1360 2079 dedicata.
1416 2008 1544 2079 Sed
1591 2009 1699 2080 'uti
1747 2010 2349 2099 superliminarem
2402 2009 2678 2079 titulum
2733 2009 2799 2077 in
2842 2007 3130 2077 frontem

589 2096 805 2168 futuri
844 2098 1141 2168 aedificii
1191 2120 1684 2190 proponamus,
1738 2096 2053 2167 dicamus
2087 2098 2400 2178 breviter,
2452 2098 2614 2185 quia
2655 2098 2877 2188 prima
2926 2097 3137 2166 inter-

592 2186 856 2277 rogatio
902 2188 1220 2258 convenit
1255 2189 1407 2278 ejus
1455 2187 1813 2266 nativitati,
1854 2187 2158 2257 secunda
2192 2188 2344 2278 ejus
2376 2187 2899 2265 conversationi,
2938 2186 3135 2256 tertia

589 2276 1073 2366 assumptioni.
1128 2282 1311 2361 Quae
1340 2287 1435 2347 est
1481 2279 1616 2346 tls-ta
1639 2275 1898 2365 (inquit
1948 2276 2244 2364 Spiritus
2292 2281 2581 2346 Sanctus
2619 2275 2704 2344 de
2755 2277 2910 2362 ejus
2961 2275 3135 2343 nati-

593 2364 822 2455 vitate)
858 2389 1033 2457 quae
1059 2367 1513 2458 proqreditur.
1566 2367 1741 2435 sicut
1773 2387 2026 2434 aurora
2055 2387 2473 2447 consuryem,
2509 2365 2802 2454 pulchra
2832 2374 2909 2432 ut
2941 2367 3126 2442 luna,

589 2457 796 2526 electa
822 2466 897 2525 ut
932 2458 1052 2537 sol,
1089 2456 1409 2526 terribiliis·
1436 2465 1512 2524 ut
1544 2464 1916 2526 castrorum
1962 2456 2140 2524 acies
2187 2455 2557 2524 ordinata?
2588 2458 2772 2523 Haec
2818 2463 2911 2522 est
2961 2475 3133 2545 quae

587 2547 862 2614 nescivit
909 2556 1129 2614 torum
1170 2547 1240 2613 in
1274 2545 1536 2614 delicto.
1594 2545 1794 2634 Virgo
1840 2544 1953 2612 Dei
1995 2543 2164 2613 Filio
2212 2544 2660 2634 singulariter
2705 2555 3120 2621 consecrata,

589 2633 976 2734 specialiter
1022 2649 1259 2705 sancto
1304 2634 1674 2723 conjugata
1724 2632 2035 2722 Spiritui.
2090 2637 2276 2714 Quae
2330 2631 2807 2722 progreditur,
2862 2632 3121 2717 inquit,

589 2734 767 2792 sicut
814 2745 1061 2792 aurora
1111 2744 1369 2793 consur
1418 2744 1564 2791 ens.
1618 2726 1839 2804 Quam
1899 2720 2180 2811 elegans
2224 2733 2289 2789 et
2335 2721 2521 2791 clara
2588 2719 2973 2790 similitudo
3003 2774 3018 2800 ‚
3069 2733 3130 2787 et

587 2832 667 2879 ex
715 2811 907 2881 illius
954 2811 1327 2898 disciplina
1408 2810 1832 2891 escendens,
1877 2811 1997 2896 qui
2048 2831 2401 2882 summum
2453 2809 2831 2910 sapientiae
2878 2806 3124 2876 fontem

589 2899 657 2966 in
711 2900 1005 2970 Canticis
1052 2900 1412 2970 affluenter
1457 2899 1765 2969 inclusit.
1821 2903 1895 2968 In
1953 2897 2335 2966 meridiano
2385 2898 2647 2967 lumine
2697 2898 2968 2987 primus
3018 2895 3125 2965 ille

594 3007 841 3075 parens
886 3003 1157 3058 creatus
1205 3001 1328 3068 est,
1382 2988 1604 3058 factus
1652 2986 1735 3056 ad
1791 2987 2164 3076 imaginem
2214 2998 2281 3055 et
2318 2986 2849 3056 similitudinem
2892 2985 3127 3055 Condi-

591 3075 779 3143 toris.
832 3077 1009 3157 Quid
1048 3078 1230 3146 enim
1281 3076 1564 3156 clarius,
1616 3098 1827 3163 quarn
1879 3088 2187 3144 creatum
2237 3076 2503 3144 creanti
2554 3097 2688 3144 non
2739 3096 2890 3146 esse
2928 3075 3129 3144 dissi-

591 3162 860 3232 milem?
887 3167 1266 3246 FaciamuS,
1300 3165 1549 3253 inquit,
1586 3165 1935 3234 hominem
1968 3164 2053 3233 ad
2097 3164 2469 3256 imaginem
2505 3177 2570 3233 et
2602 3162 3126 3233 similitudinem

591 3263 921 3321 nostram.
976 3254 1356 3353 Imaginem
1405 3253 1596 3323 dedit
1641 3254 1703 3322 ei
1740 3254 1807 3322 in
1843 3253 2261 3335 aeternitate,
2315 3252 2844 3322 similitudinem
2881 3253 2948 3321 in
2988 3274 3130 3320 mo-

590 3340 806 3421 ribus,
860 3355 937 3410 ut
968 3342 1055 3412 sit
1102 3342 1352 3412 similis
1400 3342 1743 3422 Creatori,
1806 3342 1863 3410 si
1914 3363 2048 3411 non
2104 3340 2479 3423 identitate,
2524 3341 2986 3411 similitudine
3033 3353 3129 3409 ta-

591 3450 773 3497 men.
829 3429 956 3500 Sed
993 3429 1110 3499 ille
1160 3431 1325 3500 tanti
1375 3430 1715 3522 privilegii
1764 3430 2099 3521 dignitate
2153 3431 2424 3519 rejecta,
2477 3443 2825 3521 apostatae
2859 3429 3128 3519 spiritui

497 3575 502 3578 ,
587 3516 761 3587 falsa
810 3519 1266 3608 promissione
1313 3519 1644 3589 delinitus
1693 3519 2033 3602 inhaesit,
2099 3533 2165 3590 et
2224 3542 2294 3591 se
2350 3542 2510 3589 cum
2570 3520 2962 3608 posteritate
3010 3539 3130 3587 sua

590 3621 958 3697 perpetuae
994 3609 1194 3678 morti
1242 3608 1609 3678 destinavit
1652 3620 1720 3677 et
1769 3610 2088 3680 tenebris.
2144 3609 2238 3677 Ab
2279 3607 2397 3678 illa
2447 3607 2616 3676 hora
2666 3610 2984 3676 tenebrae
3032 3605 3127 3674 fa-

587 3708 737 3767 ctae
788 3709 952 3766 sunt
999 3719 1209 3788 super
1253 3697 1645 3767 universam
1702 3710 1950 3767 terram
2001 3720 2224 3785 usque
2270 3696 2355 3766 ad
2413 3695 2753 3786 Virginem
2790 3749 2805 3775 ,
2858 3716 2981 3764 nec
3031 3696 3129 3763 in-

588 3797 833 3856 ventus
879 3799 980 3856 est
1026 3785 1280 3873 aliquis
1326 3787 1448 3873 qui
1498 3786 1599 3855 vel
1649 3787 1861 3856 exiret
1907 3785 1993 3855 de
2040 3785 2362 3865 tenebris,
2416 3784 2519 3854 vel
2562 3783 2879 3854 tenebras
2926 3783 3129 3854 dissi-

589 3890 778 3963 paret
809 3899 824 3942 :
879 3875 994 3945 sed
1048 3873 1309 3944 mundo
1338 3887 1708 3957 crescente,
1747 3878 2093 3945 concrevit
2118 3887 2183 3946 et
2218 3875 2571 3944 tenebrosa
2607 3895 2882 3965 vorago,
2918 3873 3129 3942 donec

587 3964 657 4033 in
700 3964 1187 4034 densissimam
1246 3964 1654 4055 conglobata
1706 3963 2132 4054 nigredinem
2166 4019 2181 4042 ‚
2234 3964 2618 4033 humanum
2671 3985 2894 4052 genus
2942 3974 3131 4032 nocte

588 4053 878 4123 terribili
927 4053 1261 4144 sepelivit.
1314 4058 1494 4124 Haec
1541 4066 1643 4122 est
1693 4052 1812 4122 illa
1862 4075 1992 4123 nox
2041 4053 2345 4124 solitaria
2380 4107 2395 4133 ,
2450 4073 2574 4122 nec
2623 4051 2828 4122 laude
2874 4052 2942 4119 di
3003 4074 3126 4129 na,

588 4140 672 4211 de
690 4163 828 4229 qua
854 4144 1189 4232 scriptum
1220 4154 1356 4212 est:
1396 4144 1692 4213 Posuisti
1712 4144 2036 4224 tenebras,
2068 4153 2129 4212 et
2151 4144 2341 4232 sacta
2372 4151 2467 4210 est
2497 4165 2638 4211 ηοω
2665 4141 2805 4230 (Ps.
2847 4145 2973 4210 ⁴03
3012 4192 3025 4206 .
3058 4145 3129 4209 In

589 4231 740 4319 ipsa
773 4232 1310 4318 pertransierant
1335 4253 1576 4301 omnes
1596 4231 1864 4301 bestiae
1890 4232 2142 4321 sylvae:
2172 4230 2338 4317 quia
2365 4229 2701 4312 crudeleS‚
2733 4243 2800 4300 et
2820 4228 3128 4300 indomiti

590 4317 901 4407 spirituS‚
955 4319 1238 4391 dimotis
1290 4320 1664 4411 repagulis,
1700 4320 2091 4391 humanum
2141 4340 2361 4410 genus
2412 4320 2565 4389 totis
2612 4319 2876 4389 viribus
2922 4317 3126 4388 obtri-

589 4419 856 4476 verunt.
898 4407 1027 4476 Sed
1076 4419 1235 4479 nata
1273 4409 1550 4498 Virgine
1582 4410 1878 4481 surrexit
1905 4430 2177 4489 aurora;
2219 4407 2393 4497 quia
2441 4407 2653 4477 Maria
2685 4408 2823 4478 veri
2859 4405 3126 4498 praevia
