3308 5004
798 312 927 377 740
1566 326 1643 373 nn
1692 326 1748 372 s.
1802 324 2114 373 nntmco
2160 323 2400 373 *aaut
2945 307 3167 385 ΑΒΕ.
3220 308 3278 372 2⁴3

715 412 1015 483 Tandem
1054 424 1323 482 mortuo
1357 410 1594 481 Abbati
1630 410 1984 492 successit,
2040 410 2165 480 ubi
2210 431 2348 480 non
2380 409 2738 491 honorem,
2792 408 2921 479 sed
2980 431 3189 481 onus
3234 434 3281 480 εὶ

710 502 1058 592 accepisse
1100 499 1549 571 considerans
1578 554 1594 581 ,
1647 498 1977 570 omnibus
2026 499 2159 571 sibi
2209 497 2605 570 commissis
2654 519 2859 569 verus
2963 512 3138 569 ater
3186 523 3283 589 ap·

712 612 953 683 parere
1001 589 1291 661 studuit.
1345 594 1505 680 Ipso
1552 601 1883 679 tempore,
1954 588 2240 677 quidam
2291 586 2679 657 monachus
2735 588 2897 675 ejus
2954 610 3089 657 em
3148 588 3283 670 loci,

714 700 874 750 cum
907 678 1223 750 libidinis
1276 690 1473 749 aestu
1513 679 1811 769 graviter
1849 689 2187 760 ureretur,
2219 688 2284 748 et
2315 676 2446 747 hoc
2480 675 2656 768 patri
2685 676 2806 776 pio
2848 675 3283 749 indicasset:

709 767 827 838 ille
857 768 1194 849 tunicam,
1234 789 1371 855 qua
1405 766 1849 850 induebatur,
1886 767 1951 836 ei
2001 766 2086 836 ad
2145 766 2580 836 induendum
2630 764 2913 835 direxit.
2979 771 3157 850 Qua
3204 769 3285 837 in·

709 856 948 939 dutus,
988 856 1149 926 ilico
1181 855 1475 925 daemon
1517 856 1830 926 incentor
1883 855 2105 946 ipsius
2154 854 2346 936 mali,
2399 853 2731 946 fugiendo
2778 853 3123 941 delituit,
3166 880 3283 926 ma-

711 946 868 1038 gnis
915 945 1203 1016 vocibus
1254 943 1722 1036 proclamans:
1779 949 2025 1015 Sancte
2054 944 2408 1026 Mederice,
2441 965 2571 1014 cur
2603 944 2938 1014 incendis
2988 965 3122 1015 me
3155 970 3283 1037 pre·

711 1034 913 1106 cibus
969 1035 1154 1104 tuis?
1199 1033 1570 1104 vasculum
1630 1032 1813 1120 quod
1864 1032 1990 1103 diu
2059 1032 2499 1124 possederam
2563 1032 2997 1116 abstulisti,
3076 1048 3150 1105 et
3198 1058 3284 1105 me

709 1121 1224 1215 inextinguibili
1265 1121 1588 1193 incendio
1621 1121 2060 1212 mancipasti.
2094 1127 2284 1193 Tunc
2317 1134 2600 1193 sanctus
2630 1121 2875 1192 divina
2913 1144 3105 1193 voce
3144 1147 3278 1194 eum

708 1213 1112 1314 increpavit,
1144 1224 1210 1281 et
1241 1211 1356 1281 ille
1386 1211 1740 1282 abscessit.
1774 1212 2150 1284 Monachus
2181 1233 2335 1282 vero
2364 1210 2480 1281 ille
2508 1211 2972 1312 postmodum
3002 1214 3088 1283 in
3118 1226 3277 1283 tanta

711 1312 1071 1372 sanctitate
1111 1301 1522 1401 permansit,
1577 1312 1656 1372 ut
1693 1299 2037 1390 plurimae
2085 1322 2207 1391 per
2251 1322 2410 1371 eum
2462 1311 2747 1370 virtutes
2794 1299 3270 1373 efficerentur.

797 1392 834 1478 ἓ
885 1397 974 1462 2.
1027 1388 1219 1460 Alius
1264 1411 1539 1476 quoque
1589 1388 1923 1479 praedicti
1972 1390 2191 1480 patris
2234 1388 2649 1480 discipuluS,
2695 1388 2791 1458 ita
2831 1402 3002 1461 erat
3054 1391 3271 1462 diabo-

713 1479 846 1550 lica
895 1478 1218 1550 illusione
1251 1480 1606 1559 subactus,
1660 1490 1738 1549 ut
1783 1478 2368 1566 quandocumque
2413 1479 2604 1569 operi
2653 1477 2905 1549 divino
2964 1480 3269 1552 insistere

713 1568 1012 1649 deberet,
1067 1567 1298 1638 statim
1348 1579 1426 1639 ut
1472 1588 1810 1657 synaxeos
1842 1568 2058 1637 oratio
2099 1580 2429 1639 consueta
2474 1566 2785 1637 finienda
2824 1582 3015 1651 erat,
3055 1570 3144 1640 ab
3176 1593 3263 1639 ec·

710 1656 926 1729 clesia
960 1657 1197 1727 exiret.
1252 1661 1400 1740 Qua
1436 1655 1523 1726 de
1559 1678 1773 1728 causa
1819 1654 2213 1745 frequenter
2243 1656 2665 1739 admonitus,
2710 1678 2855 1726 non
2904 1669 3148 1729 tamen
3177 1674 3259 1728 εἰ

711 1745 1150 1816 emendatus.
1203 1750 1392 1815 Tunc
1441 1756 1727 1817 sanctus
1773 1742 1998 1816 Abbas
2047 1766 2296 1836 panem
2347 1746 2647 1836 accepit,
2699 1758 2769 1815 et
2815 1745 3249 1825 benedicens,

711 1834 1029 1926 eulogias
1078 1832 1270 1903 fratri
1313 1833 1578 1917 tribuit,
1631 1846 1699 1904 et
1730 1834 1817 1904 ab
1863 1856 1943 1904 eo
1983 1856 2140 1904 mox
2178 1833 2547 1904 inimicum
2584 1832 2916 1905 exclusit.
2974 1841 3145 1908 Cum
3188 1839 3247 1903 de

710 1923 1005 1995 diversis
1053 1923 1501 2014 regionibus,
1557 1922 1797 1993 audita
1843 1923 1999 2011 ejus
2046 1922 2232 1994 fama
2265 1978 2281 2006 ,
2334 1922 2421 1992 ad
2471 1944 2630 1992 eum
2680 1923 2896 1994 multi
2955 1948 3241 2018 propera-

713 2024 888 2093 rent,
941 2011 1288 2082 desertum
1342 2011 1569 2082 locum
1618 2012 1922 2113 expetiit,
1976 2024 2042 2082 et
2089 2013 2220 2084 sub
2267 2022 2450 2083 statu
2495 2010 2620 2081 diu
2667 2011 3080 2086 desiderato
3130 2036 3237 2084 sese

711 2100 1099 2171 conclusit:
1153 2101 1248 2171 ita
1311 2113 1388 2170 ut
1442 2099 1778 2188 quicquid
1831 2101 2147 2172 ciborum
2209 2100 2628 2172 sumendum
2685 2115 2922 2185 esset,
2980 2126 3105 2196 pro
3151 2104 3238 2173 riis

713 2188 1041 2261 manibus
1085 2187 1494 2260 elaboraret.
1546 2194 1816 2259 Fratres
1861 2211 2019 2260 vero
2064 2189 2152 2260 de
2196 2189 2524 2261 abscessu
2555 2191 2708 2292 ejus
2740 2191 2984 2263 tristes
3027 2216 3065 2263 e
3111 2193 3236 2269 ecti,

713 2299 836 2381 per
883 2293 1146 2350 vastam
1207 2300 1518 2349 eremum
1569 2277 1775 2370 longe
1822 2277 2092 2367 lateque
2139 2300 2299 2349 eum
2363 2291 2825 2369 perquirunt,
2879 2294 2949 2351 et
2996 2282 3236 2352 tandem

710 2380 1108 2451 inventum,
1159 2390 1324 2437 cum
1381 2366 1712 2438 reducere
1759 2389 1895 2437 non
1947 2378 2269 2458 possent,
2320 2368 2745 2459 Episcopum
2795 2369 3076 2440 adeunt.
3125 2368 3234 2453 Qui

711 2478 875 2527 cum
925 2455 1027 2527 eis
1075 2476 1196 2549 per
1246 2478 1409 2539 ens,
1466 2468 1784 2528 sanctum
1836 2457 1907 2527 in
1955 2478 2187 2528 eremo
2236 2455 2535 2548 reperit:
2589 2469 2658 2528 et
2700 2459 3233 2530 excommunica-

715 2546 923 2615 tionis
984 2545 1260 2617 vincuo
1319 2567 1482 2616 eum
1551 2545 1851 2637 alligans
1886 2601 1902 2628 ,
1972 2546 2061 2616 ad
2131 2546 2622 2617 monasterium
2700 2547 3046 2638 perduxit,
3108 2545 3224 2614 ubi

711 2634 931 2704 multa
966 2646 1117 2724 post
1164 2635 1522 2706 sanctitate
1571 2634 1829 2718 floruit,
1881 2647 1947 2705 et
1995 2634 2249 2704 multas
2290 2635 2729 2706 infirmitates
2754 2636 3025 2705 curavit.
3058 2638 3228 2704 Tan·

710 2722 867 2792 dem
909 2723 1240 2793 orationis
1276 2728 1512 2805 causA,
1566 2723 1867 2794 Parisios
1906 2722 2252 2815 proficisci
2290 2723 2550 2793 voluit:
2605 2724 2678 2794 in
2725 2745 2849 2812 quo
2888 2724 3096 2794 etiam
3123 2722 3232 2793 iti-

710 2833 897 2893 nere,
950 2811 1170 2882 multa
1228 2834 1351 2904 per
1393 2833 1552 2883 eum
1606 2812 1943 2885 Dominus
1983 2811 2322 2882 miracula
2367 2812 2549 2883 fecit.
2607 2815 2911 2902 Denique
2951 2813 3231 2884 Parisios

709 2900 1017 2983 veniens,
1059 2901 1128 2970 in
1164 2900 1415 2972 cellula
1451 2922 1630 3003 quae
1663 2901 1796 2973 sub
1831 2902 2108 2972 nomine
2158 2905 2227 2972 S.
2279 2901 2455 2972 Petri
2487 2903 2799 2994 Apostoli
2848 2903 3071 2974 fuerat
3095 2924 3228 2974 con·

713 3001 998 3071 secrata,
1033 2989 1308 3060 duobus
1333 3012 1537 3061 annis
1570 3003 1635 3061 et
1664 3011 1908 3061 novem
1941 2990 2298 3064 mensibus
2330 2995 2462 3061 Deo
2489 2989 2842 3074 militavit,
2878 3015 2964 3064 ac
2988 2994 3225 3064 demum

711 3079 971 3149 vocatis
1008 3077 1183 3149 disci
1237 3077 1377 3150 ulis
1426 3079 1598 3161 suis,
1649 3078 1881 3149 obitus
1929 3079 2041 3149 sui
2073 3078 2256 3149 diem
2292 3079 2645 3162 indicavit,
2694 3081 2767 3150 in
2803 3103 2954 3171 quo
2993 3080 3235 3174 expletis

712 3166 1061 3249 omnibuS,
1100 3189 1179 3237 va
1207 3166 1489 3240 edicens
1520 3168 1643 3248 eis,
1698 3168 1879 3238 inter
1910 3169 2117 3239 verba
2164 3168 2496 3240 orationis
2534 3168 2623 3239 ad
2673 3174 2913 3243 Deum
2961 3169 3244 3266 migravit

709 3267 954 3344 quarto
987 3255 1328 3327 Kalendas
1360 3256 1806 3348 Septembris.
