3308 5004
644 345 773 411 272
1440 360 1518 407 nr.
1567 360 1621 408 s.
1676 355 1876 407 emim
1928 356 2183 405 vmcm'ss
2778 339 2968 406 AUG.
3022 340 3103 405 ⁴2

556 469 722 538 prae
748 445 1160 516 verecundia
1197 468 1321 518 sua
1356 445 1426 515 in
1462 445 1610 516 loco
1647 458 1954 514 maneret
1993 443 2302 524 immota,
2395 441 2650 513 ontifex
2691 464 2811 532 per
2843 442 3105 534 gradus

557 535 1030 616 descendenS‚
1083 557 1305 623 usque
1353 534 1438 604 ad
1488 556 1639 604 eam
1690 532 2090 614 accederet,
2144 545 2208 603 et
2258 554 2340 622 pa
2378 553 2558 601 mam
2611 532 2757 604 suis
2818 532 2889 600 in
2956 554 3109 602 ma-

557 624 768 695 nibus
798 635 1100 716 poneret.
1138 629 1342 695 Nocte
1376 623 1691 711 sequenti
1731 621 1817 692 ad
1854 621 2075 692 sancti
2110 620 2514 691 mandatum
2549 642 2620 692 se
2653 642 3102 711 praeparanS,

556 726 863 806 optatam
911 712 1148 803 fugam
1199 735 1360 783 cum
1410 714 1698 784 honesta
1746 711 2066 781 societate
2113 709 2537 801 aggreditur.
2595 713 2899 796 Cumque
2931 709 3112 779 ostio

554 814 884 873 consueto
932 803 1114 872 exire
1164 823 1298 872 non
1351 800 1634 893 placuit,
1689 799 1880 870 aliud
1938 799 2218 880 ostium,
2272 797 2456 887 quod
2508 797 2851 888 lignorum
2898 809 2965 867 et
3012 797 3116 867 la-

558 892 802 983 pidum
854 891 1160 983 pondera
1206 891 1701 971 obstruebant,
1773 887 2093 959 miranda
2150 888 2285 958 sibi
2346 887 2745 959 fortitudine
2807 886 3114 977 propriis

561 981 889 1053 manibus
936 981 1284 1050 reseravit.
1338 979 1558 1070 Igitur
1589 978 1819 1058 domo,
1874 977 2146 1047 civitate
2183 989 2249 1048 et
2280 975 2818 1077 consanguineis
2857 974 3115 1045 dereli-

554 1070 709 1150 ctiS,
743 1068 832 1139 ad
865 1083 1172 1139 sanctam
1207 1068 1486 1138 Mariam
1516 1067 1602 1136 de
1640 1066 2085 1137 Portiuncula
2110 1066 2237 1156 (a),
2270 1065 2643 1137 festinavit:
2680 1065 2804 1134 ubi
2836 1062 3108 1145 fratre5‚

553 1158 675 1245 qui
727 1158 798 1227 in
847 1158 1008 1228 aula
1057 1157 1172 1226 Dei
1227 1178 1459 1227 sacras
1497 1156 1823 1227 excubias
1871 1155 2378 1234 observabant,
2442 1153 2545 1223 vir
2598 1153 2778 1224 inem
2838 1153 3113 1222 Claram

555 1269 718 1317 cum
772 1246 1239 1317 luminaribus
1279 1267 1429 1315 rece
1480 1259 1706 1315 erunt.
1743 1249 1891 1315 Mox
1923 1244 2020 1313 ibi
2051 1243 2321 1332 rejectis
2354 1242 2539 1312 sordi
2596 1264 2677 1311 us
2703 1241 3105 1332 Babylonis,

564 1336 829 1406 mundo
878 1335 1190 1405 libellum
1244 1357 1414 1424 repu
1468 1335 1515 1403 ii
1567 1333 1892 1402 tradidit:
1948 1332 2044 1403 ibi
2098 1354 2308 1401 manu
2369 1330 2658 1402 fratrum
2717 1331 2944 1401 crines
2991 1330 3112 1400 de·

558 1445 870 1514 ponens,
924 1437 1211 1493 ornatus
1273 1423 1496 1494 varios
1559 1421 1948 1510 dereliquit.
2016 1426 2147 1491 Nec
2212 1420 2443 1490 decuit
2507 1420 2675 1489 alibi
2746 1420 3112 1511 florigerae

556 1513 974 1603 virginitatis
1028 1512 1355 1583 Ordinem
1405 1511 1490 1582 ad
1541 1532 1897 1603 vesperam
1947 1523 2335 1600 temporum
2386 1510 2707 1590 excitari,
2762 1530 2973 1596 quam
3034 1508 3107 1577 in

557 1601 714 1688 ejus
762 1602 968 1682 aula,
1021 1623 1199 1689 quae
1248 1602 1472 1690 prima
1537 1601 1850 1671 omnium
1902 1614 2107 1687 atque
2171 1598 2586 1689 dignissima
2619 1652 2635 1679 ,
2698 1597 2845 1667 sola
2890 1597 3113 1666 extitit

560 1706 783 1761 mater
826 1705 893 1761 et
939 1691 1151 1781 virgo.
1200 1691 1324 1759 Hic
1359 1689 1553 1760 locus
1582 1689 1698 1759 ille
1746 1700 1869 1770 est,
1909 1690 1979 1758 in
2022 1710 2157 1778 quo
2193 1709 2367 1757 nova
2405 1686 2652 1757 militia
2686 1707 3102 1777 pauperum,

558 1779 738 1849 duce
788 1780 1175 1859 Francisco,
1232 1778 1459 1848 felicia
1508 1778 1824 1849 sumebat
1864 1776 2266 1868 primordia,
2318 1789 2395 1846 ut
2433 1775 2698 1863 liquido
2730 1773 3097 1854 videretur,

555 1883 926 1956 utramque
974 1868 1374 1959 religionem
1427 1874 1635 1937 Mater
1687 1865 2197 1937 misericordiae
2245 1866 2313 1934 in
2366 1887 2490 1936 suo
2524 1863 2898 1934 diversorio
2952 1884 3110 1954 par-

560 1958 798 2026 turire.
852 1962 1021 2028 Cum
1070 1970 1297 2026 autem
1352 1978 1585 2027 coram
1635 1956 1835 2025 altari
1902 1958 2136 2026 beatae
2185 1954 2434 2024 Mariae
2464 2006 2481 2033 ,
2547 1966 2821 2022 sanctae
2870 1951 3108 2042 poeni·

562 2047 813 2116 tentiae
861 2067 1060 2118 susce
1116 2046 1278 2115 isset
1324 2046 1650 2137 insignia,
1707 2059 1772 2115 et
1817 2044 2016 2132 quasi
2065 2058 2222 2114 ante
2271 2057 2494 2113 torum
2530 2041 2743 2131 hujus
2773 2040 3099 2130 Virginis,

559 2133 850 2204 humilis
898 2136 1054 2204 anci
1086 2135 1151 2205 la
1186 2135 1449 2205 Christo
1489 2134 1860 2224 nupsisset,
1897 2134 2125 2204 statim
2158 2154 2309 2203 eam
2359 2130 2444 2201 ad
2487 2129 2844 2200 ecclesiam
2882 2129 3105 2200 sancti

559 2223 756 2325 Pauli
806 2238 1090 2294 sanctus
1140 2224 1548 2295 Franciscus
1596 2223 1910 2304 deduxit,
1966 2222 2184 2292 donec
2239 2219 2426 2290 aliud
2481 2219 2864 2310 provideret
2909 2217 3108 2287 Altis-

558 2327 832 2384 simus·

647 2403 683 2489 ἓ
730 2406 818 2475 5.
863 2400 957 2471 Ad
990 2401 1546 2492 consanguineos
1570 2414 1801 2470 autem
1835 2421 2110 2469 rumore
2143 2397 2431 2477 volante,
2467 2395 2837 2465 dilacerato
2866 2394 3096 2477 corde,

556 2489 817 2561 factum
867 2505 933 2561 et
983 2491 1412 2583 propositum
1465 2490 1752 2581 virginis
1785 2488 2120 2558 damnant
2155 2513 2168 2553 :
2222 2500 2287 2557 et
2315 2484 2707 2576 conglobati
2743 2486 2809 2554 in
2851 2506 3099 2562 unum,

554 2595 848 2650 currunt
880 2580 967 2650 ad
1019 2581 1273 2661 locum,
1329 2592 1589 2649 tentant
1621 2578 1801 2666 quod
1839 2578 2146 2647 obtinere
2197 2598 2329 2646 non
2376 2586 2686 2666 possunt.
2732 2573 3136 2643 Violentiae'

555 2671 922 2760 impetum,
957 2691 1215 2739 venena
1240 2668 1713 2748 consiliorum,
1756 2666 2128 2736 blanditias
2161 2664 2491 2735 adhibent
2530 2663 3099 2755 promissionum,

559 2758 931 2829 suadentes
964 2760 1050 2827 ab
1099 2756 1506 2845 hujusmodi
1556 2755 1812 2825 vilitate
1859 2753 2233 2835 discedere,
2288 2754 2452 2841 quia
2503 2775 2624 2823 nec
2673 2753 2909 2842 generi
2943 2772 3108 2821 con-

555 2858 808 2937 gruat,
874 2868 997 2915 nec
1058 2845 1451 2934 exemplum
1516 2844 1764 2914 habeat
1812 2844 1880 2912 in
1930 2857 2302 2913 contracta.
2357 2848 2433 2911 At
2481 2841 2599 2911 illa
2667 2863 2935 2931 pannos
2983 2862 3108 2930 ap-

558 2934 996 3025 prehendens
1026 2934 1288 3016 altariS,
1319 2946 1527 3023 caput
1551 2933 1858 3003 denudat
1885 2945 2257 3012 attonsum,
2289 2930 2579 3000 firmans
2601 2952 2671 2999 se
2705 2929 3106 2999 nullatenus

560 3045 601 3091 a
652 3023 901 3092 Christi
950 3023 1225 3094 servitio
1272 3022 1566 3092 ulterius
1613 3019 2064 3091 avellendam.
2119 3020 2371 3089 Crescit
2404 3019 2688 3089 animus
2727 3018 2908 3088 bello
2960 3040 3111 3087 cre·-

444 3159 459 3168 -
556 3124 789 3180 scente
838 3131 1125 3181 suorum
1155 3166 1171 3191 ,
1225 3112 1541 3197 viresque
1606 3109 1949 3178 ministrat
1995 3129 2191 3178 amor
2239 3108 2515 3198 injuriis
2573 3106 2956 3177 lacessitus.
2997 3106 3106 3176 Sic

561 3200 662 3268 sic
699 3222 821 3289 per
866 3199 1103 3290 plures
1136 3199 1284 3271 dies
1331 3221 1493 3268 cum
1542 3199 1612 3266 in
1665 3199 1774 3267 via
1823 3196 2093 3267 Domini
2144 3196 2409 3266 obicem
2462 3209 2828 3286 pateretur.
2882 3208 2948 3265 et
2995 3195 3108 3266 sui

556 3309 634 3356 se
681 3302 1107 3379 opponerent
1151 3290 1303 3379 ejus
1352 3287 1701 3378 proposito
1750 3286 2165 3369 sanctitatis,
2219 3308 2356 3355 non
2406 3285 2760 3375 collapsus
2804 3298 2907 3356 est
2954 3285 3109 3354 ani-

562 3398 771 3457 mus,
839 3399 976 3446 non
1047 3377 1270 3448 fervor
1343 3377 1719 3446 remissus:
1774 3376 1889 3446 sed
1940 3375 2119 3444 inter
2180 3375 2385 3445 verba
2449 3388 2513 3443 et
2560 3374 2716 3443 odia
2765 3373 2850 3461 ad
2911 3395 3105 3460 spem

558 3465 874 3535 animum
930 3466 1192 3535 tamdiu
1242 3464 1588 3546 reformat,
1643 3464 1860 3535 donec
1912 3464 2307 3556 propinqui,
2362 3476 2590 3533 retusa
2624 3463 2867 3542 fronte,
2908 3462 3110 3548 quie-

456 3583 458 3585 >
557 3568 790 3623 scunt.
845 3555 1090 3624 Paucis
1139 3553 1516 3642 interjectis
1580 3552 1863 3634 diebu5‚
1920 3552 2006 3624 ad
2055 3553 2416 3624 ecclesiam
2467 3553 2685 3623 sancti
2737 3550 2972 3641 Angeli
3025 3550 3113 3620 de

560 3646 782 3713 Panso
832 3643 1193 3713 transivit:
1228 3642 1351 3713 ubi
1380 3665 1540 3713 cum
1576 3662 1711 3712 non
1749 3642 1945 3733 plene
1978 3664 2173 3724 mens
2210 3642 2360 3733 ejus
2389 3640 2791 3727 quiesceret,
2833 3639 3110 3710 tandem

556 3729 646 3800 ad
696 3731 1058 3802 ecclesiam
1109 3736 1173 3801 S.
1215 3732 1552 3814 Damiani‚
1608 3732 1790 3803 beati
1839 3731 2184 3801 Francisci
2232 3730 2544 3812 consilio,
2598 3730 3104 3820 commigravit.

556 3819 663 3890 Ibi
714 3820 963 3890 mentis
1021 3842 1346 3891 ancoram
1379 3877 1394 3904 ,
1446 3822 1647 3910 quasi
1697 3822 1766 3891 in
1825 3833 2007 3891 certo
2056 3820 2278 3911 figens
2311 3874 2326 3901 ,
2395 3840 2530 3889 non
2582 3819 2731 3908 jam
2802 3839 2924 3908 pro
2976 3818 3110 3889 loci

631 3997 679 4052 α)
708 4001 1068 4041 Pom-mucuns
1096 4010 1269 4042 nomen
1296 4002 1401 4043 loco
1429 3998 1633 4042 inditum
1663 4002 1736 4041 est
1765 4002 1918 4042 media
1935 4002 2033 4041 fere
2060 4002 2112 4041 iu
2138 3998 2514 4047 Umbrinesinter
2542 3998 2774 4041 Assisium
2793 4000 2840 4040 et
2864 4001 3112 4043 Perusiam

554 4063 616 4093 va
637 4054 696 4101 le,
712 4054 850 4103 quasi
876 4065 990 4104 pare
1007 4055 1286 4106 aliquantula
1313 4056 1613 4105 praediorum
1632 4055 1746 4095 olim
1768 4055 1957 4095 Ordinis
1977 4056 2021 4095 8.
2043 4055 2302 4101 Benedicti,
2321 4055 2402 4094 ubi
2421 4054 2671 4096 ecclesiola
2689 4055 2981 4103 pervetusta,
3014 4057 3110 4096 rni-

558 4116 675 4147 nosa
701 4110 748 4147 et
777 4117 974 4157 prorsus
1012 4109 1201 4149 deserta
1235 4110 1444 4155 extabat,
1474 4110 1517 4149 S.
1549 4105 1726 4148 Mariae
1752 4109 2037 4158 Angelorum
2075 4118 2221 4148 sacra.
2262 4109 2415 4148 Hocce
2453 4108 2654 4149 soliculo
2693 4109 2956 4148 delectatus
3003 4109 3109 4150 loco

558 4160 602 4200 S.
622 4161 901 4202 Francisous
918 4163 1077 4207 Assia..
1106 4160 1325 4213 religioni
1354 4163 1563 4203 fidelium
1596 4162 1717 4202 hanc
1754 4163 1919 4203 nedem
1946 4159 2245 4207 restauravit.
2279 4162 2438 4210 ibique
2466 4162 2755 4201 adtuli-abilin
2786 4160 3001 4201 Instituti
3033 4160 3111 4203 sui

557 4213 863 4255 fundament·
884 4216 1015 4264 jecit.
1042 4216 1293 4257 Illustrata.
1310 4218 1591 4259 Fortium-ula
1611 4218 1686 4255 est
1706 4213 1983 4256 Pontificum
2011 4216 2325 4265 plurimorum
2352 4212 2508 4254 Bullis
2528 4225 2584 4255 et
2602 4215 2866 4264 perinsigni
2887 4216 3110 4257 Pienarin

553 4266 857 4326 Indulgentie
884 4267 1252 4319 (Totins-Quoties)
1266 4280 1384 4319 quae
1400 4270 1586 4319 piorum
1606 4267 2009 4319 peregrinantium
2028 4271 2208 4309 turmas
2228 4270 2501 4309 innumeras
2523 4270 2778 4318 quotannis
2798 4279 2824 4309 e
2845 4269 3107 4319 longinquo

562 4328 713 4359 accire
742 4327 1051 4363 consueverat
1080 4321 1156 4363 die
1177 4332 1209 4363 ιι
1232 4325 1363 4373 Aug..
1393 4321 1716 4363 anniversaria
1743 4320 2063 4364 Dedieetionis
2082 4324 2184 4373 ejus
2206 4322 2442 4363 Ecclesiae
2463 4322 2651 4363 Ordinis
2666 4324 2903 4363 Minoi-um
2923 4324 3107 4365 Matris.

561 4373 808 4422 Templum
827 4375 1173 4425 magnificentia
1198 4377 1494 4425 praeclarum
1521 4387 1645 4416 nunc
1679 4374 1780 4417 illic
1819 4375 2008 4422 eminet,
2037 4376 2283 4426 planitiem
2313 4376 2554 4415 Francisci
2580 4375 2706 4416 fama
2737 4376 3110 4423 celeberrimam.

555 4430 761 4466 venuste
789 4430 1033 4475 decorans,
1059 4432 1106 4469 et
1128 4430 1384 4470 aediculam
1420 4432 1463 4470 s.
1490 4430 1665 4470 Manae
1682 4431 1968 4480 Angelorum
1986 4428 2272 4482 primaevam
2299 4430 2434 4470 velut
2463 4426 2709 4472 moenibus
2739 4431 3030 4479 custodiens.
3058 4434 3109 4472 et

562 4480 774 4522 excelsae
804 4491 916 4523 suae
935 4483 1191 4523 testudinis
1220 4486 1474 4532 protegens
1498 4485 1760 4533 majestate.
