3308 5004
691 327 821 394 460
1598 343 1679 390 m:
1724 339 1782 388 s.
1834 339 2138 391 nommco
2861 323 3048 391 AUG.
3093 323 3136 394 l

691 441 833 502 stea
885 427 1039 517 ejus
1084 428 1280 499 urbis
1325 426 1732 518 Episcopus,
1786 427 1926 497 leni
1986 450 2076 519 op
2130 448 2365 498 ressus
2412 447 2656 497 somno
2689 482 2706 509 ,
2756 426 2931 498 vidit
2973 449 3137 497 ocu-

596 450 688 588 Γίἓ
755 517 1198 588 interioribus
1242 517 1511 587 coelum
1561 516 1863 606 aperiri,
1914 528 1983 586 et
2027 539 2066 586 a
2169 514 2290 585 illo
2330 515 2644 587 submitti
2705 516 2882 585 duas
2922 514 3138 590 scalas

595 606 1157 679 candidissimas.
1215 607 1431 676 Unius
1495 608 1831 676 cacumen
1898 604 2171 675 tenebat
2225 605 2582 688 ChristuS,
2633 603 2920 675 alterius
2981 627 3141 675 san·

596 691 909 767 ctissima
970 700 1178 766 Mater
1223 695 1398 785 ejus.
1452 694 1689 796 Angeli
1741 715 1863 785 per
1908 707 2277 782 utramque
2315 715 2595 765 sursum
2627 694 2949 764 deorsum
2982 715 3142 763 eur·

598 785 922 855 sitabant.
986 790 1061 854 ln
1110 789 1367 855 earum'
1403 783 1630 853 medio
1698 782 1923 874 posita
1988 795 2134 852 erat
2192 782 2389 856 sedes
2441 782 2676 852 humi:
2729 783 2799 852 in
2853 804 2990 870 qua
3039 804 3144 852 se-

596 872 803 944 debat
829 873 1113 961 quidam
1162 873 1417 944 similis
1452 872 1644 943 fratri
1692 872 2177 953 Praedicatori,
2213 871 2299 941 ad
2348 871 2709 942 coelestem
2748 870 3137 941 Jerusalem

598 962 945 1053 proficisci
1005 961 1279 1032 volenti.
1337 962 1568 1032 Scalas
1626 961 1881 1032 sensim
1948 961 2382 1032 attrahebant
2453 960 2761 1031 Christus
2824 972 2891 1030 et
2925 965 3146 1038 ,Mater

596 1050 775 1139 ejus:
825 1063 891 1122 et
937 1050 1136 1121 sedes
1184 1072 1323 1121 una
1370 1049 1811 1120 attollebatur
1848 1072 2005 1119 cum
2064 1050 2363 1130 sedente,
2416 1049 2635 1120 donec
2683 1048 3143 1152 psallentibus

595 1140 892 1232 Angelis,
932 1141 1000 1209 in
1052 1139 1319 1210 coelum
1372 1138 1565 1208 illata
1609 1151 1734 1209 est.
1781 1139 2095 1229 Receptis
2126 1139 2196 1208 in
2232 1138 2500 1209 coelum
2541 1138 2749 1209 scalis
2794 1159 2952 1208 cum
2984 1138 3147 1208 sede

598 1240 667 1299 et
712 1250 997 1310 sessore,
1053 1227 1322 1299 coelum
1373 1227 1689 1298 clausum
1740 1239 1881 1310 est,
1935 1240 2001 1298 et
2049 1228 2219 1310 visio
2265 1227 2476 1298 finem
2535 1227 2801 1299 habuit.
2855 1227 3146 1298 Veniens

597 1333 832 1420 postea
881 1316 1089 1387 frater
1135 1317 1252 1386 ille
1305 1317 1709 1397 Bononiam,
1764 1339 1905 1386 rem
1946 1329 2203 1386 certam
2260 1315 2708 1408 cogniturus,
2771 1316 3133 1406 comperit,

596 1429 667 1476 in
710 1406 1023 1476 eamdem
1076 1406 1314 1475 horam
1356 1418 1422 1476 et
1469 1405 1892 1476 sanctissimi
1950 1405 2075 1474 viri
2110 1405 2401 1488 obitum,
2453 1418 2520 1476 et
2559 1427 2757 1476 suam
2809 1405 3141 1474 visionem

595 1495 966 1565 incidisse:
1021 1516 1143 1564 nec
1192 1494 1553 1575 dubitavit,
1609 1495 1679 1563 in
1734 1496 1847 1563 Dei
1896 1494 2186 1584 gloriam
2236 1508 2301 1564 et
2363 1495 2587 1565 sancti
2638 1493 2972 1565 Dominici
3020 1494 3148 1565 ho-

598 1605 862 1664 norem,
920 1583 1251 1653 visionem
1302 1582 1492 1653 illam
1538 1583 1763 1673 palam
1818 1584 1884 1652 in
1938 1583 2269 1653 concione
2302 1582 2557 1674 populo
2605 1582 2938 1654 indicare.

688 1680 726 1754 ἓ
774 1676 854 1744 8.
908 1677 1071 1743 Cum
1124 1685 1352 1742 autem
1406 1694 1682 1742 sacrum
1748 1672 1927 1742 beati
1991 1673 2114 1741 viri
2164 1694 2418 1763 corpus
2466 1677 2732 1742 Fratres
2800 1670 2886 1740 ad
2948 1693 3020 1741 se
3073 1693 3147 1740 e·

601 1759 912 1830 liendum
965 1761 1423 1842 involverent,
1491 1762 1901 1830 invenerunt
1960 1762 2046 1831 ad
2098 1761 2374 1831 lumbos
2418 1761 2571 1851 ejus
2629 1773 2940 1830 catenam
3037 1782 3147 1830 er·

596 1870 810 1919 ream.
865 1855 1026 1919 Eam
1079 1854 1148 1920 F.
1206 1849 1614 1940 liudolphus
1663 1862 2047 1920 reverenter
2092 1871 2476 1930 asservans,
2534 1862 2766 1941 postea
2816 1849 3141 1940 Magistro

602 1937 882 2009 Ordinis
931 1961 1053 2030 pro
1089 1960 1342 2029 magno
1393 1960 1679 2010 munere
1725 1938 1934 2008 dedit.
1990 1944 2427 2029 Deportatum
2493 1938 2654 2007 inde
2691 1951 2793 2008 est
2839 1960 3096 2029 corpus
3124 1991 3143 2022 ,

596 2040 980 2099 reverenter
1016 2038 1080 2098 et
1128 2028 1503 2098 honorifice
1549 2028 1975 2109 obvolutum,
2016 2029 2084 2097 in
2135 2028 2496 2097 ecclesiam
2540 2049 2675 2096 non
2728 2027 2877 2097 sine
2927 2026 3147 2118 lacry-

598 2116 733 2186 mis
785 2116 1060 2186 multis:
1107 2117 1228 2186 ubi
1278 2116 1448 2186 illud
1502 2115 1745 2187 fratres
1791 2138 1950 2184 cum
1993 2117 2209 2187 multa
2254 2117 2689 2186 veneratione
2730 2115 3140 2194 ambientes,

600 2204 906 2295 psalmos
951 2220 1016 2275 et
1062 2227 1370 2296 congrua
1423 2207 1694 2276 cantica
1747 2205 2266 2294 depromebant.
2318 2205 2550 2276 Adfuit
2604 2216 2749 2275 tum
2805 2205 2983 2275 inter
3029 2227 3146 2276 eos

596 2292 909 2364 Albertus
947 2294 1139 2365 Prior
1189 2295 1583 2365 monasterii
1636 2312 1913 2365 sanctae
1951 2295 2376 2375 catharinae,
2424 2293 2607 2381 quod
2641 2307 2741 2363 est
2773 2293 3141 2374 Bononiae,

598 2383 703 2451 vir
737 2383 1102 2485 religiosus
1140 2395 1204 2452 et
1235 2384 1429 2454 beato
1475 2385 1826 2458 Dominico
1857 2384 2271 2475 cumprimis
2304 2382 2666 2453 familiaris
2694 2396 2758 2451 et
2796 2382 3145 2454 addictus.

596 2475 665 2542 Is
698 2484 776 2543 ut
823 2472 990 2543 vidit
1036 2470 1278 2543 fratres
1326 2494 1604 2544 carmen
1644 2472 1938 2565 lugubre
1968 2472 2035 2542 in
2079 2472 2385 2563 jubilum
2440 2486 2768 2551 mutasse,
2822 2472 3049 2564 coepit
3082 2484 3149 2543 et

594 2560 745 2653 ipse
769 2562 1070 2652 gaudere
1107 2584 1266 2632 cum
1304 2562 1794 2654 gaudentibus.
1828 2562 2191 2632 Enimvero
2221 2574 2550 2652 concepta
2590 2561 2675 2630 de
2715 2561 3145 2633 sanctissimi

595 2651 815 2721 Patris
848 2651 1275 2722 beatitudine
1326 2673 1456 2722 non
1526 2652 1721 2720 inani
1769 2651 2049 2732 fiducia,
2097 2650 2492 2740 jubilarunt
2540 2650 2662 2719 filii
2717 2650 2856 2724 Dei.
2908 2663 2975 2720 et
3015 2655 3146 2719 Do-

598 2739 867 2808 minum
901 2740 1357 2810 laudaverunt
1392 2762 1515 2831 pro
1543 2741 1837 2819 cunctis,
1874 2762 2048 2826 quas
2089 2739 2420 2821 viderant,
2460 2738 2852 2821 virtutibus),
2886 2739 3148 2827 quibus

597 2827 1083 2898 mirificaverat
1123 2830 1457 2899 Dominus
1509 2842 1822 2898 sanctum
1877 2850 2110 2897 suum.
2163 2833 2240 2898 At
2285 2829 2478 2898 Prior
2520 2828 2637 2898 ille
2681 2843 3149 2919 compunctus

597 2915 826 2995 corde,
883 2918 1021 2987 ruit
1047 2938 1203 2987 cum
1245 2938 1549 2987 moerore
1579 2918 1648 2986 in
1680 2917 1790 3008 pia
1825 2917 2061 2987 oscula
2088 2929 2153 2987 et
2182 2917 2542 3006 amplexus
2590 2917 2768 2986 sacri
2806 2918 3141 3008 corporiS,

597 3023 725 3072 nec
774 3003 934 3073 inde
982 3006 1283 3085 recessit,
1336 3004 1555 3075 donec
1607 3006 1844 3076 mortis
1884 3027 2050 3075 suae
2093 3005 2557 3074 indubitatum
2598 3006 2849 3074 meruit
2895 3006 3147 3077 habere

598 3113 709 3162 res
761 3113 1034 3164 onsum.
1089 3098 1234 3176 Quo
1282 3105 1584 3184 accepto,
1624 3094 1943 3175 surrexit,
1982 3094 2215 3183 aitque
2245 3094 2460 3164 Priori
2509 3092 2796 3163 fratrum
2824 3093 3147 3184 jucundo

597 3192 665 3249 et
765 3180 915 3251 ilari
958 3181 1194 3252 vultu:
1230 3182 1482 3252 Fidelis
1523 3204 1749 3254 sermo
1785 3197 1852 3253 et
1896 3184 2086 3253 omni
2151 3182 2543 3267 acceptione
2573 3183 2876 3273 dignus:
2931 3183 3149 3275 Magi-

599 3281 738 3338 ster
779 3270 1179 3341 Dominicus
1229 3292 1335 3341 me
1364 3272 1867 3362 complexans,
1914 3272 2085 3343 dixit
2134 3272 2346 3341 mihi:
2399 3276 2540 3342 Hoc
2603 3294 2786 3342 anno
2835 3273 3147 3360 sequeris

599 3377 711 3427 me
748 3358 835 3428 ad
878 3358 1247 3441 Christum3
1285 3360 1465 3448 quod
1518 3373 1582 3430 et
1627 3360 1884 3430 facturn
1919 3373 2043 3432 est.
2091 3361 2338 3431 Eodem
2380 3361 2568 3430 enim
2616 3382 2799 3431 anno
2846 3361 3018 3432 obiit
3045 3362 3148 3430 vir

598 3445 716 3515 ille
756 3447 1015 3536 justus,
1073 3448 1253 3518 sicut
1295 3449 1816 3540 prophetaverat
1865 3464 2209 3520 mortuum
2250 3471 2506 3540 corpus
2540 3462 2881 3520 sanctum.

686 3536 724 3622 ὃ
772 3542 866 3608 9.
899 3542 1023 3607 Per
1053 3537 1117 3607 id
1149 3550 1423 3628 tempus
1442 3538 1834 3630 Hugolinus
1865 3538 2196 3609 Ostiensis
2227 3540 2630 3629 Episcopus,
2661 3538 2869 3627 cujus
2902 3538 3150 3609 crebro

599 3645 811 3715 supra
865 3627 1334 3709 meminimus,
1388 3629 1762 3698 Bononiam
1815 3629 2014 3698 venit.
2068 3634 2321 3698 Venere
2357 3630 2529 3698 'cum
2578 3627 2736 3707 ill0,
2792 3649 2920 3698 ceu
2966 3632 3151 3718 Apo·

598 3714 878 3785 stolicae
927 3715 1119 3786 Sedis
1168 3716 1411 3818 legam,
1464 3717 1668 3787 etiam
1710 3716 1908 3787 multi
1943 3716 2176 3809 magni
2200 3717 2324 3786 viri
2358 3729 2423 3787 et
2458 3717 2908 3787 ecclesiarum
2943 3722 3153 3787 Prae-

598 3801 743 3874 lati.
800 3804 925 3873 Ubi
987 3819 1308 3897 cognovit
1369 3819 1596 3876 autem
1647 3805 1734 3876 de
1780 3806 1969 3876 obitu
2021 3812 2088 3876 S.
2153 3805 2538 3887 Dominici,
2592 3807 2741 3875 suis
2819 3805 3152 3876 manibus

595 3913 852 3983 corpus
897 3892 1051 3982 ejus
1110 3894 1626 3965 sanctissimum
1708 3895 2105 3985 sepulturae
2165 3895 2538 3964 mandavit.
2606 3900 2892 3965 Noverat
2952 3895 3150 3964 enim

597 3994 903 4051 sanctam
955 3981 1110 4071 ejus
1159 3983 1227 4051 in
1279 3983 1567 4053 Domino
1612 3984 2222 4065 conversationem,
2275 3996 2340 4053 et
2388 3983 2572 4052 haud
2622 3984 2996 4076 vulgariter
3037 3983 3152 4053 di-

598 4066 852 4141 lexerat
904 4070 1266 4142 viventem.
1333 4071 1743 4142 Interfuerat
1787 4072 2037 4155 etiam,
2102 4071 2382 4161 quando
2453 4072 2555 4142 vir
2601 4072 2756 4153 Dei,
2812 4072 3153 4163 Stephani

599 4158 982 4229 Cardinalis
1014 4172 1329 4253 nepotem
1366 4162 1513 4232 suis
1540 4161 1863 4252 precibus
1887 4161 1975 4231 ad
2004 4162 2213 4232 vitam
2243 4161 2604 4231 revocavit.
2636 4162 2879 4232 Aderat
2909 4174 3151 4232 autem

597 4244 766 4316 huic
796 4249 1190 4339 sepulturae
1227 4251 1432 4320 etiam
1469 4250 1864 4321 Patriarcha
1908 4250 2383 4341 aquilejensis,
2431 4272 2555 4321 nec
2587 4252 2795 4342 pauci
2825 4256 2873 4321 E
2926 4250 3154 4342 iscopi

598 4347 666 4403 et
703 4335 1017 4437 Abbates,
1060 4361 1218 4409 cum
1272 4338 1430 4409 aliis
1441 4339 1787 4498 tpraelatis
1834 4352 1900 4410 et
1949 4340 2166 4411 multa
2232 4340 2469 4431 populi
2538 4341 2764 4411 turba.
2820 4344 2871 4411 Ο
2923 4339 3003 4410 iit
3050 4339 3157 4410 vir

599 4426 1084 4498 sanctissimus
1131 4440 1368 4499 octavo
1407 4432 1437 4499 1
1491 4451 1577 4501 us
1622 4430 1934 4521 Augusti,
1988 4429 2317 4499 humatus
2345 4431 2691 4500 Bononiae
2729 4430 2926 4521 juxta
2961 4428 3154 4501 filios
