3308 5004
192 323 343 391 AUG.
386 326 425 390 2
2504 329 2589 395 59

1249 483 1500 562 VITA
1526 484 1567 523 *

503 733 586 834 S.
658 732 1161 836 ALPHONSl
1234 733 1629 835 MARlAE
1701 732 1826 833 DE
1894 729 2305 833 LIGORlO

596 955 1140 1040 coussnnGnloivls
1188 991 1280 1038 SS.
1334 987 1773 1041 nssnssurroms
1819 988 2214 1038 FUNnAToms

441 1091 725 1140 BPISCOPI
763 1093 818 1140 S.
864 1092 1157 1140 AGATRAR
1196 1092 1536 1141 Gomomm
1574 1092 1649 1139 13¹1·
1687 1088 2022 1140 RCCLRSIAR
2061 1091 2362 1140 nocroms

229 1281 434 1338 Batus
474 1296 656 1339 anno
696 1286 860 1340 1696
885 1311 957 1322 —-
978 1283 1297 1340 Mortuus
1326 1297 1505 1339 anno
1533 1249 1684 1338 178⁹?
1703 1311 1780 1321 —
1799 1281 2032 1339 Patria,
2060 1238 2594 1351 ‘Neapolitanum

237 1484 580 1552 Pactocus.
627 1519 711 1529 —
758 1487 945 1552 Inter
989 1504 1104 1553 eos
1149 1482 1268 1570 qui
1323 1482 1391 1551 in
1456 1481 1574 1551 Dei
1630 1480 1935 1552 Ecclesia
1995 1481 2277 1552 fuerunt
2324 1482 2558 1573 magni
2605 1494 2680 1552 et

165 1591 385 1660 magna
423 1569 773 1652 fecerunt,
811 1569 1256 1660 splendidum
1313 1569 1609 1661 profecto
1649 1570 1877 1641 locum
1923 1583 2100 1641 tenet
2162 1574 2228 1640 S.
2279 1570 2673 1660 Alphonsus

163 1659 348 1728 Maria
383 1659 470 1729 de
504 1659 798 1749 Ligorio.
834 1660 947 1728 Vir
977 1661 1124 1740 iste,
1162 1682 1317 1729 vere
1348 1658 1795 1749 apostolicus,
1831 1658 2011 1729 ultra
2050 1660 2423 1749 nonaginta
2449 1682 2671 1731 annos

162 1745 217 1813 in
250 1746 370 1816 hac
399 1750 536 1818 vita
612 1749 1042 1837 eregrinatus
1065 1760 1189 1829 est,
1224 1748 1702 1818 amantissime
1723 1769 1994 1837 semper
2021 1748 2308 1818 Domino
2343 1748 2669 1830 servienS,

159 1848 338 1923 atque
386 1836 552 1907 inde
581 1858 729 1906 esse
790 1838 859 1907 in
920 1860 1088 1928 agro
1128 1838 1399 1907 Domini
1449 1836 1831 1907 insudans:
1883 1858 1965 1905 ex
2010 1858 2148 1924 quo
2193 1836 2394 1907 facile
2440 1836 2676 1927 colligi

159 1938 375 2012 potest,
414 1940 585 2012 quot
615 1939 680 1996 et
712 1938 1004 2012 quantos
1049 1926 1341 1996 ediderit
1375 1924 1640 1996 fructus
1689 1925 2094 1995 sanctitatis,
2135 1927 2462 2008 Quamvis
2513 1947 2670 1996 vero

160 2014 356 2082 sancti
422 2014 560 2083 Viri
627 2013 1032 2105 longissima
1102 2015 1238 2085 vita
1300 2014 1627 2085 virtutum
1695 2028 1840 2084 tum
1908 2014 2104 2104 copia
2157 2027 2302 2084 tum
2355 2014 2676 2085 varietate

155 2097 439 2202 fulgeat;
493 2125 635 2172 una
687 2116 914 2172 tamen
966 2104 1033 2172 in
1084 2126 1165 2174 eo
1211 2104 1466 2173 eminet
1526 2103 1784 2182 virtus,
1830 2124 1968 2189 quo
2016 2115 2154 2172 tota
2198 2103 2353 2188 ejus
2403 2102 2675 2172 vivendi

158 2203 306 2259 ratio
353 2189 637 2260 definiri
676 2214 756 2260 ac
787 2192 1119 2263 contineri
1157 2191 1451 2261 dicenda
1483 2203 1626 2262 est:
1682 2191 2098 2261 insatiabilis
2132 2191 2445 2261 videlicet
2473 2213 2671 2262 amor

150 2280 295 2349 Jesu
343 2280 621 2350 Christi.
689 2280 958 2370 Quippe
1004 2280 1351 2371 Alphonso
1380 2335 1395 2362 ‚
1452 2279 1636 2349 haud
1679 2301 1878 2351 secus
1925 2301 2004 2349 ao
2051 2280 2263 2349 Paulo
2302 2279 2666 2369 ApostoIO,

154 2366 351 2465 vivere
385 2369 703 2439 Christus
740 2368 890 2438 fuit.
932 2374 1022 2438 Ex
1064 2371 1190 2440 hoc
1239 2390 1495 2450 amore,
1543 2367 1725 2438 velut
1756 2389 1838 2437 ex
1874 2368 2155 2458 perenni
2189 2368 2395 2450 fonte,
2451 2382 2678 2438 scatu-

153 2469 395 2527 nerunt
428 2478 700 2539 omnes,
743 2480 918 2546 quas
949 2458 1302 2529 heroicum
1356 2458 1423 2528 in
1462 2456 1744 2528 modum
1781 2456 2106 2539 exercuit,
2147 2456 2450 2528 virtutes.
2505 2456 2676 2528 Inde

156 2544 479 2631 profectus
512 2560 615 2616 est
648 2547 1255 2637 flagrantissimus,
1298 2570 1438 2635 quo
1486 2567 1759 2636 semper
1806 2567 2185 2616 succensus
2220 2545 2383 2617 vixit
2413 2600 2429 2627 ‚
2481 2546 2674 2616 zelus

152 2634 555 2705 animarum.
596 2635 764 2704 Inde
792 2648 1205 2706 emanarunt
1253 2635 1629 2716 innumeri,
1675 2634 1934 2721 quibus
1979 2633 2260 2705 assidue
2306 2633 2674 2717 incubuit,

152 2722 491 2809 apostolici
529 2722 822 2794 labores,
884 2724 1054 2795 Inde
1104 2725 1244 2793 nati
1294 2736 1506 2804 sunt,
1559 2745 1735 2811 quos
1786 2722 2164 2813 permultos
2210 2722 2672 2823 conscripsit,

150 2806 289 2879 libri
335 2812 730 2883 eruditione
782 2814 1158 2902 pietateque
1190 2813 1600 2903 plenissimi,
1644 2812 1905 2901 quibus
1953 2812 2329 2913 gloriosum
2380 2811 2510 2883 sib1
2549 2816 2677 2881 Do-

152 2900 338 2969 ctoris
384 2900 734 2971 Ecclesiae
784 2901 1059 2971 titulum
1121 2902 1523 2992 promeruit.
1594 2906 1672 2971 In
1724 2901 1853 2971 hac
1902 2899 2115 2990 igitur
2160 2900 2489 2990 Alphonsi
2541 2900 2677 2972 vita

152 2985 605 3078 deprehendet
651 3002 949 3059 attentus
984 2989 1215 3072 lector,
1256 2990 1429 3059 nihil
1470 2988 1687 3070 aliud,
1736 3001 1880 3059 tum
1917 2988 2003 3058 ad
2038 2991 2148 3059 sul
2197 3001 2342 3059 tum
2392 2988 2476 3059 ad
2515 3010 2677 3080 pro-

152 3077 473 3148 ximorum
519 3079 1131 3150 sanctificationem
1164 3134 1180 3159 ‚
1236 3078 1518 3165 requiri,
1566 3100 1775 3165 quam
1836 3099 2068 3147 verum
2105 3099 2185 3146 ac
2221 3098 2551 3168 magnum
2606 3078 2676 3147 in

155 3164 477 3236 Christum
514 3169 762 3237 Jesum
813 3189 1115 3237 amorem
1153 3191 1170 3249 ;
1277 3167 1625 3237 raesertim
1667 3166 1728 3236 si
1764 3166 1927 3235 huic
1965 3166 2183 3236 amori
2234 3188 2307 3235 se
2352 3166 2676 3236 comitem

152 3251 489 3345 ad'ungat‚
538 3256 720 3326 sicut
759 3255 828 3324 in
858 3256 1060 3326 corde
1090 3255 1211 3347 Alp
1267 3256 1444 3337 onsi,
1479 3254 1778 3345 insignis
1812 3253 1882 3323 in
1926 3254 2285 3346 Deiparam
2328 3254 2677 3344 Virginem

155 3275 387 3413 fidlucia
416 3367 503 3415 ac
544 3343 782 3413 filialis
825 3345 1060 3435 pietas,

156 3484 343 3553 Cum·
391 3491 442 3555 1.
502 3486 924 3576 Alphonsus,
984 3496 1326 3556 transacta
1374 3487 1903 3556 innocentissime
1949 3486 2249 3577 pucritia
2287 3494 2488 3577 atque
2526 3484 2684 3554 ado·

227 3576 559 3655 lescencia,
607 3576 987 3650 Sacerdotio
1021 3577 1359 3645 initiatur.

198 3698 260 3795 ,ὅ
287 3704 365 3771 1.
404 3703 706 3769 Sanctus
735 3698 1128 3789 Alpbonsus
1162 3699 1371 3768 Maria
1405 3698 1490 3768 de
1516 3699 1789 3789 Ligorio
1816 3710 2139 3769 natusest
2163 3720 2349 3768 anno
2379 3716 2676 3777 uncxcvt,

152 3779 247 3853 die
281 3809 437 3858 vero
486 3792 579 3858 26
629 3788 1047 3877 Septembris
1076 3842 1092 3870 ‚
1147 3789 1216 3857 in
1264 3808 1440 3878 pago
1487 3788 1602 3857 cui
1664 3808 1914 3857 nomen
1974 3786 2369 3857 Marianella
2400 3842 2416 3869 ,
2472 3806 2682 3878 prope

158 3873 486 3973 Neapolim
521 3877 679 3956 sito,
716 3876 832 3946 ubi
874 3891 1064 3965 pater
1107 3877 1341 3946 villam
1388 3875 1806 3967 possidebat.
1847 3880 2034 3958 Quae
2072 3877 2456 3947 sanctitatis
2489 3894 2683 3966 prae·

159 3978 218 4029 sa
288 3986 324 4033 a
370 3969 738 4036 Beatorum
795 3964 1141 4035 illustrare
1187 3965 1411 4035 solent
1461 3964 1884 4035 incunabula
1936 3976 2003 4034 et
2050 3965 2411 4055 pueritiam
2444 4019 2460 4045 ‚
2514 3964 2683 4033 haec

162 4068 222 4117 ea
269 4074 372 4121 em
416 4054 578 4144 ejus
626 4052 985 4123 infantiam
1035 4066 1482 4123 exornarunt.
1537 4059 1709 4123 Eum
1762 4052 1992 4122 adhuc
2034 4053 2406 4144 puerulum
2453 4052 2563 4144 (ut
2609 4053 2680 4120 in

165 4137 481 4238 Breviario
524 4148 835 4213 Romano
877 4142 1158 4233 legitur)
1200 4165 1362 4213 cum
1409 4155 1624 4212 mater
1654 4140 2015 4212 obtulisset
2060 4146 2132 4210 P.
2186 4142 2550 4213 Francisco
2598 4140 2684 4210 de

167 4225 563 4322 Hieronymo
594 4253 632 4301 e
672 4232 1003 4302 Societate
1028 4237 1197 4302 Jesu
1240 4231 1394 4321 (qui
1435 4244 1668 4323 postca
1714 4229 1954 4300 eadem
2005 4228 2117 4300 die
2161 4252 2241 4301 ac
2286 4230 2700 4323 Alphonsus

204 4389 224 4410 ⁸
245 4394 278 4432 A
301 4390 378 4443 pio
408 4397 457 4435 et
479 4392 668 4434 erudito
688 4395 842 4442 ejusd.
863 4394 1135 4442 canan-eant.
1167 4390 1289 4434 Viro.
1304 4393 1383 4441 qut
1405 4403 1571 4434 nomen
1593 4393 1748 4434 voluit
1771 4402 1907 4433 suum
1937 4394 2166 4440 occulere.
2185 4394 2514 4445 locupletando
2543 4390 2680 4437 Sul-‘o

168 4447 298 4485 mro
314 4450 591 4497 conseruit·
608 4451 655 4488 et
674 4447 1030 4498 perhumaniter
1052 4449 1340 4488 transmissa.
