<?xml version="1.0" encoding="UTF-8"?>
<!DOCTYPE html PUBLIC "-//W3C//DTD XHTML 1.0 Transitional//EN"
    "http://www.w3.org/TR/xhtml1/DTD/xhtml1-transitional.dtd">
<html xmlns="http://www.w3.org/1999/xhtml" xml:lang="en" lang="en">
 <head>
  <title>
</title>
<meta http-equiv="Content-Type" content="text/html;charset=utf-8" />
  <meta name='ocr-system' content='tesseract 3.04.00' />
  <meta name='ocr-capabilities' content='ocr_page ocr_carea ocr_par ocr_line ocrx_word'/>
</head>
<body>
  <div class='ocr_page' id='page_1' title='image "./historiaeseuvit01lippgoog_0347.png"; bbox 0 0 3308 5004; ppageno 0'>
   <div class='ocr_carea' id='block_1_1' title="bbox 189 351 2639 525">
    <p class='ocr_par' dir='ltr' id='par_1_1' title="bbox 189 351 2639 525">
     <span class='ocr_line' id='line_1_1' title="bbox 189 351 2639 525; baseline 0.002 -108"><span class='ocrx_word' id='word_1_1' title='bbox 189 351 369 419; x_wconf 66' lang='grc' dir='ltr'><strong>ΑΗΕ.</strong></span> <span class='ocrx_word' id='word_1_2' title='bbox 421 352 501 418; x_wconf 70' lang='grc' dir='ltr'>Η</span> <span class='ocrx_word' id='word_1_3' title='bbox 1107 370 1233 525; x_wconf 48' lang='grc' dir='ltr'><strong>ἐκ</strong></span> <span class='ocrx_word' id='word_1_4' title='bbox 1281 370 1340 418; x_wconf 88' lang='lat' dir='ltr'><strong>s.</strong></span> <span class='ocrx_word' id='word_1_5' title='bbox 1388 369 1755 418; x_wconf 65' lang='lat' dir='ltr'><strong>Arumasu</strong></span> <span class='ocrx_word' id='word_1_6' title='bbox 2510 353 2639 421; x_wconf 77' lang='lat'><strong>333</strong></span> 
     </span>
    </p>
   </div>
   <div class='ocr_carea' id='block_1_2' title="bbox 185 451 2777 4536">
    <p class='ocr_par' dir='ltr' id='par_1_2' title="bbox 185 451 2729 989">
     <span class='ocr_line' id='line_1_2' title="bbox 185 451 2726 540; baseline 0.001 -15"><span class='ocrx_word' id='word_1_7' title='bbox 185 458 360 525; x_wconf 86' lang='lat' dir='ltr'><strong>Haec</strong></span> <span class='ocrx_word' id='word_1_8' title='bbox 393 475 554 524; x_wconf 91' lang='lat' dir='ltr'><strong>cum</strong></span> <span class='ocrx_word' id='word_1_9' title='bbox 601 451 856 523; x_wconf 86' lang='lat' dir='ltr'><strong>mulier</strong></span> <span class='ocrx_word' id='word_1_10' title='bbox 901 452 1111 522; x_wconf 92' lang='lat' dir='ltr'><strong>audiv</strong></span> <span class='ocrx_word' id='word_1_11' title='bbox 1180 464 1301 535; x_wconf 90' lang='lat' dir='ltr'><strong>set,</strong></span> <span class='ocrx_word' id='word_1_12' title='bbox 1347 467 1413 523; x_wconf 91' lang='lat' dir='ltr'><strong>et</strong></span> <span class='ocrx_word' id='word_1_13' title='bbox 1457 475 1561 535; x_wconf 92' lang='lat' dir='ltr'><strong>ea,</strong></span> <span class='ocrx_word' id='word_1_14' title='bbox 1615 475 1794 540; x_wconf 88' lang='lat' dir='ltr'><strong>quae</strong></span> <span class='ocrx_word' id='word_1_15' title='bbox 1842 453 2223 535; x_wconf 86' lang='lat' dir='ltr'><strong>audiverat,</strong></span> <span class='ocrx_word' id='word_1_16' title='bbox 2275 454 2569 538; x_wconf 78' lang='lat' dir='ltr'><strong>fecisset,</strong></span> <span class='ocrx_word' id='word_1_17' title='bbox 2624 456 2726 527; x_wconf 88' lang='lat' dir='ltr'><strong>di·</strong></span> 
     </span>
     <span class='ocr_line' id='line_1_3' title="bbox 188 540 2726 636; baseline 0.002 -25"><span class='ocrx_word' id='word_1_18' title='bbox 188 544 342 613; x_wconf 89' lang='lat' dir='ltr'><strong>vina</strong></span> <span class='ocrx_word' id='word_1_19' title='bbox 386 563 514 633; x_wconf 90' lang='lat' dir='ltr'><strong>ope</strong></span> <span class='ocrx_word' id='word_1_20' title='bbox 542 541 800 632; x_wconf 87' lang='lat' dir='ltr'><strong>adjuta,</strong></span> <span class='ocrx_word' id='word_1_21' title='bbox 842 555 1082 612; x_wconf 89' lang='lat' dir='ltr'><strong>sanata</strong></span> <span class='ocrx_word' id='word_1_22' title='bbox 1121 554 1244 612; x_wconf 90' lang='lat' dir='ltr'><strong>est.</strong></span> <span class='ocrx_word' id='word_1_23' title='bbox 1303 541 1447 612; x_wconf 79' lang='lat' dir='ltr'><strong>Alia</strong></span> <span class='ocrx_word' id='word_1_24' title='bbox 1492 541 1837 629; x_wconf 82' lang='lat' dir='ltr'>quaedam</span> <span class='ocrx_word' id='word_1_25' title='bbox 1889 540 2139 614; x_wconf 89' lang='lat' dir='ltr'><strong>mulier</strong></span> <span class='ocrx_word' id='word_1_26' title='bbox 2184 543 2514 614; x_wconf 87' lang='lat' dir='ltr'><strong>infantem</strong></span> <span class='ocrx_word' id='word_1_27' title='bbox 2559 567 2726 636; x_wconf 89' lang='lat' dir='ltr'><strong>pue-</strong></span> 
     </span>
     <span class='ocr_line' id='line_1_4' title="bbox 189 630 2722 721; baseline 0.001 -19"><span class='ocrx_word' id='word_1_28' title='bbox 189 654 340 702; x_wconf 89' lang='lat' dir='ltr'><strong>rum</strong></span> <span class='ocrx_word' id='word_1_29' title='bbox 376 652 750 701; x_wconf 80' lang='lat' dir='ltr'><strong>mammam</strong></span> <span class='ocrx_word' id='word_1_30' title='bbox 801 643 1159 721; x_wconf 87' lang='lat' dir='ltr'><strong>sugentem</strong></span> <span class='ocrx_word' id='word_1_31' title='bbox 1196 630 1445 713; x_wconf 83' lang='lat' dir='ltr'><strong>ferens,</strong></span> <span class='ocrx_word' id='word_1_32' title='bbox 1483 632 1596 701; x_wconf 89' lang='lat' dir='ltr'><strong>cui</strong></span> <span class='ocrx_word' id='word_1_33' title='bbox 1630 643 1776 700; x_wconf 87' lang='lat' dir='ltr'><strong>tum</strong></span> <span class='ocrx_word' id='word_1_34' title='bbox 1809 630 2042 700; x_wconf 83' lang='lat' dir='ltr'>dexter</span> <span class='ocrx_word' id='word_1_35' title='bbox 2069 631 2316 702; x_wconf 91' lang='lat' dir='ltr'><strong>oculus</strong></span> <span class='ocrx_word' id='word_1_36' title='bbox 2359 634 2722 714; x_wconf 86' lang='lat' dir='ltr'><strong>extinctus,</strong></span> 
     </span>
     <span class='ocr_line' id='line_1_5' title="bbox 191 720 2729 820; baseline 0.002 -31"><span class='ocrx_word' id='word_1_37' title='bbox 191 732 328 790; x_wconf 87' lang='lat' dir='ltr'><strong>tum</strong></span> <span class='ocrx_word' id='word_1_38' title='bbox 376 741 628 790; x_wconf 90' lang='lat' dir='ltr'><strong>manus</strong></span> <span class='ocrx_word' id='word_1_39' title='bbox 672 731 743 789; x_wconf 89' lang='lat' dir='ltr'><strong>et</strong></span> <span class='ocrx_word' id='word_1_40' title='bbox 786 741 908 811; x_wconf 85' lang='lat' dir='ltr'><strong>pes</strong></span> <span class='ocrx_word' id='word_1_41' title='bbox 974 732 1286 809; x_wconf 91' lang='lat' dir='ltr'><strong>torpens,</strong></span> <span class='ocrx_word' id='word_1_42' title='bbox 1337 730 1404 790; x_wconf 91' lang='lat' dir='ltr'><strong>et</strong></span> <span class='ocrx_word' id='word_1_43' title='bbox 1452 720 1777 789; x_wconf 89' lang='lat' dir='ltr'><strong>motionis</strong></span> <span class='ocrx_word' id='word_1_44' title='bbox 1827 740 2069 820; x_wconf 81' lang='lat' dir='ltr'>expers</span> <span class='ocrx_word' id='word_1_45' title='bbox 2114 733 2280 802; x_wconf 90' lang='lat' dir='ltr'><strong>erat,</strong></span> <span class='ocrx_word' id='word_1_46' title='bbox 2324 720 2411 791; x_wconf 92' lang='lat' dir='ltr'><strong>ad</strong></span> <span class='ocrx_word' id='word_1_47' title='bbox 2454 735 2729 794; x_wconf 89' lang='lat' dir='ltr'><strong>sanctae</strong></span> 
     </span>
     <span class='ocr_line' id='line_1_6' title="bbox 188 807 2729 899; baseline 0.002 -22"><span class='ocrx_word' id='word_1_48' title='bbox 188 809 369 880; x_wconf 90' lang='lat' dir='ltr'><strong>illius</strong></span> <span class='ocrx_word' id='word_1_49' title='bbox 416 808 732 879; x_wconf 88' lang='lat' dir='ltr'><strong>sanitatis</strong></span> <span class='ocrx_word' id='word_1_50' title='bbox 790 807 1124 878; x_wconf 80' lang='lat' dir='ltr'><strong>datricem</strong></span> <span class='ocrx_word' id='word_1_51' title='bbox 1181 830 1413 878; x_wconf 90' lang='lat' dir='ltr'><strong>arcam</strong></span> <span class='ocrx_word' id='word_1_52' title='bbox 1462 830 1623 878; x_wconf 91' lang='lat' dir='ltr'><strong>eum</strong></span> <span class='ocrx_word' id='word_1_53' title='bbox 1674 807 1985 878; x_wconf 80' lang='lat' dir='ltr'><strong>addunt.</strong></span> <span class='ocrx_word' id='word_1_54' title='bbox 2052 812 2207 878; x_wconf 91' lang='lat' dir='ltr'><strong>Post</strong></span> <span class='ocrx_word' id='word_1_55' title='bbox 2267 831 2527 899; x_wconf 90' lang='lat' dir='ltr'><strong>paucos</strong></span> <span class='ocrx_word' id='word_1_56' title='bbox 2573 833 2729 883; x_wconf 89' lang='lat' dir='ltr'><strong>vero</strong></span> 
     </span>
     <span class='ocr_line' id='line_1_7' title="bbox 191 896 2723 989; baseline 0.002 -23"><span class='ocrx_word' id='word_1_57' title='bbox 191 897 328 967; x_wconf 89' lang='lat' dir='ltr'><strong>dies</strong></span> <span class='ocrx_word' id='word_1_58' title='bbox 360 896 560 968; x_wconf 91' lang='lat' dir='ltr'><strong>illum</strong></span> <span class='ocrx_word' id='word_1_59' title='bbox 585 918 833 967; x_wconf 90' lang='lat' dir='ltr'><strong>sanum</strong></span> <span class='ocrx_word' id='word_1_60' title='bbox 872 909 1255 988; x_wconf 87' lang='lat' dir='ltr'><strong>receptum,</strong></span> <span class='ocrx_word' id='word_1_61' title='bbox 1288 897 1358 967; x_wconf 91' lang='lat' dir='ltr'><strong>in</strong></span> <span class='ocrx_word' id='word_1_62' title='bbox 1396 897 1749 989; x_wconf 78' lang='lat' dir='ltr'><strong>propriam</strong></span> <span class='ocrx_word' id='word_1_63' title='bbox 1786 896 2074 967; x_wconf 91' lang='lat' dir='ltr'><strong>domum</strong></span> <span class='ocrx_word' id='word_1_64' title='bbox 2124 897 2441 987; x_wconf 88' lang='lat' dir='ltr'><strong>gaudens</strong></span> <span class='ocrx_word' id='word_1_65' title='bbox 2469 900 2723 971; x_wconf 90' lang='lat' dir='ltr'><strong>retulit.</strong></span> 
     </span>
    </p>

    <p class='ocr_par' dir='ltr' id='par_1_3' title="bbox 189 984 2777 2317">
     <span class='ocr_line' id='line_1_8' title="bbox 269 984 2733 1074; baseline 0 -16"><span class='ocrx_word' id='word_1_66' title='bbox 269 988 306 1074; x_wconf 67' lang='grc' dir='ltr'>ξ</span> <span class='ocrx_word' id='word_1_67' title='bbox 354 991 511 1061; x_wconf 68' lang='lat'><strong>84.</strong></span> <span class='ocrx_word' id='word_1_68' title='bbox 556 985 702 1055; x_wconf 79' lang='lat' dir='ltr'><strong>Alia</strong></span> <span class='ocrx_word' id='word_1_69' title='bbox 746 986 1088 1073; x_wconf 81' lang='lat' dir='ltr'><strong>quaedam</strong></span> <span class='ocrx_word' id='word_1_70' title='bbox 1139 999 1275 1056; x_wconf 90' lang='lat' dir='ltr'><strong>tam</strong></span> <span class='ocrx_word' id='word_1_71' title='bbox 1327 985 1506 1056; x_wconf 91' lang='lat' dir='ltr'><strong>male</strong></span> <span class='ocrx_word' id='word_1_72' title='bbox 1537 984 1898 1056; x_wconf 87' lang='lat' dir='ltr'><strong>oculorum</strong></span> <span class='ocrx_word' id='word_1_73' title='bbox 1959 987 2199 1055; x_wconf 91' lang='lat' dir='ltr'><strong>morbo</strong></span> <span class='ocrx_word' id='word_1_74' title='bbox 2257 986 2602 1069; x_wconf 89' lang='lat' dir='ltr'><strong>laborans,</strong></span> <span class='ocrx_word' id='word_1_75' title='bbox 2655 1003 2733 1060; x_wconf 93' lang='lat' dir='ltr'><strong>ut</strong></span> 
     </span>
     <span class='ocr_line' id='line_1_9' title="bbox 189 1073 2722 1174; baseline 0.001 -29"><span class='ocrx_word' id='word_1_76' title='bbox 189 1076 249 1145; x_wconf 88' lang='lat' dir='ltr'><strong>ei</strong></span> <span class='ocrx_word' id='word_1_77' title='bbox 280 1087 632 1162; x_wconf 87' lang='lat' dir='ltr'><strong>tamquam</strong></span> <span class='ocrx_word' id='word_1_78' title='bbox 667 1097 873 1165; x_wconf 89' lang='lat' dir='ltr'><strong>poma</strong></span> <span class='ocrx_word' id='word_1_79' title='bbox 910 1075 1144 1163; x_wconf 89' lang='lat' dir='ltr'><strong>aliqua</strong></span> <span class='ocrx_word' id='word_1_80' title='bbox 1173 1074 1359 1145; x_wconf 90' lang='lat' dir='ltr'><strong>oculi</strong></span> <span class='ocrx_word' id='word_1_81' title='bbox 1401 1074 1801 1165; x_wconf 81' lang='lat' dir='ltr'><strong>penderent,</strong></span> <span class='ocrx_word' id='word_1_82' title='bbox 1838 1073 1924 1144; x_wconf 86' lang='lat' dir='ltr'><strong>ad</strong></span> <span class='ocrx_word' id='word_1_83' title='bbox 1965 1073 2118 1174; x_wconf 85' lang='lat' dir='ltr'><strong>ejus</strong></span> <span class='ocrx_word' id='word_1_84' title='bbox 2148 1095 2380 1144; x_wconf 90' lang='lat' dir='ltr'><strong>arcam</strong></span> <span class='ocrx_word' id='word_1_85' title='bbox 2413 1077 2722 1160; x_wconf 88' lang='lat' dir='ltr'><strong>accessit,</strong></span> 
     </span>
     <span class='ocr_line' id='line_1_10' title="bbox 190 1163 2729 1255; baseline 0.001 -22"><span class='ocrx_word' id='word_1_86' title='bbox 190 1176 252 1233; x_wconf 88' lang='lat' dir='ltr'><strong>et</strong></span> <span class='ocrx_word' id='word_1_87' title='bbox 292 1165 517 1254; x_wconf 89' lang='lat' dir='ltr'><strong>capite</strong></span> <span class='ocrx_word' id='word_1_88' title='bbox 554 1185 769 1253; x_wconf 89' lang='lat' dir='ltr'><strong>supra</strong></span> <span class='ocrx_word' id='word_1_89' title='bbox 801 1177 1076 1236; x_wconf 89' lang='lat' dir='ltr'><strong>sanctas</strong></span> <span class='ocrx_word' id='word_1_90' title='bbox 1116 1163 1443 1251; x_wconf 85' lang='lat' dir='ltr'><strong>reliquias</strong></span> <span class='ocrx_word' id='word_1_91' title='bbox 1475 1164 1825 1254; x_wconf 89' lang='lat' dir='ltr'><strong>imposito,</strong></span> <span class='ocrx_word' id='word_1_92' title='bbox 1864 1175 2224 1237; x_wconf 72' lang='lat' dir='ltr'><strong>sanitatem</strong></span> <span class='ocrx_word' id='word_1_93' title='bbox 2274 1164 2550 1251; x_wconf 83' lang='lat' dir='ltr'><strong>assequi</strong></span> <span class='ocrx_word' id='word_1_94' title='bbox 2583 1187 2729 1255; x_wconf 91' lang='lat' dir='ltr'><strong>pre·</strong></span> 
     </span>
     <span class='ocr_line' id='line_1_11' title="bbox 193 1251 2728 1344; baseline 0.001 -23"><span class='ocrx_word' id='word_1_95' title='bbox 193 1252 383 1323; x_wconf 90' lang='lat' dir='ltr'><strong>cibus</strong></span> <span class='ocrx_word' id='word_1_96' title='bbox 419 1251 835 1343; x_wconf 89' lang='lat' dir='ltr'><strong>postulabat.</strong></span> <span class='ocrx_word' id='word_1_97' title='bbox 875 1257 1041 1323; x_wconf 90' lang='lat' dir='ltr'><strong>Cum</strong></span> <span class='ocrx_word' id='word_1_98' title='bbox 1093 1252 1306 1342; x_wconf 87' lang='lat' dir='ltr'><strong>igitur</strong></span> <span class='ocrx_word' id='word_1_99' title='bbox 1349 1252 1627 1323; x_wconf 91' lang='lat' dir='ltr'><strong>duobus</strong></span> <span class='ocrx_word' id='word_1_100' title='bbox 1682 1265 1805 1322; x_wconf 90' lang='lat' dir='ltr'><strong>aut</strong></span> <span class='ocrx_word' id='word_1_101' title='bbox 1843 1251 2063 1322; x_wconf 90' lang='lat' dir='ltr'><strong>tribus</strong></span> <span class='ocrx_word' id='word_1_102' title='bbox 2108 1251 2358 1322; x_wconf 89' lang='lat' dir='ltr'><strong>diebus</strong></span> <span class='ocrx_word' id='word_1_103' title='bbox 2414 1275 2728 1344; x_wconf 90' lang='lat' dir='ltr'><strong>perman·</strong></span> 
     </span>
     <span class='ocr_line' id='line_1_12' title="bbox 195 1339 2728 1432; baseline 0.001 -22"><span class='ocrx_word' id='word_1_104' title='bbox 195 1341 408 1421; x_wconf 81' lang='lat' dir='ltr'><strong>sisset,</strong></span> <span class='ocrx_word' id='word_1_105' title='bbox 457 1341 573 1411; x_wconf 89' lang='lat' dir='ltr'><strong>Dei</strong></span> <span class='ocrx_word' id='word_1_106' title='bbox 619 1362 747 1431; x_wconf 92' lang='lat' dir='ltr'><strong>ope</strong></span> <span class='ocrx_word' id='word_1_107' title='bbox 780 1340 1172 1432; x_wconf 78' lang='lat' dir='ltr'><strong>adiuvante,</strong></span> <span class='ocrx_word' id='word_1_108' title='bbox 1225 1363 1396 1412; x_wconf 92' lang='lat' dir='ltr'><strong>sana</strong></span> <span class='ocrx_word' id='word_1_109' title='bbox 1441 1340 1620 1412; x_wconf 89' lang='lat' dir='ltr'><strong>facta</strong></span> <span class='ocrx_word' id='word_1_110' title='bbox 1657 1354 1781 1422; x_wconf 91' lang='lat' dir='ltr'><strong>est,</strong></span> <span class='ocrx_word' id='word_1_111' title='bbox 1826 1341 1978 1428; x_wconf 91' lang='lat' dir='ltr'><strong>ejus</strong></span> <span class='ocrx_word' id='word_1_112' title='bbox 2024 1339 2247 1411; x_wconf 90' lang='lat' dir='ltr'><strong>oculis</strong></span> <span class='ocrx_word' id='word_1_113' title='bbox 2294 1339 2382 1410; x_wconf 93' lang='lat' dir='ltr'><strong>ad</strong></span> <span class='ocrx_word' id='word_1_114' title='bbox 2434 1342 2728 1432; x_wconf 90' lang='lat' dir='ltr'><strong>priorem</strong></span> 
     </span>
     <span class='ocr_line' id='line_1_13' title="bbox 192 1428 2733 1511; baseline -0 -10"><span class='ocrx_word' id='word_1_115' title='bbox 192 1428 439 1501; x_wconf 78' lang='lat' dir='ltr'><strong>statum</strong></span> <span class='ocrx_word' id='word_1_116' title='bbox 481 1429 836 1507; x_wconf 65' lang='lat' dir='ltr'><strong>restitutis</strong></span> <span class='ocrx_word' id='word_1_117' title='bbox 875 1435 1051 1500; x_wconf 89' lang='lat' dir='ltr'><strong>Puer</strong></span> <span class='ocrx_word' id='word_1_118' title='bbox 1075 1452 1234 1501; x_wconf 90' lang='lat' dir='ltr'><strong>vero</strong></span> <span class='ocrx_word' id='word_1_119' title='bbox 1266 1429 1631 1500; x_wconf 88' lang='lat' dir='ltr'><strong>duodecim</strong></span> <span class='ocrx_word' id='word_1_120' title='bbox 1668 1429 1806 1500; x_wconf 86' lang='lat' dir='ltr'><strong>fere</strong></span> <span class='ocrx_word' id='word_1_121' title='bbox 1853 1449 2073 1498; x_wconf 90' lang='lat' dir='ltr'><strong>annos</strong></span> <span class='ocrx_word' id='word_1_122' title='bbox 2129 1440 2355 1511; x_wconf 82' lang='lat' dir='ltr'><strong>natuS,</strong></span> <span class='ocrx_word' id='word_1_123' title='bbox 2391 1452 2548 1500; x_wconf 91' lang='lat' dir='ltr'><strong>cum</strong></span> <span class='ocrx_word' id='word_1_124' title='bbox 2587 1434 2733 1500; x_wconf 82' lang='lat' dir='ltr'><strong>t&#39;na-</strong></span> 
     </span>
     <span class='ocr_line' id='line_1_14' title="bbox 192 1515 2726 1608; baseline 0.001 -22"><span class='ocrx_word' id='word_1_125' title='bbox 192 1540 342 1599; x_wconf 87' lang='lat' dir='ltr'><strong>nus,</strong></span> <span class='ocrx_word' id='word_1_126' title='bbox 409 1531 478 1587; x_wconf 91' lang='lat' dir='ltr'><strong>et</strong></span> <span class='ocrx_word' id='word_1_127' title='bbox 552 1517 759 1607; x_wconf 91' lang='lat' dir='ltr'><strong>pedes</strong></span> <span class='ocrx_word' id='word_1_128' title='bbox 807 1530 1152 1608; x_wconf 86' lang='lat' dir='ltr'><strong>torpentes</strong></span> <span class='ocrx_word' id='word_1_129' title='bbox 1216 1519 1533 1599; x_wconf 87' lang='lat' dir='ltr'><strong>haberet,</strong></span> <span class='ocrx_word' id='word_1_130' title='bbox 1590 1518 1678 1588; x_wconf 90' lang='lat' dir='ltr'><strong>ad</strong></span> <span class='ocrx_word' id='word_1_131' title='bbox 1739 1517 1893 1606; x_wconf 86' lang='lat' dir='ltr'><strong>ejus</strong></span> <span class='ocrx_word' id='word_1_132' title='bbox 1963 1515 2360 1606; x_wconf 89' lang='lat' dir='ltr'><strong>sepulcrum</strong></span> <span class='ocrx_word' id='word_1_133' title='bbox 2416 1521 2726 1590; x_wconf 90' lang='lat' dir='ltr'><strong>accessit.</strong></span> 
     </span>
     <span class='ocr_line' id='line_1_15' title="bbox 193 1605 2736 1698; baseline 0.001 -23"><span class='ocrx_word' id='word_1_134' title='bbox 193 1610 493 1694; x_wconf 85' lang='lat' dir='ltr'><strong>Cumque</strong></span> <span class='ocrx_word' id='word_1_135' title='bbox 540 1606 852 1676; x_wconf 91' lang='lat' dir='ltr'><strong>nondum</strong></span> <span class='ocrx_word' id='word_1_136' title='bbox 900 1606 1105 1697; x_wconf 89' lang='lat' dir='ltr'><strong>pauci</strong></span> <span class='ocrx_word' id='word_1_137' title='bbox 1160 1606 1309 1676; x_wconf 86' lang='lat' dir='ltr'><strong>dies</strong></span> <span class='ocrx_word' id='word_1_138' title='bbox 1350 1607 1901 1697; x_wconf 86' lang='lat' dir='ltr'><strong>praeteriissent,</strong></span> <span class='ocrx_word' id='word_1_139' title='bbox 1958 1605 2189 1675; x_wconf 92' lang='lat' dir='ltr'><strong>divina</strong></span> <span class='ocrx_word' id='word_1_140' title='bbox 2239 1606 2502 1677; x_wconf 86' lang='lat' dir='ltr'><strong>visione</strong></span> <span class='ocrx_word' id='word_1_141' title='bbox 2565 1630 2736 1698; x_wconf 91' lang='lat' dir='ltr'><strong>puer</strong></span> 
     </span>
     <span class='ocr_line' id='line_1_16' title="bbox 193 1693 2730 1786; baseline 0.001 -23"><span class='ocrx_word' id='word_1_142' title='bbox 193 1694 302 1764; x_wconf 91' lang='lat' dir='ltr'><strong>ille</strong></span> <span class='ocrx_word' id='word_1_143' title='bbox 346 1696 607 1785; x_wconf 92' lang='lat' dir='ltr'><strong>dignus</strong></span> <span class='ocrx_word' id='word_1_144' title='bbox 640 1695 885 1777; x_wconf 81' lang='lat' dir='ltr'><strong>factuS,</strong></span> <span class='ocrx_word' id='word_1_145' title='bbox 911 1709 977 1766; x_wconf 91' lang='lat' dir='ltr'><strong>et</strong></span> <span class='ocrx_word' id='word_1_146' title='bbox 1024 1696 1324 1786; x_wconf 89' lang='lat' dir='ltr'><strong>propriis</strong></span> <span class='ocrx_word' id='word_1_147' title='bbox 1353 1695 1648 1786; x_wconf 92' lang='lat' dir='ltr'><strong>pedibus</strong></span> <span class='ocrx_word' id='word_1_148' title='bbox 1683 1693 2154 1772; x_wconf 90' lang='lat' dir='ltr'><strong>inambulans,</strong></span> <span class='ocrx_word' id='word_1_149' title='bbox 2194 1693 2481 1765; x_wconf 91' lang='lat' dir='ltr'><strong>domum</strong></span> <span class='ocrx_word' id='word_1_150' title='bbox 2533 1718 2730 1766; x_wconf 90' lang='lat' dir='ltr'><strong>suam</strong></span> 
     </span>
     <span class='ocr_line' id='line_1_17' title="bbox 192 1782 2733 1874; baseline 0.001 -21"><span class='ocrx_word' id='word_1_151' title='bbox 192 1804 502 1854; x_wconf 90' lang='lat' dir='ltr'><strong>reversus</strong></span> <span class='ocrx_word' id='word_1_152' title='bbox 529 1795 654 1854; x_wconf 87' lang='lat' dir='ltr'><strong>est.</strong></span> <span class='ocrx_word' id='word_1_153' title='bbox 680 1783 872 1869; x_wconf 88' lang='lat' dir='ltr'><strong>Quod</strong></span> <span class='ocrx_word' id='word_1_154' title='bbox 909 1784 1321 1854; x_wconf 84' lang='lat' dir='ltr'><strong>miraculum</strong></span> <span class='ocrx_word' id='word_1_155' title='bbox 1360 1804 1481 1874; x_wconf 88' lang='lat' dir='ltr'><strong>per</strong></span> <span class='ocrx_word' id='word_1_156' title='bbox 1512 1784 1779 1854; x_wconf 87' lang='lat' dir='ltr'><strong>beatam</strong></span> <span class='ocrx_word' id='word_1_157' title='bbox 1814 1783 2174 1853; x_wconf 86' lang='lat' dir='ltr'><strong>mulierem</strong></span> <span class='ocrx_word' id='word_1_158' title='bbox 2203 1782 2464 1854; x_wconf 92' lang='lat' dir='ltr'><strong>editum</strong></span> <span class='ocrx_word' id='word_1_159' title='bbox 2496 1806 2733 1855; x_wconf 89' lang='lat' dir='ltr'><strong>omnes</strong></span> 
     </span>
     <span class='ocr_line' id='line_1_18' title="bbox 192 1870 2777 1964; baseline 0 -22"><span class='ocrx_word' id='word_1_160' title='bbox 192 1870 784 1964; x_wconf 88' lang='lat' dir='ltr'><strong>obstupescebant.</strong></span> <span class='ocrx_word' id='word_1_161' title='bbox 815 1871 1078 1943; x_wconf 89' lang='lat' dir='ltr'><strong>Collum</strong></span> <span class='ocrx_word' id='word_1_162' title='bbox 1107 1873 1376 1963; x_wconf 91' lang='lat' dir='ltr'><strong>puellae</strong></span> <span class='ocrx_word' id='word_1_163' title='bbox 1413 1872 1810 1961; x_wconf 83' lang='lat' dir='ltr'><strong>cujusdam,</strong></span> <span class='ocrx_word' id='word_1_164' title='bbox 1839 1893 2017 1960; x_wconf 90' lang='lat' dir='ltr'><strong>quae</strong></span> <span class='ocrx_word' id='word_1_165' title='bbox 2047 1872 2309 1941; x_wconf 83' lang='lat' dir='ltr'><strong>Marina</strong></span> <span class='ocrx_word' id='word_1_166' title='bbox 2337 1874 2777 1954; x_wconf 58' lang='lat' dir='ltr'><strong>vocabaturn</strong></span> 
     </span>
     <span class='ocr_line' id='line_1_19' title="bbox 195 1960 2734 2053; baseline 0.001 -24"><span class='ocrx_word' id='word_1_167' title='bbox 195 1972 257 2030; x_wconf 92' lang='lat' dir='ltr'><strong>et</strong></span> <span class='ocrx_word' id='word_1_168' title='bbox 303 1962 371 2030; x_wconf 91' lang='lat' dir='ltr'><strong>in</strong></span> <span class='ocrx_word' id='word_1_169' title='bbox 425 1962 843 2032; x_wconf 90' lang='lat' dir='ltr'><strong>monasterio</strong></span> <span class='ocrx_word' id='word_1_170' title='bbox 902 1961 1295 2042; x_wconf 91' lang='lat' dir='ltr'><strong>habitabat,</strong></span> <span class='ocrx_word' id='word_1_171' title='bbox 1348 1962 1540 2053; x_wconf 89' lang='lat' dir='ltr'><strong>gravi</strong></span> <span class='ocrx_word' id='word_1_172' title='bbox 1619 1960 1859 2031; x_wconf 92' lang='lat' dir='ltr'><strong>morbo</strong></span> <span class='ocrx_word' id='word_1_173' title='bbox 1925 1961 2302 2032; x_wconf 89' lang='lat' dir='ltr'><strong>laborabat.</strong></span> <span class='ocrx_word' id='word_1_174' title='bbox 2357 1962 2478 2031; x_wconf 90' lang='lat' dir='ltr'><strong>Cui</strong></span> <span class='ocrx_word' id='word_1_175' title='bbox 2540 1962 2734 2032; x_wconf 88' lang='lat' dir='ltr'><strong>beata</strong></span> 
     </span>
     <span class='ocr_line' id='line_1_20' title="bbox 195 2049 2733 2141; baseline 0.001 -23"><span class='ocrx_word' id='word_1_176' title='bbox 195 2049 558 2121; x_wconf 82' lang='lat' dir='ltr'><strong>Athanasia</strong></span> <span class='ocrx_word' id='word_1_177' title='bbox 590 2050 660 2118; x_wconf 93' lang='lat' dir='ltr'><strong>in</strong></span> <span class='ocrx_word' id='word_1_178' title='bbox 702 2050 968 2121; x_wconf 88' lang='lat' dir='ltr'><strong>somnis</strong></span> <span class='ocrx_word' id='word_1_179' title='bbox 1001 2072 1038 2120; x_wconf 89' lang='lat' dir='ltr'><strong>a</strong></span> <span class='ocrx_word' id='word_1_180' title='bbox 1093 2071 1388 2141; x_wconf 90' lang='lat' dir='ltr'><strong>parens:</strong></span> <span class='ocrx_word' id='word_1_181' title='bbox 1434 2055 1796 2141; x_wconf 79' lang='lat' dir='ltr'><strong>Asperam,</strong></span> <span class='ocrx_word' id='word_1_182' title='bbox 1852 2050 2100 2138; x_wconf 88' lang='lat' dir='ltr'><strong>inquit,</strong></span> <span class='ocrx_word' id='word_1_183' title='bbox 2155 2050 2458 2140; x_wconf 87' lang='lat' dir='ltr'><strong>tunicam</strong></span> <span class='ocrx_word' id='word_1_184' title='bbox 2512 2072 2733 2120; x_wconf 88' lang='lat' dir='ltr'><strong>meam</strong></span> 
     </span>
     <span class='ocr_line' id='line_1_21' title="bbox 198 2138 2738 2229; baseline 0.001 -22"><span class='ocrx_word' id='word_1_185' title='bbox 198 2139 518 2229; x_wconf 79' lang='lat' dir='ltr'><strong>accipiaS,</strong></span> <span class='ocrx_word' id='word_1_186' title='bbox 570 2149 636 2208; x_wconf 90' lang='lat' dir='ltr'><strong>et</strong></span> <span class='ocrx_word' id='word_1_187' title='bbox 682 2138 924 2209; x_wconf 86' lang='lat' dir='ltr'><strong>morbo</strong></span> <span class='ocrx_word' id='word_1_188' title='bbox 972 2162 1008 2207; x_wconf 90' lang='lat' dir='ltr'><strong>a</strong></span> <span class='ocrx_word' id='word_1_189' title='bbox 1067 2160 1362 2209; x_wconf 89' lang='lat' dir='ltr'><strong>moveas.</strong></span> <span class='ocrx_word' id='word_1_190' title='bbox 1426 2139 1501 2207; x_wconf 90' lang='lat' dir='ltr'><strong>Id</strong></span> <span class='ocrx_word' id='word_1_191' title='bbox 1551 2162 1712 2210; x_wconf 91' lang='lat' dir='ltr'><strong>cum</strong></span> <span class='ocrx_word' id='word_1_192' title='bbox 1763 2138 1885 2208; x_wconf 91' lang='lat' dir='ltr'><strong>illa</strong></span> <span class='ocrx_word' id='word_1_193' title='bbox 1930 2160 1968 2209; x_wconf 92' lang='lat' dir='ltr'><strong>e</strong></span> <span class='ocrx_word' id='word_1_194' title='bbox 2015 2160 2258 2208; x_wconf 91' lang='lat' dir='ltr'><strong>somno</strong></span> <span class='ocrx_word' id='word_1_195' title='bbox 2305 2138 2592 2209; x_wconf 83' lang='lat' dir='ltr'><strong>excitata</strong></span> <span class='ocrx_word' id='word_1_196' title='bbox 2644 2138 2738 2210; x_wconf 89' lang='lat' dir='ltr'><strong>fe-</strong></span> 
     </span>
     <span class='ocr_line' id='line_1_22' title="bbox 197 2226 2466 2317; baseline -0 -21"><span class='ocrx_word' id='word_1_197' title='bbox 197 2227 414 2309; x_wconf 88' lang='lat' dir='ltr'><strong>cisset,</strong></span> <span class='ocrx_word' id='word_1_198' title='bbox 471 2228 698 2297; x_wconf 90' lang='lat' dir='ltr'><strong>statim</strong></span> <span class='ocrx_word' id='word_1_199' title='bbox 733 2227 1158 2297; x_wconf 91' lang='lat' dir='ltr'><strong>curationem</strong></span> <span class='ocrx_word' id='word_1_200' title='bbox 1200 2228 1419 2317; x_wconf 92' lang='lat' dir='ltr'><strong>ipsam</strong></span> <span class='ocrx_word' id='word_1_201' title='bbox 1456 2226 1960 2297; x_wconf 86' lang='lat' dir='ltr'><strong>admirabiliter</strong></span> <span class='ocrx_word' id='word_1_202' title='bbox 1997 2237 2313 2297; x_wconf 90' lang='lat' dir='ltr'><strong>assecuta</strong></span> <span class='ocrx_word' id='word_1_203' title='bbox 2342 2240 2466 2296; x_wconf 92' lang='lat' dir='ltr'><strong>est.</strong></span> 
     </span>
    </p>

    <p class='ocr_par' dir='ltr' id='par_1_4' title="bbox 192 2315 2740 3472">
     <span class='ocr_line' id='line_1_23' title="bbox 277 2315 2733 2406; baseline -0.001 -18"><span class='ocrx_word' id='word_1_204' title='bbox 277 2318 313 2403; x_wconf 77' lang='lat'><strong>§</strong></span> <span class='ocrx_word' id='word_1_205' title='bbox 364 2321 524 2388; x_wconf 68' lang='lat'><strong>85.</strong></span> <span class='ocrx_word' id='word_1_206' title='bbox 579 2316 838 2385; x_wconf 86' lang='lat' dir='ltr'><strong>Marina</strong></span> <span class='ocrx_word' id='word_1_207' title='bbox 871 2338 1051 2398; x_wconf 82' lang='lat' dir='ltr'><strong>vem,</strong></span> <span class='ocrx_word' id='word_1_208' title='bbox 1095 2316 1302 2404; x_wconf 86' lang='lat' dir='ltr'><strong>cujus</strong></span> <span class='ocrx_word' id='word_1_209' title='bbox 1355 2338 1566 2406; x_wconf 89' lang='lat' dir='ltr'><strong>supra</strong></span> <span class='ocrx_word' id='word_1_210' title='bbox 1609 2316 1864 2385; x_wconf 90' lang='lat' dir='ltr'><strong>mentio</strong></span> <span class='ocrx_word' id='word_1_211' title='bbox 1897 2315 2073 2385; x_wconf 84' lang='lat' dir='ltr'><strong>facta</strong></span> <span class='ocrx_word' id='word_1_212' title='bbox 2121 2327 2245 2397; x_wconf 88' lang='lat' dir='ltr'><strong>est,</strong></span> <span class='ocrx_word' id='word_1_213' title='bbox 2301 2315 2517 2385; x_wconf 90' lang='lat' dir='ltr'><strong>multo</strong></span> <span class='ocrx_word' id='word_1_214' title='bbox 2568 2329 2733 2386; x_wconf 91' lang='lat' dir='ltr'><strong>tem-</strong></span> 
     </span>
     <span class='ocr_line' id='line_1_24' title="bbox 200 2403 2734 2495; baseline 0 -22"><span class='ocrx_word' id='word_1_215' title='bbox 200 2424 355 2493; x_wconf 91' lang='lat' dir='ltr'><strong>pore</strong></span> <span class='ocrx_word' id='word_1_216' title='bbox 401 2405 598 2495; x_wconf 87' lang='lat' dir='ltr'><strong>gravi</strong></span> <span class='ocrx_word' id='word_1_217' title='bbox 646 2406 887 2475; x_wconf 89' lang='lat' dir='ltr'><strong>morbo</strong></span> <span class='ocrx_word' id='word_1_218' title='bbox 918 2427 999 2474; x_wconf 84' lang='lat' dir='ltr'><strong>ex</strong></span> <span class='ocrx_word' id='word_1_219' title='bbox 1028 2418 1260 2474; x_wconf 90' lang='lat' dir='ltr'><strong>ventre</strong></span> <span class='ocrx_word' id='word_1_220' title='bbox 1298 2404 1747 2475; x_wconf 85' lang='lat' dir='ltr'><strong>laboraverat.</strong></span> <span class='ocrx_word' id='word_1_221' title='bbox 1794 2409 1959 2474; x_wconf 86' lang='lat' dir='ltr'><strong>Cum</strong></span> <span class='ocrx_word' id='word_1_222' title='bbox 2003 2404 2218 2494; x_wconf 88' lang='lat' dir='ltr'><strong>igitur</strong></span> <span class='ocrx_word' id='word_1_223' title='bbox 2264 2403 2443 2473; x_wconf 90' lang='lat' dir='ltr'><strong>lauri</strong></span> <span class='ocrx_word' id='word_1_224' title='bbox 2490 2403 2734 2476; x_wconf 74' lang='lat' dir='ltr'><strong>lolium</strong></span> 
     </span>
     <span class='ocr_line' id='line_1_25' title="bbox 195 2492 2737 2585; baseline 0.001 -24"><span class='ocrx_word' id='word_1_225' title='bbox 195 2492 603 2583; x_wconf 85' lang='lat' dir='ltr'><strong>sumpsisset</strong></span> <span class='ocrx_word' id='word_1_226' title='bbox 648 2516 728 2564; x_wconf 88' lang='lat' dir='ltr'><strong>ex</strong></span> <span class='ocrx_word' id='word_1_227' title='bbox 779 2494 866 2564; x_wconf 90' lang='lat' dir='ltr'><strong>iis</strong></span> <span class='ocrx_word' id='word_1_228' title='bbox 912 2516 1088 2582; x_wconf 89' lang='lat' dir='ltr'><strong>quae</strong></span> <span class='ocrx_word' id='word_1_229' title='bbox 1137 2506 1300 2564; x_wconf 92' lang='lat' dir='ltr'><strong>tunc</strong></span> <span class='ocrx_word' id='word_1_230' title='bbox 1357 2516 1567 2585; x_wconf 88' lang='lat' dir='ltr'><strong>super</strong></span> <span class='ocrx_word' id='word_1_231' title='bbox 1625 2514 1859 2563; x_wconf 90' lang='lat' dir='ltr'><strong>arcam</strong></span> <span class='ocrx_word' id='word_1_232' title='bbox 1921 2492 2111 2563; x_wconf 88' lang='lat' dir='ltr'><strong>illam</strong></span> <span class='ocrx_word' id='word_1_233' title='bbox 2156 2493 2376 2583; x_wconf 91' lang='lat' dir='ltr'><strong>posita</strong></span> <span class='ocrx_word' id='word_1_234' title='bbox 2420 2510 2638 2574; x_wconf 88' lang='lat' dir='ltr'><strong>erant,</strong></span> <span class='ocrx_word' id='word_1_235' title='bbox 2671 2508 2737 2564; x_wconf 93' lang='lat' dir='ltr'><strong>et</strong></span> 
     </span>
     <span class='ocr_line' id='line_1_26' title="bbox 193 2581 2735 2672; baseline 0 -22"><span class='ocrx_word' id='word_1_236' title='bbox 193 2602 396 2671; x_wconf 90' lang='lat' dir='ltr'><strong>supra</strong></span> <span class='ocrx_word' id='word_1_237' title='bbox 431 2582 661 2653; x_wconf 84' lang='lat' dir='ltr'><strong>morbi</strong></span> <span class='ocrx_word' id='word_1_238' title='bbox 702 2583 927 2653; x_wconf 90' lang='lat' dir='ltr'><strong>locum</strong></span> <span class='ocrx_word' id='word_1_239' title='bbox 963 2582 1186 2653; x_wconf 89' lang='lat' dir='ltr'><strong>tribus</strong></span> <span class='ocrx_word' id='word_1_240' title='bbox 1226 2582 1472 2653; x_wconf 91' lang='lat' dir='ltr'><strong>diebus</strong></span> <span class='ocrx_word' id='word_1_241' title='bbox 1525 2581 1937 2670; x_wconf 85' lang='lat' dir='ltr'><strong>reliquisset,</strong></span> <span class='ocrx_word' id='word_1_242' title='bbox 1974 2581 2344 2672; x_wconf 83' lang='lat' dir='ltr'><strong>perfectam</strong></span> <span class='ocrx_word' id='word_1_243' title='bbox 2374 2584 2735 2652; x_wconf 90' lang='lat' dir='ltr'><strong>sanitatem</strong></span> 
     </span>
     <span class='ocr_line' id='line_1_27' title="bbox 193 2671 2738 2762; baseline 0.001 -23"><span class='ocrx_word' id='word_1_244' title='bbox 193 2671 472 2761; x_wconf 89' lang='lat' dir='ltr'><strong>accepit.</strong></span> <span class='ocrx_word' id='word_1_245' title='bbox 528 2676 732 2748; x_wconf 87' lang='lat' dir='ltr'><strong>Haec,</strong></span> <span class='ocrx_word' id='word_1_246' title='bbox 783 2683 1120 2759; x_wconf 90' lang='lat' dir='ltr'><strong>quantum</strong></span> <span class='ocrx_word' id='word_1_247' title='bbox 1172 2671 1366 2742; x_wconf 89' lang='lat' dir='ltr'><strong>vobis</strong></span> <span class='ocrx_word' id='word_1_248' title='bbox 1414 2672 1756 2762; x_wconf 84' lang='lat' dir='ltr'><strong>religiosis</strong></span> <span class='ocrx_word' id='word_1_249' title='bbox 1808 2685 2335 2740; x_wconf 87' lang='lat' dir='ltr'><strong>monumentum</strong></span> <span class='ocrx_word' id='word_1_250' title='bbox 2382 2691 2532 2741; x_wconf 87' lang='lat' dir='ltr'><strong>esse</strong></span> <span class='ocrx_word' id='word_1_251' title='bbox 2580 2692 2738 2762; x_wconf 91' lang='lat' dir='ltr'><strong>pos—</strong></span> 
     </span>
     <span class='ocr_line' id='line_1_28' title="bbox 200 2758 2737 2849; baseline 0.001 -22"><span class='ocrx_word' id='word_1_252' title='bbox 200 2759 376 2838; x_wconf 89' lang='lat' dir='ltr'><strong>sint,</strong></span> <span class='ocrx_word' id='word_1_253' title='bbox 453 2761 891 2830; x_wconf 89' lang='lat' dir='ltr'><strong>mediocriter</strong></span> <span class='ocrx_word' id='word_1_254' title='bbox 935 2783 975 2831; x_wconf 89' lang='lat' dir='ltr'><strong>a</strong></span> <span class='ocrx_word' id='word_1_255' title='bbox 1026 2760 1226 2830; x_wconf 91' lang='lat' dir='ltr'><strong>nobis</strong></span> <span class='ocrx_word' id='word_1_256' title='bbox 1299 2759 1482 2830; x_wconf 91' lang='lat' dir='ltr'><strong>dicta</strong></span> <span class='ocrx_word' id='word_1_257' title='bbox 1540 2770 1725 2830; x_wconf 90' lang='lat' dir='ltr'><strong>sunt.</strong></span> <span class='ocrx_word' id='word_1_258' title='bbox 1792 2758 2205 2849; x_wconf 84' lang='lat' dir='ltr'><strong>Singulatim</strong></span> <span class='ocrx_word' id='word_1_259' title='bbox 2269 2759 2455 2828; x_wconf 90' lang='lat' dir='ltr'><strong>enim</strong></span> <span class='ocrx_word' id='word_1_260' title='bbox 2503 2761 2737 2829; x_wconf 92' lang='lat' dir='ltr'><strong>omnia</strong></span> 
     </span>
     <span class='ocr_line' id='line_1_29' title="bbox 192 2847 2736 2939; baseline 0 -22"><span class='ocrx_word' id='word_1_261' title='bbox 192 2848 531 2936; x_wconf 87' lang='lat' dir='ltr'><strong>persequi,</strong></span> <span class='ocrx_word' id='word_1_262' title='bbox 576 2871 713 2919; x_wconf 90' lang='lat' dir='ltr'><strong>non</strong></span> <span class='ocrx_word' id='word_1_263' title='bbox 768 2848 993 2919; x_wconf 89' lang='lat' dir='ltr'><strong>solum</strong></span> <span class='ocrx_word' id='word_1_264' title='bbox 1054 2871 1266 2939; x_wconf 86' lang='lat' dir='ltr'><strong>supra</strong></span> <span class='ocrx_word' id='word_1_265' title='bbox 1317 2849 1496 2919; x_wconf 90' lang='lat' dir='ltr'><strong>vires</strong></span> <span class='ocrx_word' id='word_1_266' title='bbox 1545 2870 1736 2919; x_wconf 90' lang='lat' dir='ltr'><strong>meas</strong></span> <span class='ocrx_word' id='word_1_267' title='bbox 1783 2859 1905 2928; x_wconf 92' lang='lat' dir='ltr'><strong>est,</strong></span> <span class='ocrx_word' id='word_1_268' title='bbox 1961 2847 2077 2918; x_wconf 93' lang='lat' dir='ltr'><strong>sed</strong></span> <span class='ocrx_word' id='word_1_269' title='bbox 2130 2868 2352 2935; x_wconf 89' lang='lat' dir='ltr'><strong>neque</strong></span> <span class='ocrx_word' id='word_1_270' title='bbox 2398 2848 2486 2918; x_wconf 92' lang='lat' dir='ltr'><strong>iis</strong></span> <span class='ocrx_word' id='word_1_271' title='bbox 2535 2849 2736 2918; x_wconf 83' lang='lat' dir='ltr'><strong>facile</strong></span> 
     </span>
     <span class='ocr_line' id='line_1_30' title="bbox 194 2936 2734 3029; baseline 0.002 -26"><span class='ocrx_word' id='word_1_272' title='bbox 194 2937 335 3016; x_wconf 89' lang='lat' dir='ltr'><strong>erit,</strong></span> <span class='ocrx_word' id='word_1_273' title='bbox 375 2937 500 3024; x_wconf 91' lang='lat' dir='ltr'><strong>qui</strong></span> <span class='ocrx_word' id='word_1_274' title='bbox 532 2950 598 3007; x_wconf 91' lang='lat' dir='ltr'><strong>et</strong></span> <span class='ocrx_word' id='word_1_275' title='bbox 630 2938 765 3008; x_wconf 92' lang='lat' dir='ltr'><strong>vita</strong></span> <span class='ocrx_word' id='word_1_276' title='bbox 801 2937 1081 3007; x_wconf 87' lang='lat' dir='ltr'><strong>meliore</strong></span> <span class='ocrx_word' id='word_1_277' title='bbox 1115 2949 1300 3018; x_wconf 90' lang='lat' dir='ltr'><strong>sunt,</strong></span> <span class='ocrx_word' id='word_1_278' title='bbox 1337 2960 1543 3025; x_wconf 91' lang='lat' dir='ltr'><strong>quam</strong></span> <span class='ocrx_word' id='word_1_279' title='bbox 1577 2960 1729 3029; x_wconf 89' lang='lat' dir='ltr'><strong>ego,</strong></span> <span class='ocrx_word' id='word_1_280' title='bbox 1767 2949 1833 3006; x_wconf 90' lang='lat' dir='ltr'><strong>et</strong></span> <span class='ocrx_word' id='word_1_281' title='bbox 1860 2936 2237 3007; x_wconf 91' lang='lat' dir='ltr'><strong>orationem</strong></span> <span class='ocrx_word' id='word_1_282' title='bbox 2274 2937 2451 3007; x_wconf 91' lang='lat' dir='ltr'><strong>vitae</strong></span> <span class='ocrx_word' id='word_1_283' title='bbox 2501 2958 2734 3027; x_wconf 90' lang='lat' dir='ltr'><strong>parem</strong></span> 
     </span>
     <span class='ocr_line' id='line_1_31' title="bbox 199 3023 2740 3118; baseline 0.002 -26"><span class='ocrx_word' id='word_1_284' title='bbox 199 3023 470 3096; x_wconf 88' lang='lat' dir='ltr'><strong>habent.</strong></span> <span class='ocrx_word' id='word_1_285' title='bbox 524 3032 663 3118; x_wconf 88' lang='lat' dir='ltr'><strong>Ego</strong></span> <span class='ocrx_word' id='word_1_286' title='bbox 710 3048 866 3096; x_wconf 91' lang='lat' dir='ltr'><strong>vero</strong></span> <span class='ocrx_word' id='word_1_287' title='bbox 910 3047 1071 3097; x_wconf 89' lang='lat' dir='ltr'><strong>cum</strong></span> <span class='ocrx_word' id='word_1_288' title='bbox 1122 3027 1400 3118; x_wconf 90' lang='lat' dir='ltr'><strong>ingenio</strong></span> <span class='ocrx_word' id='word_1_289' title='bbox 1446 3027 1577 3096; x_wconf 92' lang='lat' dir='ltr'><strong>sim</strong></span> <span class='ocrx_word' id='word_1_290' title='bbox 1648 3025 1845 3096; x_wconf 93' lang='lat' dir='ltr'><strong>valde</strong></span> <span class='ocrx_word' id='word_1_291' title='bbox 1899 3025 2133 3107; x_wconf 89' lang='lat' dir='ltr'><strong>tenui,</strong></span> <span class='ocrx_word' id='word_1_292' title='bbox 2192 3037 2257 3095; x_wconf 91' lang='lat' dir='ltr'><strong>et</strong></span> <span class='ocrx_word' id='word_1_293' title='bbox 2312 3025 2740 3096; x_wconf 89' lang='lat' dir='ltr'><strong>sublimioris</strong></span> 
     </span>
     <span class='ocr_line' id='line_1_32' title="bbox 198 3114 2740 3205; baseline 0.002 -25"><span class='ocrx_word' id='word_1_294' title='bbox 198 3114 523 3185; x_wconf 90' lang='lat' dir='ltr'><strong>orationis</strong></span> <span class='ocrx_word' id='word_1_295' title='bbox 569 3115 854 3185; x_wconf 91' lang='lat' dir='ltr'><strong>omnino</strong></span> <span class='ocrx_word' id='word_1_296' title='bbox 900 3136 1166 3205; x_wconf 82' lang='lat' dir='ltr'><strong>expers,</strong></span> <span class='ocrx_word' id='word_1_297' title='bbox 1223 3115 1646 3205; x_wconf 83' lang='lat' dir='ltr'><strong>provinciam</strong></span> <span class='ocrx_word' id='word_1_298' title='bbox 1682 3115 1860 3183; x_wconf 87' lang='lat' dir='ltr'><strong>hanc</strong></span> <span class='ocrx_word' id='word_1_299' title='bbox 1901 3114 2199 3204; x_wconf 86' lang='lat' dir='ltr'><strong>suscepi,</strong></span> <span class='ocrx_word' id='word_1_300' title='bbox 2237 3135 2370 3183; x_wconf 90' lang='lat' dir='ltr'><strong>non</strong></span> <span class='ocrx_word' id='word_1_301' title='bbox 2407 3136 2584 3184; x_wconf 87' lang='lat' dir='ltr'><strong>vana</strong></span> <span class='ocrx_word' id='word_1_302' title='bbox 2632 3136 2740 3185; x_wconf 79' lang='lat' dir='ltr'><strong>se-</strong></span> 
     </span>
     <span class='ocr_line' id='line_1_33' title="bbox 199 3202 2739 3295; baseline 0.002 -26"><span class='ocrx_word' id='word_1_303' title='bbox 199 3214 393 3273; x_wconf 82' lang='lat' dir='ltr'><strong>cutus</strong></span> <span class='ocrx_word' id='word_1_304' title='bbox 432 3204 790 3295; x_wconf 87' lang='lat' dir='ltr'><strong>figmenta,</strong></span> <span class='ocrx_word' id='word_1_305' title='bbox 845 3203 958 3274; x_wconf 90' lang='lat' dir='ltr'><strong>sed</strong></span> <span class='ocrx_word' id='word_1_306' title='bbox 1008 3225 1186 3290; x_wconf 90' lang='lat' dir='ltr'><strong>quae</strong></span> <span class='ocrx_word' id='word_1_307' title='bbox 1237 3219 1378 3274; x_wconf 91' lang='lat' dir='ltr'><strong>tum</strong></span> <span class='ocrx_word' id='word_1_308' title='bbox 1431 3203 1579 3290; x_wconf 88' lang='lat' dir='ltr'><strong>ipse</strong></span> <span class='ocrx_word' id='word_1_309' title='bbox 1639 3203 1938 3294; x_wconf 88' lang='lat' dir='ltr'><strong>propriis</strong></span> <span class='ocrx_word' id='word_1_310' title='bbox 1992 3203 2214 3273; x_wconf 89' lang='lat' dir='ltr'><strong>oculis</strong></span> <span class='ocrx_word' id='word_1_311' title='bbox 2273 3202 2434 3284; x_wconf 89' lang='lat' dir='ltr'><strong>vidi,</strong></span> <span class='ocrx_word' id='word_1_312' title='bbox 2489 3216 2636 3273; x_wconf 90' lang='lat' dir='ltr'><strong>tum</strong></span> <span class='ocrx_word' id='word_1_313' title='bbox 2698 3225 2739 3273; x_wconf 92' lang='lat' dir='ltr'><strong>a</strong></span> 
     </span>
     <span class='ocr_line' id='line_1_34' title="bbox 198 3291 2740 3378; baseline 0.001 -20"><span class='ocrx_word' id='word_1_314' title='bbox 198 3293 450 3363; x_wconf 89' lang='lat' dir='ltr'><strong>sanctis</strong></span> <span class='ocrx_word' id='word_1_315' title='bbox 494 3292 928 3373; x_wconf 89' lang='lat' dir='ltr'><strong>mulieribus,</strong></span> <span class='ocrx_word' id='word_1_316' title='bbox 970 3314 1129 3362; x_wconf 91' lang='lat' dir='ltr'><strong>cum</strong></span> <span class='ocrx_word' id='word_1_317' title='bbox 1185 3292 1349 3361; x_wconf 89' lang='lat' dir='ltr'><strong>haec</strong></span> <span class='ocrx_word' id='word_1_318' title='bbox 1403 3292 1732 3373; x_wconf 89' lang='lat' dir='ltr'><strong>dicerent,</strong></span> <span class='ocrx_word' id='word_1_319' title='bbox 1798 3292 2057 3372; x_wconf 91' lang='lat' dir='ltr'><strong>audivi,</strong></span> <span class='ocrx_word' id='word_1_320' title='bbox 2101 3312 2139 3360; x_wconf 93' lang='lat' dir='ltr'><strong>e</strong></span> <span class='ocrx_word' id='word_1_321' title='bbox 2186 3291 2444 3378; x_wconf 89' lang='lat' dir='ltr'><strong>quibus</strong></span> <span class='ocrx_word' id='word_1_322' title='bbox 2499 3291 2628 3362; x_wconf 85' lang='lat' dir='ltr'><strong>suit</strong></span> <span class='ocrx_word' id='word_1_323' title='bbox 2674 3305 2740 3362; x_wconf 92' lang='lat' dir='ltr'><strong>et</strong></span> 
     </span>
     <span class='ocr_line' id='line_1_35' title="bbox 201 3377 2739 3472; baseline 0.002 -26"><span class='ocrx_word' id='word_1_324' title='bbox 201 3377 597 3453; x_wconf 84' lang='lat' dir='ltr'><strong>felicissima</strong></span> <span class='ocrx_word' id='word_1_325' title='bbox 639 3394 857 3451; x_wconf 91' lang='lat' dir='ltr'><strong>mater</strong></span> <span class='ocrx_word' id='word_1_326' title='bbox 886 3393 1139 3450; x_wconf 88' lang='lat' dir='ltr'><strong>nostra.</strong></span> <span class='ocrx_word' id='word_1_327' title='bbox 1176 3385 1362 3464; x_wconf 85' lang='lat' dir='ltr'><strong>Quae</strong></span> <span class='ocrx_word' id='word_1_328' title='bbox 1408 3402 1649 3452; x_wconf 89' lang='lat' dir='ltr'><strong>omnes</strong></span> <span class='ocrx_word' id='word_1_329' title='bbox 1684 3403 1841 3451; x_wconf 91' lang='lat' dir='ltr'><strong>cum</strong></span> <span class='ocrx_word' id='word_1_330' title='bbox 1882 3401 2003 3472; x_wconf 89' lang='lat' dir='ltr'><strong>per</strong></span> <span class='ocrx_word' id='word_1_331' title='bbox 2047 3392 2256 3450; x_wconf 90' lang='lat' dir='ltr'><strong>totam</strong></span> <span class='ocrx_word' id='word_1_332' title='bbox 2295 3380 2497 3450; x_wconf 91' lang='lat' dir='ltr'><strong>vitam</strong></span> <span class='ocrx_word' id='word_1_333' title='bbox 2534 3381 2739 3452; x_wconf 90' lang='lat' dir='ltr'><strong>rebus</strong></span> 
     </span>
    </p>

    <p class='ocr_par' dir='ltr' id='par_1_5' title="bbox 279 3467 2739 3550">
     <span class='ocr_line' id='line_1_36' title="bbox 279 3467 2739 3550; baseline 0 -11"><span class='ocrx_word' id='word_1_334' title='bbox 279 3471 403 3540; x_wconf 87' lang='lat' dir='ltr'><strong>stis</strong></span> <span class='ocrx_word' id='word_1_335' title='bbox 449 3469 924 3550; x_wconf 85' lang='lat' dir='ltr'><strong>excelluerint‚</strong></span> <span class='ocrx_word' id='word_1_336' title='bbox 976 3482 1042 3538; x_wconf 92' lang='lat' dir='ltr'><strong>et</strong></span> <span class='ocrx_word' id='word_1_337' title='bbox 1104 3470 1515 3539; x_wconf 79' lang='lat' dir='ltr'><strong>Athanasiae</strong></span> <span class='ocrx_word' id='word_1_338' title='bbox 1588 3470 1825 3539; x_wconf 90' lang='lat' dir='ltr'><strong>heatae</strong></span> <span class='ocrx_word' id='word_1_339' title='bbox 1891 3468 2207 3539; x_wconf 90' lang='lat' dir='ltr'><strong>mulieris</strong></span> <span class='ocrx_word' id='word_1_340' title='bbox 2264 3467 2442 3538; x_wconf 85' lang='lat' dir='ltr'><strong>facta</strong></span> <span class='ocrx_word' id='word_1_341' title='bbox 2488 3483 2739 3539; x_wconf 87' lang='lat' dir='ltr'><strong>cuncta</strong></span> 
     </span>
    </p>

    <p class='ocr_par' dir='ltr' id='par_1_6' title="bbox 200 3558 2736 3826">
     <span class='ocr_line' id='line_1_37' title="bbox 286 3558 2732 3648; baseline 0 -22"><span class='ocrx_word' id='word_1_342' title='bbox 286 3578 364 3627; x_wconf 83' lang='lat' dir='ltr'><strong>ne</strong></span> <span class='ocrx_word' id='word_1_343' title='bbox 415 3559 755 3644; x_wconf 85' lang='lat' dir='ltr'><strong>noverint,</strong></span> <span class='ocrx_word' id='word_1_344' title='bbox 793 3558 933 3628; x_wconf 91' lang='lat' dir='ltr'><strong>illis</strong></span> <span class='ocrx_word' id='word_1_345' title='bbox 959 3580 1087 3648; x_wconf 90' lang='lat' dir='ltr'><strong>ego</strong></span> <span class='ocrx_word' id='word_1_346' title='bbox 1143 3558 1431 3628; x_wconf 91' lang='lat' dir='ltr'><strong>credidi.</strong></span> <span class='ocrx_word' id='word_1_347' title='bbox 1466 3564 1718 3629; x_wconf 87' lang='lat' dir='ltr'><strong>Earum</strong></span> <span class='ocrx_word' id='word_1_348' title='bbox 1759 3569 1987 3629; x_wconf 89' lang='lat' dir='ltr'><strong>autem</strong></span> <span class='ocrx_word' id='word_1_349' title='bbox 2033 3558 2266 3638; x_wconf 91' lang='lat' dir='ltr'><strong>vitam,</strong></span> <span class='ocrx_word' id='word_1_350' title='bbox 2299 3570 2366 3627; x_wconf 93' lang='lat' dir='ltr'><strong>et</strong></span> <span class='ocrx_word' id='word_1_351' title='bbox 2402 3559 2732 3648; x_wconf 87' lang='lat' dir='ltr'><strong>optimam</strong></span> 
     </span>
     <span class='ocr_line' id='line_1_38' title="bbox 204 3646 2736 3735; baseline 0.001 -22"><span class='ocrx_word' id='word_1_352' title='bbox 204 3648 674 3735; x_wconf 83' lang='lat' dir='ltr'><strong>maximaeque</strong></span> <span class='ocrx_word' id='word_1_353' title='bbox 743 3647 1059 3717; x_wconf 84' lang='lat' dir='ltr'><strong>utilitatis</strong></span> <span class='ocrx_word' id='word_1_354' title='bbox 1130 3647 1665 3717; x_wconf 78' lang='lat' dir='ltr'><strong>conciliatricem</strong></span> <span class='ocrx_word' id='word_1_355' title='bbox 1752 3646 2253 3717; x_wconf 87' lang='lat' dir='ltr'><strong>institutionem</strong></span> <span class='ocrx_word' id='word_1_356' title='bbox 2295 3699 2311 3727; x_wconf 91' lang='lat'><strong>,</strong></span> <span class='ocrx_word' id='word_1_357' title='bbox 2389 3647 2548 3719; x_wconf 90' lang='lat' dir='ltr'><strong>aliis</strong></span> <span class='ocrx_word' id='word_1_358' title='bbox 2609 3668 2736 3717; x_wconf 92' lang='lat' dir='ltr'><strong>suo</strong></span> 
     </span>
     <span class='ocr_line' id='line_1_39' title="bbox 200 3735 1686 3826; baseline 0.003 -27"><span class='ocrx_word' id='word_1_359' title='bbox 200 3743 496 3826; x_wconf 87' lang='lat' dir='ltr'><strong>tempore</strong></span> <span class='ocrx_word' id='word_1_360' title='bbox 543 3735 983 3806; x_wconf 87' lang='lat' dir='ltr'><strong>scribendam</strong></span> <span class='ocrx_word' id='word_1_361' title='bbox 1034 3737 1686 3825; x_wconf 88' lang='lat' dir='ltr'><strong>praetermittamus.</strong></span> 
     </span>
    </p>

    <p class='ocr_par' dir='ltr' id='par_1_7' title="bbox 200 3822 2740 4536">
     <span class='ocr_line' id='line_1_40' title="bbox 280 3822 2731 3914; baseline -0.002 -18"><span class='ocrx_word' id='word_1_362' title='bbox 280 3830 316 3903; x_wconf 74' lang='grc' dir='ltr'><strong>ἓ</strong></span> <span class='ocrx_word' id='word_1_363' title='bbox 367 3829 530 3896; x_wconf 66' lang='lat'><strong>28.</strong></span> <span class='ocrx_word' id='word_1_364' title='bbox 584 3830 684 3894; x_wconf 87' lang='lat' dir='ltr'><strong>Tu</strong></span> <span class='ocrx_word' id='word_1_365' title='bbox 731 3845 887 3893; x_wconf 89' lang='lat' dir='ltr'><strong>vero</strong></span> <span class='ocrx_word' id='word_1_366' title='bbox 918 3824 1141 3904; x_wconf 86' lang='lat' dir='ltr'><strong>beata,</strong></span> <span class='ocrx_word' id='word_1_367' title='bbox 1175 3837 1240 3894; x_wconf 91' lang='lat' dir='ltr'><strong>et</strong></span> <span class='ocrx_word' id='word_1_368' title='bbox 1287 3823 1828 3894; x_wconf 87' lang='lat' dir='ltr'><strong>immortalitatis</strong></span> <span class='ocrx_word' id='word_1_369' title='bbox 1876 3822 2337 3914; x_wconf 90' lang='lat' dir='ltr'><strong>appellatione</strong></span> <span class='ocrx_word' id='word_1_370' title='bbox 2386 3823 2731 3913; x_wconf 89' lang='lat' dir='ltr'><strong>praedita,</strong></span> 
     </span>
     <span class='ocr_line' id='line_1_41' title="bbox 200 3907 2740 4012; baseline 0.002 -36"><span class='ocrx_word' id='word_1_371' title='bbox 200 3907 727 4000; x_wconf 89' lang='lat' dir='ltr'><strong>divinorumque</strong></span> <span class='ocrx_word' id='word_1_372' title='bbox 773 3912 1187 4003; x_wconf 79' lang='lat' dir='ltr'><strong>Angelorum</strong></span> <span class='ocrx_word' id='word_1_373' title='bbox 1236 3912 1757 3983; x_wconf 87' lang='lat' dir='ltr'><strong>contubernalis</strong></span> <span class='ocrx_word' id='word_1_374' title='bbox 1803 3912 2193 3992; x_wconf 82' lang='lat' dir='ltr'><strong>Athanasia,</strong></span> <span class='ocrx_word' id='word_1_375' title='bbox 2240 3933 2416 3998; x_wconf 90' lang='lat' dir='ltr'><strong>quae</strong></span> <span class='ocrx_word' id='word_1_376' title='bbox 2466 3924 2740 4012; x_wconf 87' lang='lat' dir='ltr'><strong>propter</strong></span> 
     </span>
     <span class='ocr_line' id='line_1_42' title="bbox 204 3998 2738 4092; baseline 0.002 -27"><span class='ocrx_word' id='word_1_377' title='bbox 204 3998 538 4072; x_wconf 87' lang='lat' dir='ltr'><strong>Christum</strong></span> <span class='ocrx_word' id='word_1_378' title='bbox 573 4003 747 4072; x_wconf 90' lang='lat' dir='ltr'><strong>bene</strong></span> <span class='ocrx_word' id='word_1_379' title='bbox 782 4013 1253 4092; x_wconf 84' lang='lat' dir='ltr'><strong>paupertatem</strong></span> <span class='ocrx_word' id='word_1_380' title='bbox 1294 4001 1685 4082; x_wconf 84' lang='lat' dir='ltr'><strong>exercuisti,</strong></span> <span class='ocrx_word' id='word_1_381' title='bbox 1727 4011 1794 4070; x_wconf 85' lang='lat' dir='ltr'><strong>et</strong></span> <span class='ocrx_word' id='word_1_382' title='bbox 1829 4000 2084 4069; x_wconf 89' lang='lat' dir='ltr'><strong>divinis</strong></span> <span class='ocrx_word' id='word_1_383' title='bbox 2111 4001 2520 4071; x_wconf 90' lang='lat' dir='ltr'><strong>muneribus</strong></span> <span class='ocrx_word' id='word_1_384' title='bbox 2547 4000 2738 4070; x_wconf 91' lang='lat' dir='ltr'><strong>d1ves</strong></span> 
     </span>
     <span class='ocr_line' id='line_1_43' title="bbox 203 4083 2738 4183; baseline 0.002 -30"><span class='ocrx_word' id='word_1_385' title='bbox 203 4083 369 4158; x_wconf 83' lang='lat' dir='ltr'><strong>facta</strong></span> <span class='ocrx_word' id='word_1_386' title='bbox 404 4112 519 4160; x_wconf 90' lang='lat' dir='ltr'><strong>es:</strong></span> <span class='ocrx_word' id='word_1_387' title='bbox 558 4112 735 4178; x_wconf 91' lang='lat' dir='ltr'><strong>quae</strong></span> <span class='ocrx_word' id='word_1_388' title='bbox 781 4090 1061 4162; x_wconf 89' lang='lat' dir='ltr'><strong>assidue</strong></span> <span class='ocrx_word' id='word_1_389' title='bbox 1107 4089 1379 4183; x_wconf 84' lang='lat' dir='ltr'><strong>lugens,</strong></span> <span class='ocrx_word' id='word_1_390' title='bbox 1422 4089 1963 4161; x_wconf 87' lang='lat' dir='ltr'><strong>consolationem</strong></span> <span class='ocrx_word' id='word_1_391' title='bbox 2026 4089 2228 4158; x_wconf 90' lang='lat' dir='ltr'><strong>istam</strong></span> <span class='ocrx_word' id='word_1_392' title='bbox 2273 4089 2396 4158; x_wconf 91' lang='lat' dir='ltr'><strong>tibi</strong></span> <span class='ocrx_word' id='word_1_393' title='bbox 2455 4110 2738 4179; x_wconf 86' lang='lat' dir='ltr'><strong>compa-</strong></span> 
     </span>
     <span class='ocr_line' id='line_1_44' title="bbox 205 4178 2729 4269; baseline 0 -28"><span class='ocrx_word' id='word_1_394' title='bbox 205 4178 394 4246; x_wconf 88' lang='lat' dir='ltr'><strong>rasti:</strong></span> <span class='ocrx_word' id='word_1_395' title='bbox 447 4192 513 4249; x_wconf 90' lang='lat' dir='ltr'><strong>et</strong></span> <span class='ocrx_word' id='word_1_396' title='bbox 560 4179 1095 4249; x_wconf 89' lang='lat' dir='ltr'><strong>mansuetudine</strong></span> <span class='ocrx_word' id='word_1_397' title='bbox 1125 4178 1484 4260; x_wconf 89' lang='lat' dir='ltr'><strong>oblectata,</strong></span> <span class='ocrx_word' id='word_1_398' title='bbox 1530 4190 2052 4249; x_wconf 88' lang='lat' dir='ltr'><strong>mansuetorum</strong></span> <span class='ocrx_word' id='word_1_399' title='bbox 2104 4190 2354 4247; x_wconf 92' lang='lat' dir='ltr'><strong>terram</strong></span> <span class='ocrx_word' id='word_1_400' title='bbox 2390 4179 2729 4269; x_wconf 87' lang='lat' dir='ltr'><strong>recepisti:</strong></span> 
     </span>
     <span class='ocr_line' id='line_1_45' title="bbox 205 4264 2738 4359; baseline 0.004 -31"><span class='ocrx_word' id='word_1_401' title='bbox 205 4275 268 4330; x_wconf 91' lang='lat' dir='ltr'><strong>et</strong></span> <span class='ocrx_word' id='word_1_402' title='bbox 301 4264 366 4334; x_wconf 92' lang='lat' dir='ltr'><strong>in</strong></span> <span class='ocrx_word' id='word_1_403' title='bbox 415 4267 594 4338; x_wconf 84' lang='lat' dir='ltr'><strong>same</strong></span> <span class='ocrx_word' id='word_1_404' title='bbox 631 4283 696 4338; x_wconf 92' lang='lat' dir='ltr'><strong>et</strong></span> <span class='ocrx_word' id='word_1_405' title='bbox 744 4269 857 4339; x_wconf 93' lang='lat' dir='ltr'><strong>siti</strong></span> <span class='ocrx_word' id='word_1_406' title='bbox 897 4269 1106 4338; x_wconf 91' lang='lat' dir='ltr'><strong>vitam</strong></span> <span class='ocrx_word' id='word_1_407' title='bbox 1146 4267 1433 4349; x_wconf 91' lang='lat' dir='ltr'><strong>ducens,</strong></span> <span class='ocrx_word' id='word_1_408' title='bbox 1471 4289 1807 4359; x_wconf 90' lang='lat' dir='ltr'><strong>perennes</strong></span> <span class='ocrx_word' id='word_1_409' title='bbox 1844 4265 2129 4336; x_wconf 87' lang='lat' dir='ltr'><strong>delicias</strong></span> <span class='ocrx_word' id='word_1_410' title='bbox 2185 4265 2551 4337; x_wconf 90' lang='lat' dir='ltr'><strong>invenisti:</strong></span> <span class='ocrx_word' id='word_1_411' title='bbox 2608 4268 2738 4338; x_wconf 91' lang='lat' dir='ltr'><strong>mi-</strong></span> 
     </span>
     <span class='ocr_line' id='line_1_46' title="bbox 211 4354 2734 4447; baseline 0.004 -31"><span class='ocrx_word' id='word_1_412' title='bbox 211 4354 747 4446; x_wconf 88' lang='lat' dir='ltr'><strong>sericordemque</strong></span> <span class='ocrx_word' id='word_1_413' title='bbox 792 4357 1098 4428; x_wconf 90' lang='lat' dir='ltr'><strong>animam</strong></span> <span class='ocrx_word' id='word_1_414' title='bbox 1148 4357 1435 4438; x_wconf 78' lang='lat' dir='ltr'><strong>habenS,</strong></span> <span class='ocrx_word' id='word_1_415' title='bbox 1487 4379 1527 4427; x_wconf 86' lang='lat' dir='ltr'><strong>a</strong></span> <span class='ocrx_word' id='word_1_416' title='bbox 1581 4361 1713 4425; x_wconf 91' lang='lat' dir='ltr'><strong>Deo</strong></span> <span class='ocrx_word' id='word_1_417' title='bbox 1771 4356 1921 4447; x_wconf 92' lang='lat' dir='ltr'><strong>ipso</strong></span> <span class='ocrx_word' id='word_1_418' title='bbox 1977 4355 2520 4426; x_wconf 90' lang='lat' dir='ltr'><strong>misericordiam</strong></span> <span class='ocrx_word' id='word_1_419' title='bbox 2588 4378 2734 4427; x_wconf 90' lang='lat' dir='ltr'><strong>ma-</strong></span> 
     </span>
     <span class='ocr_line' id='line_1_47' title="bbox 217 4444 2728 4536; baseline 0 -22"><span class='ocrx_word' id='word_1_420' title='bbox 217 4455 495 4532; x_wconf 79' lang='lat' dir='ltr'><strong>gnopere</strong></span> <span class='ocrx_word' id='word_1_421' title='bbox 541 4460 909 4519; x_wconf 89' lang='lat' dir='ltr'><strong>consecuta</strong></span> <span class='ocrx_word' id='word_1_422' title='bbox 954 4469 1074 4518; x_wconf 90' lang='lat' dir='ltr'><strong>es:</strong></span> <span class='ocrx_word' id='word_1_423' title='bbox 1141 4458 1217 4518; x_wconf 91' lang='lat' dir='ltr'><strong>tu</strong></span> <span class='ocrx_word' id='word_1_424' title='bbox 1246 4501 1262 4529; x_wconf 93' lang='lat'><strong>,</strong></span> <span class='ocrx_word' id='word_1_425' title='bbox 1315 4466 1491 4535; x_wconf 91' lang='lat' dir='ltr'><strong>quae</strong></span> <span class='ocrx_word' id='word_1_426' title='bbox 1551 4445 1756 4515; x_wconf 92' lang='lat' dir='ltr'><strong>corde</strong></span> <span class='ocrx_word' id='word_1_427' title='bbox 1802 4466 1978 4536; x_wconf 87' lang='lat' dir='ltr'><strong>puro</strong></span> <span class='ocrx_word' id='word_1_428' title='bbox 2027 4444 2465 4536; x_wconf 89' lang='lat' dir='ltr'><strong>splendorem</strong></span> <span class='ocrx_word' id='word_1_429' title='bbox 2500 4446 2728 4517; x_wconf 89' lang='lat' dir='ltr'><strong>Sancti</strong></span> 
     </span>
    </p>
   </div>
  </div>
 </body>
</html>
