3308 5004
589 324 715 391 484
1157 271 1241 385 DE·
1285 339 1339 387 s.
1394 337 1725 389 arnasano
1769 339 1916 385 Ana.
1970 335 2354 385 casuum.
2730 316 3058 403 AUG,429

493 427 807 517 juben-te,
849 425 1245 505 adstrictus,
1284 423 1391 505 fac
1417 423 1605 511 quod
1651 421 1974 513 postulat,
2022 419 2500 521 largire-quad
2548 419 2752 511 petit:
2785 443 2828 510 ,e
2892 441 3064 509 pona

503 517 729 589 fidens
777 517 849 604 in
894 515 1053 601 ejus
1105 514 1375 593 virtute,
1421 535 1543 603 per
1593 534 1802 599 quem
1848 509 2100 603 expetit
2148 521 2515 593 sanitatem
2544 565 2560 591 ,
2616 521 2816 600 postu
2880 583 2886 593 ,
2924 519 3070 592 ,et

504 603 959 695 impetrabis:
1013 615 1089 684 ut
1141 615 1207 675 et
1257 613 1333 677 tu
1379 599 1468 683 de
1497 600 1613 679 Dei
1671 621 1982 683 munere,
2025 609 2092 683 et
2138 599 2256 677 ille
2294 597 2380 669 de
2438 611 2672 691 optata
2726 597 3066 689 glorietur

505 693 747 775 salute.
799 693 895 777 Ad
933 703 1375 783 praeceptum
1429 689 1751 845 Epissfflgi
1783 689 2006 789 abbas
2058 687 2496 789 apprehensa
2544 709 2762 789 manu
2810 687 3064 788 pueri„

505 781 845 853 invocavit
909 781 1303 859 Dominum,
1373 793 1439 849 et
1497 801 1669 849 exau
1725 791 1844 847 1v1t
1904 799 2114 847 eum:
2168 788 2234 847 et
2294 799 2492 867 signo
2542 773 3064 874 Cructs‘edtto,

507 873 747 951 nervi,
801 871 923 957 qui
969 869 1469 959 obriguerant,
1525 867 1786 953 extensi
1836 879 2048 949 sunt,
2100 878 2168 939 et
2214 887 2422 949 carc,
2524 887 2686 943 uam
2746 862 3068 955 assidens

509 983 635 1031 con
691 961 985 1038 elevarat
1035 957 1367 1041 morbus,
1421 955 1751 1035 redeunte
1800 957 2126 1047 sospitate
2172 954 2268 1028 ita
2303 953 2500 1036 mobi
2536 953 2594 1023 is
2642 953 2820 1032 facta
2866 965 2972 1042 est
3000 965 3074 1038 et

509 1049 659 1131 flexi
717 1049 853 1131 ilis,
907 1061 987 1117 ut
1031 1049 1216 1119 dicto
1261 1047 1471 1117 citius
1521 1043 1934 1137 languidum
1986 1043 2112 1116 diu
2162 1045 2554 1124 membrum
2612 1041 3066 1132 convaluerit.

589 1141 627 1225 ἓ
673 1145 815 1222 15.
849 1137 1245 1239 ⁷Obstupuit
1297 1137 1699 1225 Episcopus,
1747 1147 1886 1205 tam
1938 1133 2342 1223 repentinae
2388 1131 2662 1233 yirtutis
2708 1133 3072 1225 admirans

503 1227 849 1309 effectum,
907 1239 973 1295 et
1021 1249 1199 1297 mlra,
1245 1239 1497 1295 extunc
1545 1223 1986 1301 vene-ratione
2034 1222 2260 1293 virum
2298 1227 2414 1300 Del
2460 1221 2698 1303 colun,
2750 1221 3070 1305 etmira-

513 1315 831 1396 culorum
883 1315 1033 1405 ejus
1083 1315 1231 1404 ipse
1275 1313 1463 1393 testis
1509 1313 1727 1392 extitit
1759 1325 1824 1381 et
1858 1313 2130 1383 relator.
2186 1309 2416 1401 Coegit
2446 1309 2660 1401 igitur
2690 1311 3070 1399 Abbatemg,

503 1417 581 1473 ut
649 1425 881 1475 secum
943 1427 1023 1473 ea
1091 1415 1287 1473 nocte
1347 1415 1687 1483 coenaret.
1757 1403 1970 1491 Cujus
2034 1401 2134 1471 rei
2194 1421 2556 1473 assensum
2616 1399 2728 1478 vix
2788 1411 2854 1469 et
2904 1420 3072 1488 cum

509 1515 630 1563 ma
677 1515 767 1565 na
815 1491 1219 1572 difficultate
1266 1492 1588 1573 obtinuit,
1639 1513 1723 1563 ea
1769 1491 2128 1564 dumtaxat
2174 1489 2440 1559 ratione
2494 1510 2778 1559 suasum
2808 1541 2828 1571 ,
2877 1483 3076 1577 quod

507 1583 651 1651 into
683 1581 963 1661 erabilis
1015 1581 1315 1673 populus
1356 1581 1669 1667 undique
1697 1591 2106 1669 expectaret,
2147 1601 2270 1647 nec
2306 1577 2458 1647 sine
2490 1573 2798 1667 periculo
2826 1597 2868 1647 e
3043 1577 3076 1650 i

509 1693 713 1761 posse
749 1671 1113 1741 videretur.
1155 1675 1341 1739 Inter
1371 1669 1810 1741 coenandum
1846 1689 2026 1749 vera,
2068 1667 2534 1769 paropsidem,
2570 1665 2640 1735 in
2674 1689 2810 1767 qua
2840 1669 2890 1737 Α
2942 1665 3074 1752 bas

505 1761 919 1839 comederat,
979 1759 1365 1849 Episcopus
1399 1757 1717 1841 ministro
1761 1757 2091 1829 familiam
2138 1753 2548 1825 servandam
2606 1753 3074 1845 trad1d=th,f.et

507 1849 877 1939 praecepit,
915 1861 993 1919 ut
1027 1869 1337 1925 seorsum
1376 1845 1830 1927 reconditam,
1862 1867 2022 1915 cum
2056 1845 2245 1915 omni
2274 1843 2396 1913 dili
2450 1845 2635 1915 entia
2660 1841 3066 1924 custodiret,

509 1937 775 2027 Elapsis
809 1937 1057 2007 exinde
1087 1937 1349 2025 aliquot
1381 1937 1653 2015 diebuS,
1693 1935 1878 2006 idem
1922 1935 2306 2025 Episcopus
2346 1933 2406 2001 fe
2463 1933 2644 2005 rium
2678 1933 3072 2005 vehementi

507 2027 753 2095 ardore
799 2027 1217 2115 corripitur:
1271 2039 1337 2095 et
1389 2025 1788 2095 recordatus
1840 2023 2146 2093 hominis
2200 2021 2354 2103 Dei,
2410 2019 2824 2093 familiarem
2864 2019 3072 2112 jubet

509 2115 833 2186 accersiri
871 2115 1265 2185 ministrum
1303 2137 1317 2183 τ
1357 2115 1659 2193 Discum,
1701 2113 1931 2199 inquit
1962 2113 2264 2191 abbatis,
2308 2133 2514 2199 quem
2554 2133 2778 2201 nuper
2810 2106 3076 2189 tradidi

509 2203 1087 2284 conservandum,
1145 2203 1281 2274 huc
1315 2203 1649 2274 advehere
1683 2225 1767 2272 ne
1802 2203 2174 2272 cuncteris.
2214 2205 2522 2288 Cumque
2554 2195 2670 2270 ille
2702 2198 3076 2283 obtulisset

507 2294 833 2366 allatum:
871 2294 1189 2374 Infunde,
1231 2294 1479 2380 inquit,
1517 2314 1769 2380 aquam
1806 2292 1876 2362 in
1910 2314 2014 2372 ec,
2062 2304 2128 2360 et
2168 2290 2368 2382 panis
2398 2290 2684 2380 exiguas
2718 2284 3076 2378 buccellas

513 2384 911 2452 conscinde.
965 2382 1157 2467 Quod
1215 2406 1375 2452 cum
1425 2382 1683 2452 factum
1739 2392 1942 2460 esset,
1982 2380 2342 2450 confidens
2394 2378 2464 2450 in
2517 2378 2808 2467 Domino
2840 2390 2911 2454 et
2933 2379 3076 2450 Ab·

512 2472 687 2544 batis
739 2472 1063 2562 precibus
1105 2494 1177 2542 se
1209 2470 1733 2552 commendans,
1781 2468 2084 2543 comedit
2134 2482 2200 2538 et
2242 2468 2439 2550 bibit,
2494 2480 2558 2540 et
2606 2466 2872 2556 absque
2890 2464 3070 2556 dila-

423 2617 437 2629 .
509 2562 689 2632 tione
723 2560 1095 2630 convaluit.

597 2654 634 2736 ξ
683 2658 833 2730 16.
889 2650 1283 2740 Augebatur
1343 2646 1866 2718 adventantium
1930 2668 2312 2726 numerUS,
2382 2658 2448 2716 et
2514 2644 2811 2716 mirifica
2858 2666 3081 2736 opera

511 2738 805 2828 populos
853 2740 937 2810 ad
975 2762 1047 2806 se
1089 2738 1493 2812 invitabant,
1541 2760 1667 2807 nec
1701 2756 2000 2822 usquam
2052 2736 2196 2804 viro
2250 2734 2362 2805 Dei
2418 2733 2712 2810 dabatur
2767 2732 3068 2825 requies,

509 2826 675 2896 dum
713 2850 791 2896 ex
823 2826 1233 2896 lassitudine
1267 2828 1417 2916 ejus
1453 2824 1573 2894 alii
1613 2826 1743 2894 sibi
1783 2824 2088 2910 requiem
2126 2836 2600 2914 procurarent.
2642 2821 3072 2913 Abeuntibus

509 2916 963 2993 occurrebant
997 2916 1461 2996 advenienteS,
1515 2928 1579 2986 et
1610 2914 2074 2984 succedebant
2114 2912 2248 2982 sibi
2290 2908 2628 2984 beneficia
2668 2934 2837 3002 men,
2886 2912 2900 2924 '
3036 2948 3074 2962 -

511 3020 631 3076 tes.
679 3012 865 3074 Inter
897 3026 1071 3090 quos
1103 3004 1301 3074 miles
1329 3004 1615 3092 quidam
1653 3002 1723 3085 in
1773 3002 1964 3074 ulnis
1996 3002 2144 3078 suis
2180 3000 2484 3092 puellam
2538 3000 2626 3070 ad
2676 3001 2906 3085 virum
2943 3060 2965 3089 „
3006 3000 3076 3084 ei

511 3094 763 3172 attulit,
803 3116 983 3180 quae
1013 3094 1101 3162 ita
1153 3116 1423 3164 exosam
1463 3094 1763 3171 habebat
1802 3092 2056 3173 lucem,
2100 3102 2180 3160 ut
2218 3112 2490 3192 semper
2522 3088 2784 3170 clausis
2831 3086 3078 3182 pcipe<-

513 3182 680 3264 bris,
735 3182 939 3252 etiam
997 3182 1363 3254 brachium
1418 3194 1798 3273 opponeret
1850 3180 2098 3262 oculis,
2152 3202 2238 3250 ne
2296 3178 2534 3266 aliquo,
2582 3172 3080 3269 modoaquua

511 3270 689 3342 lucis
739 3272 1079 3372 particula
1127 3294 1199 3340 se
1253 3272 1315 3342 ei
1373 3270 1737 3370 ingereret.
1798 3270 2280 3341 Avellebantur
2328 3266 2718 3356 aliquando,
2756 3290 2846 3358 cp
2898 3266 3094 3357 osita

515 3360 799 3431 bracina
841 3360 1213 3442 violenter,
1281 3372 1345 3430 et
1399 3382 1559 3431 cum
1621 3382 1679 3428 el
1741 3358 1976 3429 lumen
2029 3382 2102 3430 se
2142 3356 2570 3442 infunderet,
2614 3356 2794 3432 ctam
2845 3435 2849 3438 ,
2938 3366 3082 3443 ῑρθὲ

513 3450 767 3518 flebat:
819 3462 885 3520 et
931 3462 1076 3520 erat
1121 3450 1184 3520 ei
1235 3448 1515 3520 claritas
1575 3470 1697 3538 pro
1755 3448 2116 3526 cruciatu,
2178 3460 2246 3516 et
2294 3444 2412 3516 lux
2460 3446 2606 3532 visa
2652 3442 2856 3537 quasi
2898 3442 3076 3537 acu-

513 3538 655 3608 leos
701 3540 853 3628 ejus
901 3542 1183 3608 cerebro
1233 3538 1591 3628 infigebat.
1627 3536 1980 3609 Benedicit
2010 3534 2394 3608 infantulae
2426 3536 2528 3606 vir
2558 3532 2696 3616 Dei,
2732 3527 2890 3628 etsf
2932 3554 3076 3621 *pa-

511 3626 751 3696 culum
785 3628 1023 3698 Crucis
1056 3626 1317 3698 faciens
1353 3646 1563 3716 super
1595 3646 1771 3705 eam,
1818 3622 2368 3712 tranquilliorem
2410 3621 2698 3698 dimittit
2726 3646 2745 3694 ε
2770 3556 3078 3714 ειἫυω

511 3716 799 3786 domum
853 3714 1241 3794 referretur,
1301 3714 1481 3786 ultro
1531 3714 1753 3804 aperit
1796 3714 2060 3794 oculos,
2096 3724 2162 3784 et
2204 3714 2416 3804 pedes
2444 3714 2596 3786 sine
2628 3710 2949 3796 vectorei
2987 3734 3086 3805 sa,

513 3806 897 3874 revertitur.
955 3810 1031 3874 Et
1079 3806 1231 3894 ipso
1279 3802 1349 3874 in
1409 3802 1563 3876 loco
1619 3801 1896 3874 mulieri
1960 3826 2002 3872 a
2048 3802 2414 3872 daemonio
2460 3816 2782 3886 vexatae,
2838 3824 2913 3890 ω,
2983 3798 3093 3892 τῖε,

511 3894 977 3994 adstantibUS,
1033 3916 1071 3962 a
1123 3898 1317 3965 Patre
1375 3890 2008 3972 misericordiarum
2054 3890 2234 3964 idem
2288 3904 2573 3964 sanctus
2618 3889 2925 3978 obtinuit
2966 3901 3083 3971 sae'

513 3996 823 4052 n1tatem.

601 4074 637 4160 ἓ
683 4074 819 4146 Η.
869 4076 1025 4142 Jam
1077 4072 1359 4162 Papiam
1395 4070 1788 4152 advenerat,
1824 4068 2106 4142 etfama
2138 4058 2474 4153 *birtutum
2512 4037 2900 4158 adveutnin¹
2948 4060 3094 4157 ‘us

512 4171 1028 4251 praecesserat,
1084 4168 1364 4233 etcum
1406 4160 1638 4243 debito
1685 4158 1942 4252 gaudio
2006 4168 2074 4233 et
2121 4180 2214 4250 ap
2264 4169 2466 4240 aratu
2525 4168 2843 4237 tantis-.—
2892 4168 2924 4240 j

512 4249 738 4319 virum
787 4248 1026 4322 civitas
1075 4248 1492 4327 laetabunda
1540 4247 1871 4338 suscepit.
1924 4253 2002 4320 Et
2051 4269 2137 4319 ne
2235 4247 2307 4317 iu
2356 4245 2599 4337 populi
2641 4245 2791 4316 desi
2840 4241 3080 4320 etium

514 4336 752 4408 dilatio
800 4339 1273 4429 suspenderet,
1311 4338 1459 4429 qui,
1498 4338 1680 4417 sicut
1709 4336 2078 4410 Mediolani
2127 4335 2468 4407 miracula
2514 4334 2694 4406 facta
2731 4333 3070 4418 audierat,

515 4425 794 4516 signum
846 4427 935 4501 ab
966 4450 1047 4501 eo
1083 4430 1364 4521 optabat
1394 4427 1661 4499 videre:
1713 4426 1991 4500 advenit
2039 4437 2195 4519 post
2240 4446 2402 4497 eum
2453 4437 2733 4517 repente
2765 4425 3077 4500 rusticus
