3308 5004
702 324 830 391 488
1428 343 1506 389 nn
1555 341 2051 390 rnmsrmnnu.
2106 340 2356 390 efflusi-1
2886 322 3068 389 AUG.
3120 325 3161 388 6

607 427 761 520 ipso
807 427 1222 499 scaturiebat
1266 426 1418 516 ejus
1447 426 1690 517 gloria,
1743 439 1809 495 et
1860 425 1926 494 in
1963 448 2042 496 eo
2086 426 2429 495 manebat.
2472 430 2562 494 Ex
2608 424 2761 515 ipso
2816 424 3163 497 oriebatur

608 516 727 588 lux
771 518 943 604 ejus,
981 530 1047 587 et
1092 518 1164 586 in
1211 537 1290 586 eo
1338 515 1730 616 cogebatur.
1786 521 2015 603 Neque
2060 516 2246 584 enim
2299 515 2469 584 abiit
2516 514 2586 582 in
2640 514 2944 583 alienam
3000 535 3165 606 par-

611 618 769 687 tem,
811 617 876 676 et
923 607 1154 697 ipsum
1210 604 1516 673 dimisit:
1577 605 1909 691 quoniam
1965 626 2098 674 non
2149 604 2332 673 venit
2391 625 2473 672 ex
2521 601 2657 673 alio
2700 603 3030 691 obliqu0,
3096 618 3159 675 et

608 717 768 765 eum
800 694 1171 765 exornavit.
1215 698 1443 779 Neque
1489 714 1640 762 eam
1693 694 2019 762 utendam
2060 713 2180 782 pro
2221 706 2527 782 tempore
2575 692 2867 780 accepit.
2928 697 3159 763 Totam

609 798 833 854 tamen
875 785 1203 874 abyssum
1244 781 1622 851 divinitatis
1652 803 1818 851 suae
1847 782 1946 851 eis
1978 782 2260 852 minime
2288 780 2609 862 ostendit,
2659 781 2774 852 sed
2808 795 3156 869 quantum

610 884 921 964 poterant
952 870 1404 961 contemplari
1457 871 1763 961 pupillae
1812 891 2098 941 suorum
2132 870 2523 940 oculorum.

696 964 733 1051 ξ
778 967 862 1035 ιι.
916 967 992 1032 Et
1036 973 1509 1051 apparuerunt
1555 960 1656 1029 eis
1705 964 1919 1029 Moses
1966 972 2032 1028 et
2062 959 2243 1028 Elias
2292 959 2497 1029 simul
2538 980 2696 1028 cum
2736 980 2816 1029 eo
2872 960 3161 1047 loquen-

609 1066 752 1132 teS‚
832 1063 899 1120 et
943 1070 1298 1121 sermones
1341 1069 1580 1117 eorum
1659 1069 1833 1135 quos
1898 1069 2058 1118 cum
2108 1070 2187 1118 eo
2261 1047 2754 1134 loquebantur,
2811 1049 2860 1117 ii
2914 1061 3161 1118 erant:

607 1141 911 1232 Agebant
948 1140 1010 1210 ei
1058 1137 1339 1230 gratias,
1370 1136 1552 1224 quod
1603 1159 1762 1206 vera
1805 1137 2095 1206 fuissent
2128 1139 2330 1206 verba
2369 1136 2864 1225 Prophetarum
2913 1137 2982 1205 in
3017 1138 3167 1228 ejus

608 1229 1016 1333 praesentia,
1068 1239 1133 1296 et
1164 1225 1537 1295 offerebant
1583 1226 1645 1294 ei
1695 1225 2166 1295 adorationem
2207 1247 2329 1315 pro
2379 1225 2601 1296 salute
2649 1247 2859 1312 quam
2914 1225 3167 1295 fecerat

611 1342 679 1389 in
734 1316 996 1387 mundo
1061 1327 1337 1404 propter
1386 1336 1605 1403 genus
1654 1314 2089 1393 humanum,
2152 1326 2216 1382 et
2276 1313 2457 1401 quod
2513 1315 2923 1401 mysterium
2983 1314 3164 1403 quod

607 1407 743 1498 ipsi
788 1407 982 1493 prius
1015 1403 1545 1493 descripserant,
1602 1403 1751 1492 ipse
1788 1425 1856 1472 re
1891 1403 2040 1493 ipsa
2079 1401 2458 1492 implesset.
2492 1403 2647 1472 Fuit
2677 1424 2862 1495 *ergo
2912 1403 3166 1473 laetitia

608 1495 988 1586 ProphetiS‚
1042 1506 1109 1563 et
1156 1491 1492 1581 Apostolis
1543 1492 1608 1559 in
1662 1492 1814 1582 ipso
1847 1513 2142 1561 ascensu
2193 1492 2469 1561 montiS.
2512 1494 2764 1561 Laetati
2819 1506 2981 1562 sunt
3007 1497 3169 1562 Pro-

610 1584 876 1674 phetae.
932 1604 1094 1652 cum
1146 1580 1476 1650 vidissent
1526 1580 2026 1649 humanitatem
2076 1581 2273 1669 ejuS,
2343 1602 2552 1667 quam
2618 1602 2755 1650 non
2812 1593 3163 1652 noverant.

612 1673 864 1743 Laetati
927 1684 1092 1741 sunt
1138 1681 1366 1740 autem
1419 1667 1717 1759 Apostoli
1769 1691 2069 1757 quoque,
2124 1691 2284 1738 cum
2339 1669 2672 1738 vidissent
2729 1669 3026 1759 gloriam
3069 1670 3169 1738 di·

613 1761 915 1831 vinitatis
961 1761 1139 1848 ejuS,
1194 1780 1402 1846 quam
1442 1779 1577 1827 non
1628 1769 2112 1847 cognoverant.
2167 1763 2245 1826 Et
2293 1780 2452 1827 cum
2505 1757 2893 1828 audiissent
2932 1780 3166 1828 vocem

608 1851 826 1922 Patris
894 1847 1175 1919 ferentis
1241 1846 1408 1916 Filio
1457 1847 1956 1927 testimonium,
2005 1868 2124 1937 per
2164 1847 2389 1936 ipsam
2426 1860 2896 1936 cognoverunt
2943 1847 3163 1917 fuisse

611 1940 698 2010 ab
744 1961 823 2009 eo
856 1949 1251 2028 susceptam
1301 1935 1852 2005 humanitatem:
1904 1958 2080 2023 quae
2127 1934 2407 2022 quidem
2459 1948 2605 2004 erat
2643 1935 2831 2025 apud
2887 1958 3006 2006 eos
3047 1938 3166 2006 ob-

612 2050 856 2098 scura:
908 2027 1144 2113 eisque
1194 2023 1398 2094 fidem
1449 2025 1605 2094 fecit
1642 2046 1801 2093 cum
1856 2046 2016 2094 voce
2057 2024 2297 2104 PatriS,
2352 2023 2571 2113 gloria
2624 2025 2936 2114 corporis
2982 2025 3159 2114 ejuS,

613 2139 789 2204 quae
836 2116 1185 2217 apparuit,
1240 2134 1322 2182 ex
1368 2134 1447 2181 ea
1496 2135 1675 2200 quae
1717 2113 1783 2182 in
1835 2135 1914 2183 eo
1964 2112 2094 2182 fuit
2142 2113 2337 2181 unita
2371 2112 2731 2182 divinitate
2767 2114 3172 2184 immutabi—

615 2205 769 2275 liter
814 2216 879 2275 et
927 2202 1310 2274 lnconfuse.
1364 2207 1441 2272 Et
1490 2202 1839 2292 signatum
1893 2202 2021 2271 fuit
2072 2201 2277 2269 trium
2345 2201 2843 2278 testimonium,
2896 2201 2968 2270 in
3015 2224 3172 2272 voce

614 2307 921 2386 paterna,
979 2300 1295 2378 Moseque
1342 2303 1407 2360 et
1454 2291 1624 2371 Elia,
1678 2292 1795 2379 qui
1852 2290 2132 2379 quidem
2188 2289 2290 2358 illi
2347 2290 2763 2360 adstiterunt
2814 2303 3166 2378 tamquam

614 2383 788 2455 servi
822 2406 836 2451 τ
874 2395 939 2453 et
971 2378 1449 2470 adspiciebant
1486 2379 1658 2449 alter
1691 2379 2023 2449 alterum:
2070 2378 2447 2468 Prophetae
2476 2378 2854 2468 Apostolos„
2906 2393 2972 2449 et
2998 2386 3168 2482 Apo·

615 2471 772 2543 stoli
818 2472 1216 2563 Prophetas.
1271 2467 1602 2539 Viderunt
1668 2468 1808 2538 illic
1880 2466 2053 2538 alter
2107 2468 2400 2537 alterum
2467 2469 2815 2559 principes
2869 2480 3162 2546 veteris,

613 2562 966 2651 principes
1016 2560 1197 2630 novi.
1251 2557 1431 2627 Vidit
1458 2563 1675 2629 Moses
1709 2574 1993 2628 sanctus
2035 2558 2382 2628 Simonem
2421 2559 2953 2628 sanctificatum.
2993 2558 3171 2627 Vidit

613 2672 1034 2722 oeconomus
1083 2647 1302 2719 Patris
1374 2659 1887 2737 procuratorem
1941 2647 2092 2717 filii.
2148 2646 2272 2716 Ille
2320 2645 2601 2733 quidem
2681 2646 2885 2717 scidit
2934 2669 3167 2725 mare,

612 2752 691 2809 ut
741 2739 1043 2830 populus
1092 2734 1484 2807 ambularet
1531 2737 1599 2804 in
1662 2736 1908 2804 mediis
1972 2734 2350 2805 fluctibus:
2404 2736 2517 2805 hic
2565 2748 2791 2806 autem
2856 2735 3174 2806 excitavit

616 2826 1172 2903 tabernaculum,
1226 2837 1304 2893 ut
1344 2823 1738 2894 aedificaret
1775 2822 2178 2895 Ecclesiam.
2223 2824 2405 2894 Vidit
2444 2825 2637 2916 virgo
2687 2825 2972 2905 veteris,
3035 2826 3173 2893 vir-

618 2917 849 3005 ginem
903 2915 1085 2995 novi,
1126 2912 1308 2983 Elias
1338 2913 1707 2982 Joannem.
1764 2914 1891 2995 Qui
1942 2912 2252 2982 ascendit
2278 2934 2561 2982 currum
2617 2914 2822 3003 ignis,
2857 2935 3013 2983 eum
3056 2913 3172 3000 qui

619 3003 937 3073 recubuit
986 3024 1199 3092 super
1238 3014 1476 3091 pectus
1526 3002 1871 3071 flammae.
1916 3006 1994 3070 Et
2035 3000 2256 3070 factus
2296 3013 2398 3071 est
2439 3023 2636 3072 mons
2670 3003 2740 3071 in
2793 3002 3017 3093 figura
3053 3007 3175 3071 Ec·

617 3091 889 3162 clesiae.
942 3097 1021 3161 Et
1063 3090 1244 3160 uniit
1308 3089 1378 3157 in
1423 3111 1501 3159 eo
1547 3096 1753 3159 Jesus
1800 3090 1939 3160 duo
1990 3103 2417 3170 testamenta,
2473 3112 2652 3178 quae
2704 3091 3006 3182 suscepit
3059 3096 3177 3160 Ec—

615 3181 848 3250 clesia.
903 3186 979 3249 Et
1014 3180 1214 3250 nobis
1261 3178 1680 3269 significavit
1724 3179 1954 3269 ipsum
2004 3200 2153 3247 esse
2201 3179 2505 3248 datorem
2557 3179 2885 3250 duorum.
2946 3184 3170 3250 Unum

616 3269 880 3360 accepit
911 3270 1064 3358 ejus
1101 3267 1470 3357 mysteria:
1505 3266 1799 3337 alterum
1853 3267 2286 3337 manifestam
2323 3268 2622 3338 reddidit
2670 3268 2961 3359 gloriam
3014 3290 3176 3340 suo-

620 3380 775 3427 rum
827 3358 1195 3427 factorum.

705 3448 741 3534 ξ
787 3450 875 3518 5.
932 3446 1110 3515 Dixit
1160 3446 1389 3530 itaque
1424 3443 1704 3513 Simom
1755 3450 2010 3513 Bonum
2067 3456 2163 3514 est
2217 3468 2334 3515 nos
2381 3445 2490 3514 hic
2549 3468 2709 3525 esse,
2771 3446 3068 3515 Domine.
3126 3449 3177 3516 Ο

620 3534 880 3615 Simon,
915 3535 1081 3622 quid
1132 3533 1361 3603 dicis?
1400 3532 1469 3601 Si
1517 3533 1628 3602 hic
1681 3532 2167 3614 manserimus,
2208 3534 2365 3621 quis
2413 3533 2729 3623 implebit
2767 3535 2973 3603 verba
3010 3538 3175 3604 Pro-

618 3622 1037 3713 phetarum?
1083 3623 1250 3705 Quis
1282 3620 1680 3709 obsignabit
1727 3622 1932 3691 verba
1975 3625 2451 3712 praecbnum†
2498 3623 2664 3705 Quis
2715 3624 2993 3713 peraget
3023 3645 3178 3714 my-

618 3712 822 3782 steria
862 3712 1267 3801 justorum?
1298 3711 1367 3780 Si
1418 3709 1528 3779 hic
1582 3712 2071 3790 manserimus,
2104 3711 2303 3791 illud,
2337 3712 2676 3781 Foderunt
2705 3735 2948 3781 manus
2989 3734 3177 3782 meas

617 3811 680 3870 et
708 3801 911 3892 pedes
956 3822 1155 3879 meos,
1207 3800 1279 3868 in
1330 3820 1468 3886 quo
1518 3799 1964 3890 implebitur?
1993 3802 2377 3870 Diviserunt
2406 3801 2537 3870 sibi
2569 3802 2960 3869 vestimenta
2994 3823 3171 3881 mea,

617 3900 680 3960 et
725 3911 926 3980 super
955 3900 1203 3959 vestem
1234 3911 1452 3958 meam
1494 3890 1822 3958 miserunt
1851 3897 2119 3971 sortem,
2156 3891 2266 3959 cui
2303 3888 2795 3979 adaptabitur?
2839 3889 3177 3959 Dederunt

617 3981 689 4048 in
737 3981 956 4050 cibum
979 4000 1203 4048 meum
1256 3979 1376 4066 fel,
1414 3979 1577 4046 etin
1614 3979 1734 4047 siti
1764 4000 1914 4046 mea
1966 3988 2367 4066 potaverunt
2419 4000 2525 4047 me
2563 3987 2747 4047 aceto
2792 3977 3007 4067 (Psal.
3057 3984 3169 4061 21,

620 4067 729 4147 68,
784 4068 922 4157 87),
976 4067 1090 4137 cui
1141 4065 1558 4135 accidet‘lln
1615 4066 1906 4139 mortuis
1951 4066 2147 4143 liber,
2200 4066 2358 4154 quis
2403 4066 2889 4136 confirmabit?
2937 4066 3003 4134 Si
3055 4068 3173 4136 hic

623 4157 1111 4235 manserimus,
1158 4155 1337 4224 Adae
1391 4154 1936 4246 chirographum
1996 4155 2155 4242 quis
2203 4154 2522 4225 scindet?
2565 4168 2630 4225 et
2660 4156 2812 4246 ejus
2859 4154 3172 4226 debitum

620 4245 781 4330 quis
827 4243 1133 4315 exolvet?
1162 4257 1227 4313 et
1274 4242 1762 4313 indumentum
1815 4242 2074 4334 gloriae
2122 4244 2275 4332 ejus
2321 4244 2481 4331 quis
2531 4245 2888 4314 restituet?
2940 4244 3009 4313 Si
3062 4244 3174 4313 hic

623 4333 1111 4414 manserimus,
1164 4354 1341 4420 quae
1389 4331 1529 4401 dixi
1580 4333 1745 4414 tibi,
1798 4332 2145 4420 quomodo
2207 4332 2421 4401 fient?
2465 4333 2771 4419 {Ecclesia
2823 4333 3174 4419 quomodo

623 4419 1153 4491 aedificabitur?
1217 4421 1450 4493 Claves
1496 4422 1693 4512 regni
1741 4422 2088 4494 coelorum
2139 4420 2484 4508 quomodo
2544 4445 2584 4492 a
2651 4444 2759 4492 me
2814 4420 3174 4512 accipies?
