3308 5004
160 349 358 416 AUG.
414 351 495 415 ⁴6
852 369 932 415 m:
979 366 1242 416 numm:
1289 367 1608 415 anassem
1656 364 1721 414 n.
1774 367 1839 416 n.
1892 369 1946 415 J.
1997 366 2056 416 c.
2349 403 2354 410 .
2510 353 2638 418 387

160 451 541 524 ostendens
576 452 1145 535 imbecillitatem,
1199 452 1389 523 visus
1434 464 1538 523 est
1575 453 1809 522 animo
1857 452 2148 536 anxius,
2198 464 2263 525 et
2309 476 2540 531 orans,
2586 479 2726 544 quo

163 555 478 632 tempore
509 541 663 629 ejus
703 562 979 630 quoque
1041 540 1363 612 sudorem
1415 554 1769 629 tamquam
1807 554 2037 632 guttas
2083 545 2449 635 sanguinis
2497 545 2726 616 distil-

160 631 351 700 lasse
390 630 741 722 significat
781 629 1251 722 Evangelium,
1305 642 1471 701 tunc
1519 630 1762 700 dicunt
1809 653 1994 710 eum,
2051 653 2211 701 cum
2261 634 2637 724 accepisset
2687 658 2729 705 a

160 718 475 807 quodam
509 742 589 789 ex
626 719 995 810 discipulis
1034 719 1186 800 hoc,
1217 719 1401 807 quod
1441 742 1626 790 nunc
1661 718 1954 802 videtur,
1991 720 2288 790 frustum
2327 721 2542 803 lintei,
2579 724 2729 793 stil-

163 809 392 878 lantes
439 809 696 879 imbres
748 809 817 878 in
867 831 946 877 eo
986 809 1412 889 abstersisse,
1448 820 1514 878 et
1552 809 1780 879 statim
1823 808 2037 880 fuisse
2084 831 2477 899 expressam
2513 812 2718 895 hanc,

168 920 347 984 quae
419 897 729 979 videtur,
784 896 1058 967 divinae
1123 897 1314 968 illius
1363 896 1623 967 formae
1676 896 1997 988 effigiem.
2066 897 2257 980 Quod
2312 919 2472 968 cum
2537 901 2725 990 apud

171 987 504 1056 Thomam
565 986 1041 1077 deposuisset,
1098 999 1462 1078 postquam
1514 986 1824 1056 ascendit
1872 987 1941 1056 in
2006 986 2254 1067 coeloS,
2325 1009 2447 1079 per
2501 989 2725 1058 Thad-

169 1074 421 1145 daeum
464 1074 675 1163 jussit
724 1075 903 1145 mitti
960 1075 1048 1145 ad
1106 1078 1494 1166 Abagarum
1530 1131 1546 1158 ,
1612 1076 1913 1165 implens
1959 1076 2141 1163 quod
2194 1088 2341 1146 erat
2387 1077 2449 1145 ei
2511 1077 2728 1151 literis

167 1164 545 1256 pollicitus
601 1169 964 1251 Postquam
998 1185 1162 1256 ergo
1201 1177 1605 1255 assumptus
1630 1177 1808 1234 esset
1856 1165 1926 1233 in
1968 1163 2195 1234 coelos
2235 1166 2569 1237 Dominus
2602 1187 2726 1237 no-

171 1266 311 1323 ster
355 1254 566 1323 Jesus
616 1253 949 1334 Christus,
1004 1253 1179 1323 dans
1229 1254 1524 1323 Thomas
1573 1253 1939 1324 Thaddaeo
2011 1275 2147 1323 non
2202 1276 2416 1323 manu
2462 1253 2729 1326 descri-

170 1354 359 1433 ptam
417 1343 684 1411 Domini
719 1343 933 1411 nostri
974 1342 1176 1412 faciei
1215 1341 1539 1434 effigiem,
1599 1342 1787 1411 misit
1836 1341 1919 1412 ad
1970 1342 2383 1434 Abagarum.

257 1432 295 1519 ξ
344 1435 501 1504 1⁰.
556 1434 721 1501 Cum
758 1453 920 1522 ergo
969 1430 1379 1502 Thaddaeus
1429 1430 1849 1520 pervenisset
1882 1431 2233 1511 Edessam,
2284 1432 2536 1502 mansit
2584 1432 2728 1522 pri-

167 1539 364 1588 mum
416 1519 599 1610 apud
650 1519 1047 1607 quemdam,
1104 1522 1225 1608 qui
1275 1520 1417 1589 illic
1464 1531 1631 1599 erat,
1683 1518 2062 1601 Judaeum,
2116 1521 2227 1589 cui
2282 1542 2529 1590 nornen
2585 1533 2729 1592 erat

170 1608 444 1678 TobiaS.
477 1613 553 1678 Et
601 1621 756 1678 ante
797 1630 1148 1679 sermones
1196 1632 1276 1679 ex
1323 1608 1521 1679 factis
1570 1607 1805 1679 volens
1869 1609 2115 1679 Christi
2174 1608 2347 1678 disci
2405 1610 2565 1679 ulus
2621 1633 2728 1680 se-

167 1697 403 1788 ipsum
460 1709 696 1767 notum
748 1696 1033 1768 reddere
1062 1699 1394 1790 Abagaro,
1432 1719 1571 1777 eos,
1608 1698 1729 1785 qui
1776 1712 1971 1768 erant
2017 1699 2273 1789 aegroti
2320 1698 2337 1766 i
2374 1697 2510 1769 lius
2558 1699 2729 1768 civi-

168 1785 371 1865 tatis,
437 1787 701 1856 curavit
750 1786 892 1857 sola
959 1787 1210 1858 Christi
1289 1787 1743 1856 invocatione.
1809 1787 2266 1870 Quamobrem
2332 1809 2492 1857 cum
2542 1786 2728 1858 fama

167 1874 304 1944 cito
347 1875 756 1975 pervasisset
791 1875 1006 1965 (quod
1055 1875 1337 1964 quidem
1376 1875 1546 1947 solet
1593 1876 1863 1945 evenire
1890 1877 1957 1944 in
2013 1876 2096 1945 iis
2128 1896 2307 1963 quae
2355 1878 2729 1968 suntejus-

172 1962 404 2033 modi:
461 1968 591 2033 Res
637 1964 848 2046 enim,
900 1986 1078 2052 quae
1141 1975 1304 2035 sunt
1358 1963 1812 2034 admirabiles
1853 1976 1918 2035 et
1986 1978 2251 2055 praeter
2298 1965 2722 2053 opinionem,

169 2052 429 2123 multos
478 2052 755 2133 habent,
786 2053 906 2140 qui
952 2075 1069 2123 eas
1109 2054 1569 2140 renuncient),
1607 2054 1917 2145 pervenit
1948 2054 2151 2123 etiam
2190 2051 2272 2122 ad
2307 2055 2444 2123 Aba
2498 2076 2723 2137 arum,

214 2162 292 2209 er
339 2142 708 2228 quemdam
759 2163 840 2211 ex
886 2142 1035 2232 ejus
1083 2143 1510 2233 proceribuS,
1548 2143 1670 2230 qui
1719 2143 2093 2213 vocabatur
2138 2141 2358 2224 Abdu,
2412 2143 2459 2211 il
2496 2144 2558 2213 ic
2592 2144 2728 2214 sci-

167 2163 324 2299 licet
357 2252 506 2299 esse
534 2230 782 2301 Christi
813 2230 1236 2320 Apostolum.
1272 2230 1436 2301 Cum
1477 2231 1708 2318 itaque
1742 2231 1969 2301 statim
2008 2229 2195 2321 apud
2237 2252 2310 2300 se
2357 2233 2727 2323 cogitasset

166 2339 354 2387 exea
402 2341 547 2408 spe,
603 2341 780 2407 quae
829 2319 896 2388 in
950 2320 1101 2411 ipso
1164 2319 1538 2399 habitabat,
1584 2320 1772 2389 hunc
1821 2319 2022 2389 illum
2071 2340 2244 2401 esse,
2284 2341 2492 2407 quem
2522 2327 2727 2390 Jesus

117 2467 122 2472 .
169 2406 384 2478 literis
433 2409 580 2477 suis
621 2407 969 2497 pollicitus
1015 2419 1118 2478 est
1156 2430 1229 2478 se
1268 2408 1353 2478 ad
1403 2430 1562 2478 eum
1618 2409 2027 2478 missurum:
2070 2419 2135 2478 et
2182 2430 2340 2477 cum
2392 2409 2478 2477 de
2504 2408 2729 2478 Thad-
2774 2422 2777 2427 ’

171 2495 344 2568 daeo
393 2496 545 2588 ipso
584 2496 939 2570 didicisset
980 2497 1379 2600 perfectiuS,
1424 2497 1637 2588 jussit
1685 2511 1762 2568 ut
1809 2496 1895 2569 ad
1948 2519 2020 2569 se
2067 2495 2551 2568 adduceretur.
2596 2502 2722 2567 Ve-

169 2585 371 2656 niens
404 2609 567 2678 ergo
615 2588 883 2669 TobiaS,
938 2587 1355 2680 significavit
1404 2587 1570 2657 haec
1617 2586 1959 2678 Apostolo.
2013 2586 2137 2656 Ille
2194 2607 2354 2656 vero
2415 2608 2573 2656 cum
2617 2586 2727 2656 di-

165 2675 375 2744 xisset
424 2696 495 2745 se
545 2675 611 2744 in
647 2677 895 2747 virtute
920 2676 1003 2746 ad
1040 2699 1198 2747 eum
1248 2698 1399 2746 esse
1446 2675 1780 2757 missum,
1812 2675 2140 2766 deinceps
2189 2674 2375 2745 venit
2421 2675 2507 2745 ad
2556 2676 2730 2745 Aba·

166 2786 442 2852 garum.
497 2768 661 2835 Cum
714 2779 943 2835 autem
993 2778 1172 2837 esset
1204 2776 1360 2835 ante
1407 2777 1854 2854 conspectum
1904 2765 2057 2856 ejus
2103 2763 2578 2866 appariturus,
2651 2765 2724 2833 in

168 2871 295 2922 sua
336 2852 579 2935 fronte,
612 2865 967 2942 tamquam
1016 2855 1087 2924 in
1120 2854 1470 2935 columna,
1515 2876 1825 2944 appensa
1871 2858 1951 2923 ea
1987 2852 2256 2924 Domini
2283 2859 2476 2934 Jesu,
2512 2872 2723 2940 quam

166 2940 500 3024 diximuS,
554 2942 1054 3025 similitudine,
1109 2944 1208 3012 sic
1257 2945 1616 3033 ingressus
1682 2954 1785 3012 est
1833 2942 1918 3011 ad
1979 2942 2397 3033 Abagarum.
2451 2946 2520 3011 Is
2569 2962 2725 3011 vero

171 3052 331 3099 cum
384 3030 613 3121 ipsum
667 3031 909 3122 procul
959 3031 1242 3102 vidisset
1319 3030 1748 3105 venientem.
1809 3032 2000 3102 visus
2068 3044 2170 3102 est
2215 3029 2446 3100 videre
2494 3029 2723 3100 lucem

171 3117 529 3210 majorem,
583 3141 794 3207 quam
844 3132 920 3190 ut
965 3142 1117 3191 eam
1166 3120 1342 3191 ferre
1439 3132 1620 3190 osset
1667 3119 2062 3211 adspectus,
2116 3119 2347 3190 radios
2399 3141 2486 3188 ue
2523 3119 2727 3189 emit-

168 3219 447 3289 tentem,
501 3229 678 3296 quae
725 3231 807 3279 ex
852 3209 1005 3301 ejus
1039 3209 1232 3280 vultu
1280 3209 1383 3280 exi
1417 3210 1620 3280 iebat.
1677 3209 2001 3281 Prodibat
2046 3218 2278 3280 autem
2330 3230 2369 3278 a
2466 3207 2577 3277 effi
2635 3208 2719 3289 'e,

165 3318 342 3385 quae
392 3308 534 3367 erat
600 3297 663 3367 ei
725 3298 1072 3391 imposita.
1131 3298 1589 3382 Quamobrem
1657 3298 1920 3390 insigni
1998 3297 2289 3368 luminis
2359 3296 2552 3388 splen
2611 3316 2729 3366 ore

163 3384 706 3476 obstupefactuS,
745 3399 811 3457 et
858 3387 1068 3458 veluti
1119 3410 1383 3469 eorum,
1421 3409 1598 3475 quae
1647 3388 1782 3457 sibi
1834 3387 2266 3468 acciderant,
2321 3386 2603 3467 oblitus,
2659 3396 2725 3455 et

167 3474 543 3545 diuturnae
583 3475 1053 3547 membrorum
1139 3477 1451 3565 aralysiS‚
1487 3479 1524 3547 e
1572 3475 1746 3546 lecto
1778 3475 2017 3559 exiliit,
2062 3486 2128 3546 et
2175 3473 2476 3546 resoluta
2509 3496 2730 3544 mem-

165 3562 293 3633 bra
341 3565 565 3655 coegit
609 3566 673 3634 ei
720 3588 1000 3636 currere
1045 3499 1344 3635 obviam.
1377 3566 1589 3654 Eique
1636 3566 1819 3635 idem
1850 3564 2124 3646 accidit,
2161 3564 2277 3634 sed
2324 3563 2462 3634 alio
2490 3564 2720 3644 modo,

162 3652 347 3810 qulod
400 3653 486 3725 iis
552 3652 674 3742 qui
722 3654 792 3723 in
846 3668 1075 3726 monte
1151 3655 1425 3726 Thabor
1495 3654 2048 3747 resplendentem
2097 3651 2392 3723 formam
2451 3652 2726 3721 Domini

163 3762 229 3810 vi
284 3753 502 3811 erant.

253 3832 291 3918 ἓ
338 3835 473 3904 11.
527 3832 695 3900 Cum
743 3851 907 3921 ergo
937 3831 1028 3901 ab
1066 3829 1383 3922 Apostolo
1411 3852 1562 3901 eam
1614 3831 1993 3922 accepisset
2024 3827 2349 3921 effigiem,
2379 3840 2446 3899 et
2483 3827 2717 3918 capiti,

162 3919 380 3991 labris
426 3930 492 3988 et
519 3918 740 3989 oculis
786 3943 937 3990 eam
971 3919 1440 4009 imposuisset,
1486 3931 1550 3990 et
1598 3942 1722 3990 nec
1758 3919 1931 3989 alias
1970 3917 2256 4006 quidem
2307 3929 2535 4010 partes
2567 3935 2723 3986 cor-·

159 4009 353 4099 poris
398 4029 479 4079 eo
527 4019 850 4079 contactu
923 4008 1282 4100 privasset,
1336 4006 1498 4078 ilico
1559 4008 1879 4100 cognovit
1925 4007 2161 4077 omnia
2226 4006 2540 4077 membra
2588 4004 2723 4073 mi-

160 4096 463 4168 randum
514 4095 586 4164 in
638 4096 921 4167 modum
1001 4095 1362 4178 roborari,
1427 4101 1512 4167 ut
1549 4118 1727 4185 quae
1804 4097 2257 4166 mutationem
2323 4095 2393 4164 in
2468 4091 2724 4163 melius

163 4186 622 4275 susciperent,
661 4186 723 4256 le
778 4206 1065 4274 ramque
1091 4198 1541 4277 expurgatam
1569 4198 1635 4256 et
1660 4185 2063 4277 fugientem,
2094 4183 2366 4254 etiamsi
2397 4183 2468 4253 in
2500 4181 2725 4253 fronte

162 4275 315 4366 ejus
365 4274 639 4363 aliquae
666 4296 707 4344 a
759 4274 898 4347 huc
930 4295 1180 4367 parvae
1210 4286 1544 4344 restarent
1577 4273 1931 4363 reliquiae.
1968 4277 2135 4356 Cum
2168 4281 2398 4343 autem
2431 4272 2722 4343 verbum

163 4362 471 4435 veritatis
505 4364 949 4457 abApostolo
997 4364 1354 4436 didicisset
1400 4363 1730 4465 apertiuS,
1782 4375 1849 4433 et
1893 4361 1980 4432 de
2028 4361 2302 4444 Christi,
2345 4382 2526 4450 quae
2571 4360 2725 4451 opi·

166 4454 455 4525 nionem
505 4465 861 4545 superant,
899 4452 1282 4538 miraculis,
1320 4452 1715 4540 divinisque
1746 4451 2215 4543 passionibus,
2241 4463 2307 4524 et
2335 4450 2718 4544 sepultura,
