3308 5004
194 368 327 436 Auo.
365 367 397 435 l
1126 388 1205 436 m:
1250 388 1310 437 s.
1360 385 1665 436 commeo
2442 370 2560 440 ⁴41

194 488 284 558 pro
315 465 632 538 defunctis
691 467 1112 538 sacrificium
1164 466 1434 551 obtulit,
1490 467 1810 557 idemque
1858 467 2187 560 deinceps
2237 470 2516 561 saepius
2563 470 2661 542 fe-

187 557 271 625 cit.
309 556 411 626 Hic
454 569 578 636 est,
636 555 946 646 inquam,
1003 569 1193 648 pater
1248 557 1693 639 Bertrandus‚
1733 557 1838 627 vir
1882 573 2165 629 sanctus
2230 571 2298 629 et
2354 580 2663 631 reveren-

178 643 295 725 dus,
336 644 436 715 cui
483 645 727 717 beatus
780 646 1178 717 Dominicus
1210 646 1580 737 praecepit,
1646 659 1721 716 ut
1763 668 1897 716 non
1967 669 2117 730 sua,
2179 646 2297 717 sed
2362 647 2660 719 aliorum

175 746 395 822 peccata
435 732 755 825 ploraret.
798 739 1085 806 Noverat
1130 736 1315 805 enim
1367 735 1594 816 illum,
1648 734 1737 805 ob
1778 757 1905 805 sua
2041 748 2257 817 ccata,
2312 737 2568 809 nimias
2621 758 2665 808 a

173 842 226 890 se
268 843 496 913 poenas
546 835 869 914 repetere.
924 830 1178 894 Tantae
1225 836 1453 895 autem
1505 823 1851 894 efficaciae
1917 824 2038 895 ila
2098 825 2275 896 beati
2326 826 2664 897 Dominici

170 909 345 997 jussio
365 912 549 1003 apud
576 913 888 983 animum
916 918 986 983 F.
1025 913 1383 983 Bertrandi
1408 912 1561 995 fuit,
1585 912 1769 1001 quod
1793 913 1879 983 ab
1908 934 1988 983 eo
2029 926 2356 1005 tempore,
2394 914 2665 987 etiamsi

173 998 347 1082 vellet,
388 1023 510 1092 pro
558 1001 706 1073 suis
739 1001 968 1092 culpis
1016 1003 1179 1073 flere
1219 1024 1353 1072 non
1406 1003 1667 1094 potuit:
1723 1002 1808 1071 ad
1859 1002 2154 1073 aliorum
2208 1003 2509 1095 lugenda
2557 1026 2666 1076 er·

176 1102 299 1170 rata,
340 1112 590 1182 magna
636 1090 698 1159 ei
740 1091 1208 1181 lacrymarum
1252 1092 1451 1182 copia
1501 1103 1773 1183 praesto
1821 1090 1974 1162 fuit.

228 1179 258 1265 ς
295 1184 435 1251 m.
490 1179 635 1249 Alio
682 1180 982 1267 quodam
1028 1193 1332 1272 tempore
1380 1185 1451 1249 B.
1486 1180 1888 1251 Dominicus
1921 1181 2050 1250 iter
2096 1202 2331 1272 agens,
2385 1181 2664 1252 obvium

171 1263 364 1337 habuit
405 1266 779 1357 quemdam
844 1283 1162 1340 sanctum
1218 1269 1330 1339 Dei
1398 1269 1791 1350 hominem,
1846 1270 1964 1339 sed
2025 1269 2309 1340 alterius
2357 1269 2662 1372 linguae.

169 1354 367 1426 Dolens
402 1379 568 1448 ergo
616 1379 754 1428 non
840 1380 992 1429 osse
1040 1381 1111 1428 se
1142 1380 1301 1428 eum
1353 1358 1638 1446 alloqui,
1678 1357 2132 1446 coelestisque
2177 1358 2669 1430 consolationis

169 1456 213 1511 et
249 1444 573 1516 fraternae
620 1446 773 1517 aedi
828 1448 1122 1518 cationis
1168 1448 1473 1549 flagrans
1534 1446 1901 1530 de⁴sideri0‚
1959 1448 2328 1518 Dominum
2379 1459 2550 1529 orat,
2596 1459 2671 1518 ut

165 1547 409 1620 praestet
440 1535 837 1607 facultatem
873 1559 1034 1607 cum
1086 1536 1205 1606 illo
1237 1559 1381 1606 vtro
1417 1537 1532 1606 Dei
1581 1535 2044 1624 colloquendi.
2077 1542 2469 1606 Praestatur
2496 1536 2670 1607 utri·

162 1637 261 1706 que
300 1625 498 1716 copia
531 1626 740 1696 variis
785 1626 1113 1714 loquendi
1152 1625 1452 1717 linguis:
1506 1638 1572 1694 et
1619 1626 1720 1694 sic
1770 1625 1999 1696 triduo
2059 1624 2493 1715 spiritalibus
2533 1624 2673 1696 col·

160 1707 373 1798 loquiis
418 1725 489 1783 et
525 1713 782 1786 divinis
830 1714 1268 1787 sermonibus
1316 1714 1620 1784 vicissim
1673 1715 1981 1796 recreati,
2039 1713 2314 1785 tandem
2365 1737 2406 1784 a
2444 1736 2519 1786 se
2564 1736 2672 1785 se-

225 1815 477 1872 rantur.

158 1819 253 1976 Ρᾶἓ
291 1894 418 1965 1⁷.
476 1891 661 1962 Alias
757 1891 1197 1962 roficiscente
1241 1913 1323 1962 eo
1369 1913 1529 1962 cum
1583 1896 1650 1960 F.
1709 1890 2123 1973 Bertrando,
2194 1892 2440 1984 ingens
2500 1905 2674 1962 tem-

154 1990 345 2065 pestas
388 1981 495 2050 eis
545 1915 907 2063 incubuit,
962 2003 1177 2068 quam
1242 1980 1458 2051 multa
1531 1979 1767 2071 pluvia
1848 1994 2079 2051 secuta
2141 1994 2268 2051 est.
2328 1988 2590 2053 Ruente
2636 2003 2675 2054 e

153 2065 311 2138 coelo
355 2069 583 2140 imbre
613 2080 679 2139 et
735 2083 983 2141 terram
1045 2069 1451 2152 inundante,
1515 2070 1619 2138 vir
1666 2069 1907 2139 beatus
1954 2069 2055 2139 illi
2106 2071 2387 2161 signum
2438 2070 2675 2142 Crucis

150 2159 468 2244 opposuit.
506 2162 744 2246 Itaque
789 2159 859 2229 in
897 2173 1083 2229 tanta
1106 2159 1292 2251 ‚aeris
1342 2159 1771 2248 intemperie,
1802 2159 2051 2228 virtute
2090 2160 2325 2230 Crucis
2361 2160 2669 2251 protecti,

151 2243 290 2314 adeo
336 2246 514 2317 nihil
556 2269 637 2318 ex
687 2248 922 2339 pluvia
951 2248 1301 2319 molestiae
1348 2247 1588 2329 tulere,
1643 2261 1718 2317 ut
1751 2269 1875 2317 nec
1922 2249 2483 2320 vestimentorum
2517 2249 2677 2319 fim-

148 2329 270 2402 bria
346 2335 733 2407 madefacta
794 2338 905 2407 sit.
960 2339 1315 2407 Diversum
1378 2358 1535 2406 vero
1585 2335 1757 2406 alias
1815 2335 2112 2419 accidit,
2180 2358 2341 2407 cum
2390 2338 2678 2409 cadente

147 2419 375 2510 pluvia,
429 2439 501 2494 et
533 2426 660 2495 viri
694 2426 874 2497 beati
906 2439 972 2495 et
1020 2426 1363 2496 sociorum
1413 2426 1565 2518 ejus
1613 2437 1830 2495 vestes
1881 2425 2260 2496 maderent.
2314 2426 2479 2496 Aliis
2512 2449 2677 2520 ergo

144 2509 213 2578 ob
266 2515 633 2585 siccandas
706 2538 823 2605 eas
880 2516 965 2585 ad
1033 2517 1262 2605 ignem
1339 2516 1908 2596 remanentibuS,
1985 2515 2227 2586 beatus
2277 2517 2678 2587 Dominicus

147 2601 346 2698 Sancti
395 2605 698 2695 Spiritus
732 2606 893 2696 igne
932 2605 1222 2686 fervens,
1270 2626 1459 2674 more
1492 2627 1618 2675 suo
1667 2605 1738 2674 in
1788 2603 2174 2686 ecclesiam,
2211 2604 2356 2674 illic
2397 2606 2468 2674 in
2520 2626 2677 2696 pre-

142 2689 311 2761 cibus
360 2715 625 2783 pernox
672 2692 973 2771 futurus,
1012 2716 1084 2764 se
1131 2694 1226 2764 ita
1263 2693 1587 2764 madidus
1621 2693 1899 2784 recepit.
1932 2698 2125 2763 Mane
2155 2716 2314 2764 cum
2345 2693 2669 2776 aliorum,

143 2778 238 2877 qui
281 2782 470 2871 apud
504 2782 732 2853 focum
771 2783 1155 2863 haeserant,
1193 2783 1601 2854 vestimenta
1630 2783 2012 2853 etiamnum
2053 2782 2376 2853 humecta
2416 2794 2672 2866 essent,

141 2885 263 2954 ejus
308 2869 487 2941 adeo
520 2872 704 2941 sicca
753 2883 1017 2961 reperta
1052 2885 1239 2953 sunt,
1275 2894 1354 2941 ac
1389 2872 1443 2941 si
1484 2884 1617 2942 tota
1650 2884 1848 2942 nocte
1882 2870 1966 2939 ad
2005 2872 2233 2963 ignem
2263 2871 2673 2960 jacuissent.

166 2957 238 3052 ,ξ
281 2962 418 3031 18.
475 2964 673 3030 Anno
722 2973 1074 3052 reparatae
1142 2960 1387 3031 salutis
1434 2983 1665 3032 nccnx
1714 2966 1960 3030 Beatus
2007 2961 2409 3032 Dominicus
2475 2966 2679 3031 Lute-

143 3052 275 3113 tiam
323 3049 641 3130 veniens,
696 3049 768 3118 in
817 3050 1146 3121 coenobio
1173 3054 1239 3120 S.
1277 3051 1516 3120 Jacobi
1566 3051 1847 3139 triginta
1887 3049 2131 3121 fratres
2162 3050 2447 3119 invenit.
2483 3048 2678 3141 Apud

144 3150 285 3215 quos
330 3137 415 3206 ad
475 3137 684 3208 breve
733 3151 1007 3229 tempus
1056 3139 1369 3220 haerens,
1422 3141 1524 3209 eis
1571 3139 1937 3232 valedixit:
1986 3152 2052 3208 et
2090 3138 2351 3230 gratiae
2401 3139 2517 3209 Dei
2564 3160 2681 3210 eos

143 3226 666 3309 commendans,
722 3227 1065 3318 profectus
1110 3240 1234 3298 est.
1304 3229 1473 3299 Inde
1532 3229 1618 3298 ad
1671 3227 2101 3299 Castellionis
2165 3241 2471 3298 castrum
2547 3228 2676 3298 ubi

146 3314 421 3397 accessit,
459 3314 872 3407 capellanus
905 3339 1065 3387 eum
1116 3317 1418 3408 hospitio
1465 3318 1753 3407 accepit,
1810 3317 2017 3407 cujus
2076 3337 2289 3406 nepos
2336 3339 2373 3386 e
2421 3315 2684 3388 solario

148 3398 389 3484 cadens,
431 3426 476 3473 a
531 3417 748 3475 matre
792 3416 859 3475 et
905 3406 1062 3476 aliis
1117 3428 1240 3497 pro
1291 3420 1561 3477 mortuo
1613 3407 2095 3498 plangebatur.
2149 3411 2402 3475 Eorum
2460 3406 2680 3476 vicem

149 3483 351 3561 dolens
400 3494 514 3563 vir
553 3493 820 3575 beatus,
872 3517 1034 3564 cum
1068 3494 1397 3585 lacrymis
1425 3496 1511 3565 ad
1563 3517 1800 3587 preces
1835 3518 1906 3566 se
1946 3495 2338 3586 prosternit.
2393 3494 2686 3565 Exaudit

151 3592 269 3672 {eum
302 3583 675 3665 Dominus,
714 3605 886 3674 puer
913 3583 1286 3654 incolumis
1314 3584 1627 3655 redditur
1649 3585 1941 3655 afflictae
1977 3584 2204 3665 matri,
2227 3582 2424 3653 dolor
2453 3585 2683 3654 omnis

154 3680 201 3730 m
242 3670 588 3757 gaudium
661 3683 992 3742 mutatur.
1046 3678 1218 3743 Tum
1293 3673 1614 3744 sacerdos
1692 3673 1886 3765 pueri
1952 3671 2364 3753 avunculus,
2430 3693 2685 3764 magno

158 3769 447 3844 apparato
500 3761 841 3844 convivio,
895 3761 1152 3833 multos
1194 3762 1343 3852 pios
1391 3763 1710 3833 homines
1756 3762 2022 3832 invitat.
2061 3764 2139 3831 At
2172 3761 2369 3852 pueri
2431 3774 2678 3842 mater,

160 3858 455 3939 quartana
490 3848 819 3920 laborans
850 3849 1061 3932 febre,
1100 3851 1387 3921 caeteris
1430 3850 1778 3943 anguillas
1809 3850 2199 3932 edentibuS‚
2235 3872 2352 3919 eas
2400 3849 2679 3920 vitabat.

164 3928 365 4009 ndens
412 3937 490 4006 id
560 3938 667 4007 vir
715 3940 863 4021 Dei,
922 3940 1334 4030 particulam
1392 3941 1714 4032 exiguam
1792 3939 2145 4031 anguillae
2203 3942 2413 4009 Cruce
2459 3938 2687 4008 consi·

167 4035 420 4109 gnatam,
480 4025 592 4095 illi
630 4027 828 4098 offert
872 4050 1034 4098 cum
1064 4028 1175 4099 his
1220 4030 1489 4101 verbis:
1540 4028 1831 4100 Comede
1865 4030 1937 4098 in
1974 4028 2253 4099 nomine
2285 4027 2677 4098 salvatoris.

169 4106 416 4187 tomedit
467 4115 622 4198 illa,
678 4130 744 4187 et
790 4116 1003 4188 febris
1050 4119 1281 4187 omnis
1322 4118 1681 4188 abscessit.

219 4199 433 4283 51⁰.
488 4204 799 4275 Tandem
848 4217 1101 4275 aestate
1151 4206 1394 4277 beatus
1444 4207 1847 4278 Dominicus
1895 4205 2271 4275 Bononiam
2328 4205 2686 4295 ingressus

176 4296 251 4366 Ξῖ,
288 4294 414 4365 ubi
457 4294 615 4383 jam
652 4305 803 4364 tum
851 4295 1036 4386 apud
1088 4298 1155 4365 S.
1208 4295 1565 4365 Nicolaum
1615 4317 1912 4385 magnus
1971 4316 2131 4365 cum
2185 4299 2255 4365 F.
2302 4295 2686 4387 Reginaldo

176 4389 266 4467 em
303 4379 610 4453 fratrum
662 4404 1045 4454 numerus:
1107 4384 1229 4472 qui
1277 4384 1362 4453 de
1418 4385 1719 4455 adventu
1768 4382 1950 4455 beati
2003 4382 2135 4452 viri
2185 4384 2453 4475 gavisi,
2522 4406 2686 4456 cum

178 4472 385 4552 lugenti
431 4472 804 4543 devotione
869 4486 936 4544 et
1005 4473 1384 4544 reverentia
1456 4495 1616 4545 eum
1686 4496 1814 4544 ceu
1881 4485 2143 4566 patrem
2192 4474 2684 4546 charissimum
