3308 5004
689 347 776 415 34
1274 363 1357 411 nu
1403 362 1641 411 smmi
1687 360 2038 410 munos
2085 360 2485 411 uacanffls
2867 343 3050 411 AUG.
3102 346 3129 411 4

595 450 937 540 integram
987 446 1315 519 bonitatis
1351 447 1648 518 formam
1698 468 1771 516 se
1803 445 2160 516 indueret?
2206 447 2542 537 Deinceps
2585 443 2778 517 enim
2828 445 3142 520 eruditus

592 550 804 609 estut
849 536 1199 628 benignus
1242 548 1447 616 esset,
1493 534 2087 624 quemadmodum
2134 550 2201 606 et
2245 536 2397 623 ejus
2429 536 2787 606 Domi-nus:
2832 548 2901 606 et
2927 557 3139 623 quam

591 626 1098 728 indulgentiam
1148 626 1222 694 in
1273 646 1345 695 se
1394 624 1613 695 fuerat
1662 639 2006 715 expertus,
2040 623 2356 694 eamdem
2386 636 2453 696 et
2483 624 2557 694 in
2607 624 2783 695 alios
2831 625 3144 696 ostende-

594 728 718 787 ret.
749 714 1030 785 Vidistis
1061 712 1650 801 quemadmodum
1675 718 1851 785 Deus
1874 713 2264 803 permiserit
2299 713 2369 783 in
2405 728 2792 803 peccatum,
2824 714 3147 802 quamvis

590 805 944 895 exiguum,
999 802 1304 873 incidere
1334 802 1703 874 columnas
1738 801 1916 882 illas,
1955 802 2481 893 propugnacula
2526 817 2593 873 et
2647 816 2893 884 turres,
2942 825 3048 883 ne,
3082 803 3143 874 si

592 894 878 964 omnino
926 892 1217 963 fuissent
1263 892 1375 963 isti
1425 914 1462 961 a
1507 891 1806 982 peccatis
1839 890 2063 973 liberi,
2117 911 2359 962 omnes
2388 891 2476 961 ab
2525 891 2829 962 Ecclesia
2876 891 3147 962 excide-

596 994 785 1053 rent:
839 1003 1060 1070 neque
1104 1002 1266 1052 cum
1314 979 1622 1050 viderent
1661 979 1966 1068 aliquem
2018 992 2445 1070 peccantem,
2483 980 2789 1050 immites
2834 993 2901 1051 et
2932 981 3145 1051 inhu-

599 1071 789 1142 mani
818 1081 1083 1154 essent;
1114 1069 1231 1140 sed
1284 1091 1569 1140 suorum
1618 1069 1831 1139 etiarn
1886 1082 2323 1159 peccatorum
2377 1091 2743 1149 memores,
2796 1091 3005 1157 quam
3037 1070 3142 1140 illi

599 1181 642 1262 a
690 1160 977 1261 Domino
1036 1158 1530 1250 benignitatem
1579 1158 2065 1250 impetrarunt,
2126 1180 2278 1228 eam
2326 1172 2394 1229 et
2460 1158 2596 1250 ipsi
2646 1158 2941 1229 libenter
2984 1159 3144 1231 aliis

604 1271 697 1319 un
755 1259 1068 1319 artirent.

710 1272 934 1409 1³²2.
985 1341 1166 1405 Haec
1211 1335 1541 1419 diximus,
1571 1357 1704 1405 non
1741 1349 1821 1406 ut
1850 1337 2080 1427 justos
2111 1334 2269 1407 illos
2303 1337 2486 1407 viros
2521 1336 3141 1428 reprehendamuS,

598 1448 670 1496 se
752 1438 829 1496 ut
858 1425 1101 1496 salutis
1152 1425 1328 1493 viam
1372 1424 1564 1496 vobis
1612 1447 2129 1516 praeparemus,
2178 1437 2392 1513 utque
2451 1448 2612 1496 cum
2671 1426 3135 1515 peccaveritis,

598 1513 685 1586 de
719 1525 941 1584 vestra
977 1513 1198 1584 salute
1248 1535 1386 1583 non
1432 1513 1833 1604 desperetis,
1900 1514 2082 1584 viros
2130 1513 2320 1604 ipsos
2361 1514 2695 1585 memoria
2734 1527 3146 1605 repetentes:

596 1603 719 1692 qui
764 1625 927 1673 cum
975 1601 1451 1690 deliquissent,
1509 1625 1627 1693 per
1684 1603 2173 1694 poenitentiam
2226 1603 2556 1673 honorem
2595 1625 2732 1674 non
2784 1604 3018 1691 aliqua
3062 1625 3152 1675 ex

598 1703 789 1783 parte
821 1691 1298 1772 imminutum,
1353 1691 1471 1761 sed
1523 1696 1895 1783 integrum,
1945 1691 2226 1780 qualem
2285 1706 2484 1762 antea
2521 1693 2994 1782 possidebant,
3033 1715 3148 1763 re·-

596 1792 1043 1882 cuperarunt.
1081 1781 1389 1850 Diximus
1420 1781 1756 1872 primum,
1797 1794 2098 1870 quantae
2129 1779 2390 1851 fuerint
2421 1781 2702 1852 illorum
2737 1781 3042 1861 virtutes,
3079 1794 3154 1853 et

596 1869 849 1940 deinde
898 1869 1311 1960 protulimus
1361 1882 1637 1960 peccata
1680 1871 1802 1940 illa
1835 1870 2094 1951 tenuia,
2154 1869 2225 1939 in
2275 1892 2452 1957 quae
2500 1869 2682 1960 lapsi
2725 1882 2917 1940 sunt.
2970 1874 3150 1972 Ergo

598 1972 665 2030 et
715 1973 809 2042 tu,
872 1958 1192 2047 quamvis
1242 1972 1556 2048 peccator
1617 1959 1738 2041 sis,
1810 1959 1897 2029 ab
1947 1959 2251 2030 Ecclesia
2294 1959 2542 2031 abesse
2593 1958 2764 2029 noli.
2818 1964 3151 2043 Quamvis

599 2048 803 2119 etiam
827 2048 1064 2138 justus
1112 2047 1232 2129 sis,
1286 2046 1429 2117 noli
1474 2050 1763 2119 abesse:
1818 2060 1895 2118 ut
1947 2048 2464 2139 scripturarum
2513 2047 2908 2140 cognitione
2940 2069 3148 2117 aures

602 2148 760 2208 tuae
794 2148 1181 2227 personent,
1214 2148 1283 2206 et
1319 2136 1555 2227 justus
1590 2158 2024 2227 permaneaS,
2072 2138 2404 2208 memoria
2431 2150 2748 2227 repetens
2778 2158 2958 2225 quae
2987 2158 3148 2226 per-

603 2225 824 2384 giient
867 2225 966 2384 ad)
990 2246 1282 2316 regnum
1327 2225 1707 2307 coelorum,
1760 2238 1828 2297 et
1880 2226 2063 2297 bona
2118 2226 2241 2297 illa
2284 2248 2466 2315 quae
2503 2226 2938 2317 praeparavit
2967 2230 3149 2296 Deus

653 2328 920 2405 ingenti
972 2336 1056 2385 us
1105 2337 1199 2386 se.

1202 2579 1282 2683 S.
1353 2579 1860 2681 ELEAZARI
1928 2577 2550 2680 SACERDOTlS

826 2767 949 2872 AC
1015 2771 1153 2873 SS.
1224 2771 1367 2870 Vll
1430 2769 1933 2873 FRATRUM
2015 2758 2937 2875 ΜΑΕΗΑΒΑΕΟΒῘΜΓι

1557 2952 2214 3036 MARTYRIUM

980 3111 1081 3176 ET
1130 3110 1672 3180 FORTISSIMAE
1719 3112 2006 3181 EORUM
2056 3113 2364 3180 MATRIS
2407 3112 2780 3181 ELOGIUM

764 3272 882 3321 ran
929 3270 1215 3320 sanorum
1261 3273 1628 3322 annosum
1676 3273 1743 3323 m
1790 3274 1973 3323 mano
2020 3276 2070 3324 11
2117 3276 2198 3323 nn
2242 3272 2438 3324 :Acon
2484 3276 2562 3326 131·
2607 3276 2753 3325 vrrA
2801 3275 3002 3324 auu

1477 3455 1680 3509 Anno
1732 3456 1891 3511 ante
1931 3454 2087 3513 chr.
2131 3456 2276 3511 164.

694 3634 735 3721 ξ
779 3640 857 3707 1.
911 3637 1044 3705 Nec
1074 3643 1139 3704 te
1175 3633 1485 3705 Eleazare
1532 3635 2095 3726 praetermittam,
2148 3645 2384 3727 utpote
2435 3635 2870 3708 sacerdotum
2921 3657 3159 3707 sacer·-

609 3720 771 3805 doS,
824 3721 942 3794 sed
1005 3722 1141 3793 tuis
1190 3723 1544 3810 juvandus
1589 3724 1838 3806 oratiS,
1889 3724 2013 3813 qui
2061 3746 2309 3816 genere
2354 3724 2701 3806 sacerdos,
2758 3725 3022 3816 peritus
3080 3725 3165 3797 in

610 3809 781 3903 lege,
835 3820 1151 3883 maturus
1182 3812 1351 3894 aevi,
1395 3833 1553 3883 cum
1603 3812 1878 3884 oblatus
1924 3834 2111 3886 esses
2149 3815 2480 3886 Antiocho
2530 3813 2976 3906 persecutori,
3031 3835 3170 3886 nec

609 3901 1049 3985 tentamentis
1089 3900 1369 3992 potuisti
1415 3901 1595 3993 capi,
1633 3924 1758 3972 nec
1805 3902 2133 3992 praemiis
2164 3903 2446 3987 inflecti,
2487 3925 2613 3974 nec
2646 3902 3165 3994 suppliciorum

607 3989 1097 4061 acerbitatibus
1154 3989 1405 4082 frangi.
1458 3990 1765 4080 Denique
1801 3993 1856 4079 la
1901 3991 2398 4064 blandimentis
2441 3992 2707 4083 coepit,
2757 3991 2923 4082 quia
2964 3990 3173 4094 judi-

609 4079 811 4149 cabat
854 4089 1191 4150 tormenta
1236 4101 1366 4150 sua
1429 4101 1627 4171 posse
1673 4081 2014 4172 superari.
2078 4081 2459 4164 Erubesco,
2513 4081 2775 4170 inquit,
2827 4080 3172 4154 canitiem

663 4204 995 4265 &monnau
1020 4203 1248 4248 dicuutur
1283 4204 1590 4254 denominati.
1624 4209 1752 4257 quod
1791 4209 2016 4250 strenuus
2051 4209 2199 4251 suan
2226 4208 2518 4251 nath-uun
2545 4209 2680 4250 nllus
2712 4208 2764 4250 et
2800 4205 2968 4259 surpta
3007 4206 3179 4250 veluti

642 4257 1045 4320 nuceum-iuriam
1063 4257 1186 4311 legis
1211 4263 1548 4312 propugnator.
1579 4262 1801 4312 idemque
1829 4261 2062 4305 libert-tls
2097 4261 2272 4304 vindex
2305 4261 2577 4309 acerrimus.
2617 4260 2666 4304 lu
2703 4260 2894 4304 vexillis
2928 4266 2975 4303 et
3009 4264 3178 4303 scutis

672 4311 796 4373 uicis
809 4315 1041 4363 scriptum
1069 4311 1229 4365 gessit,
1245 4317 1302 4356 ut
1318 4319 1394 4355 est
1414 4312 1462 4355 in
1479 4313 1625 4356 Exodi
1642 4324 1720 4362 xv,
1740 4316 1790 4356 12
1805 4329 1815 4357 ι
1832 4318 1940 4366 Quia
1955 4317 2115 4356 simma
2126 4319 2198 4356 τκί
2212 4317 2469 4366 {usos-cibun
2488 4316 2704 4359 Domino?
2723 4315 2870 4367 omns
2892 4316 3178 4358 sententiae

610 4364 831 4406 hebraica
850 4365 1012 4416 ungu&
1027 4377 1278 4428 cupressus
1307 4365 1569 4410 initialibus
1586 4369 1925 4414 vocnbulorum
1963 4367 2120 4411 literis
2156 4368 2387 4418 collectis.
2405 4374 2460 4412 ut
2486 4372 2613 4421 apud
2643 4371 2885 4412 Hebraeo·
2915 4370 3186 4418 usitatum.

611 4419 902 4460 Mae-habacue
928 4421 1191 4469 conficitur,
1209 4420 1508 4464 Judselllius
1536 4426 1912 4475 cognomentum.
1945 4422 2040 4477 (Its
2068 4425 2361 4473 Du·Hamel.)
2392 4425 2630 4467 calmetus
2670 4424 2982 4465 Machaonem»
3018 4420 3180 4466 iuter-

613 4473 850 4521 pretatur:
876 4475 1203 4528 strenationem,
1220 4478 1480 4520 Vincentem.
