3308 5004
743 332 873 398 690
971 401 983 416 ,
1216 349 1296 396 nt
1342 349 1399 396 s.
1451 346 1811 396 auausrmo
1859 343 2059 396 nerse.
2110 347 2186 396 tr
2233 345 2406 396 nect..
2458 345 2640 395 noct.
2884 326 3100 394 AUG.
3143 328 3218 392 28

645 434 985 506 existeret.
1040 438 1204 504 Nam
1256 433 1424 504 dum
1473 445 1703 503 exorta
1758 431 2158 501 necessitate
2204 453 2335 502 suo
2369 452 2557 501 more
2596 428 2783 520 apud
2829 429 3211 517 quemdam

644 523 911 594 Africae
958 522 1319 602 vicarium,
1368 523 1648 592 nomine
1684 520 2188 602 Macedonium,
2231 542 2354 610 pro
2391 519 2709 611 supplice
2750 519 2986 590 literis
3027 521 3218 589 inter-

648 612 969 691 venisset,
1023 625 1228 698 atque
1278 610 1393 680 ille
1445 612 1813 702 paruisset,
1868 610 1996 680 hoc
2047 608 2252 679 modo
2301 610 2713 700 rescriptum
2774 609 3214 680 transmisit:

651 700 819 771 Miro
854 698 1055 770 modo
1088 699 1352 770 afficior
1381 701 1720 790 sapientia
1756 714 1891 781 tua,
1935 712 2002 769 et
2034 698 2103 768 in
2142 699 2282 768 illis
2313 720 2490 786 quae
2536 696 2842 774 edidisti.
2899 712 2981 766 et
3030 697 3107 768 in
3158 699 3223 766 iis

647 812 825 878 quae
874 789 1339 859 interveniens
1392 812 1514 881 pro
1551 789 1684 860 reis
1721 789 1986 858 mittere
2023 811 2156 858 non
2192 788 2526 890 gravaris.
2572 793 2738 857 Nam
2777 786 2898 856 illa
2956 799 3217 857 tantum

653 879 907 949 habent
954 878 1326 958 acuminis,
1383 878 1708 948 scientiae
1755 889 1821 948 et
1868 877 2275 958 sanctitatis,
2332 889 2406 946 ut
2454 876 2628 947 nihil
2687 897 2908 964 supra
2978 877 3118 946 sit:
3175 890 3223 944 et

652 969 816 1038 baec
862 976 1134 1038 ‘tantum
1188 967 1665 1047 verecundiae,
1722 980 1797 1037 ut
1847 967 1981 1048 nisi
2032 966 2308 1045 faciam,
2346 965 2528 1052 quod
2569 964 2889 1045 mandaS,
2937 965 3214 1055 culpam

647 1079 858 1147 penes
912 1079 1019 1126 me
1059 1071 1438 1136 remanere,
1490 1078 1621 1126 non
1660 1056 1727 1125 in
1765 1054 2038 1146 negotio
2077 1077 2250 1134 esse,
2298 1053 2707 1142 dijudicem,
2743 1052 3062 1124 domine
3095 1077 3213 1122 me-

648 1147 781 1216 rito
832 1144 1244 1216 venerabilis
1290 1156 1356 1214 et
1403 1166 1557 1214 vere
1606 1145 2049 1234 suscipiende
2091 1158 2305 1233 pater.
2341 1149 2483 1213 Non
2520 1144 2703 1212 enim
2743 1142 2989 1212 instas
3017 1141 3213 1233 (quod

651 1235 961 1327 plerique
994 1233 1312 1303 homines
1347 1234 1547 1303 istius
1581 1232 1711 1303 loci
1748 1233 2061 1323 faciunt),
2103 1246 2180 1302 ut
2218 1232 2710 1320 quodcumque
2744 1231 3094 1303 solicitus
3126 1254 3215 1322 pe

653 1324 811 1394 titor
858 1322 1171 1402 voluerit,
1225 1335 1671 1409 extorqueas:
1727 1323 1841 1393 sed
1885 1322 2067 1410 quod
2112 1322 2235 1391 tibi
2269 1344 2309 1390 a
2334 1321 2571 1409 judice
2608 1333 2701 1390 tot
2729 1321 2935 1391 curis
2983 1321 3214 1391 obstri-

650 1424 758 1483 cto
792 1410 1069 1504 petibile
1105 1412 1330 1481 visum
1367 1410 1592 1488 suerit,
1630 1411 1986 1492 admones,
2033 1426 2100 1481 et
2131 1432 2331 1501 rogas
2364 1409 2839 1480 subserviente
2882 1431 3208 1479 verecun-

652 1502 768 1571 dia
803 1556 818 1578 ,
872 1523 1048 1589 quae
1100 1501 1398 1570 maxima
1448 1498 1840 1569 difficilium
1896 1500 2072 1569 inter
2119 1499 2337 1570 bonos
2382 1498 2690 1568 efficacia
2736 1509 2867 1567 est.
2929 1499 3209 1568 Proinde

652 1590 883 1659 statim
934 1589 1439 1659 commendatis
1469 1590 1783 1658 effectum
1822 1588 2145 1659 desiderii
2181 1588 2418 1658 tribui.
2454 1593 2623 1658 Nam
2659 1588 3018 1677 sperandi
3055 1590 3204 1657 viam

651 1691 809 1748 ante
860 1678 1334 1768 patefeceram.

738 1770 775 1925 ξ
829 1773 985 1840 ⁸5.
1043 1773 1450 1837 Sanctorum
1489 1766 1783 1836 concilia
1817 1765 2278 1846 sacerdotum,
2317 1786 2438 1867 per
2476 1763 2783 1834 diversas
2822 1765 3205 1854 provincias

653 1879 731 1926 ce
762 1858 1024 1937 ebrata,
1080 1879 1239 1950 cum
1288 1855 1537 2013 fi⁰²⁰i²’
1593 1854 2068 1943 frequentavit,
2125 1877 2258 1924 non
2312 1877 2381 1924 ιη
2432 1855 2555 1934 eis,
2608 1876 2786 1940 quae
2837 1876 2983 1925 sua
3041 1869 3200 1932 sunt,

656 1945 772 2014 sed
827 1966 1003 2032 quae
1031 1950 1194 2014 Jesu
1237 1948 1281 2014 C
1341 1945 1509 2025 risti,
1555 1966 1920 2031 quaerenS,
1956 1958 2030 2013 ut
2060 1944 2158 2014 vel
2199 1943 2370 2014 fides
2403 1956 2679 2013 sanctae
2718 1943 3083 2014 Ecclesiae
3115 1965 3200 2012 ca-

653 2032 952 2103 tholicae
1002 2031 1323 2102 inviolata
1376 2050 1705 2113 maneret,
1762 2033 1860 2103 vel
1900 2032 2218 2104 nonnulli
2256 2031 2644 2104 sacerdotes
2674 2045 2740 2100 et
2771 2032 3055 2112 clerici,
3087 2032 3199 2102 sive

662 2144 787 2212 per
822 2121 944 2201 fas,
985 2123 1125 2191 sive
1158 2144 1277 2211 per
1310 2120 1500 2191 nefas
1530 2123 2133 2206 excommunicati,
2170 2121 2270 2190 vel
2310 2121 2860 2202 absolverentur,
2907 2122 3018 2191 vel
3058 2121 3193 2210 abji-

660 2224 1007 2282 cerentur.
1064 2215 1138 2280 In
1188 2211 1597 2282 ordinandis
1647 2233 1804 2281 vero
1853 2210 2324 2282 sacerdotibus
2355 2224 2418 2280 et
2448 2209 2742 2289 clericiS,
2779 2231 3190 2280 consensum

656 2300 997 2388 ‚majorem
1048 2300 1621 2382 Christianorum,
1673 2314 1739 2370 et
1785 2299 2359 2370 consuetudinem
2409 2298 2751 2370 Ecclesiae
2783 2299 3190 2387 sequendam

657 2410 832 2469 esse,
886 2388 1375 2459 arbitrabatur.
2487 2427 2494 2436 ·

748 2479 783 2566 ξ
836 2482 994 2550 ²0.
1055 2478 1269 2550 Vestis
1316 2478 1467 2570 ejus
1514 2490 1579 2548 et
1627 2477 2094 2549 calceamenta
2143 2491 2207 2549 et
2255 2476 2598 2553 lectualia,
2641 2498 2721 2547 ex
2760 2477 3122 2548 moderato
3142 2484 3186 2543 et

652 2568 1068 2657 competenti
1118 2568 1358 2638 habitu
1407 2583 1625 2647 erant,
1685 2590 1809 2638 nec
1862 2567 2078 2637 nitida
2128 2567 2449 2649 nimium,
2505 2589 2629 2636 nec
2677 2566 2956 2656 abjecta
3004 2566 3183 2657 pluri-

655 2678 893 2727 mum:
945 2657 1109 2744 quia
1160 2657 1270 2728 his
1322 2657 1729 2747 plerumque
1780 2657 1878 2725 vel
1924 2657 2186 2744 jactare
2229 2679 2301 2726 se
2335 2656 2707 2726 insolenter
2742 2656 3177 2727 hominesso·

654 2744 817 2825 lent,
872 2744 971 2813 vel
1025 2746 1345 2836 abjicere,
1384 2767 1461 2815 ex
1491 2759 1784 2834 utroque
1818 2767 1953 2815 non
1989 2768 2167 2833 quae
2202 2751 2365 2815 Jesu
2400 2745 2672 2823 Christi,
2708 2743 2828 2813 sed
2869 2768 3054 2832 quae
3081 2761 3170 2813 sua

650 2849 835 2915 sunt,
891 2833 1098 2904 iidem
1150 2848 1579 2923 quaerentes.
1634 2838 1711 2904 At
1760 2834 1885 2904 iste
1920 2836 2183 2909 beatus,
2221 2848 2299 2904 ut
2337 2832 2504 2914 dixi,
2551 2833 2863 2903 medium
2910 2834 3163 2907 tenebat,

651 2945 874 3011 neque
921 2924 992 2992 in
1042 2923 1376 3004 dextram,
1434 2946 1653 3011 neque
1703 2924 1771 2993 in
1809 2924 2158 2994 sinistram
2205 2922 2588 2993 declinanS.
2635 2926 2874 2991 Mensa
2910 2927 3166 2994 ususest
3259 2946 3260 2949 ¹

649 3010 903 3103 frugali
951 3024 1017 3081 et
1066 3035 1295 3102 parca,
1343 3035 1519 3100 quae
1548 3012 1829 3101 quidem
1866 3014 2042 3082 inter
2074 3013 2258 3083 olera
2294 3025 2359 3083 et
2393 3011 2772 3115 legumina,
2807 3011 3010 3082 etiam
3033 3025 3157 3103 cat·-

650 3121 775 3169 nes
822 3101 1221 3187 aliquand0‚
1280 3117 1554 3192 propter
1602 3102 1908 3190 hospites
1957 3102 2057 3172 vel
2109 3122 2419 3189 quosque
2478 3101 2928 3181 infirmiores,
2969 3106 3146 3167 mnu·

655 3188 879 3258 nebat.
938 3195 1219 3280 Semper
1265 3204 1492 3260 autem
1547 3190 1781 3259 vinum
1835 3190 2152 3271 habebat,
2190 3189 2510 3277 quamvis
2545 3189 2822 3260 modice
2852 3200 3160 3273 ettempe-

655 3290 907 3358 ranter,
960 3279 1123 3365 quia
1173 3293 1451 3349 noverat
1496 3291 1562 3349 et
1608 3278 1918 3360 docebat,
1972 3293 2047 3348 ut
2094 3278 2457 3370 Apostolus
2504 3278 2673 3348 dicit
2714 3279 2820 3367 (4.
2880 3277 3027 3349 rim.
3057 3270 3167 3358 rr).

651 3365 835 3453 quod
887 3367 1112 3436 omnis
1160 3381 1475 3439 creatura
1528 3368 1639 3437 Dei
1689 3368 1868 3438 bona
1918 3368 2028 3450 sit,
2081 3381 2146 3438 et
2202 3367 2372 3437 nibil
2430 3366 2957 3454 abjiciendum,
3011 3358 3173 3452 quod
3257 3428 3258 3449 ¹

648 3476 810 3525 cum
846 3455 1223 3545 gratiarum
1252 3458 1521 3527 actione
1559 3457 1739 3547 perci
1798 3457 1977 3526 itur:
2014 3456 2488 3527 sanctificatur
2517 3456 2704 3525 enim
2741 3478 2870 3546 per
2913 3456 3171 3525 verbum

654 3541 771 3613 Dei
819 3558 884 3612 et
929 3545 1306 3614 orationem
1355 3545 1412 3615 ⁴.
1468 3551 1544 3616 Et
1590 3560 1665 3615 ut
1704 3547 1724 3615 i
1777 3567 1885 3616 em
1920 3547 2347 3637 Augustinus
2382 3545 2450 3614 in
2487 3544 2636 3616 suis
2669 3544 3178 3616 Confessionum

653 3631 851 3702 libris
902 3634 1153 3722 posuit,
1204 3633 1485 3725 dicens:
1540 3658 1578 3702 «
1615 3640 1756 3705 Non
1788 3657 1915 3725 ego
1950 3634 2464 3704 immunditiam
2500 3632 2770 3705 obsonii
2811 3634 3050 3714 timeo,
3081 3626 3179 3701 scd

651 3721 1170 3792 immunditiam
1222 3723 1649 3814 cupiditatis.
1690 3723 1843 3794 Scio
1873 3724 2058 3794 enim
2092 3726 2239 3810 Noc,
2262 3744 2466 3794 omne
2497 3745 2720 3815 genus
2746 3725 2994 3794 carnis
3022 3714 3182 3809 quod

651 3810 807 3882 cibo
852 3823 1029 3883 esset
1078 3813 1262 3895 usui,
1319 3813 1742 3883 manducare
1794 3812 2237 3902 permissum,
2291 3812 2506 3883 Eliam
2556 3812 2714 3882 cibo
2760 3813 3006 3882 carnis
3038 3807 3186 3881 rese-

652 3912 867 3980 ctum,
920 3900 1251 3971 Joannem
1308 3901 1609 3972 mirabili
1659 3901 2074 3973 abstinentia
2124 3901 2538 3994 praeditum,
2581 3899 3045 3982 animalibus,
3083 3898 3190 3969 hoc

650 4001 776 4071 est,
831 3988 1114 4060 locustis
1165 3989 1230 4059 in
1282 4011 1510 4062 escam
1560 3991 1988 4071 cedentibuS,
2044 4013 2177 4061 non
2230 3990 2443 4062 fuisse
2493 3989 2861 4081 pollutum.
2927 3988 3098 4059 Scio
3141 3994 3192 4056 et

653 4082 834 4148 Esau
882 4077 1249 4149 lenticulae
1295 4079 1858 4170 concupiscentia
1905 4079 2297 4170 deceptum,
2330 4094 2397 4151 et
2431 4079 2636 4150 David
2675 4089 2956 4169 propter
2985 4094 3193 4165 aquae

652 4165 1073 4238 desiderium
1124 4191 1165 4237 a
1214 4169 1443 4262 seipso
1491 4170 2029 4260 reprehensum,
2080 4184 2145 4239 et
2194 4175 2442 4259 Regem
2501 4182 2854 4248 nostrum,
2915 4187 3066 4236 non
3121 4163 3194 4233 de

653 4276 884 4338 carne,
937 4256 1054 4326 sed
1104 4257 1191 4328 de
1223 4281 1414 4347 -pane
1460 4280 1608 4330 esse
1660 4270 2017 4328 tentatum.
2073 4258 2470 4346 ideoquzet
2549 4256 2806 4347 opulus
2838 4256 2904 4325 in
2938 4257 3190 4331 civemn,
3249 4308 3250 4313 ,

653 4365 792 4414 non
817 4345 979 4431 quia
1012 4367 1258 4417 carnes
1290 4347 1726 4430 desideravit,
1764 4346 1880 4416 sed
1914 4347 2079 4435 quia
2111 4368 2308 4418 escae
2337 4346 2483 4419 desi
2536 4347 2682 4418 erio
2713 4356 2950 4417 contra
2987 4349 3190 4417 Deum

704 4470 732 4498 ⁸
761 4469 1271 4533 Noto-moderationem
1288 4470 1415 4514 circa
1431 4471 1708 4515 nobriatatis
1727 4475 1870 4525 legen.
