3308 5004
173 361 361 428 AUG.
415 361 504 426 25
968 376 1046 425 nn
1093 373 1149 423 s.
1203 373 1472 426 amasio
1517 375 1782 424 mur.
1837 375 2028 425 naar.
2512 361 2640 426 607

169 462 490 536 Rhodani
530 474 720 553 terga
767 461 1150 543 calcantur,
1205 461 1434 532 subito
1464 473 1584 531 aut
1632 461 1763 531 sub
1813 460 2070 551 injusto
2103 460 2311 544 fasce,
2354 476 2474 534 aut
2511 462 2729 533 nimio

169 552 619 623 materiarum
655 550 997 641 pondere,
1066 563 1189 621 aut
1238 572 1359 640 per
1398 549 1769 638 obliquum
1818 551 2051 622 amnis
2098 549 2453 641 illapsum,
2508 573 2731 642 prona

168 641 425 712 diffusa
452 653 578 711 est.
633 645 979 711 Incertum
1013 652 1138 720 est,
1192 660 1329 726 quo
1363 661 1570 710 casu:
1607 650 1868 708 certum
1912 651 2168 721 tamen,
2202 640 2407 730 cujus
2453 640 2730 712 insidiis

171 730 565 822 pretiosum·
599 750 803 810 onuS,
857 729 985 800 hoc
1032 742 1175 806 est,
1230 727 1542 799 fidelium
1601 741 1904 798 turmam
1962 728 2035 797 in
2086 728 2336 798 mediis
2395 728 2730 801 fluctibus

141 818 352 890 .male
404 817 705 910 pendula
763 829 976 889 strata
1044 816 1391 909 deposuit,
1462 815 1779 888 adstante
1827 839 1959 899 me,
2013 817 2197 905 quod
2250 819 2579 889 veraciter
2627 819 2730 890 lo-

173 929 372 995 quor,
421 918 490 977 et
537 906 780 997 pedem
829 907 916 976 ab
959 906 1131 996 ipso,
1184 917 1260 975 ut
1293 906 1386 977 ita
1433 904 1751 986 dixerim,
1809 918 2012 995 ponte
2061 906 2415 977 referente.
2470 912 2728 998 Ingens

172 996 332 1067 ilico
378 996 609 1086 fragor
655 994 898 1086 populi
957 1007 1094 1065 tam
1158 995 1447 1075 ruentis,
1498 1016 1711 1081 quam
1779 995 2320 1078 circumstantis,
2372 998 2722 1067 exoritur:

173 1107 384 1176 pavor
430 1097 569 1155 tota
603 1084 779 1155 urbe
827 1082 1186 1174 percurrit:
1226 1083 1339 1153 hic
1386 1083 1694 1173 conjugi,
1729 1082 2077 1172 illexflliis,
2121 1082 2237 1154 alii
2288 1085 2721 1176 propinquis,

172 1174 292 1245 alii
338 1173 623 1245 amicis:
684 1194 926 1243 omnes
973 1172 1184 1244 simul
1242 1171 1534 1243 diversis
1603 1172 1965 1243 affectibus
2024 1186 2388 1244 metuunt:
2440 1174 2560 1262 qui
2613 1195 2729 1264 pa-

174 1285 355 1344 rum,
410 1262 705 1332 civibus.
982 1335 985 1340 ,

259 1354 296 1440 ξ
346 1357 436 1424 8.
490 1355 679 1422 Inter
722 1350 891 1420 haec
921 1362 1198 1420 sanctae
1247 1348 1744 1420 recordationis
1781 1349 2071 1421 antistiti
2103 1355 2450 1422 Honorato
2485 1353 2544 1432 *‚
2590 1372 2726 1439 quo
2763 1429 2766 1432 ‚

177 1451 340 1512 tunc
389 1440 505 1510 ille
553 1440 855 1531 populus
904 1451 1176 1529 pastore
1226 1439 1610 1529 gaudebat,
1668 1439 1792 1508 uni
1866 1439 2147 1526 quidem
2209 1461 2335 1530 pro
2398 1441 2727 1511 omnibus

173 1529 529 1610 metuenti,
582 1550 789 1599 omne
846 1527 1066 1600 cladis
1116 1526 1390 1619 pondus
1466 1528 1833 1598 incumbit.
1887 1533 2070 1611 Quos
2123 1541 2284 1598 tunc
2334 1529 2468 1599 illa-
2512 1529 2729 1620 pietas

172 1617 491 1689 stimulos
537 1618 847 1708 accepit?
891 1637 1101 1705 quam
1152 1616 1382 1687 subita
1430 1616 1647 1685 animi
1696 1616 2131 1706 aegritudine
2182 1618 2410 1708 aegris
2458 1631 2728 1709 praesto

171 1705 351 1778 fuit?
397 1707 654 1778 Erectis
682 1705 1041 1777 confestim
1078 1704 1166 1774 ad
1213 1704 1483 1776 coelum
1533 1704 1782 1786 oculis,
1816 1705 2195 1776 intentione
2242 1706 2472 1776 cordis
2520 1706 2726 1776 lumi-

174 1795 385 1867 nibus
423 1807 818 1883 exaequata,
856 1795 946 1864 ita
996 1816 1035 1862 a
1067 1794 1267 1864 nobis
1295 1794 1914 1865 circumstantibus
1949 1795 2200 1864 mentis
2227 1817 2512 1866 excessu
2545 1808 2726 1866 totus

171 1884 527 1965 abscessit,
572 1896 648 1953 ut
707 1905 910 1953 nemo
956 1882 1325 1963 dubitaret,
1378 1883 1548 1984 quin
1607 1883 2078 1954 tribunalibus
2127 1883 2375 1954 Christi
2423 1906 2584 1955 cum
2652 1888 2717 1954 S.

173 1973 488 2054 Genesin,
522 1993 719 2062 opem
775 1972 1152 2063 praesentis
1188 1970 1352 2042 mali
1393 1993 1485 2040 im
1542 1984 1915 2055 etraturuS,
1968 1971 2291 2044 adstaret.
2335 1973 2726 2062 Agebantur

174 2061 452 2132 interim
516 2061 765 2152 grandi
804 2060 1111 2132 tumultu
1161 2061 1459 2131 miseran
1516 2083 1555 2130 a
1627 2061 2023 2152 naufragia:
2077 2061 2269 2132 mixti
2320 2061 2726 2132 hominibus

176 2148 513 2252 phalerati
533 2150 718 2239 equi,
766 2149 1096 2241 impedito
1123 2149 1565 2241 indignantes
1603 2163 1863 2231 natatu,
1902 2149 2061 2220 altis
2090 2151 2480 2238 pectoribus
2521 2171 2726 2220 crura

163 2240 559 2330 jactabant:
613 2239 945 2327 quicquid
993 2239 1271 2308 obvium
1325 2237 1566 2319 suerat,
1636 2261 1759 2309 seu
1815 2238 2148 2308 admoniti
2199 2239 2547 2329 periculo,
2602 2261 2727 2309 seu

178 2328 404 2418 pavidi
484 2328 860 2408 instinctu,
914 2328 1394 2418 proculcantes
1457 2327 1705 2417 pavida
1768 2328 2053 2396 virtute:
2108 2327 2427 2417 impliciti
2492 2327 2723 2397 charis

172 2418 522 2498 oneribus,
561 2431 862 2487 matrum
914 2416 1179 2498 ulnam,
1218 2430 1285 2486 et
1330 2415 1549 2508 pressi
1598 2415 1894 2485 sarcinis
1941 2414 2381 2485 dominarum
2446 2414 2718 2494 famuli,

171 2519 235 2576 et
284 2518 417 2578 tota
467 2507 736 2577 itineris
768 2505 878 2575 sui
929 2506 1238 2576 immixta
1285 2505 1752 2595 fragminibus
1802 2527 2057 2595 pompa
2105 2505 2460 2575 solemniS.
2513 2510 2721 2575 Nemo

170 2594 299 2666 hoc
349 2596 498 2667 loco
548 2594 776 2666 malus
850 2595 1189 2684 interpres
1243 2606 1587 2675 occurrat,
1640 2615 1846 2663 nemo
1894 2605 2154 2664 tantam
2207 2594 2526 2684 Martyris
2576 2594 2723 2683 glo-

171 2683 343 2753 riam
408 2683 714 2775 maligna
760 2682 1251 2754 obtrectatione
1304 2684 1671 2762 obscuret,
1727 2695 1793 2752 et
1841 2682 2031 2772 ripae
2098 2682 2393 2752 vicinam
2447 2681 2721 2752 turbam

168 2771 408 2843 nullus
440 2772 710 2863 alleget,
752 2794 953 2843 nemo
984 2772 1177 2842 vadis
1224 2785 1538 2861 exceptos
1586 2784 1888 2853 asserat,
1940 2793 2115 2858 quos
2165 2770 2397 2861 palam
2446 2770 2722 2842 dextera

169 2860 406 2930 divina
439 2861 748 2931 salvavit.
805 2865 1133 2952 Depressa
1163 2860 1685 2951 peregrinorum
1735 2860 2083 2931 mercibus
2128 2858 2438 2947 quotidie
2473 2860 2721 2933 iisdem

167 2949 342 3040 ripis
398 2949 1009 3042 inaestimabilium
1080 2971 1369 3020 onerum
1441 2948 1716 3037 navigia
1789 2949 2232 3040 junguntur:
2286 2970 2525 3019 navem
2577 2947 2721 3018 illic

166 3037 472 3110 serendis
520 3039 845 3130 pontibus
896 3050 1247 3125 tamquam
1271 3037 1499 3125 jacere
1548 3036 1845 3107 fundum
1874 3036 2268 3129 desperaret
2315 3038 2712 3128 aggeribuS,

165 3126 512 3198 ordinatio
558 3129 842 3216 antiqua
889 3127 1267 3198 constituit.
1321 3131 1615 3196 Tantum
1647 3126 1717 3194 in
1770 3126 1898 3197 hoc
1935 3139 2124 3197 vasto
2211 3126 2436 3218 urgite
2483 3127 2716 3217 stipati

169 3216 411 3307 populi
463 3216 735 3307 pondus
786 3217 1125 3307 exposuit,
1178 3227 1516 3303 quantum
1577 3214 2031 3306 longissimis,
2079 3238 2160 3285 va
2193 3215 2550 3296 idissimis‚
2603 3237 2722 3285 eo-

77 3326 85 3335 ·
166 3304 465 3392 demque
499 3305 867 3375 confractis
903 3305 1204 3395 pondere
1250 3304 1587 3385 trabibus,
1642 3317 2020 3394 acceperat.

254 3396 292 3482 §
337 3400 431 3466 8.
485 3398 812 3465 Occurrat
862 3414 1048 3463 nunc
1125 3393 1379 3463 animis
1439 3404 1645 3479 atque
1705 3393 1925 3464 oculis
1974 3394 2106 3464 ista
2180 3392 2664 3484 replicantium
2699 3447 2714 3474 ,

165 3482 377 3553 simul
430 3495 671 3565 totum,
724 3481 1145 3564 Rhodanus,
1200 3483 1427 3562 ruina,
1494 3481 1935 3572 naufragium
1970 3536 1986 3564 ,
2040 3481 2468 3572 implicanda
2515 3481 2722 3552 turba

165 3573 582 3644 miserorum
632 3572 927 3654 diversa,
980 3570 1053 3640 in
1086 3593 1304 3642 unum
1354 3570 1615 3641 diaboli
1656 3569 1933 3640 insidiis
1978 3571 2494 3661 conglomerata
2562 3592 2720 3661 per-

163 3661 408 3731 nicies.
447 3661 628 3732 Nihil
670 3660 980 3753 periculo
1011 3660 1252 3740 defuit,
1307 3672 1383 3730 ut
1416 3659 1498 3729 ad
1551 3659 1844 3750 gloriam
1909 3660 2225 3749 Martyris
2277 3659 2376 3729 nil
2425 3659 2713 3729 deesset.

164 3749 455 3832 Quando
491 3750 679 3821 enim
712 3748 1035 3820 alumnos
1080 3749 1306 3840 ipsius
1355 3761 1692 3839 mergeret
1739 3749 2018 3830 fluviuS,
2060 3770 2264 3835 quem
2316 3747 2554 3819 eodem
2607 3747 2719 3817 die

166 3838 303 3928 piis
337 3839 685 3910 natalibus
732 3842 1252 3909 consecrasset?
1299 3841 1350 3908 Ο
1400 3860 1653 3928 magna
1701 3838 1819 3907 Dei
1867 3837 2109 3929 gloria.
2163 3838 2407 3928 Erupit
2452 3858 2490 3905 e
2531 3848 2719 3906 vasto

165 3930 441 4019 gurgite
472 3927 818 4020 gloriosus
856 3928 1217 3998 exercitus.
1269 3926 1636 3996 Jordanem
1681 3926 1928 3996 iterum
1978 3925 2317 4011 crederes,
2371 3937 2573 4016 rupto
2606 3924 2716 3993 di-

164 4017 428 4090 vinitus
472 4038 699 4099 amne,
754 4016 1104 4108 patuisse:
1158 4028 1279 4086 aut
1310 4016 1559 4086 iterum
1595 4016 1815 4085 maria
1868 4015 2122 4106 populo
2161 4016 2303 4096 Dei,
2358 4015 2539 4085 sicut
2584 4014 2716 4084 sub

165 4110 390 4194 Moyse
426 4105 776 4194 quondam
828 4110 1034 4186 Duce,
1086 4104 1157 4173 in
1208 4105 1441 4195 virgae
1494 4105 1786 4194 imperio
1836 4104 1962 4174 iter
2017 4105 2195 4174 inter
2241 4105 2501 4173 fluenta
2549 4102 2719 4172 soli-

164 4192 335 4264 dum
375 4196 798 4287 praebuisse.
852 4193 1207 4265 Neminem
1257 4195 1461 4264 ruina
1508 4193 1886 4281 quassavit,
1949 4195 2297 4263 neminem
2350 4204 2714 4283 gravatum

166 4284 472 4355 vestibus
520 4284 775 4355 fluvius
821 4282 1126 4364 involvit,
1165 4284 1426 4353 nemini
1478 4282 1807 4352 haustum
1858 4304 2063 4353 suum
2104 4282 2354 4352 fluvius
2403 4280 2712 4371 ingessit.

167 4370 452 4444 Illaesos
521 4395 764 4443 omnes
829 4385 1034 4461 atque
1104 4371 1492 4443 incolumes
1563 4370 1931 4441 vernacula
1993 4393 2073 4441 ac
2135 4370 2497 4441 familiaris
2566 4369 2717 4459 ripa

222 4498 248 4524 ⁸
278 4498 335 4539 In
353 4498 505 4547 Surio.
519 4500 619 4542 Vol.
639 4509 669 4547 ι.
687 4511 731 4552 p.
749 4500 840 4541 ³88.
