3308 5004
187 324 367 392 AUG.
422 325 503 391 49
761 342 841 397 ns
888 342 1005 395 ss..
1032 343 1286 398 mnmu
1332 342 1605 392 nummo
1651 341 1732 392 m·
1779 343 1980 396 socns
2028 347 2143 396 nir.
2505 332 2639 400 409

185 425 459 502 ordines
485 426 809 499 accersiri
848 427 1082 516 jussit,
1140 428 1422 506 hortans
1452 449 1639 510 eum,
1679 440 1757 499 ut
1787 428 1945 501 forti
1987 432 2227 506 animo
2271 445 2475 506 esset.
2523 439 2731 506 Utens

182 526 407 590 autem
456 515 566 588 his
613 516 1095 588 sermonibus:
1149 522 1353 599 Tuae,
1398 517 1647 605 inquit,
1700 517 2130 594 fortitudinis
2169 520 2474 595 facinora
2508 545 2724 612 quee-

180 626 310 693 que
342 603 673 680 adversus
708 606 957 684 hostes,
994 617 1059 675 et
1092 605 1290 688 mihi,
1328 616 1394 677 et
1419 605 1518 706 ei·
1563 605 1637 678 ui
1676 619 1948 698 sceptra
1981 610 2267 700 Imperii
2315 622 2519 695 tenet,
2576 635 2725 686 ma·-

178 693 357 765 xime
396 707 558 765 nota
606 708 790 777 sunt,
825 706 890 767 et
921 693 1294 766 admodum
1334 716 1523 766 mant
1552 706 1743 766 esta:
1796 710 2218 789 quapropter
2265 712 2331 769 et
2361 699 2724 792 dignitatis

181 781 377 854 istius
433 782 730 874 gradum
789 784 1070 856 sortitus
1129 805 1227 854 es.
1300 788 1537 871 Itaque
1590 806 1924 875 maguum
1990 786 2120 862 hoc
2166 800 2234 858 et
2279 790 2720 878 repentinum

181 869 437 942 bellum
488 870 874 944 fortitudini
924 883 1081 944 tuae
1136 873 1537 954 committo,
1596 884 1674 944 ut
1721 895 1843 964 per
1889 875 2273 965 praesentis
2328 878 2728 951 certaminis

183 959 636 1043 occasionem,
677 960 762 1033 ad
798 960 1088 1052 gloriam
1126 973 1313 1034 tuam
1348 960 1773 1053 superiorem
1805 963 2026 1054 major
2047 965 2380 1039 cumulus
2411 967 2717 1040 accedat.

185 1053 313 1118 Hos
344 1071 506 1120 cum
541 1049 848 1121 audisset
895 1070 1246 1120 sermones
1278 1051 1585 1141 optimus
1616 1050 1869 1124 Christi
1919 1050 2115 1126 miles
2162 1054 2465 1126 Andreas
2487 1055 2549 1138 ⁴²,
2587 1078 2725 1128 non

182 1136 421 1228 copiis,
466 1160 602 1209 non
643 1139 858 1210 armis
896 1149 1016 1210 aut
1044 1138 1395 1220 curribus,
1452 1138 1569 1209 sed
1616 1140 1761 1214 solo
1811 1154 2248 1232 praepotente
2298 1147 2432 1215 Deo
2477 1144 2717 1228 fretuS,
2815 1160 2822 1166 ·

186 1248 514 1327 magnum
584 1227 785 1300 illum
848 1227 1232 1300 Gedeonem
1299 1227 1690 1299 aemulatus
1733 1242 1884 1314 est,
1936 1243 2003 1304 et
2063 1253 2323 1322 paucos
2381 1232 2722 1321 quosdam

184 1314 430 1389 milites
466 1315 552 1385 ad
590 1316 934 1408 ejusmodi
981 1317 1198 1390 aciem
1248 1317 1654 1418 assumpsit.
1695 1315 1824 1391 Eo's
1870 1319 2056 1390 enim
2098 1319 2302 1402 solos,
2346 1343 2521 1409 quos
2571 1344 2721 1393 ma-

184 1401 417 1476 nifeste
455 1405 771 1478 coelestis
802 1406 1023 1507 gratia
1060 1406 1124 1478 ei
1163 1406 1571 1496 designavit,
1620 1428 1856 1480 secum
1895 1408 2184 1492 habenS,
2228 1411 2564 1501 oppositis
2604 1411 2725 1483 ho-

181 1492 400 1565 stibus
440 1494 779 1585 praetium
820 1494 1079 1567 intulit.

263 1589 301 1664 ἓ
349 1586 444 1657 8.
497 1589 651 1654 Jam
703 1605 859 1654 vero
908 1605 1070 1655 cum
1116 1594 1296 1654 esset
1329 1605 1834 1675 congressurus
1875 1605 2042 1662 cum
2093 1586 2432 1670 hostibus,
2474 1609 2720 1660 eorum

181 1670 526 1771 ingentem
565 1671 1077 1744 multitudinem
1115 1672 1390 1742 divinae
1420 1673 1838 1764 cognitionis
1874 1688 2364 1765 argumentum
2408 1677 2554 1750 suis
2592 1678 2725 1750 mi-

182 1758 414 1834 litibus
464 1761 862 1853 proposuit:
918 1760 1226 1832 nondum
1277 1760 1460 1834 enim
1530 1762 1777 1834 Christi
1827 1763 1942 1834 Dei
2007 1766 2224 1836 nostri
2289 1765 2426 1835 fide
2484 1765 2724 1837 donati

180 1846 467 1921 fuerant.
522 1855 703 1922 Haec
750 1850 964 1953 igitur
1027 1849 1165 1920 illis
1202 1850 1635 1950 enarrabat:
1702 1873 1740 1919 «
1793 1856 2122 1924 Praesens
2185 1855 2716 1945 opportunitas,

178 1937 487 2010 coelestis
549 1951 614 2009 et
676 1938 951 2011 divinae
1014 1960 1096 2010 co
1150 1939 1431 2009 ultionis
1490 1938 1922 2012 conciliatrix
1983 1941 2182 2014 nobis
2243 1942 2417 2014 erit:
2483 1945 2717 2016 statim

178 2026 356 2098 enim
386 2028 841 2119 cognoscetis,
875 2028 1059 2117 quod
1146 2028 1193 2098 ii
1233 2028 1543 2118 gentium
1575 2050 1728 2099 vere
1759 2027 2125 2102 daemonia
2164 2043 2349 2113 sunt,
2395 2032 2722 2121 quodque

182 2136 373 2186 verus
403 2121 584 2187 Deus
619 2116 734 2187 ille
778 2130 903 2199 est,
943 2139 1150 2205 quem
1201 2138 1329 2218 ego
1375 2116 1548 2202 colo,
1601 2118 1722 2206 qui
1764 2117 2035 2191 coelum
2082 2131 2148 2191 et
2181 2132 2433 2192 terram
2468 2121 2717 2194 effecit.

179 2205 326 2292 Ipse
356 2204 596 2297 igitur,
633 2228 790 2276 cum
827 2205 1061 2278 omnia
1142 2216 1333 2288 osstt,
1383 2226 1582 2296 opem
1619 2207 1814 2277 affert
1861 2207 1947 2276 iis
1993 2208 2118 2295 qui
2161 2230 2319 2280 eum
2356 2209 2719 2294 invocant,

179 2312 423 2380 eosque
457 2292 667 2364 fortes
705 2294 772 2364 in
818 2294 996 2366 bello
1027 2317 1063 2363 e
1141 2294 1255 2376 cit,
1294 2307 1362 2364 et
1401 2294 1703 2368 hostium
1735 2294 2053 2368 cohortes
2111 2296 2274 2368 facit
2332 2309 2520 2388 terga
2569 2321 2718 2370 ver-

182 2395 333 2472 tere.
363 2388 459 2454 En
501 2382 734 2474 igitur,
764 2395 842 2454 ut
867 2383 1133 2464 videtis,
1174 2383 1402 2454 hostes
1440 2384 1462 2453 i
1520 2384 1579 2453 si
1604 2405 1641 2453 e
1675 2383 1952 2474 regione
1975 2386 2173 2458 nobis
2204 2397 2368 2457 sunt
2393 2387 2717 2478 oppositi,

179 2469 387 2561 copiis
433 2472 1003 2553 innumerabiles,
1049 2484 1114 2543 et
1146 2471 1344 2543 nobis
1393 2406 1781 2544 validiores.
1836 2472 1961 2547 Sed
2013 2474 2195 2565 agite
2225 2496 2528 2547 errorem
2574 2476 2724 2548 ido-

179 2556 389 2632 lorum
415 2561 830 2645 omittenteS,
864 2583 1133 2633 mecum
1165 2564 1303 2633 una
1331 2564 1570 2645 Deum,
1602 2563 1723 2650 qui
1751 2583 1900 2632 vere
1930 2567 2105 2635 Deus
2126 2576 2250 2645 est,
2286 2565 2618 2647 invocate,
2640 2588 2722 2637 ac

180 2649 398 2721 statim
437 2649 755 2722 videbitis
779 2650 1006 2723 hostes
1037 2650 1248 2741 ipsOS,
1282 2650 1463 2722 velut
1491 2650 1762 2722 fumum
1792 2651 2164 2738 quemdam
2193 2664 2313 2723 aut
2336 2652 2711 2744 pulverem,

184 2757 398 2811 coram
438 2738 631 2813 vobis
664 2739 1140 2810 deficientes.»
1175 2745 1356 2810 Haec
1388 2738 1504 2810 ille
1551 2739 1846 2810 dicebat.
1885 2740 2006 2812 Cui
2038 2741 2291 2813 milites
2329 2741 2711 2827 credenteS,

181 2837 240 2895 et
294 2848 453 2897 cum
516 2827 731 2901 multa
781 2828 1039 2899 fiducia
1093 2828 1459 2910 irruentes,
1510 2829 1866 2920 oppositas
1921 2828 2304 2921 phalanges
2352 2831 2420 2902 in
2481 2831 2717 2923 sugam

182 2928 678 3000 converterunt,
716 2928 780 2986 et
815 2916 1154 2989 illustrem
1192 2917 1279 2988 de
1310 2917 1625 2989 hostibus
1651 2917 1824 3008 ipsis
1852 2918 2204 2989 victoriam
2241 2918 2716 3009 deportarunt.

185 3002 414 3074 Milites
462 3015 692 3077 autem
744 3005 899 3076 illos
927 3007 1079 3098 ejus
1113 3005 1353 3098 praelii
1405 3006 1715 3089 victores,
1773 3007 2005 3097 reique
2038 3006 2476 3079 admirabilis
2507 3031 2721 3100 supra

187 3092 488 3163 omnium
534 3094 931 3185 opinionem
982 3108 1227 3179 testes,
1284 3109 1569 3166 sanctus
1623 3095 1728 3168 vir
1776 3097 1889 3166 Dei
1943 3096 2247 3169 Andreas
2278 3152 2294 3179 ‚
2346 3110 2423 3169 ut
2470 3097 2721 3170 electos

186 3177 418 3251 Christi
450 3182 658 3265 vir05,
700 3183 1014 3274 perfecte,
1058 3194 1397 3272 quantum
1432 3185 1501 3255 in
1537 3185 1658 3257 illo
1688 3199 1856 3267 erat,
1897 3185 2357 3265 confirmavit,
2391 3199 2458 3257 et
2487 3186 2572 3257 ad
2605 3187 2721 3258 Dei

184 3284 255 3334 co
300 3271 630 3342 uitionem
679 3272 989 3343 adduxit.

257 3289 299 3442 ξ
344 3364 430 3437 4.
487 3365 653 3432 Cum
706 3383 861 3432 vero
908 3382 1085 3449 quae
1144 3361 1229 3432 ad
1288 3362 1549 3434 bellum
1601 3362 2085 3453 pertinebant,
2147 3363 2294 3434 viro
2357 3377 2594 3435 sancto
2640 3386 2722 3434 ex

186 3449 507 3546 sententia
541 3450 1053 3541 processissent,
1106 3463 1172 3521 et
1218 3451 1547 3523 adversus
1595 3457 1835 3522 Persas
1887 3453 2286 3543 trophaeum
2331 3453 2707 3535 statuisset,

189 3546 357 3625 vemt
403 3560 566 3609 cum
632 3538 780 3613 suis
846 3537 1186 3611 militibus
1240 3540 1312 3610 in
1365 3540 1607 3611 urbem
1676 3540 2132 3613 Antiochiam.
2200 3542 2436 3612 Statim
2489 3553 2718 3612 autem

187 3615 369 3716 illum
418 3626 674 3701 milites
734 3626 1017 3715 quidam
1050 3682 1066 3709 ,
1117 3649 1197 3698 ex
1245 3628 1333 3698 iis
1429 3628 1500 3701 ui
1550 3651 1709 3699 cum
1775 3629 1928 3719 ipso
1974 3629 2294 3712 fuerant,
2349 3630 2608 3701 invidia
2655 3641 2722 3700 et

186 3702 384 3811 livore
425 3715 712 3813 incitati,
743 3736 900 3786 cum
938 3716 1197 3788 bonum
1240 3650 1421 3787 illud
1452 3738 1583 3789 non
1616 3717 2000 3790 voluntarie
2047 3719 2489 3810 delegissent,
2525 3718 2715 3809 apud

186 3796 575 3898 Antiochum
613 3803 1030 3887 detulerunt,
1068 3805 1253 3894 quod
1290 3810 1503 3877 Deum
1537 3811 1683 3878 Dux
1721 3807 2167 3879 confiteretur
2195 3820 2262 3879 et
2306 3805 2708 3890 celebraret,

185 3902 292 3966 (lut
324 3888 391 3961 in
443 3898 655 3964 Cruce
688 3891 974 3965 suffixus
1021 3893 1264 3964 fuerat.
1315 3899 1406 3965 Ea
1441 3916 1547 3965 res
1597 3895 1967 3965 maximam
2027 3897 2202 3966 iram
2244 3895 2572 3966 Antiocho
2618 3907 2721 3966 at-

189 3971 351 4059 tulit,
382 3992 449 4051 et
479 3982 666 4053 misit
694 3982 1032 4071 quosdam
1063 4004 1146 4053 ex
1174 3983 1418 4053 ordine
1444 3983 1754 4065 militari,
1793 3984 1914 4071 qui
1943 3984 2030 4054 ab
2053 4005 2134 4075 eo
2167 3983 2509 4054 discerent
2532 3983 2719 4071 quod

187 4076 405 4138 verum
430 4084 596 4152 erat,
620 4084 685 4142 et
726 4070 1013 4162 planum
1043 4070 1369 4142 facerent.
1402 4076 1710 4160 Cumque
1733 4093 1855 4162 per
1892 4094 2009 4143 eos
2040 4072 2163 4160 qui
2191 4072 2387 4143 missi
2414 4072 2709 4155 fuerant,

190 4163 320 4221 rem
372 4156 462 4228 ita
521 4180 594 4231 se
654 4160 907 4234 habere
962 4172 1148 4231 certo
1206 4159 1611 4243 audivisset,
1665 4159 1851 4251 apud
1885 4182 2045 4231 eum
2083 4182 2206 4252 per
2244 4160 2720 4233 internuncios

193 4396 426 4498 vtzgggm‘
442 4413 661 4465 ararem-ia
679 4411 852 4456 titulus
872 4424 966 4465 quo
986 4415 1110 4510 efud
1131 4414 1335 4476 Graecos
1355 4414 1624 4464 decoratur,
1642 4414 1902 4454 nonnullos
1921 4412 2216 4475 Latinorum,
2233 4412 2360 4458 inter
2377 4425 2495 4465 quos
2514 4418 2722 4460 Adonem

359 4469 487 4508 mem
505 4466 622 4521 (non
642 4467 841 4516 nevit.)
864 4470 1010 4520 decep
1030 4474 1063 4516 t.
1081 4479 1164 4519 qm
1183 4470 1230 4511 S.
1247 4468 1469 4519 Magnum
1487 4468 1537 4509 et
1555 4468 1600 4510 Β.
1622 4468 1852 4511 Androm
1870 4468 1982 4509 ss.
2000 4468 2141 4512 hodie
2160 4469 2436 4512 distinxere.
