3308 5004
708 347 837 416 ⁴50
1619 367 1701 414 mr
1739 367 1804 415 s.
1860 360 2161 414 nonnum
2867 337 3110 410 Atmsst

616 454 810 534 θυι-Α,
864 450 1149 521 caeteris
1196 447 1629 553 posthabitis,
1679 473 1816 522 non
1865 451 1998 520 nisi
2049 447 2302 520 studiis
2350 448 2821 538 spiritualibus
2865 463 3113 535 operam

618 541 806 623 dare,
861 561 1098 610 eorum
1150 554 1354 610 vitam
1408 541 1519 630 pia
1565 540 1868 628 quadam
1910 539 2369 610 aemulatione
2402 539 2708 628 appetiit,
2764 537 3018 604 beatum
3057 555 3117 603 se

616 629 762 699 fore
806 629 1255 709 existimans,
1309 628 1366 698 si
1416 629 1794 716 aliquando
1861 641 2088 720 posset
2135 625 2220 697 ad
2285 648 2522 696 eorum
2587 626 3016 720 imitationem
3063 642 3124 690 se

614 738 1052 809 componere.
1090 717 1295 787 Plane
1324 718 1537 809 igitur
1582 718 1769 808 apud
1806 739 1879 788 se
1912 717 2171 798 statuit,
2210 716 2458 818 spretis
2492 715 2838 794 omnibus,
2873 712 2952 781 ad
2985 710 3119 779 illos

618 829 694 878 se
738 807 1142 898 adjungere,
1198 806 1401 876 modo
1450 807 1608 877 novi
1658 806 2067 879 Testamenti
2116 805 2421 875 codicem
2480 805 2777 884 haberet,
2815 822 3007 889 quem
3053 798 3125 868 ad

614 894 1173 966 concionandum
1246 896 1711 966 necessarium
1781 896 2085 985 putabat.
2155 898 2335 964 Haec
2404 893 2521 962 illo
2574 894 2948 983 cogitante,
2996 908 3132 957 ecce

609 984 889 1076 juvenis
937 984 1222 1072 quidam
1272 984 1508 1065 adest,
1565 983 1697 1054 sub
1759 996 1938 1054 veste
1986 983 2248 1053 habens
2295 982 2598 1051 codicem
2663 979 2985 1049 venalem.
3032 981 3134 1044 In·

620 1085 1007 1164 tei-rogatus
1056 1095 1094 1141 a
1144 1074 1563 1164 presbyterO,
1616 1071 2012 1163 cujusmodi
2048 1072 2135 1142 sit
2169 1071 2364 1152 liber,
2421 1071 2678 1139 indicat
2708 1092 2854 1139 esse
2903 1086 3130 1135 novum

617 1167 1154 1232 Testamentum.
1212 1166 1526 1231 Laetatur
1584 1162 1980 1253 presbyter,
2034 1182 2330 1248 eumque
2391 1183 2542 1229 mox
2591 1160 2723 1228 sibi
2774 1163 3127 1246 comparat.

618 1250 745 1320 Sed
788 1262 1069 1340 accepto
1120 1249 1317 1330 libro,
1373 1251 1597 1321 statim
1651 1249 1872 1319 adfuit
1921 1250 2243 1321 tentatio:
2297 1250 2635 1318 haesitare
2683 1247 2927 1337 coepit,
2983 1263 3133 1342 num

614 1338 685 1408 id
742 1339 1170 1429 propositum
1222 1359 1427 1408 suum
1478 1353 1657 1409 esset
1703 1352 1974 1430 gratum
2029 1343 2184 1408 Deo.
2250 1338 2469 1407 Variis
2518 1338 2742 1406 iterim
2807 1335 3139 1423 cogitatio-

619 1428 832 1498 nibus
878 1427 1219 1517 exagitato
1269 1427 1490 1497 visum
1539 1442 1664 1508 est,
1717 1450 1796 1497 ex
1846 1426 1965 1498 illo
2013 1428 2246 1497 codice
2294 1426 2608 1495 divinum
2666 1438 2893 1516 petere
2924 1439 3143 1491 oracu-

618 1516 764 1585 lum
799 1538 813 1583 :
852 1514 1164 1602 fusisque
1196 1515 1483 1585 Domino
1518 1517 1864 1607 precibus,
1910 1529 1975 1586 et
2013 1514 2396 1586 forinsecus
2428 1515 2509 1583 ad
2553 1516 2808 1584 librum
2845 1535 2924 1580 ex
2978 1525 3143 1578 tesso

619 1603 857 1674 Crucis
882 1604 1110 1694 sign0,
1165 1616 1230 1673 et
1269 1605 1382 1674 Dei
1437 1606 1712 1674 nomine
1754 1607 2086 1684 invocato,
2140 1604 2445 1673 codicem
2484 1605 2728 1692 aperit,
2793 1624 2925 1671 ocu
2954 1620 3026 1700 os
3069 1595 3144 1666 ad

616 1691 849 1763 locum
893 1693 1115 1782 primo
1162 1715 1235 1763 se
1274 1693 1406 1781 ipsi
1456 1694 1847 1764 offerentem
1898 1693 2201 1783 conjicit,
2254 1695 2554 1762 occurrit
2602 1692 2722 1760 ille
2773 1693 2841 1758 in
2898 1686 3148 1758 actibus

617 1781 1050 1871 ApostoliciS,
1103 1781 1225 1852 ubi
1273 1787 1341 1851 B.
1380 1787 1573 1852 Petro
1610 1783 1695 1852 de
1726 1782 2017 1853 Cornelii
2068 1782 2308 1872 legatis
2354 1781 2654 1850 dicitur:
2719 1784 2857 1849 Sur
2906 1802 2986 1857 e,
3050 1776 3150 1842 de·

618 1871 880 1950 scende,
930 1882 994 1940 et
1040 1872 1210 1941 vade
1257 1893 1406 1940 cum
1455 1874 1570 1952 eis,
1622 1873 1804 1942 nihil
1833 1873 2146 1941 dubitans
2173 1896 2196 1939 .·
2248 1871 2413 1962 quia
2443 1894 2564 1961 eqo
2598 1872 2763 1939 misi
2792 1872 2846 1937 1³1
2880 1890 2968 1936 os.
3024 1869 3152 1935 Mox

620 1959 838 2050 igitur
892 1971 1241 2047 tamquam
1307 1960 1541 2030 divino
1598 1960 2051 2031 confirmatus
2115 1958 2435 2041 oraculo,
2508 1959 2775 2027 mundo
2837 1955 3154 2024 nuncium

621 2048 1005 2128 remittens,
1061 2047 1215 2118 illos
1244 2061 1521 2118 secutus
1560 2063 1685 2119 est.

620 2187 629 2194 -
709 2139 746 2224 ξ
794 2141 889 2208 9.
944 2141 1085 2207 Νοη
1151 2137 1510 2228 ignorabat
1577 2151 1859 2209 sanctus
1904 2152 2098 2229 pater
2146 2150 2421 2217 noster,
2496 2137 2897 2223 piissimum
2963 2137 3157 2200 Deum

619 2223 968 2296 humanas
993 2226 1266 2296 animas
1304 2238 1577 2296 aeterno
1609 2248 1845 2296 amore
1883 2227 2225 2318 prosequi.
2278 2229 2515 2312 Itaque
2552 2237 2742 2293 totus
2779 2226 2848 2290 in
2884 2243 2963 2290 eo
2999 2228 3152 2294 erat,

619 2326 699 2383 ut
729 2313 999 2383 animas
1033 2336 1272 2384 omnes
1319 2315 1419 2383 illi
1470 2314 1896 2417 adjungeret.
1937 2320 2163 2385 Inerat
2192 2315 2252 2384 ei
2293 2314 2462 2382 mira
2515 2314 2868 2399 quaedam
2911 2323 2975 2380 et
3009 2325 3166 2405 pente

619 2402 1050 2472 incredibilis
1098 2402 1341 2473 salutis
1387 2425 1701 2474 omnium
1753 2403 2144 2483 aemulatio,
2198 2403 2477 2490 zeloque
2525 2400 3041 2470 ferventissimo
3074 2416 3167 2462 nt-

625 2490 899 2563 tebatur
947 2489 1166 2562 molas
1215 2493 1435 2581 iniqui
1485 2493 1844 2564 daemonis
1890 2507 2276 2573 conterere,
2339 2506 2404 2561 et
2459 2491 2542 2559 de
2601 2490 2809 2561 illius
2858 2487 3169 2586 denti-bus

618 2602 859 2652 eruere
917 2581 1266 2672 praedam.
1322 2588 1453 2655 Nec
1504 2582 1707 2651 modo
1757 2582 2325 2661 Christianorum,
2380 2580 2493 2648 sed
2554 2580 2775 2649 etiam
2816 2577 3168 2671 gentilium

619 2670 984 2771 appetebat
1032 2669 1349 2753 salutem,
1386 2693 1561 2758 quos
1598 2672 1801 2741 etiam
1848 2692 1968 2760 per
2000 2673 2305 2762 seipsum
2349 2670 2538 2738 adire
2578 2672 3071 2745 constituerat,
3108 2674 3179 2732 ut

617 2779 721 2829 ets
768 2761 1051 2829 verbum
1105 2759 1261 2828 fidei
1318 2759 1759 2848 praedicaret.
1814 2765 2072 2829 Tantus
2119 2772 2298 2828 certe
2335 2759 2448 2826 ille
2481 2758 2895 2828 animarum
2933 2754 3175 2826 zelator

618 2846 753 2918 fuit
785 2902 800 2929 ,
855 2859 930 2916 ut
979 2848 1087 2915 vix
1136 2869 1216 2915 ea
1266 2848 1331 2915 in
1387 2870 1456 2916 re
1508 2870 1739 2937 parem
1791 2848 2044 2918 habere
2100 2847 2464 2916 videretur.
2521 2851 2691 2915 Nam
2760 2870 2927 2915 cum
2980 2845 3178 2914 etiam

621 2935 851 3004 adhuc
892 2935 1170 3024 Juvenis
1208 2949 1384 3004 esset
1412 2949 1649 3017 aetate,
1687 2957 1764 3006 ea
1796 2936 2128 3005 charitate
2180 2935 2424 3024 plenus
2474 2934 2626 3014 fnit,
2672 2959 2814 3024 qua
2861 2935 3179 3019 majorem

622 3043 828 3092 nemo
863 3022 1086 3092 habet.
1133 3023 1478 3105 Quaedam
1520 3026 1705 3093 enim
1744 3024 1992 3094 mulier
2020 3026 2087 3093 in
2136 3024 2353 3114 patria
2394 3024 2626 3092 adhuc
2677 3025 2996 3094 manenti
3033 3041 3184 3092 con·

614 3124 864 3199 questa
911 3111 1064 3192 suit,
1097 3111 1371 3180 fratrem
1408 3134 1704 3182 suum-a
1755 3114 2112 3182 Saracenis
2160 3112 2372 3181 teneri
2423 3114 2817 3200 captivum.
2877 3114 3004 3182 Ille.
3041 3129 3185 3177 mox

622 3198 1065 3270 vendendum
1103 3223 1174 3270 se
1203 3200 1448 3271 obtulit
1486 3223 1605 3291 pro
1643 3202 1896 3290 captivi
1933 3201 2399 3291 redemptione
2432 3223 2445 3266 :
2503 3214 2596 3279 ut,
2648 3203 2842 3273 sicut
2879 3202 3186 3271 Christus

618 3308 751 3445 Pro
788 3288 985 3358 nobis
1023 3289 1325 3358 animam
1360 3311 1556 3360 suam
1594 3290 1851 3380 posuit,
1891 3290 2006 3358 ille
2049 3311 2170 3380 pro
2211 3289 2417 3359 fratre
2456 3291 2775 3360 animam
2836 3314 3045 3361 suam
3094 3285 3188 3355 os-

650 3390 850 3446 erret.
904 3377 1200 3467 Cupiens
1232 3378 1435 3447 etiam
1471 3380 1754 3470 peregre
1791 3378 2155 3469 proficisci,
2201 3392 2265 3448 et
2300 3400 2419 3467 pro
2445 3378 2671 3447 salute.
2710 3382 3191 3469 proximorum

626 3464 784 3533 exul
833 3463 918 3533 de
968 3485 1102 3543 ere,
1165 3465 1494 3537 fratribus
1541 3488 1745 3538 suum
1781 3468 2093 3559 exposuit
2131 3467 2577 3543 desiderium,
2620 3471 2709 3536 ad
2754 3484 3034 3538 exteras
3082 3487 3196 3535 na·

625 3552 848 3622 tiones
887 3577 925 3623 a
978 3553 1212 3634 eundi,
1262 3556 1349 3624 ita
1383 3555 1621 3626 dicens
1659 3557 1794 3625 eis:
1831 3580 1867 3623 «
1900 3561 2063 3626 Cum
2105 3571 2415 3628 nostrum
2467 3560 3068 3628 constituerimus
3094 3556 3196 3623 in-

610 3642 940 3711 stitutum
992 3642 1132 3711 sive
1183 3643 1503 3713 Ordinem
1537 3699 1552 3725 ‚
1606 3644 1692 3713 ad
1743 3645 2031 3737 gentiles
2081 3646 2560 3736 migrabimus,
2616 3660 2700 3715 ut
2752 3670 2882 3718 eos
2932 3644 3196 3738 praedi·

607 3730 846 3800 cando
885 3730 1317 3802 adducamus
1356 3732 1441 3801 ad
1488 3736 1853 3803 Dominum
1904 3736 2145 3804 Jesum
2199 3735 2567 3803 Christum.
2606 3757 2642 3798 »

713 3820 955 3907 §aa
1011 3821 1291 3888 Interim
1354 3822 1667 3913 exemplo
1731 3823 1975 3892 Christi
2027 3836 2092 3891 et
2153 3822 2627 3913 Apostolorum
2687 3825 2909 3912 eJus,
2973 3824 3200 3901 filios,

622 3929 797 4009 quos
845 3907 1127 4009 dederat
1158 3910 1220 3978 ei
1265 3913 1462 3991 Deus,
1521 3911 1711 3981 misit
1758 3911 1828 3979 in
1880 3912 2188 3981 diversas
2232 3911 2543 3999 regiones
2588 3914 3021 3999 praedicare
3055 3932 3208 4004 poe·

626 4009 983 4067 nitentium
1036 3999 1105 4066 in
1160 3999 1634 4069 remissionem
1705 4012 2166 4089 peccatorum.
2236 4000 2566 4068 Instruxit
2630 4022 2806 4071 vero
2865 4004 3031 4073 illos
3067 4057 3082 4081 ,
3140 4012 3213 4070 ut

612 4107 658 4153 ·s
710 4107 814 4154 em
884 4109 1079 4155 suam
1134 4088 1201 4155 in
1253 4086 1540 4157 domino
1601 4101 2010 4178 reponerent
2044 4144 2059 4171 ,
2110 4089 2412 4157 contenti
2476 4089 2758 4176 piorum
2828 4091 3210 4161 hominum

621 4175 1104 4265 eeemosynis.
1160 4177 1429 4277 Egressi
1465 4177 1699 4264 itaque
1746 4176 1989 4248 fratres
2022 4232 2037 4258 ,
2094 4177 2381 4247 multam
2432 4180 2700 4265 experti
2760 4196 2940 4251 sunt
2995 4202 3216 4271 penu-

625 4261 826 4340 riam,
861 4264 1004 4334 vias
1028 4263 1347 4335 difficiles
1373 4266 1842 4335 ambulantes
1884 4266 2201 4357 Contigit,
2233 4266 2408 4334 duos
2435 4265 2692 4334 exiliis
2723 4268 2866 4338 iter
2897 4282 3212 4361 agentes,

624 4372 785 4420 cum
815 4352 959 4440 jam
1013 4353 1180 4422 hora
1235 4375 1416 4422 nona
1463 4354 1769 4436 abiisset,
1824 4355 2002 4425 inter
2040 4377 2114 4423 se
2151 4351 2482 4435 conferre,
2530 4354 2841 4426 ubinam
2895 4380 3223 4428 necessa-

624 4439 808 4509 rium
862 4455 1139 4530 possent
1184 4442 1479 4533 adipisci
1525 4442 1961 4515 alimentum.
2013 4443 2247 4533 Jejuni
2294 4443 2478 4512 enim
2531 4459 2783 4528 erant,
2843 4461 2917 4518 et
2980 4448 3222 4517 labore
