3308 5004
738 318 867 385 402
1356 335 1436 382 mi
1483 333 1574 381 vii
1621 330 1742 381 iiii.
1795 332 2114 383 nomenis
2163 333 2229 382 m
2276 332 2506 383 arinca
2862 313 3033 382 ΑΗΕ.
3079 314 3146 379 Π

645 417 1158 491 venerabilibus
1230 419 1446 511 portis
1474 472 1494 499 ,
1576 418 1954 490 caementis
2025 418 2426 510 ingentibus
2491 416 2720 489 claudi
2802 415 3142 486 mandavit.

648 509 979 580 Universa
1024 529 1323 597 namque
1373 507 1790 579 monasteria
1836 508 2139 577 virorum
2191 508 2291 577 vel
2327 506 2713 598 puellarum
2764 517 3146 585 sanctarum,

645 597 1047 687 gentilibuS,
1074 595 1142 667 id
1168 610 1292 677 est,
1318 596 1572 667 Mauris
1602 618 1762 667 cum
1796 596 2298 667 habitatoribus
2324 595 2581 666 dor-iare
2611 595 2963 687 praecepit.
2986 597 3150 663 Unus

646 686 778 758 fuit
822 685 1150 757 omnibus
1220 684 1567 778 ejulatus,
1620 707 1809 757 unus
1872 706 1995 777 pro
2063 684 2331 757 Christo
2382 684 2719 756 moriendi
2787 685 3033 773 integer
3092 692 3147 751 et

647 775 898 868 plenus
943 775 1249 846 affectus,
1303 774 1498 844 Paria
1531 776 1905 845 currebant
1950 774 2248 845 flumina
2294 773 2785 863 lacrymarum,
2820 772 2978 861 quia
3020 791 3151 861 per-

647 865 929 935 miserat
967 863 1300 934 Dominus
1346 863 1564 938 cibari
1610 884 1728 934 eos
1789 885 1966 954 pane
2030 863 2522 954 lacrymarum,
2558 875 2625 933 et
2684 862 2895 954 potari
2946 881 3051 931 eos
3088 858 3148 927 iii

648 952 976 1043 lacrymis
1023 951 1094 1022 in
1136 973 1489 1034 mensura,
1527 964 1648 1022 aut
1694 950 1981 1022 forsitan
2032 952 2182 1022 sine
2232 973 2581 1022 mensura.
2611 950 2752 1021 Etsi
2798 960 3046 1042 reperta
3066 957 3147 1017 est

644 1042 878 1114 exiens
913 1041 1002 1112 de
1029 1063 1214 1124 arca,
1257 1040 1539 1111 inhians
1584 1039 2039 1112 cadaveribus
2072 1041 2388 1121 mortuis,
2436 1063 2597 1131 pars
2634 1039 2864 1128 aliqua
2897 1057 3149 1129 pereun-

647 1131 817 1201 tiurn
868 1152 1261 1212 corvorum,
1306 1130 1532 1218 major
1568 1142 1671 1200 est
1719 1141 1947 1199 tamen
2001 1130 2074 1199 in
2126 1131 2407 1200 nomine
2454 1128 2805 1200 Trinitatis
2857 1146 3147 1198 numerus

645 1218 952 1290 felicium
1002 1218 1513 1290 columbarum.
1545 1218 1796 1301 Quanti
1839 1217 2104 1289 nobiles
2133 1233 2199 1289 et
2236 1218 2483 1310 optimi
2528 1218 2683 1301 viri,
2728 1216 2938 1319 ampli
2966 1227 3024 1285 et
3051 1211 3146 1282 lati

647 1307 970 1400 caespitis
1007 1307 1300 1389 domini,
1339 1319 1591 1378 terram
1625 1329 1786 1377 cum
1822 1305 2011 1378 coelo
2043 1319 2668 1390 commutaverunt,
2698 1319 2763 1378 et
2800 1303 2998 1376 simul
3024 1323 3146 1372 coi·-

699 1419 783 1466 us
829 1418 989 1467 cum
1041 1396 1428 1468 substantia
1477 1395 1949 1468 tradiderunt:
2002 1410 2208 1486 atque
2252 1396 2584 1468 delicatae
2630 1408 2696 1468 et
2726 1392 3148 1466 nobilissimae

673 1486 1010 1568 oeminae,
1083 1497 1317 1556 contra
1367 1485 1857 1556 verecundiam
1899 1499 2219 1568 naturae,
2273 1498 2625 1588 spectante
2672 1484 2909 1577 vulgo,
2971 1479 3144 1570 virgis

647 1595 909 1656 caesae,
943 1574 1286 1663 variisque
1316 1574 1673 1645 tormentis
1702 1576 2068 1656 cruciatae,
2107 1575 2415 1645 victricia
2447 1574 2776 1666 trophaea
2808 1577 3144 1665 portarunt.

647 1664 898 1747 Quanti
939 1662 1265 1734 infantuli
1313 1663 1677 1735 irridentes
1724 1664 1946 1735 edicta
1995 1664 2256 1746 feralia,
2298 1677 2456 1735 ante
2492 1662 2835 1733 mundum
2883 1671 3147 1732 contem-

646 1765 960 1844 pserunt,
1011 1774 1223 1839 quam
1265 1751 1736 1824 illecebrosam
1778 1753 1929 1841 ejus
1977 1754 2293 1825 semitam
2342 1752 2753 1824 introirent?

734 1844 772 1930 ξ
816 1845 909 1913 8.
962 1841 1600 1933 Tunc‘apprehensi
1632 1855 1798 1914 sunt
1825 1854 1892 1912 et
1923 1853 2183 1933 septem
2219 1841 2485 1922 fratres,
2527 1853 2867 1930 quantum
2895 1835 3148 1941 pertinet

646 1929 732 1999 ad
783 1929 1226 2000 concordiam
1274 1930 1668 2001 Dominicae
1724 1931 2095 2012 servitutis,
2150 1930 2218 2000 in
2272 1931 2690 2001 monasterio
2752 1929 3142 1999 habitantes:

645 2018 812 2107 quia
860 2020 1101 2088 bonum
1139 2030 1234 2090 est
1280 2030 1343 2090 et
1384 2021 1793 2110 jucundum,
1848 2021 2157 2091 habitare
2201 2021 2454 2110 fratres
2517 2021 2588 2089 in
2648 2041 2861 2090 unum
2886 2043 2909 2087 .·
2947 2015 3010 2085 id
3043 2022 3143 2091 est,

645 2105 1042 2178 Bonifacius
1080 2106 1441 2191 diaconus,
1495 2113 1746 2179 Servus
1790 2121 1857 2179 et
1922 2109 2250 2180 Rusticus
2306 2108 2769 2189 subdiaconi,
2839 2107 3146 2178 Liberatus

645 2196 895 2279 Abbas,
940 2202 1242 2288 Rogatus
1279 2197 1690 2279 monachus,
1722 2198 2071 2289 Septimus
2121 2197 2528 2279 monachuS,
2580 2210 2649 2267 et
2684 2196 3007 2267 Maximus
3036 2209 3146 2261 mo·

650 2284 937 2367 nachuS,
993 2286 1063 2355 in
1117 2307 1405 2357 numero
1471 2286 1735 2358 scilicet
1803 2286 2370 2357 Machabaeorurn
2440 2306 2953 2377 germanorum.
3001 2286 3146 2365 Quos

645 2396 788 2444 una
834 2387 1055 2445 mater
1100 2374 1401 2445 Ecclesia
1451 2374 1790 2446 catholica
1838 2387 2191 2466 genuerat,
2243 2388 2309 2445 et
2355 2396 2477 2467 per
2525 2375 2791 2446 viscera
2830 2371 3020 2443 fontis
3058 2387 3148 2464 aess

647 2462 823 2535 terni
873 2461 1243 2536 salubriter
1297 2476 1693 2556 pepererat,
1752 2463 1838 2536 de
1890 2465 2231 2539 territorio
2265 2463 2633 2556 capsensis
2679 2461 3002 2542 civitatiS,
3059 2474 3149 2527 cui

647 2552 947 2644 praefuit
998 2558 1063 2625 S.
1106 2553 1559 2625 vindemialis
1602 2553 1638 2589 ⁴
1684 2553 2002 2626 sacerdos
2034 2554 2380 2645 egregiuS,
2424 2567 2488 2623 et
2521 2555 2775 2626 Christi
2820 2549 3027 2623 fidelis
3051 2565 3149 2616 an-

645 2642 858 2713 tistes.
894 2642 1162 2726 Quibus
1208 2643 1514 2714 attractis
1562 2641 1647 2713 ad
1699 2644 1942 2714 urbem
1981 2643 2221 2713 Cartha
2278 2643 2616 2725 inensem,
2658 2645 2879 2747 primo
2906 2640 2997 2711 eis
3029 2634 3146 2704 ille-

644 2732 950 2804 cebrosis
988 2731 1485 2803 blandimentis
1531 2753 1816 2822 serpens
1849 2731 2063 2802 voluit
2110 2731 2242 2803 sibi
2274 2754 2413 2815 are,
2451 2746 2858 2823 promittens
2897 2730 3146 2822 honores

643 2820 969 2902 caducoS,
1020 2833 1087 2892 et
1123 2821 1401 2891 divitias
1447 2821 1833 2912 ingentium
1872 2820 2326 2911 voluptatum,
2366 2842 2636 2893 necnon
2677 2835 2743 2894 et
2789 2819 2962 2911 regis
3000 2832 3142 2885 aini-

643 2910 868 2990 citiaS,
903 2909 1009 2980 vel
1037 2909 1175 2980 alia
1206 2911 1449 2990 multa,
1526 2931 1658 2980 uae
1706 2909 1928 2980 solent
1961 2909 2091 2980 insi
2151 2909 2437 2980 ientium
2470 2910 2767 2994 animaS,
2805 2911 3148 2995 aucupale

644 2997 947 3079 diabolo,
1003 2999 1188 3069 visco
1222 2998 1564 3069 mundiai
1610 3008 1912 3090 captare.
1949 2998 2076 3069 Sed
2156 3020 2275 3069 aec
2321 2999 2558 3069 omnia
2590 3000 2842 3071 milites
2878 2995 3006 3075 Dei,
3030 3006 3145 3060 acs¹

642 3087 983 3178 contagia,
1023 3101 1458 3180 respuerunt,
1502 3086 1882 3159 clamantes
1929 3110 2072 3159 uno
2117 3110 2269 3159 ore:
2324 3111 2361 3156 «
2403 3092 2594 3158 Unus
2643 3088 2986 3165 DominuS,
3029 3096 3146 3149 una

644 3172 1118 3276 fides-unum
1167 3176 1536 3267 baptisma.
1590 3182 1727 3248 Nec
1775 3177 2018 3268 poterit
2063 3178 2137 3247 in
2171 3177 2392 3260 nobis,
2444 3176 2817 3267 adjuvante
2855 3169 3142 3267 Domino,

643 3274 919 3345 iterari,
971 3264 1153 3352 quod
1225 3265 1294 3335 in
1347 3278 1585 3336 sancto
1650 3271 1832 3336 Evan
1887 3266 2020 3337 elio
2067 3266 2276 3337 semel
2329 3279 2775 3358 praeceptum
2835 3274 2933 3336 est
2973 3258 3141 3329 dari:

644 3351 805 3439 quia
854 3353 976 3440 qui
1008 3352 1218 3423 semel
1253 3352 1433 3425 lotus
1470 3364 1593 3435 est,
1639 3376 1778 3425 non
1840 3289 1886 3426 ξ
3019 3437 3030 3448 ,

644 3440 955 3511 mundus
985 3454 1087 3511 est
1133 3453 1339 3513 totus.
1379 3443 1603 3513 Facite
1647 3442 1836 3531 quod
1887 3443 2118 3525 vultis,
2177 3442 2421 3515 inferte
2479 3466 2740 3535 poenas
2787 3436 3144 3533 corporibus

644 3529 922 3602 nostris.
977 3528 1219 3600 Melius
1263 3543 1365 3602 est
1410 3532 1814 3622 temporalia
1882 3532 1970 3603 ad
2032 3532 2382 3604 modicum
2440 3534 2730 3605 sufferre
2791 3522 3140 3623 supplicia,

642 3639 853 3719 quam
886 3631 1165 3690 aeterna
1212 3618 1510 3710 pendere
1555 3632 1622 3690 et
1669 3621 2313 3696 subiretormenta.
2374 3622 2632 3694 Habete
2678 3643 2854 3711 quae
2898 3619 3143 3710 promit-

642 3718 808 3790 titis,
852 3729 1013 3779 cum
1066 3708 1239 3799 ipsis
1269 3707 1530 3781 divitiis
1580 3722 1733 3801 post
1768 3710 2129 3801 paululum
2172 3711 2485 3803 perituri.
2521 3711 2730 3784 Nobis
2762 3730 2912 3781 vero
2941 3699 3141 3774 nullus

639 3795 726 3866 de
754 3796 1097 3899 ‘postibi-is·
1137 3796 1467 3869 frontium
1549 3799 1800 3870 valebit
1866 3799 2177 3883 evellere,
2229 3800 2414 3890 quod
2473 3801 2544 3870 in
2592 3822 2735 3872 uno
2780 3794 3143 3889 baptismate

639 3885 882 3956 artifex
914 3887 1265 3958 Trinitatis
1303 3886 1633 3978 dignatus
1680 3900 1785 3960 est
1831 3888 2129 3960 titulare.
2185 3912 2222 3957 »

726 3976 767 4063 ἓ
811 3979 897 4048 4.
950 3975 1130 4059 Quid
1181 3975 1447 4046 multa?
1479 3981 1653 4048 Dum
1708 3977 1826 4049 tali
1873 3978 2261 4050 constantia
2320 3978 2656 4049 divinitus
2702 3974 3137 4061 munirentur,

626 4062 815 4165 jussi
862 4077 1026 4135 sunt
1054 4065 1381 4137 carcerali
1430 4066 1787 4138 custodiae
1821 4068 2229 4171 mancipari.
2275 4072 2352 4140 Et
2398 4068 2492 4139 ita
2539 4066 2888 4139 crudelius
2915 4060 3141 4157 onerat!

635 4150 800 4253 ferri
848 4153 1299 4244 ponderibus,
1341 4156 1725 4228 tenebrosis
1771 4156 2078 4248 deputati
2120 4169 2283 4234 sunt
2314 4156 2510 4238 lociS,
2565 4156 2687 4228 ubi
2736 4153 2915 4225 nulla
2968 4161 3140 4242 mis?-

636 4253 831 4344 ratio·
859 4242 1191 4314 arrideret
1255 4243 1579 4317 lenitatis.
1648 4245 1777 4317 Sed
1829 4246 2132 4338 populus
2187 4245 2304 4317 ille
2367 4256 2780 4316 memoratae
2823 4238 3036 4316 urbis,
3079 4247 3136 4298 ¹¹¹
3255 4276 3256 4289 ¹

638 4331 930 4401 Domino
992 4353 1264 4424 semper
1307 4332 1560 4416 fidelis,
1614 4334 1775 4407 dato
1841 4357 2132 4407 munere
2196 4333 2635 4416 carcerariis,
2690 4334 2800 4405 die
2841 4351 2917 4402 ac
2975 4328 3139 4394 [106ῑο

694 4455 721 4483 *
757 4455 1069 4507 hunveri-oi.
1094 4466 1126 4499 ii
1150 4457 1279 4509 unt.

1891 3357 2048 3426 abet
2095 3376 2373 3427 necesse
2423 3355 2674 3427 iterum
2729 3352 2965 3432 lavari,
3010 3342 3145 3434 quia
3257 3356 3258 3361 ’
