3308 5004
112 355 302 422 AUG.
356 355 439 422 24
698 326 715 350 ⁸
770 373 848 421 mi
896 375 952 422 s.
1002 373 1299 422 suncanto
1346 372 1546 421 ense.
1600 373 1962 422 nemone.
2445 359 2574 425 589

116 479 308 527 nunc
354 458 940 559 Augustudunum
985 463 1268 545 (Autan)
1302 458 1580 536 dicitur,
1623 458 1932 549 perfidus
1978 471 2285 551 apostata
2331 462 2660 551 pervenit.

117 550 428 633 Cumque
461 569 531 616 in
569 546 735 616 Aula
772 547 975 636 Regis
1016 552 1432 618 Francorum
1484 546 1775 618 relatum
1817 561 2018 629 esset,
2056 571 2355 641 anguem
2407 563 2668 621 tortuo-

115 657 275 705 sum
308 636 498 706 virus
548 634 972 705 horrendum
1006 636 1075 705 in
1116 659 1195 706 ea
1242 636 1513 706 civitate
1536 636 1686 724 jam
1742 635 1874 707 late
1915 638 2241 718 vibrasse,
2277 639 2671 727 multosque

114 723 373 793 ibidem
428 724 793 805 infecisse,
849 725 1008 794 ilico
1056 724 1457 814 synodalem
1518 739 1931 796 conventum
1984 727 2416 797 sacerdotum
2481 729 2667 818 apud

119 812 680 884 Aurelianensem
735 814 1080 904 (ondans)
1135 814 1378 884 urbem
1435 814 1729 884 adunari
1773 814 2030 902 jussit:
2096 817 2220 886 ubi
2275 838 2441 886 sane
2488 817 2671 887 beati

121 901 252 971 viri
306 903 679 974 Audoenus
725 902 1135 993 et.Eligius‚
1181 902 1372 972 illius
1428 901 1752 973 haeretici
1807 905 2126 975 versutiis
2164 904 2673 994 objectionibus

120 989 572 1061 validissimis
604 993 932 1073 restitere,
967 993 1372 1079 cunctisque
1417 991 1571 1079 ejus
1603 993 2055 1083 argumenti&
2100 994 2359 1082 quibus
2395 1016 2524 1064 ceu
2568 994 2673 1064 fo·-

119 1078 718 1166 veisquibusdam
759 1102 831 1149 se
861 1081 1177 1152 occulere
1215 1081 1584 1162 nitebatur,
1623 1082 1930 1164 detectis,
1984 1084 2314 1153 omnibus
2354 1084 2484 1171 qui
2530 1083 2673 1152 illic

120 1168 456 1250 aderant,
496 1169 941 1240 mortiferum
1000 1169 1255 1260 dogma
1316 1182 1384 1239 et
1427 1169 1785 1240 vitandum
1844 1185 1909 1241 et
1954 1171 2414 1242 execrandum
2453 1226 2469 1255 ,
2522 1185 2669 1242 tum

121 1258 488 1328 manifesta
552 1261 859 1340 ratione,
923 1272 1068 1329 tum
1133 1258 1370 1328 divina
1429 1260 1833 1329 auctoritate
1887 1281 2327 1351 persuasere:
2396 1262 2670 1332 interim
2759 1333 2771 1346 ,

123 1357 378 1429 tamen,
423 1347 794 1418 modestiae
823 1351 1058 1424 causa,
1096 1347 1252 1436 ejus
1298 1348 1622 1417 victoriae
1654 1347 1956 1438 palmam
2001 1350 2197 1420 beato
2245 1348 2471 1421 Salvio
2517 1353 2675 1440 Epi·

127 1456 337 1526 scopo
383 1451 450 1507 et
480 1437 766 1526 martyri
816 1437 1292 1507 concedentes·
1338 1437 1701 1507 Convictus
1739 1450 1969 1507 autem
2001 1438 2412 1520 haereticuS,
2466 1440 2672 1509 etiam

122 1545 163 1593 e
206 1526 395 1616 regni
450 1531 867 1596 Francorum
904 1526 1168 1595 finibus
1193 1525 1525 1616 expulsus
1555 1538 1683 1597 est.
1736 1527 1812 1595 Id
1851 1548 2010 1595 vero
2042 1550 2175 1597 non
2211 1541 2451 1598 contra
2486 1527 2676 1597 hunc

122 1613 505 1694 dumtaxat,
552 1616 666 1685 sed
732 1615 936 1684 etiam
989 1615 1369 1685 haereticos
1405 1636 1648 1685 omnes
1698 1615 2067 1687 Audoenus
2114 1616 2336 1686 facere
2384 1616 2667 1695 solebat,

120 1716 201 1771 ut
233 1726 407 1791 quos
448 1705 517 1772 in
550 1704 877 1774 conflictu
927 1717 1342 1795 superasset,
1376 1725 1494 1774 eos
1527 1705 1598 1773 in
1634 1704 2052 1795 longinquas
2083 1707 2397 1795 regiones
2443 1705 2676 1776 confe-

125 1791 285 1861 stim
328 1793 659 1883 aufugere
687 1792 1150 1883 compelleret.
1907 1844 1912 1848 -

214 1883 251 1967 ἓ
300 1886 458 1953 ΙΙ).
514 1889 747 1952 Postea
788 1904 945 1951 vero
987 1894 1131 1952 tum
1185 1882 1389 1972 Regis
1425 1882 1776 1952 voluntate
1809 1936 1825 1963 ,
1878 1895 2027 1953 tum
2087 1882 2464 1954 multorum
2517 1882 2680 1952 reli·-

129 1969 483 2058 giosorum
534 1971 943 2052 hominum,
1017 1972 1387 2062 praecipue
1455 1983 1683 2041 tamen
1733 1972 2112 2041 beatissimi
2175 1971 2417 2064 Eligii,
2469 1993 2678 2060 quem

129 2079 297 2147 prae
327 2060 613 2129 caeteris
643 2060 982 2150 singulari
1012 2082 1246 2148 amore
1295 2062 1881 2150 prosequebatur,
1938 2061 2228 2132 consilio
2274 2075 2338 2131 et
2378 2062 2675 2139 hortatu,

131 2145 374 2217 Clerici
423 2161 778 2219 tonsuram
845 2149 1153 2238 accepit,
1216 2171 1358 2218 uno
1405 2149 1787 2235 eodemque
1852 2162 2201 2239 tempore,
2255 2152 2458 2219 etiam
2528 2153 2681 2241 ipso

132 2234 356 2325 Eligio
395 2238 536 2306 viro
586 2239 748 2318 Dei,
808 2259 1097 2307 comam·
1124 2251 1441 2328 ponente.
1494 2237 1803 2308 Instabat
1848 2260 2053 2328 porro
2100 2239 2409 2324 quotidie
2457 2239 2683 2329 magis

133 2336 338 2411 atque
390 2327 657 2416 magis,
711 2337 788 2396 ut
843 2326 1181 2396 Ecclesiae
1229 2326 1402 2396 fides
1447 2328 1848 2396 intemerata
1902 2340 2422 2397 conservaretur
2459 2382 2474 2409 ,
2527 2341 2593 2396 et
2641 2348 2682 2396 a

132 2426 318 2483 recto
378 2417 649 2485 tramite
708 2415 903 2485 nulla
954 2415 1283 2505 pravitate
1343 2414 1825 2485 abduceretur.
1880 2415 2130 2485 videns
2176 2430 2405 2488 autem
2460 2417 2683 2485 Simo·

127 2502 399 2574 niacam
453 2505 792 2575 haeresim
845 2504 1138 2574 nimium
1194 2506 1261 2573 in
1314 2527 1526 2595 regno
1575 2510 1996 2574 Francorum
2054 2505 2452 2585 invaluisse,
2505 2525 2685 2593 quae

127 2591 219 2662 ab
280 2593 537 2683 impiae
593 2592 1021 2662 Brunihildis
1069 2594 1102 2629 ²*
1152 2607 1454 2684 tempore
1502 2607 1791 2664 cunctas
1839 2614 2013 2685 pene
2061 2599 2478 2664 Francorum
2532 2593 2684 2685 pol·

128 2681 354 2752 luerat
400 2682 784 2752 Ecclesias:
838 2682 1062 2773 coepit
1100 2681 1393 2753 suadere
1441 2684 1605 2774 Regi
1657 2694 1723 2752 et
1769 2683 2041 2752 cunctis
2088 2682 2565 2772 optimatibus,
2608 2694 2686 2753 ut

128 2772 427 2860 patriam
465 2793 546 2841 ea
577 2772 730 2841 tabe
767 2785 1191 2861 corruptam,
1234 2771 1522 2842 salutari
1553 2772 1865 2841 adhibita
1898 2771 2244 2841 medicina
2279 2770 2675 2851 liberarent,

125 2880 259 2928 nec
292 2857 439 2929 ulla
472 2860 734 2931 ratione
758 2861 1245 2941 consentirent,
1279 2873 1359 2930 ut
1388 2860 1760 2948 quisquam
1786 2881 2019 2935 sacros
2052 2861 2343 2931 Ordines
2367 2860 2683 2931 vel-eme·

127 2960 258 3027 ret,
293 2946 395 3016 vel
436 2949 800 3019 venderet:
855 2949 1094 3019 dicens
1125 3003 1142 3029 ,
1201 2948 1336 3018 tale
1382 2950 1881 3020 commercium
1924 2949 2266 3020 diabolica
2313 2949 2554 3020 fraude
2585 2969 2686 3018 re-

127 3047 431 3127 pertum,
476 3049 679 3125 atque
712 3038 970 3108 idcirco
1018 3038 1103 3108 ad
1142 3037 1658 3108 Ecclesiasticae
1691 3037 1854 3108 fidei
1893 3039 2190 3128 puritate
2242 3039 2515 3128 penitus
2559 3037 2686 3108 eli-

128 3124 551 3196 minandum
588 3149 603 3195 :
658 3128 1024 3216 potiusque
1061 3127 1416 3217 eligendos
1462 3148 1613 3199 esse
1661 3127 1744 3197 ad
1803 3148 2158 3197 sacrorum
2201 3127 2540 3198 Ordinum
2587 3126 2688 3197 fa-

131 3214 364 3304 stigia,
425 3237 601 3302 quos
640 3238 775 3286 non
823 3238 1100 3298 aurum,
1141 3216 1259 3286 sed
1309 3216 1470 3285 fidei
1511 3216 1874 3288 sinceritas
1903 3271 1919 3299 ,
1963 3216 2318 3287 doctrinae
2352 3216 2683 3296 suavitas,

129 3314 201 3374 et
232 3325 503 3373 morum
540 3304 846 3395 ‘probitas
876 3305 1415 3375 commendaret.

226 3396 264 3479 ἓ
311 3397 443 3464 11.
498 3398 761 3464 Interea
795 3394 1123 3484 temporis
1156 3393 1480 3464 defuncto
1511 3400 1844 3477 Roman0,
1882 3394 2458 3487 Rothomagensis
2486 3394 2688 3465 urbis

132 3488 187 3552 E
241 3483 477 3573 iscopo
510 3483 942 3552 veneratione
980 3482 1216 3574 digno,
1272 3485 1514 3555 beatus
1559 3483 1930 3555 Audoenus
1976 3506 2323 3554 consensu
2368 3484 2685 3554 omnium

133 3504 237 3640 ad,
273 3571 430 3659 ejus
491 3573 943 3662 Episcopatus
1008 3571 1449 3643 subeundum
1500 3594 1681 3643 onus
1727 3572 2191 3665 compellitur.
2243 3571 2448 3642 Illum
2498 3572 2684 3641 enim

134 3659 363 3730 solum
399 3682 479 3729 ea
527 3660 688 3731 sede
734 3660 1027 3750 dignum
1080 3674 1215 3730 tam
1267 3668 1428 3743 Rex,
1481 3684 1692 3750 quam
1746 3682 2082 3752 proceres,
2119 3663 2422 3749 itemque
2452 3659 2688 3730 Clerus

136 3761 206 3818 et
246 3749 569 3849 populus,
623 3771 764 3819 una
814 3770 974 3818 voce
1023 3751 1491 3831 testabantur,
1543 3745 1806 3842 quippe
1851 3751 2057 3839 cujus
2104 3764 2169 3821 et
2215 3749 2413 3830 fides,
2458 3760 2524 3819 et
2560 3748 2687 3818 do-

136 3849 385 3919 ctrina,
437 3852 503 3908 et
535 3860 759 3909 mores
794 3849 1021 3908 tantae
1053 3839 1200 3910 sedi
1240 3839 1727 3929 suscipiendae
1764 3839 2232 3910 convenirent.
2271 3837 2397 3909 Ille
2424 3848 2682 3919 autem,

137 3926 301 3995 licet
347 3926 701 3998 humiliter
732 3940 1111 4007 recusaret,
1154 3929 1380 3997 sciens
1426 3941 1681 4008 tamen,
1734 3941 2075 4016 quantum
2127 3929 2216 3998 sit
2261 3925 2689 3997 obedientiae

137 4014 400 4085 bonum
443 4071 460 4099 ,
510 4017 847 4088 voluntati
911 4016 1229 4106 propriae
1297 4016 1671 4107 imperium
1728 4017 2128 4109 praeposuit
2191 4015 2681 4106 plurimorum.

139 4109 427 4193 Accepta
476 4118 704 4175 autem
773 4104 931 4176 sede
980 4105 1378 4199 pontificia,
1449 4127 1589 4175 non
1650 4105 1881 4175 statim
1943 4126 2160 4178 ausus
2224 4104 2354 4174 fuit
2408 4125 2686 4174 sacrum

140 4191 464 4263 Ordinem
497 4216 824 4285 praeceps
854 4195 1228 4284 percipere,
1261 4195 1488 4264 sciens
1518 4193 1837 4264 videlicet
1868 4215 2030 4264 cum
2062 4206 2321 4282 quanto
2351 4192 2683 4284 periculo,

140 4293 211 4351 et
257 4281 510 4368 quibus
560 4284 890 4355 fluctibus
937 4285 1310 4370 conjuncta
1345 4283 1433 4353 sit
1466 4282 1798 4375 neophyti
1856 4282 2247 4353 ordinatio:
2302 4304 2389 4352 ne
2433 4282 2507 4351 in
2570 4305 2690 4352 su-

138 4370 453 4463 perbiam
505 4371 749 4454 elatuS,
803 4374 874 4442 in
920 4372 1270 4461 ,iudicium
1323 4372 1582 4443 incidat
1628 4384 1695 4443 et
1741 4372 1811 4441 in
1864 4372 2188 4462 laqueum
2220 4370 2509 4442 diaboli.
2550 4372 2689 4442 Etsi

194 4493 218 4516 ⁶
251 4486 366 4551 Vide
383 4494 595 4545 append.
614 4496 717 4537 sive
733 4496 976 4545 Mai-tyrol.
997 4496 1101 4537 Vol.
1122 4505 1166 4543 v,
1182 4506 1226 4546 p.
1246 4496 1365 4537 4³1⁸.
