3308 5004
662 332 749 398 46
1505 349 1585 396 ns
1631 348 1723 397 ss.
1780 346 2184 397 nauseatus
2843 331 3029 398 ΑΗΕ.
3085 332 3110 396 l

661 434 699 518 ἓ
743 434 905 504 111.
956 433 1177 513 Quam
1227 430 1401 500 bene
1449 428 1664 520 igitur
1707 428 1791 500 ad
1828 451 1979 499 eam
2025 441 2314 498 matrem
2367 428 2689 519 congruit
2719 451 2952 500 sermo
3000 429 3117 500 ille

574 518 1044 611 propheticus,
1097 531 1173 588 ut
1200 532 1351 609 post
1388 532 1650 609 septem
1687 517 1992 588 filiorum
2024 539 2315 588 coronas
2343 517 2663 588 dicamus
2694 542 2709 586 ε
2771 524 2862 589 Tu
2897 530 3126 589 autem

570 611 746 679 sicut
788 610 974 678 oliva
1008 609 1370 697 fructifera
1416 609 1489 677 in
1536 608 1726 678 domo
1789 609 1912 677 Dei
1952 607 2244 697 (Psalm.
2294 606 2428 696 5⁴).
2484 612 2651 677 Nam
2704 607 3129 699 Olympiacis

574 696 990 789 spectaculis
1020 751 1036 778 ,
1088 718 1247 766 cum
1319 695 1865 766 innumerabiles
1940 718 2143 786 saepe
2217 696 2628 766 conveniant
2701 695 3075 767 luctatores
3104 752 3122 779 ‚

571 808 795 857 unum
832 784 1313 855 tantummodo
1363 797 1592 854 manet
1637 805 1889 855 corona
1939 785 2301 854 victorem:
2354 785 2467 857 isti
2521 806 2677 856 vero
2721 785 2810 856 de
2862 799 3129 877 septem

571 874 901 945 fratribus
939 888 1197 965 septem
1232 874 1673 944 emicuerunt
1703 895 2021 944 coronae.
2077 879 2153 943 Et
2183 895 2393 961 quam
2438 873 2614 943 mihi
2666 875 2976 946 ostendis
3017 897 3129 945 re-

572 965 845 1055 gionem
898 963 990 1033 ita
1039 962 1356 1044 fertilem,
1409 984 1614 1050 quem
1660 962 1906 1032 nidum
1947 976 2087 1033 tam
2115 984 2483 1033 numerosa
2518 962 2708 1053 prole
2755 962 3130 1034 foetosum?

570 1053 921 1141 Numquid
964 1052 1227 1125 similes
1265 1051 1511 1122 habuit
1563 1051 2057 1142 parturitiones
2117 1066 2338 1122 mater
2384 1052 2688 1121 filiorum
2739 1053 3129 1123 Zebedaei?

573 1142 885 1214 Gloriosa
929 1140 1210 1229 quidem
1252 1154 1318 1210 et
1349 1140 1501 1229 ipsa
1524 1140 2000 1232 Apostolorum
2039 1152 2280 1223 mater,
2307 1162 2457 1212 esse
2490 1141 2788 1210 duorum
2827 1155 3125 1212 tantum.

573 1236 842 1324 Septem
891 1252 1049 1301 vero
1099 1244 1433 1318 martyres
1484 1230 1715 1300 nescio
1760 1252 2074 1317 unquam
2124 1252 2349 1300 unum
2401 1228 2769 1320 protulisse
2819 1245 3122 1313 uterum,

569 1334 635 1392 et
692 1322 917 1412 ipsam
981 1318 1081 1390 eis
1134 1330 1418 1387 matrem
1489 1317 1748 1410 gloriae
1797 1319 2052 1389 sociam
2097 1318 2164 1387 in
2206 1320 2553 1389 consortio
2603 1319 2949 1409 passionis
2996 1342 3127 1411 ap-

572 1411 911 1501 positam:
963 1419 1029 1477 et
1088 1406 1367 1494 quidem
1427 1429 1563 1477 non
1625 1430 1769 1478 una
1834 1429 2055 1496 neque
2121 1408 2424 1498 simplici
2472 1408 2878 1497 adjectione
2914 1410 3130 1478 meri-

572 1511 797 1569 torum
847 1508 1053 1584 atque
1098 1496 1455 1565 virtutum.
1521 1501 1686 1566 Nam
1761 1496 1891 1566 filii
1937 1498 2090 1586 ejus
2156 1510 2418 1587 septem
2484 1508 2822 1586 martyres
2882 1510 3120 1580 erant,

570 1599 837 1658 tantum
887 1598 1117 1656 autem
1153 1606 1405 1675 corpus
1447 1586 1687 1656 matris
1734 1609 1774 1655 a
1831 1587 2130 1675 positum
2178 1599 2305 1655 est.
2352 1592 2613 1688 Corpus
2657 1585 2944 1673 quidem
2974 1600 3129 1658 erat

568 1697 819 1757 unum,
858 1686 1117 1765 septem
1155 1696 1309 1744 vero
1356 1688 1739 1776 martyrum
1809 1675 1962 1765 egio
2001 1674 2423 1766 implebatur
2470 1696 2539 1744 ιη
2579 1689 2819 1746 matre.
2874 1681 2953 1745 In
2984 1698 3133 1763 qua

572 1764 787 1835 dilata
831 1776 935 1834 est
1027 1762 1201 1832 loria
1251 1763 1592 1853 passionis
1623 1819 1639 1846 ,
1691 1775 1757 1833 et
1818 1786 2072 1834 corona
2123 1764 2471 1854 martyrii,
2525 1764 2595 1833 in
2654 1786 2734 1833 ea
2797 1766 3126 1836 omnium

569 1853 790 1923 virtus
819 1866 885 1922 et
930 1876 976 1943 g
1004 1852 1150 1923 oria
1180 1852 1610 1927 confluebat:
1642 1853 1809 1941 quia
1861 1876 1982 1944 per
2012 1874 2592 1941 unumquemque
2618 1852 2926 1924 filiorum
2964 1876 3133 1924 suo-

571 1964 723 2011 rum
777 1963 980 2033 passa
1027 1955 1152 2023 est,
1204 1954 1271 2010 et
1320 1943 1651 2028 quoniam
1704 1942 1860 2012 illos
1922 1942 2109 2033 ipsos
2161 1941 2328 2012 tales
2376 1942 2528 2033 ipsa
2581 1941 2900 2033 perfecit:
2957 1942 3133 2013 haec

569 2030 930 2101 ecclesiam
983 2029 1184 2100 nobis
1228 2029 1569 2121 integram
1622 2042 2009 2121 martyrum
2061 2032 2348 2122 peperit,
2392 2044 2650 2121 septem
2697 2030 2877 2102 filios
2923 2033 3133 2102 enixa

570 2119 983 2199 sublimiter,
1035 2139 1334 2206 quorum
1386 2118 1732 2189 neminem
1799 2121 2063 2212 peperit
2109 2134 2368 2202 terrae,
2422 2120 2541 2189 sed
2591 2142 2832 2190 omnes
2880 2121 3071 2191 coelo
3106 2177 3124 2202 ‚

571 2209 796 2299 magis
842 2221 1071 2277 autem
1125 2206 1293 2299 Regi
1367 2208 1762 2290 coelorum,
1844 2209 1962 2280 cui
2010 2232 2253 2281 omnes
2297 2231 2414 2279 eos
2471 2210 2541 2278 in
2593 2208 2801 2278 vitam
2860 2210 3132 2301 peperit

567 2310 942 2367 aeternam.
1865 2328 1875 2349 ·

655 2387 693 2474 ἓ
739 2392 873 2459 11.
928 2390 1016 2455 Er
1064 2407 1105 2455 o
1135 2384 1436 2456 callidus
1471 2386 1702 2456 omnis
1740 2386 2044 2457 malitiae
2094 2387 2527 2456 machinator
2578 2385 2901 2456 diabolus
2956 2386 3132 2456 ulti-

572 2494 758 2547 mam
792 2496 940 2547 eam
1042 2474 1189 2546 uxit
1216 2474 1301 2545 ad
1345 2486 1717 2559 certamen,
1761 2496 1842 2546 ea
1888 2478 2123 2556 causa,
2178 2498 2388 2564 quam
2440 2497 2656 2567 supra
2703 2474 3009 2566 exposui,
3049 2488 3132 2549 ut

567 2564 814 2636 virtute
860 2565 1014 2656 ejus
1060 2563 1295 2646 fracta,
1349 2576 1414 2635 et
1463 2565 1530 2634 in
1583 2566 1978 2656 spectaculo
2027 2566 2333 2636 filiorum
2403 2588 2523 2655 per
2569 2576 2909 2635 tormenta
2970 2587 3126 2635 mo-

566 2654 896 2724 rientium
959 2653 1359 2735 debilitata,
1412 2653 1614 2724 facile
1666 2668 1899 2746 postea
1957 2654 2330 2724 debellaret
2398 2654 2750 2723 afflictam.
2807 2653 2875 2723 Si
2934 2655 3128 2724 enim

568 2763 774 2834 saepe
805 2743 1174 2832 sanguinis
1193 2743 1485 2813 humani
1525 2742 1868 2813 fusionem
1897 2743 2202 2818 videntes
2238 2743 2577 2822 homines,
2615 2756 3133 2814 consueverunt

569 2853 817 2921 pavore
852 2830 1169 2922 percelli,
1222 2844 1288 2900 et
1322 2854 1456 2901 non
1510 2831 1823 2902 modicae
1872 2832 2251 2903 curationis
2297 2845 2661 2922 eguerunt,
2713 2845 2790 2901 ut
2837 2845 2901 2901 et
2950 2831 3129 2903 defi-

564 2920 856 2990 cientem
934 2920 1143 2989 vitam
1209 2932 1681 3001 resumerent,
1734 2934 1803 2992 et
1850 2920 2194 2991 labantem
2265 2921 2575 2990 animam
2655 2933 3108 2991 revocarent:

567 3019 791 3079 tantos
839 3007 961 3078 illa
988 3007 1232 3079 videns
1270 3009 1634 3099 sanguinis
1685 3009 1888 3090 rivo&
1939 3031 2076 3080 non
2122 3032 2203 3080 ex
2235 3009 2487 3091 aliena,
2526 3008 2645 3078 sed
2688 3009 2774 3079 de
2810 3009 3120 3079 filiorum

566 3119 853 3168 suorum
902 3118 1113 3168 carne
1160 3112 1545 3179 mananteS‚
1581 3098 1764 3186 quod
1818 3121 1956 3168 non
2002 3098 2358 3179 sustinuit,
2411 3109 2533 3168 aut
2577 3119 2787 3185 quam
2849 3111 3128 3188 pertur-

565 3186 910 3257 bationem
962 3199 1191 3262 mente
1240 3188 1593 3279 suscepit?
1630 3192 1870 3275 Itaque
1893 3187 2240 3268 diabolus,
2273 3200 2353 3258 ut
2384 3209 2595 3288 supra
2642 3186 2805 3269 dixi,
2846 3199 3132 3277 propter

564 3275 750 3362 quod
798 3296 948 3344 eam
1002 3287 1155 3366 post
1193 3274 1373 3347 filios
1412 3298 1599 3358 suos,
1650 3277 1851 3364 quasi
1888 3276 2296 3367 perfractam
2334 3276 2773 3358 orbitatibuS,
2808 3288 2875 3346 et
2919 3274 3127 3346 facile

567 3363 978 3433 vincendam
1021 3365 1091 3434 in
1130 3364 1461 3434 ultimum
1512 3378 1860 3436 certamen
1913 3365 2301 3446 induxerat,
2341 3364 2409 3435 id
2459 3377 2680 3436 totum
2730 3366 2798 3433 in
2849 3377 3127 3435 contra-

567 3452 747 3523 rium
788 3453 923 3523 sibi
971 3453 1305 3523 cecidisse
1337 3454 1701 3543 persensit,
1763 3466 1828 3538 et
1876 3454 2168 3524 muliere
2221 3475 2341 3545 per
2397 3453 2566 3524 haec
2625 3454 2801 3543 ipsa,
2855 3453 3122 3540 quibus

565 3541 978 3611 vincendam
1015 3554 1393 3633 putaverat,
1447 3542 1772 3632 vincente*
1804 3542 2139 3615 confusus
2187 3555 2311 3613 em.
2367 3544 2585 3634 Majus
2624 3542 2809 3612 enim
2865 3542 3128 3612 confir-

565 3641 750 3700 mata
781 3641 1000 3701 mater
1026 3630 1362 3722 exempli-s
1391 3631 1724 3714 filiorum,
1761 3654 2089 3723 aggressa
2113 3645 2216 3704 est
2244 3644 2616 3703 certamen.
2655 3630 3122 3714 Quamobrem

566 3741 693 3821 per
737 3718 1065 3790 orbitates
1110 3742 1278 3792 suas
1315 3742 1451 3791 non
1502 3721 1718 3791 fracta
1764 3736 1890 3802 δι,
1946 3720 2064 3791 sed
2096 3720 2333 3791 fortior
2379 3720 2557 3791 facta
2588 3732 2713 3790 est.
2749 3725 2890 3790 Non
2932 3720 3124 3790 enim

555 3831 701 3897 Jam
755 3809 1127 3896 reliquerat
1162 3808 1302 3880 sibi
1353 3831 1474 3900 pro
1520 3809 1780 3898 quibus
1819 3823 2212 3901 angeretur,
2262 3809 2363 3881 vel
2394 3809 2658 3897 quibus
2703 3808 2996 3892 timeret,
3032 3830 3125 3879 ne

563 3896 734 3969 forte
780 3897 1187 3969 infirmitate
1233 3897 1723 3969 fraudarentur
1767 3899 2084 3981 coroniS,
2137 3898 2256 3970 sed
2311 3920 2593 3979 omneS,
2636 3897 2846 3968 sicuti
2892 3919 3122 3968 unum

565 4009 910 4078 reponens
960 3988 1544 4079 promptuarium,
1589 3987 1676 4057 ad
1727 4010 2068 4079 supernos
2115 3986 2562 4079 praemittens
2595 3987 2802 4056 trium
2861 3987 3012 4069 hos,
3053 3998 3130 4057 et

563 4075 648 4146 ad
701 4076 1119 4148 inconcussa
1169 4077 1800 4169 perennisgloriae
1850 4099 2099 4169 regna,
2154 4076 2547 4169 gaudebat,
2600 4075 2783 4147 confi
2835 4098 2959 4147 ens
3006 4074 3127 4145 de·

563 4176 854 4248 caetero,
905 4177 971 4236 et
1020 4188 1267 4237 secura
1326 4188 1489 4236 cum
1544 4167 1978 4268 magnanimi
2037 4166 2406 4236 voluntate.
2460 4171 2539 4236 Et
2583 4165 2766 4236 sicut
2829 4185 3127 4236 coronae

563 4253 904 4342 quaedam
972 4254 1496 4346 pretiosissimis
1563 4254 1919 4346 lap1dibus
1979 4256 2402 4347 compositae
2451 4253 2872 4326 eminentem
2923 4275 3123 4344 gem-
3156 4280 3172 4290 ·

564 4364 803 4412 mam:
886 4343 980 4414 ita
1051 4366 1330 4414 carnem
1402 4367 1603 4415 suam
1675 4344 1888 4417 choro
1947 4344 2250 4416 filiorum
2330 4358 2709 4435 coaptanS,
2773 4342 2861 4414 ad
2936 4341 3125 4411 desi-

564 4432 945 4504 derabilem
1018 4438 1255 4504 Jesum
1308 4433 1539 4525 pullos
1577 4456 1787 4519 suos,
1853 4445 1929 4505 ut
1988 4434 2224 4524 aquila
2280 4433 2717 4523 subsequens
2780 4430 3117 4514 evolavit,
