3308 5004
192 309 390 398 ΑΗΕ.
441 311 527 376 20
859 329 941 376 m:
987 328 1043 379 s.
1096 325 1430 396 annnaupo
1475 330 1621 390 m.
1673 328 2057 396 manau„
2519 314 2666 396 ἠβῤ

196 412 385 485 sicut
423 415 574 507 ipso
604 412 939 504 referente
976 413 1375 496 didicimus,
1420 414 1731 500 chartam
1767 436 2098 506 reponere
2143 415 2385 492 voluit.
2418 414 2514 487 Ad
2548 437 2755 504 quem

197 515 401 595 pater
453 515 773 580 sanctus:
838 504 1052 592 Opus,
1105 502 1355 592 inquit,
1402 502 1708 574 Dei-est:
1759 504 2060 576 scribere
2099 525 2196 575 ne
2255 504 2521 596 timeas.
2577 504 2760 580 Scri-

178 675 185 684 ·
254 591 344 663 sit
405 614 479 662 er
529 615 568 662 o
629 591 992 683 epistolam
1059 589 1132 661 in
1184 591 1711 680 ‚medioimbre
1766 592 1916 668 sine
1973 591 2220 670 imbre.
2275 599 2583 683 Cumque
2617 616 2760 674 ¹un·-

254 681 416 769 ique
538 694 766 763 ueret,
847 679 1155 752 chartam
1218 681 1597 772 expositam
1649 680 1868 772 yirtus
1921 680 2278 754 charitatis
2316 682 2764 774 operuit:.et

200 792 381 860 quae
482 770 734 841 ictabat
779 769 1167 861 epistolam,
1214 768 1615 844 schedulam
1668 792 1942 859 quoque
1986 771 2237 861 pariter
2284 771 2755 856 conservabat.

206 864 289 930 Et
332 858 502 930 haec
550 857 830 948 quidem
880 858 1194 950 epistola,
1246 858 1334 930 ob
1384 875 1520 930 tam
1550 857 1838 961 *grande-
1885 858 2339 960 miraculum,
2410 855 2478 930 in
2526 860 2766 934 codice

210 947 658 1040 epistolarum
707 947 862 1037 ejus
909 971 949 1018 a
997 946 1330 1020 fratribus
1378 970 1515 1020 non
1566 953 2189 1039 Immerttoppbuna
2235 961 2338 1024 est
2383 947 2729 1022 ordinata.

298 1039 334 1124 ξ
380 1043 542 1114 52.
593 1037 936 1130 Agebatur
983 1035 1384 1110 solemnitas
1431 1035 1773 1125 quaedam
1831 1037 2227 1129 praecipua,
2261 1049 2364 1127 ret·
2395 1036 2766 1120 fraterali-

207 1126 393 1215 quiS‚
439 1148 646 1215 quem
702 1149 823 1216 pro
858 1139 1120 1197 secreta
1172 1125 1380 1217 culpa
1429 1124 1804 1215 abqaltaris
1852 1148 2044 1200 sacra
2093 1127 2587 1200 communione
2652 1150 2769 1204 su-

207 1214 619 1318 spenderat‚.
650 1214 872 1288 notari
926 1214 1200 1296 fimena,
1249 1227 1314 1285 et
1363 1211 1683 1292 ruborem
1723 1237 1856 1287 non
1911 1214 2286 1297 sustinenS,
2341 1213 2428 1286 ad
2478 1238 2765 1292 manum

207 1327 363 1394 ejus
411 1328 569 1376 cum
621 1305 951 1386 caeteris,
1008 1304 1300 1390 nimium
1374 1317 2033 1396 praesumptuosuS,
2087 1306 2412 1388 accessit.
2464 1305 2768 1380 Intuitus

207 1407 443 1466 autem
485 1416 673 1476 eum,
715 1392 879 1482 quia
918 1415 1131 1463 causa
1171 1393 1391 1463 latens
1436 1404 1604 1473 erat,
1664 1392 1995 1484 repellere
2048 1391 2398 1466 hominem
2431 1393 2761 1474 nolebat:

209 1481 328 1553 sed
376 1483 620 1552 intimo
667 1482 873 1553 corde
898 1482 1137 1553 orabat
1176 1485 1414 1564 Deum,
1449 1495 1526 1553 ut
1559 1481 1644 1553 de
1687 1496 1873 1553 tanta
1965 1482 2478 1573 raesumptione
2517 1481 2772 1558 melius

210 1570 476 1659 aliquid
514 1569 885 1642 ordinaret.
926 1575 1163 1659 Itaque
1203 1593 1486 1642 sumens
1524 1570 1735 1643 horno
1760 1577 1901 1642 Euc
1955 1571 2292 1655 aristiam,
2325 1594 2463 1643 non
2499 1581 2775 1664 poterat

211 1658 301 1731 ad
353 1660 676 1730 interiora
755 1659 1103 1751 trajicere:
1167 1670 1232 1731 et
1277 1659 1402 1730 diu
1467 1659 1908 1749 multumque
1971 1672 2300 1748 conatuS,
2353 1684 2514 1732 cum
2577 1658 2773 1734 nullo

213 1747 420 1822 modo
465 1747 902 1841 praevaleret,
956 1747 1208 1819 anxius
1244 1763 1310 1819 et
1342 1748 1841 1822 tremebundus
1898 1749 2207 1836 clausam
2260 1750 2766 1838 oreservabat.

214 1838 497 1929 Expleta
542 1838 842 1927 denique
890 1837 1061 1908 hora
1106 1837 1439 1912 orationis
1488 1843 1707 1928 Sexta,
1763 1851 2024 1931 patrem
2069 1851 2385 1912 sanctum
2417 1837 2774 1928 ⁴traxit-ad

216 1942 484 2019 partem
518 1951 532 1995 :
576 1928 780 2017 cujus
830 1926 1124 2019 pedibus
1156 1925 1547 2010 advolutus,
1588 1951 1749 2000 cum
1815 1926 2052 2000 multis
2085 1925 2438 2019 lacrymiS,
2478 1928 2538 1999 ei
2589 1927 2776 2016 quod

217 2016 631 2107 patiebatur,
685 2016 979 2107 aperuit,
1045 2030 1110 2086 et
1155 2030 1391 2107 aperto
1439 2039 1595 2099 ore,
1651 2016 1875 2108 ipsam
1930 2039 2065 2105 quo
2118 2039 2205 2089 ue
2268 2016 2774 2088 Eucharistiam

217 2104 638 2176 ostendebat.
694 2109 1069 2196 Increpans
1117 2118 1540 2178 autemeum
1574 2106 2082 2177 confitentema
2137 2104 2374 2188 solvit,
2413 2118 2479 2178 et
2526 2120 2777 2182 extunc

220 2194 373 2264 sine
420 2191 822 2265 difficultate
854 2194 1112 2285 recepit
1151 2194 1504 2264 Dominica
1534 2209 1992 2266 sacramenta.

311 2284 346 2383 ᾗ
396 2287 554 2356 58.
623 2287 700 2352 In
737 2282 1049 2354 minimis
1086 2283 1289 2353 etiam
1329 2282 1533 2355 rebus
1566 2306 1818 2376 magna
1869 2306 1989 2373 per
2028 2304 2186 2352 eum
2232 2282 2555 2354 novimus
2612 2304 2779 2354 con·

223 2370 482 2463 tigisse.
534 2377 819 2446 Venerat
856 2371 1232 2460 aliquando
1267 2372 1684 2442 Fusniacum
1732 2371 2079 2463 (Foiqny),
2118 2394 2296 2459 quae
2333 2385 2439 2443 est
2492 2371 2780 2444 Abbatia

222 2481 364 2533 una
396 2458 479 2531 de
541 2459 785 2554 primis
837 2483 1050 2549 quam
1108 2460 1255 2552 ipse
1299 2459 1740 2544 aedificavit,
1801 2461 1870 2532 in
1934 2459 2383 2533 Laudunensi
2442 2460 2780 2532 territorio
2847 2534 2850 2545 ἢ

223 2551 376 2620 sita.
423 2555 730 2637 Cumque
779 2549 1035 2621 ibidem
1084 2552 1363 2621 oratorii
1412 2549 1752 2622 dedicatio
1803 2564 2185 2641 pararetur,
2226 2550 2318 2620 ita
2346 2547 2521 2620 illud
2571 2572 2781 2623 occu-

226 2653 504 2730 paverat
528 2661 936 2709 muscarum
981 2639 1412 2711 incredibilis
1459 2637 1858 2719 multitudo,
1914 2653 1989 2710 ut
2035 2661 2274 2711 earum
2328 2638 2598 2709 sonitus
2650 2638 2782 2707 im-

224 2730 624 2820 probusque
673 2727 1035 2799 discursus
1073 2751 1349 2819 gravem
1403 2727 1612 2798 nimis
1663 2727 2176 2800 introeuntibus
2226 2727 2612 2799 molestiam
2664 2748 2782 2818 ge-

226 2832 518 2888 neraret.
572 2815 774 2887 Nullo
821 2840 984 2908 ergo
1032 2830 1480 2889 succurrente
1528 2817 1857 2900 remedi0‚
1911 2817 2082 2888 dixit
2130 2828 2450 2893 sanctus:
2504 2821 2787 2916 Excom-

224 2905 507 2978 munico
539 2927 689 2975 eas:
744 2920 810 2978 et
842 2929 1057 2977 mane.
1089 2930 1329 2978 omnes
1384 2918 1691 2977 mortuas
1743 2906 2175 2976 invenerunt.
2235 2910 2584 2994 Cumque.
2639 2927 2786 2975 avi-

225 3008 537 3065 mentum
587 3016 791 3064 omne
822 2995 1277 3086 operuissent,
1327 2994 1505 3087 palis
1552 2995 1907 3085 ejicientes
1952 3018 2094 3078 eaS,
2138 2994 2552 3066 itademum
2730 2994 2788 3063 i-

174 3142 181 3147 .
227 3083 432 3155 licam
488 3082 1022 3156 mundaverunt.
1078 3089 1218 3156 Hoc
1251 3097 1480 3157 autem
1533 3097 1671 3161 tam
1717 3097 1955 3156 notum
2006 3096 2074 3155 et
2130 3098 2265 3155 tam
2316 3080 2581 3157 celebre
2630 3081 2784 3164 fuit,

228 3185 309 3243 ut
356 3172 536 3242 inter
586 3171 845 3245 vicinos
891 3196 1201 3262 quoque,
1255 3196 1553 3263 quorum
1603 3172 1688 3244 ad
1741 3171 2247 3246 dedicationem
2311 3194 2563 3264 magna
2614 3171 2792 3242 mul-

227 3260 449 3332 titudo
496 3263 838 3348 convenit,
876 3286 1278 3335 muscarum
1330 3261 1946 3341 Fuscinacensium
2014 3260 2407 3347 maledictio
2457 3261 2529 3332 in
2588 3282 2790 3353 para-

228 3350 461 3422 bolam
514 3363 910 3424 verteretur.

316 3440 353 3528 §
399 3444 549 3513 51.
607 3443 685 3510 In
720 3464 800 3513 eo
847 3463 1123 3530 quoque
1172 3440 1613 3527 monasterio,
1666 3440 1807 3523 cui,
1865 3440 2126 3515 Charus
2158 3443 2342 3511 locus
2364 3449 2468 3511 est
2507 3459 2785 3519 nomen,

230 3550 530 3621 puerum
629 3530 981 3612 uemdam,
1020 3531 1140 3618 qui
1176 3528 1695 3619 ,incessabiliter
1736 3529 1943 3605 flebat
1981 3543 2049 3613 et
2095 3527 2432 3610 ululabat,
2463 3528 2593 3597 ,vir
2632 3549 2793 3598 san-

232 3631 386 3689 ctus
425 3640 592 3689 oscu
624 3639 663 3687 o
711 3618 1002 3689 sanavit.
1042 3624 1207 3690 Cum
1242 3619 1426 3691 enirn
1458 3641 1585 3709 per¹
1620 3617 1875 3691 multos
1908 3617 2057 3689 dies
2101 3615 2251 3697 sine
2286 3615 2794 3689 intermissione

234 3706 540 3799 plorans,
597 3707 863 3778 nullam
896 3707 1229 3798 reciperet
1274 3707 1841 3789 consolationem,
1885 3705 2068 3795 quod
2121 3728 2343 3797 genus
2378 3704 2599 3779 morbi
2651 3725 2794 3774 me·

235 3795 376 3867 dici
425 3818 562 3866 non
615 3795 961 3888 ignorant,
1008 3796 1496 3871 miserabiliter
1541 3794 1876 3867 deficiens
1906 3794 2317 3867 tabescebat.
2356 3799 2568 3879 Quem
2609 3813 2797 3863 seor-

237 3908 392 3957 sum
443 3884 806 3975 alloquens
856 3890 1051 3957 Pater
1101 3901 1409 3968 sanctUS,
1448 3885 1774 3959 monebat
1819 3895 1898 3954 ut
1956 3906 2244 3956 suorum
2294 3880 2799 3954 confessionem

238 3971 488 4045 faceret
535 3975 972 4048 delictorum.
1026 3980 1229 4046 Facta
1277 3987 1506 4047 autem
1570 3973 2004 4045 consessione
2034 4027 2051 4055 ,
2105 3972 2336 4045 subito
2385 3969 2651 4040 vultum
2692 3991 2803 4043 ae-

244 4083 517 4147 renans,
554 4064 746 4156 petiit
794 4087 833 4133 a
881 4063 1080 4137 beato
1128 4070 1323 4136 Patre
1355 4062 1675 4137 osculum
1718 4062 1856 4139 sibi
1901 4060 2077 4132 dari.
2107 4064 2532 4152 Acceptoque
2577 4079 2657 4128 ex
2687 4080 2804 4130 ore

246 4153 463 4222 sancti
510 4153 749 4226 osculo
780 4207 796 4237 ,
851 4151 921 4225 in
971 4152 1165 4224 omni
1234 4176 1400 4244 pace
1471 4151 1789 4255 protinus
1862 4151 2168 4239 quievit,
2221 4162 2285 4218 et
2334 4146 2803 4249 lacrymarum

246 4236 428 4309 fonte
450 4242 741 4329 siccato,
794 4241 1018 4315 laetus
1064 4257 1129 4314 et
1156 4241 1532 4315 incolurms
1582 4262 1937 4331 regressus
1968 4250 2071 4310 est
2111 4237 2181 4311 in
2283 4248 2528 4308 atnam
2572 4258 2797 4309 suam.

247 4331 545 4402 Exeunte
577 4331 955 4420 aliquando
993 4332 1250 4404 Abbate
1299 4343 1451 4423 post
1507 4328 1754 4400 fratres
1815 4329 2121 4417 reliquos
2175 4350 2213 4397 a
2312 4326 2618 4399 laborem
2652 4380 2669 4407 ,
2720 4325 2805 4396 fi-

244 4414 420 4487 lium
450 4420 780 4493 claudum
822 4422 884 4491 ei
931 4422 1217 4511 quidam
1268 4433 1463 4513 pater
1493 4417 1768 4503 obtulit,
1801 4417 2236 4510 supplicanS,
2277 4429 2357 4488 ut
2401 4415 2467 4486 ei
2515 4436 2803 4487 manum

404 4541 647 4601 surius
675 4572 694 4585 ·
730 4539 894 4602 Vitae
917 4541 1029 4604 88.
1053 4573 1079 4587 -
1106 4538 1238 4603 Vol.
1267 4538 1426 4602 vm.
2571 4536 2649 4595 30
