3308 5004
524 305 525 308 Ἴ
635 324 766 393 202
1232 340 1315 393 nt
1363 343 1420 393 s.
1472 342 1752 394 Ataaaro
1801 341 1991 394 cour.
2042 343 2396 395 mansura
2811 331 2998 399 AUG.
3053 331 3097 399 7

553 450 704 499 vero
754 449 1097 518 nusquam
1145 440 1552 521 conspectae
1599 441 1763 501 sunt
1810 429 1927 500 ille
1973 430 2335 503 triremes:
2389 453 2613 521 neque
2664 454 2902 505 earum
2969 456 3096 526 pa.-

540 518 729 593 .troni
777 518 1099 607 cuiquam
1172 518 1310 588 noti
1385 529 1602 589 erant.
1679 519 2025 590 Creditum
2074 532 2178 591 est
2238 542 2279 590 a
2327 521 2609 606 multiS,
2665 544 2902 594 earum
3013 546 3095 594 u-

551 607 946 678 bernatores
993 606 1206 677 fuisse
1236 606 1528 709 Angelos
1577 607 1720 677 Dei.
1755 608 1878 678 His
1907 629 2062 679 vero
2090 609 2615 692 animadversis,
2653 615 2791 681 Rex
2822 612 2954 683 Sici
3015 634 3096 684 ae

553 707 735 766 tanto
776 694 1115 766 miraculo
1163 716 1299 765 non
1342 697 1690 767 lmmerito
1722 697 2262 799 obstupefactus,
2297 720 2458 769 cum
2495 699 2908 771 satellitibus
2939 701 3099 773 suis

547 799 611 854 et
651 784 906 876 populo
939 784 1023 854 ad
1067 796 1383 855 sanctum
1426 785 1651 855 virum
1694 799 2005 868 accessit,
2043 786 2244 875 eique
2280 788 2418 858 ait:
2456 789 2605 859 Tibi
2636 803 2873 860 sancte
2897 794 3097 861 Pater

548 874 802 964 gratias
839 873 1138 965 agimus
1173 872 1356 961 quod
1408 885 1545 942 tam
1605 874 2003 945 humaniter
2039 897 2165 968 pro
2215 876 2418 948 nobis
2458 878 2936 969 peccatoribus
2981 879 3096 948 in·-

551 961 886 1032 tercedere
928 961 1247 1033 voluisti:
1303 961 1642 1053 planeque
1676 963 1875 1034 nobis
1911 964 2439 1055 persuademus»,
2480 967 2624 1037 tuis
2650 966 2910 1039 sanctis
2952 989 3099 1038 me·-

551 1052 699 1121 ritis
719 1072 846 1121 nos
877 1050 1079 1122 hodie
1112 1050 1437 1122 liberatos
1459 1072 1632 1122 esse.
1670 1052 1920 1124 Gratiis
1949 1053 2141 1136 actis,
2173 1076 2334 1125 cum
2364 1055 2516 1145 ejus
2549 1077 2834 1126 manum
2862 1065 3096 1128 essem

546 1139 940 1224 exosculati‚
978 1140 1138 1210 laeti
1176 1139 1517 1210 abierunt.
1557 1140 1775 1212 Crevit
1829 1141 1990 1212 inde
2027 1143 2210 1233 apud
2256 1142 2591 1234 populum
2641 1144 2878 1234 opinio
2925 1167 3094 1215 san·-

544 1229 798 1300 ctitatis
826 1229 1001 1320 ejuS,
1041 1228 1563 1318 sentiebantque
1594 1250 1728 1298 non
1766 1251 1968 1323 posse
1995 1230 2323 1324 deinceps
2369 1233 2457 1303 ab
2490 1232 2809 1305 hostibus
2841 1233 3090 1306 urbem

550 1329 825 1410 propter
852 1319 1006 1405 ejus
1041 1318 1285 1388 merita
1312 1319 1723 1409 expugnari.

634 1408 671 1494 ἓ
719 1411 813 1477 θ.
868 1411 994 1476 Per
1025 1404 1092 1474 id
1144 1419 1419 1496 tempus
1453 1406 1738 1495 quidam
1793 1408 2178 1479 monachus
2215 1429 2252 1478 e
2290 1407 2621 1481 coenobio
2667 1411 2890 1481 sancti
2940 1411 3093 1482 Sal-

544 1495 797 1566 vatoris
830 1494 1016 1585 apud
1066 1499 1470 1575 Messanam,
1513 1508 1931 1586 apostemate
1979 1498 2047 1567 in
2084 1508 2362 1588 gutture
2395 1498 2566 1569 adeo
2609 1501 3078 1589 premebatur,

444 1640 451 1651 .
545 1596 623 1653 ut
661 1582 907 1653 medici
942 1603 1183 1653 omnes
1212 1605 1403 1674 spem
1442 1584 1686 1655 salutis
1733 1606 2034 1667 omnem,
2074 1585 2258 1656 haud
2293 1608 2492 1659 secus
2524 1600 2729 1676 atque
2755 1590 3081 1671 extincto,

553 1672 1022 1758 praeciderent
1067 1686 1132 1742 et
1179 1672 1544 1744 auferrent.
1601 1678 1683 1744 Ut
1710 1673 1972 1745 audivit
2002 1687 2256 1755 autern,
2301 1680 2649 1747 Messanae
2676 1699 2826 1748 esse
2857 1678 3094 1748 virum

547 1762 662 1831 Dei
710 1761 1054 1832 Albertum
1091 1816 1106 1843 ,
1162 1762 1350 1833 misit
1403 1762 1738 1849 quosdam
1789 1784 1827 1832 e
1877 1764 2252 1845 Fratribus,
2301 1764 2421 1852 qui
2477 1778 2820 1856 rogarent,
2876 1780 2952 1838 ut
2998 1767 3094 1836 ad

550 1852 781 1942 ipsum
832 1850 901 1918 in
955 1863 1090 1920 tam
1145 1851 1833 1951 praesenti‘periculo
1887 1853 2334 1924 constitutum
2387 1855 2615 1924 venire
2663 1877 2798 1925 non
2840 1876 3092 1946 grava-

549 1952 756 2009 retur.
790 1938 1117 2009 Abierunt
1145 1938 1272 2021 tlli,
1307 1950 1557 2010 etcum
1600 1939 1684 2010 ad
1714 1962 1871 2010 eum
1908 1941 2397 2031 pervenissent,
2431 1965 2683 2034 magna
2712 1944 3093 2014 reverentia

552 2028 652 2097 illi
704 2027 1049 2118 praestita,
1085 2028 1405 2098 dixerunt
1434 2050 1448 2096 ε
1495 2033 1725 2099 Frater
1755 2043 1983 2100 noster
2010 2032 2453 2123 apostematis
2487 2032 2800 2103 molestia
2833 2033 3089 2103 misere

555 2116 877 2200 afflictuS,
930 2130 1200 2187 oratut
1247 2116 1476 2208 ipsum
1529 2117 1699 2187 velis
1743 2119 2072 2201 invisere,
2127 2133 2192 2190 et
2238 2120 2376 2191 tuis
2424 2121 2746 2211 precibus
2796 2121 3086 2204 malum,

555 2204 980 2277 medicorum
1016 2206 1330 2276 omnium
1381 2218 1593 2276 artem
1628 2218 1696 2277 et
1742 2227 2018 2299 operam
2054 2207 2342 2280 eludens
2369 2263 2385 2289 ‚
2448 2210 2835 2302 profligare.
2890 2212 3094 2282 Mise-

550 2294 845 2364 ricordia
885 2306 1237 2386 permotus
1285 2294 1388 2363 vir
1434 2294 1572 2377 Dei,
1614 2295 1734 2365 ivit
1764 2318 1922 2366 cum
1961 2296 2123 2378 illis,
2160 2310 2226 2368 et
2271 2299 2540 2369 intrans
2573 2299 2645 2368 in
2677 2299 3090 2370 cubiculum

545 2404 623 2453 ae
675 2383 827 2465 roti,
882 2385 1018 2454 ait:
1078 2410 1104 2449 ι
1139 2389 1280 2454 Non
1317 2383 1618 2455 debuisti
1660 2384 1742 2454 ad
1784 2406 1891 2455 me
1925 2386 2214 2468 mittere,
2255 2385 2463 2458 frater
2491 2386 2925 2468 charissime,
2962 2389 3090 2476 qui

548 2405 873 2545 infirmus
921 2493 1074 2545 sum
1137 2486 1202 2544 et
1251 2474 1546 2564 peccatis
1593 2473 1956 2546 obnoxius.
2013 2473 2136 2546 Sed
2188 2474 2469 2564 quando
2506 2487 2731 2548 tamen
2782 2489 2847 2548 et
2895 2476 3090 2549 salus

543 2573 608 2632 et
641 2563 927 2633 morbus
975 2563 1209 2633 divino
1244 2577 1485 2653 parent
1518 2563 1830 2654 imperio,
1879 2565 2060 2635 bono
2088 2565 2323 2635 animo
2353 2579 2520 2648 est0,
2563 2579 2629 2637 et
2667 2587 2860 2658 spem
2892 2579 3087 2636 tuam

544 2650 615 2720 in
676 2657 807 2722 Deo
859 2673 1202 2742 repone.»
1251 2651 1507 2721 Deinde
1561 2673 1724 2722 cum
1765 2651 1963 2723 illum
2021 2654 2254 2725 Crucis
2300 2655 2500 2747 signo
2553 2656 3078 2757 consignasset,
3146 2703 3153 2709 -

541 2740 695 2831 ejus
741 2740 1171 2832 apprehensa
1219 2740 1517 2821 dextere,
1570 2741 1714 2810 ait:
1775 2740 2100 2823 Confidis,
2155 2742 2363 2813 frater
2392 2798 2407 2823 ‚
2459 2743 2532 2812 in
2582 2748 2869 2814 Dommo
2915 2749 3088 2814 Jesu

542 2842 608 2899 et
642 2829 959 2919 piissima
1004 2834 1213 2899 Matre
1258 2829 1468 2901 e'us?
1514 2829 1744 2909 Plane,
1797 2830 2026 2918 inquit
2070 2831 2211 2914 ille,
2258 2831 2556 2914 confide,
2611 2844 2679 2903 et
2717 2845 2875 2903 tuae
2922 2854 3087 2904 san-

541 2918 758 2987 ctitati
801 2938 909 2987 me
947 2939 1260 2989 commen
1317 2939 1357 2988 o
1405 2917 1773 2989 incurabili
1828 2919 2067 2989 morbo
2105 2941 2542 3010 oppressum.
2581 2926 2766 3005 Quae
2799 2942 2962 2992 cum
2997 2921 3086 2993 ab

543 3005 662 3075 illo
702 3005 887 3076 dicta
932 3018 1182 3087 essent,
1221 3028 1378 3077 mox
1409 3008 1849 3098 apostematis
1885 3009 2069 3100 rupti
2105 3031 2224 3100 per
2261 3030 2339 3079 os
2371 3009 2632 3081 saniem
2663 3011 3082 3081 teterrimam

400 3140 419 3155 «
542 3094 802 3181 reiecit,
836 3106 903 3164 et
934 3095 1266 3186 pristinae
1312 3095 1517 3166 saluti
1572 3096 1930 3168 restitutus
1982 3108 2108 3170 est.
2146 3102 2238 3168 Ea
2275 3119 2384 3170 res
2429 3100 2866 3170 sanctitatem.
2905 3098 3088 3171 beati

541 3183 670 3252 viri
705 3182 966 3271 ubique
1002 3184 1408 3276 divulgavit.

632 3274 670 3360 ἓ
715 3276 872 3346 1⁰.
927 3272 1269 3343 Perlatum
1317 3273 1736 3362 quandoque
1781 3285 1884 3344 est
1929 3272 2014 3344 ad
2063 3274 2286 3344 virum
2339 3276 2500 3359 Dei,
2543 3275 2924 3364 quamdam
2958 3298 3085 3346 no-

544 3360 751 3430 bilem
805 3362 1188 3433 matronam
1240 3362 1491 3432 habere
1540 3361 1803 3445 filiam,
1856 3384 1897 3432 a
1954 3363 2288 3434 daemone
2345 3377 2685 3435 vexatam.
2743 3370 2916 3435 Tum
2967 3365 3088 3436 ille

542 3449 1029 3539 ingemiscenS‚
1083 3455 1160 3520 Et
1195 3470 1526 3539 quanam,
1582 3451 1830 3539 inquit,
1884 3454 2285 3523 auctoritate
2321 3452 2450 3524 hoc
2498 3453 2719 3525 facere
2766 3476 2980 3526 ausus
3008 3474 3086 3525 es

541 3538 815 3629 impure
862 3543 1110 3610 satan?
1157 3541 1393 3610 Statim
1444 3562 1480 3609 e
1520 3539 1848 3611 fratribus
1885 3540 2167 3629 quidem
2199 3541 2527 3613 indicavit
2558 3557 2912 3615 matronae
2940 3542 3076 3625 illi,

542 3627 766 3697 virum
829 3628 943 3698 Dei
991 3627 1339 3699 Albertum
1387 3628 1650 3700 adesse.
1706 3629 1827 3700 Illa
1878 3652 2038 3700 cum
2089 3631 2349 3722 ingenti
2417 3630 2772 3702 charitatis
2818 3631 3086 3702 fervore

545 3715 718 3787 dixit
762 3715 845 3786 ad
899 3716 1250 3787 hominem
1305 3718 1464 3788 Dei:
1518 3723 1728 3810 Spero
1761 3718 1900 3790 tuis
1948 3719 2205 3790 sanctis
2240 3720 2501 3789 meritis
2540 3719 2878 3791 divinitus
2908 3720 3085 3790 mibi
3151 3801 3158 3809 ‚

538 3805 1077 3876 consolationem
1127 3805 1547 3877 adfuturam.
1606 3808 1819 3878 Unica
1865 3807 2010 3878 filia
2040 3829 2213 3889 mea,
2271 3807 2612 3879 diabolica
2649 3809 3086 3881 infestatione

541 3895 792 3965 misere
825 3894 1174 3986 fatigatur.
1228 3900 1494 3979 Quaeso
1540 3909 1615 3966 ut
1662 3917 1810 3967 eam
1862 3896 2156 3968 invisere
2201 3897 2534 3988 digneris,
2577 3902 2749 3969 Tum
2790 3899 2895 3968 vir
2923 3898 3084 3988 pius

538 3983 1140 4055 commiseratione
1172 3984 1479 4066 affectus,
1522 3985 1909 4075 ingreditur
1937 3985 2019 4056 ad
2053 3985 2383 4077 puellam,
2414 4008 2705 4075 eamque
2734 3987 3073 4070 salutanS,

537 4072 751 4142 dicitz
804 4078 941 4143 Pax
989 4087 1261 4144 tecum:
1315 4074 1790 4164 impressoque
1826 4073 2031 4145 fronti
2081 4075 2233 4164 ejus
2281 4076 2518 4146 Crucis
2565 4076 2788 4166 signO,
2835 4076 2924 4148 ab
2957 4076 3082 4148 illa

537 4160 606 4229 in
643 4160 913 4232 dextera
955 4162 1232 4233 maxilla
1275 4164 1677 4254 percutitur.
1717 4163 1841 4234 Ille
1876 4163 2050 4233 nibil
2089 4175 2342 4246 motuS,
2381 4163 2581 4235 dixit:
2618 4166 2874 4236 Praebe
2907 4165 3080 4237 mibi

537 4247 819 4319 alteram
858 4305 873 4332 ,
927 4263 1118 4341 pater
1163 4252 1477 4324 omnium
1547 4253 2031 4342 superborum.
2099 4256 2177 4322 At
2224 4252 2456 4324 malus
2514 4253 2808 4325 daemon
2858 4256 3082 4325 sancti

537 4338 665 4406 viri
707 4338 1096 4411 humilitate
1144 4340 1574 4432 pudefactus,
1627 4352 1832 4429 atque
1878 4341 2029 4432 ejus
2068 4342 2330 4413 meritis
2361 4354 2745 4426 enervatus,
2783 4345 2916 4416 ait:
2953 4344 3079 4415 Hei

538 4425 751 4508 mihi,
805 4440 1140 4515 quantum
1189 4430 1463 4500 crucior
1510 4430 1766 4501 sanctis
1818 4430 2078 4502 meritis
2126 4431 2305 4512 tuiS,
2360 4432 2819 4523 praesentiam
2881 4446 3076 4506 tuam
