<?xml version="1.0" encoding="UTF-8"?>
<!DOCTYPE html PUBLIC "-//W3C//DTD XHTML 1.0 Transitional//EN"
    "http://www.w3.org/TR/xhtml1/DTD/xhtml1-transitional.dtd">
<html xmlns="http://www.w3.org/1999/xhtml" xml:lang="en" lang="en">
 <head>
  <title>
</title>
<meta http-equiv="Content-Type" content="text/html;charset=utf-8" />
  <meta name='ocr-system' content='tesseract 3.04.00' />
  <meta name='ocr-capabilities' content='ocr_page ocr_carea ocr_par ocr_line ocrx_word'/>
</head>
<body>
  <div class='ocr_page' id='page_1' title='image "./historiaeseuvit01lippgoog_0037.png"; bbox 0 0 3308 5004; ppageno 0'>
   <div class='ocr_carea' id='block_1_1' title="bbox 163 364 2558 434">
    <p class='ocr_par' dir='ltr' id='par_1_1' title="bbox 163 364 2558 434">
     <span class='ocr_line' id='line_1_1' title="bbox 163 364 2558 434; baseline 0.001 -2"><span class='ocrx_word' id='word_1_1' title='bbox 163 364 300 432; x_wconf 78' lang='lat' dir='ltr'><strong>AUG.</strong></span> <span class='ocrx_word' id='word_1_2' title='bbox 348 364 373 428; x_wconf 77' lang='lat' dir='ltr'><strong>l</strong></span> <span class='ocrx_word' id='word_1_3' title='bbox 693 382 773 427; x_wconf 71' lang='lat' dir='ltr'><strong>nc</strong></span> <span class='ocrx_word' id='word_1_4' title='bbox 818 381 910 429; x_wconf 78' lang='lat' dir='ltr'><strong>ss,</strong></span> <span class='ocrx_word' id='word_1_5' title='bbox 962 378 1163 429; x_wconf 73' lang='lat' dir='ltr'><strong>ritmo</strong></span> <span class='ocrx_word' id='word_1_6' title='bbox 1207 381 1427 430; x_wconf 72' lang='lat' dir='ltr'><strong>Arosr.</strong></span> <span class='ocrx_word' id='word_1_7' title='bbox 1480 383 1557 429; x_wconf 72' lang='lat' dir='ltr'><strong>m</strong></span> <span class='ocrx_word' id='word_1_8' title='bbox 1605 382 1833 430; x_wconf 76' lang='lat' dir='ltr'><strong>rnorn.</strong></span> <span class='ocrx_word' id='word_1_9' title='bbox 1884 384 2031 432; x_wconf 61' lang='lat' dir='ltr'><strong>nuit</strong></span> <span class='ocrx_word' id='word_1_10' title='bbox 2472 367 2558 434; x_wconf 84' lang='lat'><strong>33</strong></span> 
     </span>
    </p>
   </div>
   <div class='ocr_carea' id='block_1_2' title="bbox 136 464 2658 4561">
    <p class='ocr_par' dir='ltr' id='par_1_2' title="bbox 143 464 2654 1357">
     <span class='ocr_line' id='line_1_2' title="bbox 162 464 2643 558; baseline 0.002 -23"><span class='ocrx_word' id='word_1_11' title='bbox 162 487 277 535; x_wconf 81' lang='lat' dir='ltr'><strong>arro</strong></span> <span class='ocrx_word' id='word_1_12' title='bbox 356 464 529 536; x_wconf 87' lang='lat' dir='ltr'><strong>ntiae</strong></span> <span class='ocrx_word' id='word_1_13' title='bbox 556 465 879 546; x_wconf 84' lang='lat' dir='ltr'><strong>habebat,</strong></span> <span class='ocrx_word' id='word_1_14' title='bbox 934 467 1135 552; x_wconf 82' lang='lat' dir='ltr'>quasi</span> <span class='ocrx_word' id='word_1_15' title='bbox 1186 467 1334 557; x_wconf 89' lang='lat' dir='ltr'><strong>ipse</strong></span> <span class='ocrx_word' id='word_1_16' title='bbox 1370 488 1660 555; x_wconf 90' lang='lat' dir='ltr'><strong>peccare</strong></span> <span class='ocrx_word' id='word_1_17' title='bbox 1693 489 1827 537; x_wconf 91' lang='lat' dir='ltr'><strong>non</strong></span> <span class='ocrx_word' id='word_1_18' title='bbox 1865 481 2119 558; x_wconf 87' lang='lat' dir='ltr'><strong>posset.</strong></span> <span class='ocrx_word' id='word_1_19' title='bbox 2173 474 2367 539; x_wconf 87' lang='lat' dir='ltr'><strong>Nunc</strong></span> <span class='ocrx_word' id='word_1_20' title='bbox 2415 482 2643 540; x_wconf 91' lang='lat' dir='ltr'><strong>autem</strong></span> 
     </span>
     <span class='ocr_line' id='line_1_3' title="bbox 166 488 2649 649; baseline 0.001 -25"><span class='ocrx_word' id='word_1_21' title='bbox 166 566 209 624; x_wconf 82' lang='lat' dir='ltr'><strong>et</strong></span> <span class='ocrx_word' id='word_1_22' title='bbox 243 488 412 623; x_wconf 57' lang='lat' dir='ltr'><strong>itffim</strong></span> <span class='ocrx_word' id='word_1_23' title='bbox 453 568 735 645; x_wconf 88' lang='lat' dir='ltr'><strong>peccato</strong></span> <span class='ocrx_word' id='word_1_24' title='bbox 772 556 1227 625; x_wconf 78' lang='lat' dir='ltr'><strong>succubuisse</strong></span> <span class='ocrx_word' id='word_1_25' title='bbox 1274 556 1739 638; x_wconf 80' lang='lat' dir='ltr'><strong>ostendimuS,</strong></span> <span class='ocrx_word' id='word_1_26' title='bbox 1792 579 1950 625; x_wconf 88' lang='lat' dir='ltr'><strong>cum</strong></span> <span class='ocrx_word' id='word_1_27' title='bbox 1999 558 2128 629; x_wconf 93' lang='lat' dir='ltr'><strong>hoc</strong></span> <span class='ocrx_word' id='word_1_28' title='bbox 2178 563 2358 629; x_wconf 92' lang='lat' dir='ltr'><strong>Deus</strong></span> <span class='ocrx_word' id='word_1_29' title='bbox 2391 559 2649 649; x_wconf 85' lang='lat' dir='ltr'><strong>permi-</strong></span> 
     </span>
     <span class='ocr_line' id='line_1_4' title="bbox 160 643 2652 738; baseline 0.002 -26"><span class='ocrx_word' id='word_1_30' title='bbox 160 643 302 723; x_wconf 86' lang='lat' dir='ltr'><strong>serit,</strong></span> <span class='ocrx_word' id='word_1_31' title='bbox 348 665 421 713; x_wconf 90' lang='lat' dir='ltr'><strong>ac</strong></span> <span class='ocrx_word' id='word_1_32' title='bbox 471 644 880 734; x_wconf 84' lang='lat' dir='ltr'><strong>providerit:</strong></span> <span class='ocrx_word' id='word_1_33' title='bbox 933 658 1012 714; x_wconf 91' lang='lat' dir='ltr'><strong>ut</strong></span> <span class='ocrx_word' id='word_1_34' title='bbox 1050 667 1346 731; x_wconf 89' lang='lat' dir='ltr'><strong>quarum</strong></span> <span class='ocrx_word' id='word_1_35' title='bbox 1388 666 1634 714; x_wconf 81' lang='lat' dir='ltr'><strong>rerum</strong></span> <span class='ocrx_word' id='word_1_36' title='bbox 1688 644 2195 736; x_wconf 84' lang='lat' dir='ltr'><strong>indulgentiam</strong></span> <span class='ocrx_word' id='word_1_37' title='bbox 2246 648 2397 738; x_wconf 93' lang='lat' dir='ltr'><strong>ipse</strong></span> <span class='ocrx_word' id='word_1_38' title='bbox 2430 648 2652 737; x_wconf 87' lang='lat' dir='ltr'><strong>impc-</strong></span> 
     </span>
     <span class='ocr_line' id='line_1_5' title="bbox 156 732 2649 824; baseline 0.002 -24"><span class='ocrx_word' id='word_1_39' title='bbox 156 732 332 812; x_wconf 83' lang='lat' dir='ltr'><strong>travit,</strong></span> <span class='ocrx_word' id='word_1_40' title='bbox 359 754 504 802; x_wconf 86' lang='lat' dir='ltr'><strong>eam</strong></span> <span class='ocrx_word' id='word_1_41' title='bbox 536 734 695 802; x_wconf 90' lang='lat' dir='ltr'><strong>etin</strong></span> <span class='ocrx_word' id='word_1_42' title='bbox 737 732 910 803; x_wconf 90' lang='lat' dir='ltr'><strong>alios</strong></span> <span class='ocrx_word' id='word_1_43' title='bbox 950 747 1312 803; x_wconf 86' lang='lat' dir='ltr'><strong>exerceret.</strong></span> <span class='ocrx_word' id='word_1_44' title='bbox 1341 734 1562 824; x_wconf 84' lang='lat' dir='ltr'><strong>Fugit,</strong></span> <span class='ocrx_word' id='word_1_45' title='bbox 1598 733 1848 821; x_wconf 89' lang='lat' dir='ltr'><strong>inquit,</strong></span> <span class='ocrx_word' id='word_1_46' title='bbox 1889 735 2071 805; x_wconf 89' lang='lat' dir='ltr'><strong>Elias</strong></span> <span class='ocrx_word' id='word_1_47' title='bbox 2103 737 2348 806; x_wconf 89' lang='lat' dir='ltr'><strong>itinere</strong></span> <span class='ocrx_word' id='word_1_48' title='bbox 2379 736 2649 807; x_wconf 91' lang='lat' dir='ltr'><strong>dierum</strong></span> 
     </span>
     <span class='ocr_line' id='line_1_6' title="bbox 152 820 2652 913; baseline 0.002 -24"><span class='ocrx_word' id='word_1_49' title='bbox 152 820 585 912; x_wconf 84' lang='lat' dir='ltr'><strong>quadraginta.</strong></span> <span class='ocrx_word' id='word_1_50' title='bbox 614 827 778 892; x_wconf 87' lang='lat' dir='ltr'><strong>Cum</strong></span> <span class='ocrx_word' id='word_1_51' title='bbox 804 820 1004 892; x_wconf 83' lang='lat' dir='ltr'><strong>vellet</strong></span> <span class='ocrx_word' id='word_1_52' title='bbox 1029 827 1208 892; x_wconf 90' lang='lat' dir='ltr'><strong>Deus</strong></span> <span class='ocrx_word' id='word_1_53' title='bbox 1240 821 1615 903; x_wconf 88' lang='lat' dir='ltr'><strong>declarare,</strong></span> <span class='ocrx_word' id='word_1_54' title='bbox 1652 823 1996 893; x_wconf 90' lang='lat' dir='ltr'><strong>miracula</strong></span> <span class='ocrx_word' id='word_1_55' title='bbox 2031 824 2149 894; x_wconf 91' lang='lat' dir='ltr'><strong>illa</strong></span> <span class='ocrx_word' id='word_1_56' title='bbox 2173 848 2352 913; x_wconf 91' lang='lat' dir='ltr'><strong>quae</strong></span> <span class='ocrx_word' id='word_1_57' title='bbox 2379 840 2652 896; x_wconf 89' lang='lat' dir='ltr'><strong>ostensa</strong></span> 
     </span>
     <span class='ocr_line' id='line_1_7' title="bbox 150 907 2654 1003; baseline 0.003 -27"><span class='ocrx_word' id='word_1_58' title='bbox 150 907 394 991; x_wconf 87' lang='lat' dir='ltr'><strong>fuerant,</strong></span> <span class='ocrx_word' id='word_1_59' title='bbox 437 932 574 980; x_wconf 90' lang='lat' dir='ltr'><strong>non</strong></span> <span class='ocrx_word' id='word_1_60' title='bbox 612 913 699 982; x_wconf 88' lang='lat' dir='ltr'><strong>ab</strong></span> <span class='ocrx_word' id='word_1_61' title='bbox 748 909 917 992; x_wconf 88' lang='lat' dir='ltr'><strong>Elia,</strong></span> <span class='ocrx_word' id='word_1_62' title='bbox 962 911 1080 980; x_wconf 90' lang='lat' dir='ltr'><strong>sed</strong></span> <span class='ocrx_word' id='word_1_63' title='bbox 1140 934 1179 980; x_wconf 88' lang='lat' dir='ltr'><strong>a</strong></span> <span class='ocrx_word' id='word_1_64' title='bbox 1245 933 1368 980; x_wconf 90' lang='lat' dir='ltr'><strong>sua</strong></span> <span class='ocrx_word' id='word_1_65' title='bbox 1426 912 1651 1003; x_wconf 87' lang='lat' dir='ltr'><strong>ipsius</strong></span> <span class='ocrx_word' id='word_1_66' title='bbox 1687 913 1994 1001; x_wconf 87' lang='lat' dir='ltr'><strong>potentia</strong></span> <span class='ocrx_word' id='word_1_67' title='bbox 2041 914 2219 984; x_wconf 86' lang='lat' dir='ltr'><strong>facta</strong></span> <span class='ocrx_word' id='word_1_68' title='bbox 2267 936 2440 995; x_wconf 88' lang='lat' dir='ltr'><strong>esse,</strong></span> <span class='ocrx_word' id='word_1_69' title='bbox 2499 913 2654 984; x_wconf 89' lang='lat' dir='ltr'><strong>vide</strong></span> 
     </span>
     <span class='ocr_line' id='line_1_8' title="bbox 145 998 2652 1094; baseline 0.003 -27"><span class='ocrx_word' id='word_1_70' title='bbox 145 998 281 1083; x_wconf 87' lang='lat' dir='ltr'><strong>quid</strong></span> <span class='ocrx_word' id='word_1_71' title='bbox 314 999 533 1069; x_wconf 88' lang='lat' dir='ltr'><strong>faciat.</strong></span> <span class='ocrx_word' id='word_1_72' title='bbox 587 1006 734 1084; x_wconf 92' lang='lat' dir='ltr'><strong>Quo</strong></span> <span class='ocrx_word' id='word_1_73' title='bbox 768 1011 1074 1091; x_wconf 90' lang='lat' dir='ltr'><strong>tempore</strong></span> <span class='ocrx_word' id='word_1_74' title='bbox 1108 1005 1280 1070; x_wconf 86' lang='lat' dir='ltr'><strong>Deus</strong></span> <span class='ocrx_word' id='word_1_75' title='bbox 1329 1001 1478 1090; x_wconf 90' lang='lat' dir='ltr'><strong>ipse</strong></span> <span class='ocrx_word' id='word_1_76' title='bbox 1534 1001 1975 1090; x_wconf 76' lang='lat' dir='ltr'><strong>operabatur,</strong></span> <span class='ocrx_word' id='word_1_77' title='bbox 2032 1024 2251 1094; x_wconf 87' lang='lat' dir='ltr'><strong>reges,</strong></span> <span class='ocrx_word' id='word_1_78' title='bbox 2300 1004 2652 1094; x_wconf 82' lang='lat' dir='ltr'>principes</span> 
     </span>
     <span class='ocr_line' id='line_1_9' title="bbox 143 1088 2646 1178; baseline 0.003 -24"><span class='ocrx_word' id='word_1_79' title='bbox 143 1100 194 1154; x_wconf 86' lang='lat' dir='ltr'><strong>et</strong></span> <span class='ocrx_word' id='word_1_80' title='bbox 220 1088 433 1178; x_wconf 89' lang='lat' dir='ltr'><strong>populi</strong></span> <span class='ocrx_word' id='word_1_81' title='bbox 474 1088 660 1158; x_wconf 91' lang='lat' dir='ltr'><strong>Eliae</strong></span> <span class='ocrx_word' id='word_1_82' title='bbox 690 1089 1265 1159; x_wconf 78' lang='lat' dir='ltr'><strong>succumbebant.</strong></span> <span class='ocrx_word' id='word_1_83' title='bbox 1306 1094 1471 1157; x_wconf 85' lang='lat' dir='ltr'><strong>Cum</strong></span> <span class='ocrx_word' id='word_1_84' title='bbox 1511 1111 1669 1160; x_wconf 87' lang='lat' dir='ltr'><strong>vero</strong></span> <span class='ocrx_word' id='word_1_85' title='bbox 1706 1096 1885 1160; x_wconf 89' lang='lat' dir='ltr'><strong>Deus</strong></span> <span class='ocrx_word' id='word_1_86' title='bbox 1932 1091 2406 1174; x_wconf 86' lang='lat' dir='ltr'><strong>abscessisset,</strong></span> <span class='ocrx_word' id='word_1_87' title='bbox 2440 1093 2646 1162; x_wconf 91' lang='lat' dir='ltr'><strong>etiam</strong></span> 
     </span>
     <span class='ocr_line' id='line_1_10' title="bbox 144 1175 2652 1268; baseline 0.003 -25"><span class='ocrx_word' id='word_1_88' title='bbox 144 1175 358 1246; x_wconf 86' lang='lat' dir='ltr'><strong>mulier</strong></span> <span class='ocrx_word' id='word_1_89' title='bbox 398 1200 539 1247; x_wconf 91' lang='lat' dir='ltr'><strong>una</strong></span> <span class='ocrx_word' id='word_1_90' title='bbox 573 1178 950 1268; x_wconf 83' lang='lat' dir='ltr'><strong>Prophetae</strong></span> <span class='ocrx_word' id='word_1_91' title='bbox 999 1178 1096 1247; x_wconf 93' lang='lat' dir='ltr'><strong>illi</strong></span> <span class='ocrx_word' id='word_1_92' title='bbox 1161 1177 1488 1247; x_wconf 89' lang='lat' dir='ltr'><strong>terribilis</strong></span> <span class='ocrx_word' id='word_1_93' title='bbox 1537 1178 1684 1248; x_wconf 89' lang='lat' dir='ltr'><strong>visa</strong></span> <span class='ocrx_word' id='word_1_94' title='bbox 1746 1191 1872 1249; x_wconf 87' lang='lat' dir='ltr'><strong>est.</strong></span> <span class='ocrx_word' id='word_1_95' title='bbox 1937 1180 2278 1252; x_wconf 88' lang='lat' dir='ltr'><strong>Abscessit</strong></span> <span class='ocrx_word' id='word_1_96' title='bbox 2312 1186 2532 1263; x_wconf 90' lang='lat' dir='ltr'><strong>Deus,</strong></span> <span class='ocrx_word' id='word_1_97' title='bbox 2585 1193 2652 1251; x_wconf 86' lang='lat' dir='ltr'><strong>et</strong></span> 
     </span>
     <span class='ocr_line' id='line_1_11' title="bbox 144 1266 1322 1357; baseline 0.003 -26"><span class='ocrx_word' id='word_1_98' title='bbox 144 1277 348 1335; x_wconf 87' lang='lat' dir='ltr'><strong>natura</strong></span> <span class='ocrx_word' id='word_1_99' title='bbox 393 1267 701 1336; x_wconf 89' lang='lat' dir='ltr'><strong>humana</strong></span> <span class='ocrx_word' id='word_1_100' title='bbox 750 1266 1121 1357; x_wconf 83' lang='lat' dir='ltr'><strong>redarguta</strong></span> <span class='ocrx_word' id='word_1_101' title='bbox 1169 1266 1322 1336; x_wconf 87' lang='lat' dir='ltr'><strong>suit.</strong></span> 
     </span>
    </p>

    <p class='ocr_par' dir='ltr' id='par_1_3' title="bbox 136 1354 2653 2782">
     <span class='ocr_line' id='line_1_12' title="bbox 207 1354 2651 1447; baseline 0 -20"><span class='ocrx_word' id='word_1_102' title='bbox 207 1354 239 1440; x_wconf 69' lang='grc' dir='ltr'><strong>ξ</strong></span> <span class='ocrx_word' id='word_1_103' title='bbox 276 1359 417 1427; x_wconf 68' lang='grc'><strong>11).</strong></span> <span class='ocrx_word' id='word_1_104' title='bbox 464 1356 593 1425; x_wconf 90' lang='lat' dir='ltr'><strong>Sed</strong></span> <span class='ocrx_word' id='word_1_105' title='bbox 647 1355 1108 1425; x_wconf 90' lang='lat' dir='ltr'><strong>nihilominus</strong></span> <span class='ocrx_word' id='word_1_106' title='bbox 1142 1367 1367 1426; x_wconf 88' lang='lat' dir='ltr'><strong>tamen</strong></span> <span class='ocrx_word' id='word_1_107' title='bbox 1403 1378 1563 1425; x_wconf 90' lang='lat' dir='ltr'><strong>cum</strong></span> <span class='ocrx_word' id='word_1_108' title='bbox 1615 1355 1909 1447; x_wconf 84' lang='lat' dir='ltr'><strong>fugisset</strong></span> <span class='ocrx_word' id='word_1_109' title='bbox 1955 1356 2139 1429; x_wconf 90' lang='lat' dir='ltr'><strong>Elias</strong></span> <span class='ocrx_word' id='word_1_110' title='bbox 2182 1357 2431 1428; x_wconf 87' lang='lat' dir='ltr'><strong>diebus</strong></span> <span class='ocrx_word' id='word_1_111' title='bbox 2479 1380 2651 1445; x_wconf 93' lang='lat' dir='ltr'><strong>qua-</strong></span> 
     </span>
     <span class='ocr_line' id='line_1_13' title="bbox 141 1439 2648 1532; baseline 0.003 -24"><span class='ocrx_word' id='word_1_112' title='bbox 141 1439 438 1531; x_wconf 83' lang='lat' dir='ltr'><strong>draginta,</strong></span> <span class='ocrx_word' id='word_1_113' title='bbox 474 1458 542 1514; x_wconf 90' lang='lat' dir='ltr'><strong>et</strong></span> <span class='ocrx_word' id='word_1_114' title='bbox 589 1444 917 1515; x_wconf 87' lang='lat' dir='ltr'><strong>dormiret</strong></span> <span class='ocrx_word' id='word_1_115' title='bbox 965 1444 1039 1513; x_wconf 90' lang='lat' dir='ltr'><strong>in</strong></span> <span class='ocrx_word' id='word_1_116' title='bbox 1083 1445 1229 1514; x_wconf 93' lang='lat' dir='ltr'><strong>loco</strong></span> <span class='ocrx_word' id='word_1_117' title='bbox 1275 1444 1604 1532; x_wconf 89' lang='lat' dir='ltr'><strong>quodam,</strong></span> <span class='ocrx_word' id='word_1_118' title='bbox 1646 1446 1830 1515; x_wconf 88' lang='lat' dir='ltr'><strong>venit</strong></span> <span class='ocrx_word' id='word_1_119' title='bbox 1861 1446 1945 1515; x_wconf 91' lang='lat' dir='ltr'><strong>ad</strong></span> <span class='ocrx_word' id='word_1_120' title='bbox 1977 1468 2136 1515; x_wconf 89' lang='lat' dir='ltr'><strong>eum</strong></span> <span class='ocrx_word' id='word_1_121' title='bbox 2181 1451 2382 1527; x_wconf 90' lang='lat' dir='ltr'><strong>Deus,</strong></span> <span class='ocrx_word' id='word_1_122' title='bbox 2421 1446 2648 1515; x_wconf 88' lang='lat' dir='ltr'><strong>Domi-</strong></span> 
     </span>
     <span class='ocr_line' id='line_1_14' title="bbox 141 1531 2646 1624; baseline 0.003 -26"><span class='ocrx_word' id='word_1_123' title='bbox 141 1551 248 1601; x_wconf 85' lang='lat' dir='ltr'><strong>nus</strong></span> <span class='ocrx_word' id='word_1_124' title='bbox 268 1531 345 1601; x_wconf 87' lang='lat' dir='ltr'><strong>ad</strong></span> <span class='ocrx_word' id='word_1_125' title='bbox 373 1555 679 1614; x_wconf 81' lang='lat' dir='ltr'><strong>servum,</strong></span> <span class='ocrx_word' id='word_1_126' title='bbox 713 1556 908 1603; x_wconf 84' lang='lat' dir='ltr'><strong>suam</strong></span> <span class='ocrx_word' id='word_1_127' title='bbox 948 1534 1018 1603; x_wconf 92' lang='lat' dir='ltr'><strong>in</strong></span> <span class='ocrx_word' id='word_1_128' title='bbox 1051 1532 1442 1603; x_wconf 89' lang='lat' dir='ltr'><strong>humanum</strong></span> <span class='ocrx_word' id='word_1_129' title='bbox 1479 1556 1705 1624; x_wconf 87' lang='lat' dir='ltr'><strong>genus</strong></span> <span class='ocrx_word' id='word_1_130' title='bbox 1751 1534 2187 1618; x_wconf 84' lang='lat' dir='ltr'><strong>charitatem,</strong></span> <span class='ocrx_word' id='word_1_131' title='bbox 2220 1535 2320 1605; x_wconf 91' lang='lat' dir='ltr'><strong>uti</strong></span> <span class='ocrx_word' id='word_1_132' title='bbox 2356 1548 2646 1618; x_wconf 89' lang='lat' dir='ltr'><strong>creator,</strong></span> 
     </span>
     <span class='ocr_line' id='line_1_15' title="bbox 138 1621 2648 1711; baseline 0.003 -24"><span class='ocrx_word' id='word_1_133' title='bbox 138 1640 442 1691; x_wconf 85' lang='lat' dir='ltr'><strong>exercens.</strong></span> <span class='ocrx_word' id='word_1_134' title='bbox 512 1622 639 1692; x_wconf 89' lang='lat' dir='ltr'><strong>Sed</strong></span> <span class='ocrx_word' id='word_1_135' title='bbox 699 1621 1033 1709; x_wconf 86' lang='lat' dir='ltr'><strong>quidnam</strong></span> <span class='ocrx_word' id='word_1_136' title='bbox 1085 1623 1230 1692; x_wconf 73' lang='lat' dir='ltr'><strong>ait?</strong></span> <span class='ocrx_word' id='word_1_137' title='bbox 1297 1621 1567 1693; x_wconf 85' lang='lat' dir='ltr'><strong>Sciebat</strong></span> <span class='ocrx_word' id='word_1_138' title='bbox 1628 1622 1747 1692; x_wconf 86' lang='lat' dir='ltr'><strong>ille</strong></span> <span class='ocrx_word' id='word_1_139' title='bbox 1807 1623 2136 1711; x_wconf 88' lang='lat' dir='ltr'><strong>quidem,</strong></span> <span class='ocrx_word' id='word_1_140' title='bbox 2191 1625 2648 1711; x_wconf 88' lang='lat' dir='ltr'><strong>quamobrem</strong></span> 
     </span>
     <span class='ocr_line' id='line_1_16' title="bbox 139 1707 2651 1802; baseline 0.003 -27"><span class='ocrx_word' id='word_1_141' title='bbox 139 1707 288 1778; x_wconf 82' lang='lat' dir='ltr'><strong>Elias</strong></span> <span class='ocrx_word' id='word_1_142' title='bbox 331 1709 500 1780; x_wconf 90' lang='lat' dir='ltr'><strong>illuc</strong></span> <span class='ocrx_word' id='word_1_143' title='bbox 535 1721 848 1780; x_wconf 87' lang='lat' dir='ltr'><strong>venerat:</strong></span> <span class='ocrx_word' id='word_1_144' title='bbox 902 1711 1350 1802; x_wconf 83' lang='lat' dir='ltr'><strong>interrogavit</strong></span> <span class='ocrx_word' id='word_1_145' title='bbox 1388 1722 1616 1781; x_wconf 90' lang='lat' dir='ltr'><strong>tamen</strong></span> <span class='ocrx_word' id='word_1_146' title='bbox 1650 1711 1846 1781; x_wconf 89' lang='lat' dir='ltr'><strong>illum</strong></span> <span class='ocrx_word' id='word_1_147' title='bbox 1902 1712 2014 1783; x_wconf 92' lang='lat' dir='ltr'><strong>his</strong></span> <span class='ocrx_word' id='word_1_148' title='bbox 2061 1712 2295 1782; x_wconf 88' lang='lat' dir='ltr'><strong>verbis</strong></span> <span class='ocrx_word' id='word_1_149' title='bbox 2324 1737 2340 1782; x_wconf 90' lang='lat'><strong>:</strong></span> <span class='ocrx_word' id='word_1_150' title='bbox 2369 1713 2545 1797; x_wconf 88' lang='lat' dir='ltr'><strong>Quid</strong></span> <span class='ocrx_word' id='word_1_151' title='bbox 2575 1727 2651 1784; x_wconf 91' lang='lat' dir='ltr'><strong>tu</strong></span> 
     </span>
     <span class='ocr_line' id='line_1_17' title="bbox 137 1795 2652 1901; baseline 0.004 -40"><span class='ocrx_word' id='word_1_152' title='bbox 137 1795 226 1864; x_wconf 87' lang='lat' dir='ltr'><strong>hic</strong></span> <span class='ocrx_word' id='word_1_153' title='bbox 254 1798 410 1880; x_wconf 85' lang='lat' dir='ltr'><strong>Elia,</strong></span> <span class='ocrx_word' id='word_1_154' title='bbox 445 1798 643 1887; x_wconf 90' lang='lat' dir='ltr'><strong>quid,</strong></span> <span class='ocrx_word' id='word_1_155' title='bbox 686 1800 997 1887; x_wconf 90' lang='lat' dir='ltr'><strong>inquam,</strong></span> <span class='ocrx_word' id='word_1_156' title='bbox 1026 1799 1138 1869; x_wconf 90' lang='lat' dir='ltr'><strong>hic</strong></span> <span class='ocrx_word' id='word_1_157' title='bbox 1170 1800 1363 1901; x_wconf 79' lang='lat' dir='ltr'><strong>agis?</strong></span> <span class='ocrx_word' id='word_1_158' title='bbox 1394 1804 1574 1869; x_wconf 88' lang='lat' dir='ltr'><strong>Haec</strong></span> <span class='ocrx_word' id='word_1_159' title='bbox 1603 1799 1867 1882; x_wconf 90' lang='lat' dir='ltr'><strong>dicens,</strong></span> <span class='ocrx_word' id='word_1_160' title='bbox 1901 1801 2136 1891; x_wconf 87' lang='lat' dir='ltr'><strong>fugam</strong></span> <span class='ocrx_word' id='word_1_161' title='bbox 2172 1801 2361 1872; x_wconf 87' lang='lat' dir='ltr'><strong>illius</strong></span> <span class='ocrx_word' id='word_1_162' title='bbox 2405 1802 2652 1872; x_wconf 87' lang='lat' dir='ltr'><strong>innue-</strong></span> 
     </span>
     <span class='ocr_line' id='line_1_18' title="bbox 136 1881 2653 1983; baseline 0.003 -30"><span class='ocrx_word' id='word_1_163' title='bbox 136 1881 247 1983; x_wconf 76' lang='lat' dir='ltr'><strong>bat,</strong></span> <span class='ocrx_word' id='word_1_164' title='bbox 279 1889 476 1974; x_wconf 91' lang='lat' dir='ltr'><strong>quasi</strong></span> <span class='ocrx_word' id='word_1_165' title='bbox 504 1887 791 1958; x_wconf 88' lang='lat' dir='ltr'><strong>diceret:</strong></span> <span class='ocrx_word' id='word_1_166' title='bbox 830 1893 964 1959; x_wconf 88' lang='lat' dir='ltr'><strong>Cur</strong></span> <span class='ocrx_word' id='word_1_167' title='bbox 994 1888 1376 1980; x_wconf 73' lang='lat' dir='ltr'><strong>aufugisti?</strong></span> <span class='ocrx_word' id='word_1_168' title='bbox 1415 1890 1707 1959; x_wconf 88' lang='lat' dir='ltr'><strong>Ubinam</strong></span> <span class='ocrx_word' id='word_1_169' title='bbox 1758 1903 1859 1960; x_wconf 92' lang='lat' dir='ltr'><strong>est</strong></span> <span class='ocrx_word' id='word_1_170' title='bbox 1900 1890 2017 1959; x_wconf 91' lang='lat' dir='ltr'><strong>illa</strong></span> <span class='ocrx_word' id='word_1_171' title='bbox 2054 1904 2169 1960; x_wconf 88' lang='lat' dir='ltr'><strong>tua</strong></span> <span class='ocrx_word' id='word_1_172' title='bbox 2196 1890 2267 1958; x_wconf 92' lang='lat' dir='ltr'><strong>in</strong></span> <span class='ocrx_word' id='word_1_173' title='bbox 2302 1890 2653 1978; x_wconf 90' lang='lat' dir='ltr'><strong>loquendo</strong></span> 
     </span>
     <span class='ocr_line' id='line_1_19' title="bbox 136 1970 2643 2069; baseline 0.004 -30"><span class='ocrx_word' id='word_1_174' title='bbox 136 1970 428 2046; x_wconf 75' lang='lat' dir='ltr'><strong>libertas?</strong></span> <span class='ocrx_word' id='word_1_175' title='bbox 476 1990 556 2047; x_wconf 91' lang='lat' dir='ltr'><strong>ut</strong></span> <span class='ocrx_word' id='word_1_176' title='bbox 600 1977 829 2048; x_wconf 89' lang='lat' dir='ltr'><strong>discas</strong></span> <span class='ocrx_word' id='word_1_177' title='bbox 877 1977 1143 2048; x_wconf 85' lang='lat' dir='ltr'><strong>viribus</strong></span> <span class='ocrx_word' id='word_1_178' title='bbox 1195 1978 1334 2048; x_wconf 88' lang='lat' dir='ltr'><strong>tuis</strong></span> <span class='ocrx_word' id='word_1_179' title='bbox 1375 1999 1511 2048; x_wconf 91' lang='lat' dir='ltr'><strong>non</strong></span> <span class='ocrx_word' id='word_1_180' title='bbox 1570 1979 1941 2049; x_wconf 82' lang='lat' dir='ltr'><strong>confidere.</strong></span> <span class='ocrx_word' id='word_1_181' title='bbox 1995 1979 2389 2069; x_wconf 86' lang='lat' dir='ltr'><strong>Respondet</strong></span> <span class='ocrx_word' id='word_1_182' title='bbox 2436 1978 2643 2061; x_wconf 87' lang='lat' dir='ltr'><strong>Elias,</strong></span> 
     </span>
     <span class='ocr_line' id='line_1_20' title="bbox 138 2060 2652 2159; baseline 0.004 -31"><span class='ocrx_word' id='word_1_183' title='bbox 138 2060 245 2159; x_wconf 70' lang='lat' dir='ltr'><strong>alia</strong></span> <span class='ocrx_word' id='word_1_184' title='bbox 300 2064 368 2134; x_wconf 94' lang='lat' dir='ltr'><strong>in</strong></span> <span class='ocrx_word' id='word_1_185' title='bbox 419 2080 647 2136; x_wconf 89' lang='lat' dir='ltr'><strong>mente</strong></span> <span class='ocrx_word' id='word_1_186' title='bbox 694 2065 981 2147; x_wconf 88' lang='lat' dir='ltr'><strong>habens,</strong></span> <span class='ocrx_word' id='word_1_187' title='bbox 1049 2078 1117 2136; x_wconf 92' lang='lat' dir='ltr'><strong>et</strong></span> <span class='ocrx_word' id='word_1_188' title='bbox 1173 2066 1310 2137; x_wconf 91' lang='lat' dir='ltr'><strong>alia</strong></span> <span class='ocrx_word' id='word_1_189' title='bbox 1359 2067 1631 2137; x_wconf 89' lang='lat' dir='ltr'><strong>dicens:</strong></span> <span class='ocrx_word' id='word_1_190' title='bbox 1689 2068 1998 2148; x_wconf 87' lang='lat' dir='ltr'><strong>Domine,</strong></span> <span class='ocrx_word' id='word_1_191' title='bbox 2057 2067 2433 2159; x_wconf 87' lang='lat' dir='ltr'><strong>Prophetas</strong></span> <span class='ocrx_word' id='word_1_192' title='bbox 2495 2080 2652 2139; x_wconf 87' lang='lat' dir='ltr'><strong>tuos</strong></span> 
     </span>
     <span class='ocr_line' id='line_1_21' title="bbox 136 2152 2643 2249; baseline 0.003 -30"><span class='ocrx_word' id='word_1_193' title='bbox 136 2152 614 2236; x_wconf 76' lang='lat' dir='ltr'><strong>mterfecemnt,</strong></span> <span class='ocrx_word' id='word_1_194' title='bbox 666 2154 910 2225; x_wconf 87' lang='lat' dir='ltr'><strong>altaria</strong></span> <span class='ocrx_word' id='word_1_195' title='bbox 944 2167 1059 2225; x_wconf 85' lang='lat' dir='ltr'><strong>tua</strong></span> <span class='ocrx_word' id='word_1_196' title='bbox 1100 2156 1556 2237; x_wconf 84' lang='lat' dir='ltr'><strong>suffoderunt,</strong></span> <span class='ocrx_word' id='word_1_197' title='bbox 1609 2168 1677 2225; x_wconf 91' lang='lat' dir='ltr'><strong>et</strong></span> <span class='ocrx_word' id='word_1_198' title='bbox 1729 2179 1855 2249; x_wconf 88' lang='lat' dir='ltr'><strong>ego</strong></span> <span class='ocrx_word' id='word_1_199' title='bbox 1905 2156 2187 2226; x_wconf 91' lang='lat' dir='ltr'><strong>relictus</strong></span> <span class='ocrx_word' id='word_1_200' title='bbox 2227 2179 2382 2227; x_wconf 88' lang='lat' dir='ltr'><strong>sum</strong></span> <span class='ocrx_word' id='word_1_201' title='bbox 2427 2158 2643 2239; x_wconf 89' lang='lat' dir='ltr'><strong>solus,</strong></span> 
     </span>
     <span class='ocr_line' id='line_1_22' title="bbox 137 2243 2651 2329; baseline 0.004 -23"><span class='ocrx_word' id='word_1_202' title='bbox 137 2251 187 2306; x_wconf 87' lang='lat' dir='ltr'><strong>et</strong></span> <span class='ocrx_word' id='word_1_203' title='bbox 212 2256 549 2327; x_wconf 87' lang='lat' dir='ltr'><strong>quaerunt</strong></span> <span class='ocrx_word' id='word_1_204' title='bbox 593 2245 898 2314; x_wconf 89' lang='lat' dir='ltr'><strong>animam</strong></span> <span class='ocrx_word' id='word_1_205' title='bbox 930 2267 1180 2325; x_wconf 91' lang='lat' dir='ltr'><strong>meam,</strong></span> <span class='ocrx_word' id='word_1_206' title='bbox 1219 2257 1298 2315; x_wconf 91' lang='lat' dir='ltr'><strong>ut</strong></span> <span class='ocrx_word' id='word_1_207' title='bbox 1327 2243 1643 2315; x_wconf 89' lang='lat' dir='ltr'><strong>auferant</strong></span> <span class='ocrx_word' id='word_1_208' title='bbox 1671 2267 1850 2315; x_wconf 89' lang='lat' dir='ltr'><strong>eam.</strong></span> <span class='ocrx_word' id='word_1_209' title='bbox 1881 2245 2059 2329; x_wconf 87' lang='lat' dir='ltr'><strong>Quid</strong></span> <span class='ocrx_word' id='word_1_210' title='bbox 2103 2246 2186 2315; x_wconf 91' lang='lat' dir='ltr'><strong>ad</strong></span> <span class='ocrx_word' id='word_1_211' title='bbox 2224 2246 2393 2315; x_wconf 88' lang='lat' dir='ltr'><strong>haec</strong></span> <span class='ocrx_word' id='word_1_212' title='bbox 2429 2250 2651 2317; x_wconf 74' lang='lat' dir='ltr'><strong>Deus?</strong></span> 
     </span>
     <span class='ocr_line' id='line_1_23' title="bbox 139 2330 2647 2427; baseline 0.004 -31"><span class='ocrx_word' id='word_1_213' title='bbox 139 2330 337 2399; x_wconf 86' lang='lat' dir='ltr'><strong>Statim</strong></span> <span class='ocrx_word' id='word_1_214' title='bbox 371 2331 575 2403; x_wconf 88' lang='lat' dir='ltr'><strong>illum</strong></span> <span class='ocrx_word' id='word_1_215' title='bbox 614 2333 1073 2422; x_wconf 82' lang='lat' dir='ltr'><strong>redarguens:</strong></span> <span class='ocrx_word' id='word_1_216' title='bbox 1117 2338 1261 2404; x_wconf 84' lang='lat' dir='ltr'><strong>Non</strong></span> <span class='ocrx_word' id='word_1_217' title='bbox 1296 2346 1678 2425; x_wconf 88' lang='lat' dir='ltr'><strong>propterea,</strong></span> <span class='ocrx_word' id='word_1_218' title='bbox 1721 2335 1970 2423; x_wconf 91' lang='lat' dir='ltr'><strong>inquit,</strong></span> <span class='ocrx_word' id='word_1_219' title='bbox 2012 2333 2250 2427; x_wconf 80' lang='lat' dir='ltr'><strong>fugisti</strong></span> <span class='ocrx_word' id='word_1_220' title='bbox 2303 2334 2474 2404; x_wconf 89' lang='lat' dir='ltr'><strong>Elia:</strong></span> <span class='ocrx_word' id='word_1_221' title='bbox 2510 2357 2647 2405; x_wconf 90' lang='lat' dir='ltr'><strong>non</strong></span> 
     </span>
     <span class='ocr_line' id='line_1_24' title="bbox 137 2417 2651 2515; baseline 0.004 -31"><span class='ocrx_word' id='word_1_222' title='bbox 137 2417 289 2488; x_wconf 81' lang='lat' dir='ltr'><strong>enim</strong></span> <span class='ocrx_word' id='word_1_223' title='bbox 334 2430 409 2490; x_wconf 88' lang='lat' dir='ltr'><strong>tu</strong></span> <span class='ocrx_word' id='word_1_224' title='bbox 458 2421 653 2492; x_wconf 89' lang='lat' dir='ltr'><strong>solus</strong></span> <span class='ocrx_word' id='word_1_225' title='bbox 680 2444 754 2492; x_wconf 87' lang='lat' dir='ltr'><strong>es</strong></span> <span class='ocrx_word' id='word_1_226' title='bbox 792 2421 950 2491; x_wconf 91' lang='lat' dir='ltr'><strong>Baal</strong></span> <span class='ocrx_word' id='word_1_227' title='bbox 986 2443 1119 2493; x_wconf 93' lang='lat' dir='ltr'><strong>non</strong></span> <span class='ocrx_word' id='word_1_228' title='bbox 1157 2422 1480 2493; x_wconf 89' lang='lat' dir='ltr'><strong>adorans.</strong></span> <span class='ocrx_word' id='word_1_229' title='bbox 1536 2423 1911 2515; x_wconf 87' lang='lat' dir='ltr'><strong>Subjungit</strong></span> <span class='ocrx_word' id='word_1_230' title='bbox 1947 2437 2177 2493; x_wconf 89' lang='lat' dir='ltr'><strong>autem</strong></span> <span class='ocrx_word' id='word_1_231' title='bbox 2213 2446 2375 2493; x_wconf 90' lang='lat' dir='ltr'><strong>eum</strong></span> <span class='ocrx_word' id='word_1_232' title='bbox 2414 2423 2651 2494; x_wconf 90' lang='lat' dir='ltr'><strong>redar-</strong></span> 
     </span>
     <span class='ocr_line' id='line_1_25' title="bbox 136 2511 2653 2601; baseline 0.003 -25"><span class='ocrx_word' id='word_1_233' title='bbox 136 2527 349 2593; x_wconf 83' lang='lat' dir='ltr'><strong>guens:</strong></span> <span class='ocrx_word' id='word_1_234' title='bbox 401 2511 658 2600; x_wconf 87' lang='lat' dir='ltr'><strong>reliqui</strong></span> <span class='ocrx_word' id='word_1_235' title='bbox 717 2511 1027 2601; x_wconf 88' lang='lat' dir='ltr'><strong>mihiipsi</strong></span> <span class='ocrx_word' id='word_1_236' title='bbox 1076 2534 1148 2582; x_wconf 87' lang='lat' dir='ltr'><strong>se</strong></span> <span class='ocrx_word' id='word_1_237' title='bbox 1202 2525 1334 2582; x_wconf 91' lang='lat' dir='ltr'><strong>tem</strong></span> <span class='ocrx_word' id='word_1_238' title='bbox 1399 2512 1618 2582; x_wconf 89' lang='lat' dir='ltr'><strong>millia</strong></span> <span class='ocrx_word' id='word_1_239' title='bbox 1670 2514 2000 2593; x_wconf 86' lang='lat' dir='ltr'><strong>virorum,</strong></span> <span class='ocrx_word' id='word_1_240' title='bbox 2043 2514 2166 2601; x_wconf 91' lang='lat' dir='ltr'><strong>qui</strong></span> <span class='ocrx_word' id='word_1_241' title='bbox 2218 2535 2357 2583; x_wconf 91' lang='lat' dir='ltr'><strong>non</strong></span> <span class='ocrx_word' id='word_1_242' title='bbox 2408 2534 2653 2584; x_wconf 87' lang='lat' dir='ltr'><strong>curva·</strong></span> 
     </span>
     <span class='ocr_line' id='line_1_26' title="bbox 138 2600 2646 2693; baseline 0.005 -34"><span class='ocrx_word' id='word_1_243' title='bbox 138 2613 343 2669; x_wconf 80' lang='lat' dir='ltr'><strong>verunt</strong></span> <span class='ocrx_word' id='word_1_244' title='bbox 380 2623 574 2690; x_wconf 87' lang='lat' dir='ltr'><strong>genu</strong></span> <span class='ocrx_word' id='word_1_245' title='bbox 606 2612 762 2674; x_wconf 89' lang='lat' dir='ltr'><strong>ante</strong></span> <span class='ocrx_word' id='word_1_246' title='bbox 807 2600 992 2670; x_wconf 90' lang='lat' dir='ltr'><strong>Baal.</strong></span> <span class='ocrx_word' id='word_1_247' title='bbox 1031 2605 1126 2671; x_wconf 91' lang='lat' dir='ltr'><strong>Re</strong></span> <span class='ocrx_word' id='word_1_248' title='bbox 1177 2601 1409 2693; x_wconf 87' lang='lat' dir='ltr'><strong>arguit</strong></span> <span class='ocrx_word' id='word_1_249' title='bbox 1442 2601 1658 2693; x_wconf 87' lang='lat' dir='ltr'><strong>igitur</strong></span> <span class='ocrx_word' id='word_1_250' title='bbox 1703 2601 1929 2684; x_wconf 91' lang='lat' dir='ltr'><strong>illum,</strong></span> <span class='ocrx_word' id='word_1_251' title='bbox 1966 2601 2149 2690; x_wconf 92' lang='lat' dir='ltr'><strong>quod</strong></span> <span class='ocrx_word' id='word_1_252' title='bbox 2191 2624 2329 2672; x_wconf 92' lang='lat' dir='ltr'><strong>non</strong></span> <span class='ocrx_word' id='word_1_253' title='bbox 2378 2602 2467 2672; x_wconf 90' lang='lat' dir='ltr'><strong>ob</strong></span> <span class='ocrx_word' id='word_1_254' title='bbox 2496 2624 2646 2672; x_wconf 91' lang='lat' dir='ltr'><strong>eam</strong></span> 
     </span>
     <span class='ocr_line' id='line_1_27' title="bbox 136 2688 1991 2782; baseline 0.004 -30"><span class='ocrx_word' id='word_1_255' title='bbox 136 2702 379 2758; x_wconf 86' lang='lat' dir='ltr'><strong>causam</strong></span> <span class='ocrx_word' id='word_1_256' title='bbox 432 2688 753 2779; x_wconf 84' lang='lat' dir='ltr'><strong>fugisset,</strong></span> <span class='ocrx_word' id='word_1_257' title='bbox 790 2689 907 2759; x_wconf 88' lang='lat' dir='ltr'><strong>sed</strong></span> <span class='ocrx_word' id='word_1_258' title='bbox 960 2705 1239 2782; x_wconf 90' lang='lat' dir='ltr'><strong>propter</strong></span> <span class='ocrx_word' id='word_1_259' title='bbox 1286 2689 1602 2761; x_wconf 87' lang='lat' dir='ltr'><strong>mulieris</strong></span> <span class='ocrx_word' id='word_1_260' title='bbox 1649 2691 1991 2761; x_wconf 89' lang='lat' dir='ltr'><strong>timorem.</strong></span> 
     </span>
    </p>

    <p class='ocr_par' dir='ltr' id='par_1_4' title="bbox 136 2776 2653 3935">
     <span class='ocr_line' id='line_1_28' title="bbox 179 2776 2651 2871; baseline 0 -22"><span class='ocrx_word' id='word_1_261' title='bbox 179 2777 233 2871; x_wconf 49' lang='grc' dir='ltr'><strong>,ξ</strong></span> <span class='ocrx_word' id='word_1_262' title='bbox 275 2781 440 2849; x_wconf 70' lang='lat'><strong>²0.</strong></span> <span class='ocrx_word' id='word_1_263' title='bbox 498 2779 613 2849; x_wconf 88' lang='lat' dir='ltr'><strong>Sic</strong></span> <span class='ocrx_word' id='word_1_264' title='bbox 648 2777 899 2849; x_wconf 89' lang='lat' dir='ltr'><strong>mulier</strong></span> <span class='ocrx_word' id='word_1_265' title='bbox 936 2801 1078 2849; x_wconf 91' lang='lat' dir='ltr'><strong>una</strong></span> <span class='ocrx_word' id='word_1_266' title='bbox 1128 2779 1328 2850; x_wconf 90' lang='lat' dir='ltr'><strong>talem</strong></span> <span class='ocrx_word' id='word_1_267' title='bbox 1367 2790 1777 2866; x_wconf 87' lang='lat' dir='ltr'><strong>tantumque</strong></span> <span class='ocrx_word' id='word_1_268' title='bbox 1815 2779 2225 2870; x_wconf 87' lang='lat' dir='ltr'><strong>Prophetam</strong></span> <span class='ocrx_word' id='word_1_269' title='bbox 2273 2778 2488 2849; x_wconf 90' lang='lat' dir='ltr'><strong>Eliam</strong></span> <span class='ocrx_word' id='word_1_270' title='bbox 2539 2776 2651 2849; x_wconf 86' lang='lat' dir='ltr'><strong>fu-</strong></span> 
     </span>
     <span class='ocr_line' id='line_1_29' title="bbox 139 2862 2650 2950; baseline 0.002 -20"><span class='ocrx_word' id='word_1_271' title='bbox 139 2862 388 2950; x_wconf 74' lang='lat' dir='ltr'><strong>gitivum</strong></span> <span class='ocrx_word' id='word_1_272' title='bbox 439 2865 696 2948; x_wconf 82' lang='lat' dir='ltr'><strong>effecit,</strong></span> <span class='ocrx_word' id='word_1_273' title='bbox 735 2879 812 2937; x_wconf 92' lang='lat' dir='ltr'><strong>ut</strong></span> <span class='ocrx_word' id='word_1_274' title='bbox 856 2868 1111 2950; x_wconf 79' lang='lat' dir='ltr'><strong>discaS,</strong></span> <span class='ocrx_word' id='word_1_275' title='bbox 1157 2892 1316 2940; x_wconf 91' lang='lat' dir='ltr'><strong>cum</strong></span> <span class='ocrx_word' id='word_1_276' title='bbox 1368 2867 1457 2938; x_wconf 91' lang='lat' dir='ltr'><strong>ali</strong></span> <span class='ocrx_word' id='word_1_277' title='bbox 1514 2867 1631 2937; x_wconf 89' lang='lat' dir='ltr'><strong>uid</strong></span> <span class='ocrx_word' id='word_1_278' title='bbox 1692 2867 2105 2938; x_wconf 87' lang='lat' dir='ltr'><strong>admirabile</strong></span> <span class='ocrx_word' id='word_1_279' title='bbox 2155 2867 2422 2949; x_wconf 78' lang='lat' dir='ltr'><strong>feceriS,</strong></span> <span class='ocrx_word' id='word_1_280' title='bbox 2475 2866 2650 2937; x_wconf 92' lang='lat' dir='ltr'><strong>illud</strong></span> 
     </span>
     <span class='ocr_line' id='line_1_30' title="bbox 137 2889 2650 3048; baseline 0.004 -31"><span class='ocrx_word' id='word_1_281' title='bbox 137 2969 246 3020; x_wconf 90' lang='lat' dir='ltr'><strong>non</strong></span> <span class='ocrx_word' id='word_1_282' title='bbox 289 2955 431 3038; x_wconf 89' lang='lat' dir='ltr'><strong>tibi,</strong></span> <span class='ocrx_word' id='word_1_283' title='bbox 468 2955 594 3027; x_wconf 89' lang='lat' dir='ltr'><strong>sed</strong></span> <span class='ocrx_word' id='word_1_284' title='bbox 652 2956 767 3026; x_wconf 90' lang='lat' dir='ltr'><strong>Dei</strong></span> <span class='ocrx_word' id='word_1_285' title='bbox 808 2957 1150 3048; x_wconf 90' lang='lat' dir='ltr'><strong>potentiae</strong></span> <span class='ocrx_word' id='word_1_286' title='bbox 1183 2889 1631 3029; x_wconf 60' lang='lat' dir='ltr'><strong>tribuendum</strong></span> <span class='ocrx_word' id='word_1_287' title='bbox 1683 2979 1854 3028; x_wconf 88' lang='lat' dir='ltr'><strong>esse.</strong></span> <span class='ocrx_word' id='word_1_288' title='bbox 1907 2957 2150 3027; x_wconf 84' lang='lat' dir='ltr'><strong>Vidisti</strong></span> <span class='ocrx_word' id='word_1_289' title='bbox 2200 2955 2650 3045; x_wconf 90' lang='lat' dir='ltr'><strong>quemadmo-</strong></span> 
     </span>
     <span class='ocr_line' id='line_1_31' title="bbox 136 3035 2652 3148; baseline 0.002 -40"><span class='ocrx_word' id='word_1_290' title='bbox 136 3035 269 3108; x_wconf 87' lang='lat' dir='ltr'><strong>dum</strong></span> <span class='ocrx_word' id='word_1_291' title='bbox 300 3097 318 3125; x_wconf 94' lang='lat'><strong>,</strong></span> <span class='ocrx_word' id='word_1_292' title='bbox 365 3043 771 3117; x_wconf 89' lang='lat' dir='ltr'><strong>discedente</strong></span> <span class='ocrx_word' id='word_1_293' title='bbox 817 3046 1038 3148; x_wconf 72' lang='lat' dir='ltr'><strong>gratia</strong></span> <span class='ocrx_word' id='word_1_294' title='bbox 1106 3047 1365 3129; x_wconf 89' lang='lat' dir='ltr'><strong>divina,</strong></span> <span class='ocrx_word' id='word_1_295' title='bbox 1419 3046 1789 3137; x_wconf 87' lang='lat' dir='ltr'><strong>redarguta</strong></span> <span class='ocrx_word' id='word_1_296' title='bbox 1859 3059 1962 3117; x_wconf 87' lang='lat' dir='ltr'><strong>est</strong></span> <span class='ocrx_word' id='word_1_297' title='bbox 2011 3059 2259 3116; x_wconf 89' lang='lat' dir='ltr'><strong>natura</strong></span> <span class='ocrx_word' id='word_1_298' title='bbox 2310 3046 2652 3145; x_wconf 39' lang='lat' dir='ltr'><strong>hum-ana?</strong></span> 
     </span>
     <span class='ocr_line' id='line_1_32' title="bbox 139 3129 2645 3285; baseline 0.001 -85"><span class='ocrx_word' id='word_1_299' title='bbox 139 3129 300 3285; x_wconf 50' lang='lat' dir='ltr'><strong>Fulgit</strong></span> <span class='ocrx_word' id='word_1_300' title='bbox 340 3134 528 3203; x_wconf 86' lang='lat' dir='ltr'><strong>enim</strong></span> <span class='ocrx_word' id='word_1_301' title='bbox 571 3133 755 3204; x_wconf 88' lang='lat' dir='ltr'><strong>Elias</strong></span> <span class='ocrx_word' id='word_1_302' title='bbox 783 3133 1029 3205; x_wconf 79' lang='lat' dir='ltr'><strong>itinere</strong></span> <span class='ocrx_word' id='word_1_303' title='bbox 1057 3135 1326 3206; x_wconf 88' lang='lat' dir='ltr'><strong>dierum</strong></span> <span class='ocrx_word' id='word_1_304' title='bbox 1361 3135 1848 3225; x_wconf 88' lang='lat' dir='ltr'><strong>quadraginta.</strong></span> <span class='ocrx_word' id='word_1_305' title='bbox 1879 3137 1929 3205; x_wconf 91' lang='grc' dir='ltr'>Ο</span> <span class='ocrx_word' id='word_1_306' title='bbox 1957 3135 2278 3205; x_wconf 89' lang='lat' dir='ltr'><strong>timorem</strong></span> <span class='ocrx_word' id='word_1_307' title='bbox 2316 3134 2645 3214; x_wconf 83' lang='lat' dir='ltr'><strong>nimium,</strong></span> 
     </span>
     <span class='ocr_line' id='line_1_33' title="bbox 139 3221 2650 3306; baseline 0.001 -18"><span class='ocrx_word' id='word_1_308' title='bbox 139 3233 170 3282; x_wconf 85' lang='lat'>0</span> <span class='ocrx_word' id='word_1_309' title='bbox 225 3222 587 3294; x_wconf 85' lang='lat' dir='ltr'><strong>ormidinis</strong></span> <span class='ocrx_word' id='word_1_310' title='bbox 633 3223 1159 3294; x_wconf 81' lang='lat' dir='ltr'><strong>vehementiam!</strong></span> <span class='ocrx_word' id='word_1_311' title='bbox 1199 3231 1340 3295; x_wconf 88' lang='lat' dir='ltr'><strong>Non</strong></span> <span class='ocrx_word' id='word_1_312' title='bbox 1390 3246 1556 3306; x_wconf 85' lang='lat' dir='ltr'><strong>unc,</strong></span> <span class='ocrx_word' id='word_1_313' title='bbox 1610 3236 1733 3294; x_wconf 87' lang='lat' dir='ltr'><strong>aut</strong></span> <span class='ocrx_word' id='word_1_314' title='bbox 1793 3224 2028 3306; x_wconf 90' lang='lat' dir='ltr'><strong>alter0,</strong></span> <span class='ocrx_word' id='word_1_315' title='bbox 2083 3235 2205 3292; x_wconf 93' lang='lat' dir='ltr'><strong>aut</strong></span> <span class='ocrx_word' id='word_1_316' title='bbox 2257 3222 2475 3303; x_wconf 90' lang='lat' dir='ltr'><strong>terti0‚</strong></span> <span class='ocrx_word' id='word_1_317' title='bbox 2527 3221 2650 3291; x_wconf 87' lang='lat' dir='ltr'><strong>sed</strong></span> 
     </span>
     <span class='ocr_line' id='line_1_34' title="bbox 137 3308 2652 3404; baseline 0.004 -33"><span class='ocrx_word' id='word_1_318' title='bbox 137 3308 563 3401; x_wconf 83' lang='lat' dir='ltr'><strong>quadraginta</strong></span> <span class='ocrx_word' id='word_1_319' title='bbox 587 3310 833 3382; x_wconf 89' lang='lat' dir='ltr'><strong>diebus</strong></span> <span class='ocrx_word' id='word_1_320' title='bbox 873 3313 1167 3404; x_wconf 89' lang='lat' dir='ltr'><strong>aufugit,</strong></span> <span class='ocrx_word' id='word_1_321' title='bbox 1211 3325 1278 3384; x_wconf 90' lang='lat' dir='ltr'><strong>et</strong></span> <span class='ocrx_word' id='word_1_322' title='bbox 1323 3314 1407 3383; x_wconf 90' lang='lat' dir='ltr'><strong>ad</strong></span> <span class='ocrx_word' id='word_1_323' title='bbox 1462 3313 1812 3403; x_wconf 87' lang='lat' dir='ltr'><strong>regionem</strong></span> <span class='ocrx_word' id='word_1_324' title='bbox 1861 3312 2146 3381; x_wconf 89' lang='lat' dir='ltr'><strong>omnino</strong></span> <span class='ocrx_word' id='word_1_325' title='bbox 2196 3311 2545 3383; x_wconf 88' lang='lat' dir='ltr'><strong>desertam</strong></span> <span class='ocrx_word' id='word_1_326' title='bbox 2579 3332 2652 3382; x_wconf 90' lang='lat' dir='ltr'><strong>se</strong></span> 
     </span>
     <span class='ocr_line' id='line_1_35' title="bbox 138 3398 2648 3490; baseline 0.004 -29"><span class='ocrx_word' id='word_1_327' title='bbox 138 3398 419 3482; x_wconf 87' lang='lat' dir='ltr'><strong>contulit,</strong></span> <span class='ocrx_word' id='word_1_328' title='bbox 477 3422 623 3471; x_wconf 91' lang='lat' dir='ltr'><strong>non</strong></span> <span class='ocrx_word' id='word_1_329' title='bbox 677 3400 1203 3490; x_wconf 84' lang='lat' dir='ltr'><strong>nutrimentum,</strong></span> <span class='ocrx_word' id='word_1_330' title='bbox 1263 3424 1399 3472; x_wconf 90' lang='lat' dir='ltr'><strong>non</strong></span> <span class='ocrx_word' id='word_1_331' title='bbox 1451 3402 1685 3473; x_wconf 91' lang='lat' dir='ltr'><strong>cibum</strong></span> <span class='ocrx_word' id='word_1_332' title='bbox 1736 3400 2038 3488; x_wconf 84' lang='lat' dir='ltr'><strong>aliquem</strong></span> <span class='ocrx_word' id='word_1_333' title='bbox 2091 3423 2331 3471; x_wconf 90' lang='lat' dir='ltr'><strong>secum</strong></span> <span class='ocrx_word' id='word_1_334' title='bbox 2395 3399 2648 3482; x_wconf 82' lang='lat' dir='ltr'><strong>ferenS,</strong></span> 
     </span>
     <span class='ocr_line' id='line_1_36' title="bbox 142 3487 2653 3582; baseline 0 -25"><span class='ocrx_word' id='word_1_335' title='bbox 142 3500 266 3552; x_wconf 78' lang='lat' dir='ltr'><strong>nam</strong></span> <span class='ocrx_word' id='word_1_336' title='bbox 311 3501 671 3578; x_wconf 87' lang='lat' dir='ltr'><strong>tamquam</strong></span> <span class='ocrx_word' id='word_1_337' title='bbox 721 3489 958 3562; x_wconf 88' lang='lat' dir='ltr'><strong>ebrius</strong></span> <span class='ocrx_word' id='word_1_338' title='bbox 986 3514 1153 3582; x_wconf 90' lang='lat' dir='ltr'><strong>prae</strong></span> <span class='ocrx_word' id='word_1_339' title='bbox 1202 3504 1413 3572; x_wconf 89' lang='lat' dir='ltr'><strong>metu,</strong></span> <span class='ocrx_word' id='word_1_340' title='bbox 1466 3504 1735 3561; x_wconf 87' lang='lat' dir='ltr'><strong>caetera</strong></span> <span class='ocrx_word' id='word_1_341' title='bbox 1767 3489 1941 3558; x_wconf 87' lang='lat' dir='ltr'><strong>nihil</strong></span> <span class='ocrx_word' id='word_1_342' title='bbox 1984 3492 2321 3559; x_wconf 89' lang='lat' dir='ltr'><strong>curabat:</strong></span> <span class='ocrx_word' id='word_1_343' title='bbox 2375 3488 2492 3559; x_wconf 90' lang='lat' dir='ltr'><strong>sed</strong></span> <span class='ocrx_word' id='word_1_344' title='bbox 2530 3487 2653 3558; x_wconf 87' lang='lat' dir='ltr'><strong>de-</strong></span> 
     </span>
     <span class='ocr_line' id='line_1_37' title="bbox 141 3577 2652 3679; baseline 0.003 -37"><span class='ocrx_word' id='word_1_345' title='bbox 141 3584 313 3644; x_wconf 81' lang='lat' dir='ltr'><strong>sertas</strong></span> <span class='ocrx_word' id='word_1_346' title='bbox 357 3591 632 3649; x_wconf 86' lang='lat' dir='ltr'><strong>tantum</strong></span> <span class='ocrx_word' id='word_1_347' title='bbox 678 3600 749 3648; x_wconf 91' lang='lat' dir='ltr'><strong>re</strong></span> <span class='ocrx_word' id='word_1_348' title='bbox 799 3579 990 3651; x_wconf 87' lang='lat' dir='ltr'><strong>iones</strong></span> <span class='ocrx_word' id='word_1_349' title='bbox 1036 3581 1476 3668; x_wconf 86' lang='lat' dir='ltr'><strong>sequebatur.</strong></span> <span class='ocrx_word' id='word_1_350' title='bbox 1530 3577 2132 3663; x_wconf 87' lang='lat' dir='ltr'><strong>Quemadmodum</strong></span> <span class='ocrx_word' id='word_1_351' title='bbox 2165 3578 2351 3647; x_wconf 79' lang='lat' dir='ltr'><strong>enirn</strong></span> <span class='ocrx_word' id='word_1_352' title='bbox 2407 3590 2652 3679; x_wconf 54' lang='lat' dir='ltr'><strong>*sentus</strong></span> 
     </span>
     <span class='ocr_line' id='line_1_38' title="bbox 140 3662 2649 3759; baseline 0.002 -28"><span class='ocrx_word' id='word_1_353' title='bbox 140 3662 457 3753; x_wconf 74' lang='lat' dir='ltr'><strong>zephyrus,</strong></span> <span class='ocrx_word' id='word_1_354' title='bbox 488 3689 660 3739; x_wconf 89' lang='lat' dir='ltr'><strong>cum</strong></span> <span class='ocrx_word' id='word_1_355' title='bbox 682 3689 761 3737; x_wconf 87' lang='lat' dir='ltr'><strong>ve</strong></span> <span class='ocrx_word' id='word_1_356' title='bbox 811 3681 1116 3739; x_wconf 86' lang='lat' dir='ltr'><strong>ementer</strong></span> <span class='ocrx_word' id='word_1_357' title='bbox 1142 3671 1262 3740; x_wconf 88' lang='lat' dir='ltr'><strong>flat</strong></span> <span class='ocrx_word' id='word_1_358' title='bbox 1291 3670 1359 3738; x_wconf 93' lang='lat' dir='ltr'><strong>in</strong></span> <span class='ocrx_word' id='word_1_359' title='bbox 1396 3669 1620 3739; x_wconf 86' lang='lat' dir='ltr'><strong>velum</strong></span> <span class='ocrx_word' id='word_1_360' title='bbox 1661 3667 1968 3755; x_wconf 88' lang='lat' dir='ltr'><strong>aliquod,</strong></span> <span class='ocrx_word' id='word_1_361' title='bbox 2009 3667 2361 3759; x_wconf 88' lang='lat' dir='ltr'><strong>navigium</strong></span> <span class='ocrx_word' id='word_1_362' title='bbox 2414 3688 2649 3757; x_wconf 78' lang='lat' dir='ltr'><strong>ipsum</strong></span> 
     </span>
     <span class='ocr_line' id='line_1_39' title="bbox 144 3753 2646 3847; baseline 0.003 -31"><span class='ocrx_word' id='word_1_363' title='bbox 144 3764 270 3818; x_wconf 85' lang='lat' dir='ltr'><strong>cum</strong></span> <span class='ocrx_word' id='word_1_364' title='bbox 301 3753 567 3846; x_wconf 87' lang='lat' dir='ltr'><strong>impetu</strong></span> <span class='ocrx_word' id='word_1_365' title='bbox 593 3758 1030 3829; x_wconf 81' lang='lat' dir='ltr'><strong>transmittit:</strong></span> <span class='ocrx_word' id='word_1_366' title='bbox 1068 3758 1163 3828; x_wconf 88' lang='lat' dir='ltr'><strong>ita</strong></span> <span class='ocrx_word' id='word_1_367' title='bbox 1203 3758 1513 3828; x_wconf 89' lang='lat' dir='ltr'><strong>mulieris</strong></span> <span class='ocrx_word' id='word_1_368' title='bbox 1543 3758 1761 3827; x_wconf 92' lang='lat' dir='ltr'><strong>oratio</strong></span> <span class='ocrx_word' id='word_1_369' title='bbox 1787 3757 1858 3826; x_wconf 92' lang='lat' dir='ltr'><strong>in</strong></span> <span class='ocrx_word' id='word_1_370' title='bbox 1909 3756 2317 3847; x_wconf 88' lang='lat' dir='ltr'><strong>Prophetam</strong></span> <span class='ocrx_word' id='word_1_371' title='bbox 2349 3755 2646 3838; x_wconf 77' lang='lat' dir='ltr'><strong>irruenS,</strong></span> 
     </span>
     <span class='ocr_line' id='line_1_40' title="bbox 146 3838 2635 3935; baseline 0.002 -27"><span class='ocrx_word' id='word_1_372' title='bbox 146 3838 317 3912; x_wconf 88' lang='lat' dir='ltr'><strong>multo</strong></span> <span class='ocrx_word' id='word_1_373' title='bbox 356 3865 518 3916; x_wconf 88' lang='lat' dir='ltr'><strong>cum</strong></span> <span class='ocrx_word' id='word_1_374' title='bbox 563 3845 827 3935; x_wconf 88' lang='lat' dir='ltr'><strong>impetu</strong></span> <span class='ocrx_word' id='word_1_375' title='bbox 866 3846 951 3916; x_wconf 89' lang='lat' dir='ltr'><strong>ad</strong></span> <span class='ocrx_word' id='word_1_376' title='bbox 1001 3847 1449 3918; x_wconf 85' lang='lat' dir='ltr'><strong>solitudinem</strong></span> <span class='ocrx_word' id='word_1_377' title='bbox 1502 3846 1842 3917; x_wconf 88' lang='lat' dir='ltr'><strong>desertam</strong></span> <span class='ocrx_word' id='word_1_378' title='bbox 1893 3868 2053 3916; x_wconf 90' lang='lat' dir='ltr'><strong>eum</strong></span> <span class='ocrx_word' id='word_1_379' title='bbox 2104 3844 2467 3935; x_wconf 88' lang='lat' dir='ltr'><strong>compulit.</strong></span> <span class='ocrx_word' id='word_1_380' title='bbox 2623 3905 2635 3914; x_wconf 93' lang='lat'><strong>.</strong></span> 
     </span>
    </p>

    <p class='ocr_par' dir='ltr' id='par_1_5' title="bbox 151 3932 2658 4561">
     <span class='ocr_line' id='line_1_41' title="bbox 208 3932 2656 4022; baseline -0.003 -14"><span class='ocrx_word' id='word_1_381' title='bbox 208 3933 240 4008; x_wconf 71' lang='lat' dir='ltr'>S</span> <span class='ocrx_word' id='word_1_382' title='bbox 282 3934 418 4006; x_wconf 72' lang='lat'><strong>²1.</strong></span> <span class='ocrx_word' id='word_1_383' title='bbox 480 3935 608 4006; x_wconf 88' lang='lat' dir='ltr'><strong>Ubi</strong></span> <span class='ocrx_word' id='word_1_384' title='bbox 651 3956 840 4004; x_wconf 89' lang='lat' dir='ltr'><strong>nunc</strong></span> <span class='ocrx_word' id='word_1_385' title='bbox 871 3947 996 4017; x_wconf 91' lang='lat' dir='ltr'><strong>est,</strong></span> <span class='ocrx_word' id='word_1_386' title='bbox 1050 3936 1221 4018; x_wconf 87' lang='lat' dir='ltr'><strong>Elia,</strong></span> <span class='ocrx_word' id='word_1_387' title='bbox 1276 3948 1391 4006; x_wconf 89' lang='lat' dir='ltr'><strong>tua</strong></span> <span class='ocrx_word' id='word_1_388' title='bbox 1439 3935 1557 4006; x_wconf 90' lang='lat' dir='ltr'><strong>illa</strong></span> <span class='ocrx_word' id='word_1_389' title='bbox 1601 3936 1672 4004; x_wconf 92' lang='lat' dir='ltr'><strong>in</strong></span> <span class='ocrx_word' id='word_1_390' title='bbox 1725 3934 2072 4022; x_wconf 89' lang='lat' dir='ltr'><strong>loquendo</strong></span> <span class='ocrx_word' id='word_1_391' title='bbox 2121 3934 2434 4005; x_wconf 75' lang='lat' dir='ltr'><strong>libertas?</strong></span> <span class='ocrx_word' id='word_1_392' title='bbox 2496 3932 2656 4003; x_wconf 86' lang='lat' dir='ltr'><strong>Ubi·</strong></span> 
     </span>
     <span class='ocr_line' id='line_1_42' title="bbox 151 4021 2655 4115; baseline -0 -23"><span class='ocrx_word' id='word_1_393' title='bbox 151 4031 270 4085; x_wconf 62' lang='lat' dir='ltr'><strong>nam</strong></span> <span class='ocrx_word' id='word_1_394' title='bbox 313 4043 386 4091; x_wconf 86' lang='lat' dir='ltr'><strong>os</strong></span> <span class='ocrx_word' id='word_1_395' title='bbox 433 4022 615 4094; x_wconf 92' lang='lat' dir='ltr'><strong>illud</strong></span> <span class='ocrx_word' id='word_1_396' title='bbox 670 4024 1020 4094; x_wconf 73' lang='lat' dir='ltr'><strong>terribile?</strong></span> <span class='ocrx_word' id='word_1_397' title='bbox 1079 4025 1205 4096; x_wconf 90' lang='lat' dir='ltr'><strong>Ubi</strong></span> <span class='ocrx_word' id='word_1_398' title='bbox 1267 4024 1508 4115; x_wconf 85' lang='lat' dir='ltr'><strong>lingua</strong></span> <span class='ocrx_word' id='word_1_399' title='bbox 1559 4024 1891 4093; x_wconf 88' lang='lat' dir='ltr'><strong>imbrium</strong></span> <span class='ocrx_word' id='word_1_400' title='bbox 1943 4023 2200 4112; x_wconf 91' lang='lat' dir='ltr'><strong>atquei</strong></span> <span class='ocrx_word' id='word_1_401' title='bbox 2258 4023 2366 4092; x_wconf 89' lang='lat' dir='ltr'><strong>nis</strong></span> <span class='ocrx_word' id='word_1_402' title='bbox 2406 4021 2655 4113; x_wconf 82' lang='lat' dir='ltr'><strong>guber-</strong></span> 
     </span>
     <span class='ocr_line' id='line_1_43' title="bbox 154 4107 2654 4205; baseline 0.006 -39"><span class='ocrx_word' id='word_1_403' title='bbox 154 4107 348 4192; x_wconf 79' lang='lat' dir='ltr'><strong>natrix,</strong></span> <span class='ocrx_word' id='word_1_404' title='bbox 395 4124 464 4182; x_wconf 89' lang='lat' dir='ltr'><strong>et</strong></span> <span class='ocrx_word' id='word_1_405' title='bbox 517 4133 701 4200; x_wconf 85' lang='lat' dir='ltr'><strong>quae</strong></span> <span class='ocrx_word' id='word_1_406' title='bbox 733 4113 1092 4184; x_wconf 87' lang='lat' dir='ltr'><strong>elementis</strong></span> <span class='ocrx_word' id='word_1_407' title='bbox 1130 4114 1539 4205; x_wconf 88' lang='lat' dir='ltr'><strong>imperabat,</strong></span> <span class='ocrx_word' id='word_1_408' title='bbox 1595 4113 1802 4183; x_wconf 90' lang='lat' dir='ltr'><strong>modo</strong></span> <span class='ocrx_word' id='word_1_409' title='bbox 1841 4112 2109 4182; x_wconf 88' lang='lat' dir='ltr'><strong>coelum</strong></span> <span class='ocrx_word' id='word_1_410' title='bbox 2161 4135 2196 4181; x_wconf 92' lang='lat' dir='ltr'><strong>c</strong></span> <span class='ocrx_word' id='word_1_411' title='bbox 2229 4111 2520 4193; x_wconf 90' lang='lat' dir='ltr'><strong>audens,</strong></span> <span class='ocrx_word' id='word_1_412' title='bbox 2566 4133 2654 4182; x_wconf 89' lang='lat' dir='ltr'><strong>ne</strong></span> 
     </span>
     <span class='ocr_line' id='line_1_44' title="bbox 158 4187 2645 4295; baseline 0.003 -34"><span class='ocrx_word' id='word_1_413' title='bbox 158 4187 402 4274; x_wconf 75' lang='lat' dir='ltr'><strong>pluviam</strong></span> <span class='ocrx_word' id='word_1_414' title='bbox 452 4201 881 4272; x_wconf 83' lang='lat' dir='ltr'><strong>demitteret:</strong></span> <span class='ocrx_word' id='word_1_415' title='bbox 937 4202 1144 4273; x_wconf 89' lang='lat' dir='ltr'><strong>modo</strong></span> <span class='ocrx_word' id='word_1_416' title='bbox 1178 4203 1407 4295; x_wconf 86' lang='lat' dir='ltr'><strong>iguem</strong></span> <span class='ocrx_word' id='word_1_417' title='bbox 1449 4202 1533 4272; x_wconf 91' lang='lat' dir='ltr'><strong>ad</strong></span> <span class='ocrx_word' id='word_1_418' title='bbox 1587 4200 2009 4273; x_wconf 85' lang='lat' dir='ltr'><strong>sacrificium</strong></span> <span class='ocrx_word' id='word_1_419' title='bbox 2052 4200 2442 4270; x_wconf 74' lang='lat' dir='ltr'><strong>advocans?</strong></span> <span class='ocrx_word' id='word_1_420' title='bbox 2491 4200 2645 4282; x_wconf 88' lang='lat' dir='ltr'><strong>Sed,</strong></span> 
     </span>
     <span class='ocr_line' id='line_1_45' title="bbox 160 4282 2655 4382; baseline 0.001 -25"><span class='ocrx_word' id='word_1_421' title='bbox 160 4282 212 4345; x_wconf 71' lang='lat'><strong>¹11</strong></span> <span class='ocrx_word' id='word_1_422' title='bbox 242 4304 432 4379; x_wconf 86' lang='lat' dir='ltr'><strong>supra</strong></span> <span class='ocrx_word' id='word_1_423' title='bbox 482 4289 659 4372; x_wconf 85' lang='lat' dir='ltr'><strong>dixi,</strong></span> <span class='ocrx_word' id='word_1_424' title='bbox 694 4290 861 4362; x_wconf 90' lang='lat' dir='ltr'><strong>haec</strong></span> <span class='ocrx_word' id='word_1_425' title='bbox 898 4291 1193 4362; x_wconf 85' lang='lat' dir='ltr'><strong>faciebat</strong></span> <span class='ocrx_word' id='word_1_426' title='bbox 1239 4291 1445 4374; x_wconf 89' lang='lat' dir='ltr'><strong>Elias,</strong></span> <span class='ocrx_word' id='word_1_427' title='bbox 1504 4292 1614 4360; x_wconf 91' lang='lat' dir='ltr'><strong>Dei</strong></span> <span class='ocrx_word' id='word_1_428' title='bbox 1665 4291 1888 4382; x_wconf 76' lang='lat' dir='ltr'><strong>gratia</strong></span> <span class='ocrx_word' id='word_1_429' title='bbox 1935 4303 2297 4380; x_wconf 86' lang='lat' dir='ltr'><strong>operante:</strong></span> <span class='ocrx_word' id='word_1_430' title='bbox 2327 4289 2655 4377; x_wconf 90' lang='lat' dir='ltr'><strong>quocirca</strong></span> 
     </span>
     <span class='ocr_line' id='line_1_46' title="bbox 164 4377 2654 4471; baseline -0.001 -21"><span class='ocrx_word' id='word_1_431' title='bbox 164 4377 207 4433; x_wconf 69' lang='lat'><strong>0²</strong></span> <span class='ocrx_word' id='word_1_432' title='bbox 233 4393 263 4439; x_wconf 66' lang='lat' dir='ltr'><strong>a</strong></span> <span class='ocrx_word' id='word_1_433' title='bbox 306 4382 430 4449; x_wconf 85' lang='lat' dir='ltr'><strong>Deo</strong></span> <span class='ocrx_word' id='word_1_434' title='bbox 474 4380 926 4470; x_wconf 88' lang='lat' dir='ltr'><strong>postmodum</strong></span> <span class='ocrx_word' id='word_1_435' title='bbox 979 4381 1444 4471; x_wconf 87' lang='lat' dir='ltr'><strong>redarguitur.</strong></span> <span class='ocrx_word' id='word_1_436' title='bbox 1482 4380 1687 4450; x_wconf 88' lang='lat' dir='ltr'><strong>Vides</strong></span> <span class='ocrx_word' id='word_1_437' title='bbox 1724 4378 2314 4467; x_wconf 87' lang='lat' dir='ltr'><strong>quemadmodum</strong></span> <span class='ocrx_word' id='word_1_438' title='bbox 2369 4380 2437 4447; x_wconf 91' lang='lat' dir='ltr'><strong>in</strong></span> <span class='ocrx_word' id='word_1_439' title='bbox 2494 4399 2654 4470; x_wconf 90' lang='lat' dir='ltr'><strong>pec-</strong></span> 
     </span>
     <span class='ocr_line' id='line_1_47' title="bbox 170 4467 2658 4561; baseline 0.001 -27"><span class='ocrx_word' id='word_1_440' title='bbox 170 4468 361 4548; x_wconf 63' lang='lat' dir='ltr'><strong>ffllum,</strong></span> <span class='ocrx_word' id='word_1_441' title='bbox 409 4469 747 4561; x_wconf 83' lang='lat' dir='ltr'><strong>exiguum</strong></span> <span class='ocrx_word' id='word_1_442' title='bbox 798 4467 970 4540; x_wconf 90' lang='lat' dir='ltr'><strong>illud</strong></span> <span class='ocrx_word' id='word_1_443' title='bbox 1019 4470 1328 4559; x_wconf 89' lang='lat' dir='ltr'><strong>quidem,</strong></span> <span class='ocrx_word' id='word_1_444' title='bbox 1383 4470 1766 4561; x_wconf 89' lang='lat' dir='ltr'><strong>permissus</strong></span> <span class='ocrx_word' id='word_1_445' title='bbox 1818 4482 1920 4540; x_wconf 90' lang='lat' dir='ltr'><strong>est</strong></span> <span class='ocrx_word' id='word_1_446' title='bbox 1965 4467 2273 4539; x_wconf 90' lang='lat' dir='ltr'><strong>incidere</strong></span> <span class='ocrx_word' id='word_1_447' title='bbox 2317 4467 2523 4539; x_wconf 79' lang='lat' dir='ltr'><strong>Elias.</strong></span> <span class='ocrx_word' id='word_1_448' title='bbox 2577 4479 2658 4537; x_wconf 89' lang='lat' dir='ltr'><strong>ut</strong></span> 
     </span>
    </p>
   </div>
   <div class='ocr_carea' id='block_1_3' title="bbox 274 4586 2530 4652">
    <p class='ocr_par' dir='ltr' id='par_1_6' title="bbox 274 4586 2530 4652">
     <span class='ocr_line' id='line_1_48' title="bbox 274 4586 2530 4652; baseline 0.011 -12"><span class='ocrx_word' id='word_1_449' title='bbox 274 4586 499 4646; x_wconf 72' lang='lat' dir='ltr'><strong>surm</strong></span> <span class='ocrx_word' id='word_1_450' title='bbox 528 4619 557 4634; x_wconf 90' lang='lat'>-</span> <span class='ocrx_word' id='word_1_451' title='bbox 597 4587 762 4648; x_wconf 66' lang='lat' dir='ltr'><strong>Vitae</strong></span> <span class='ocrx_word' id='word_1_452' title='bbox 801 4586 907 4650; x_wconf 85' lang='lat' dir='ltr'><strong>ss.</strong></span> <span class='ocrx_word' id='word_1_453' title='bbox 940 4588 1115 4649; x_wconf 87' lang='lat' dir='ltr'><strong>-v01.</strong></span> <span class='ocrx_word' id='word_1_454' title='bbox 1140 4589 1299 4652; x_wconf 86' lang='lat' dir='ltr'><strong>vm.</strong></span> <span class='ocrx_word' id='word_1_455' title='bbox 2456 4587 2530 4645; x_wconf 81' lang='lat'><strong>3&#39;</strong></span> 
     </span>
    </p>
   </div>
  </div>
 </body>
</html>
