3308 5004
698 331 826 395 634
1287 348 1367 393 na
1412 347 1470 394 s.
1520 344 1832 395 tunovmo
1879 346 2039 394 aasz
2085 343 2467 395 rammam:
2819 326 3008 393 AUG.
3053 326 3144 393 25

610 432 783 502 serre
832 443 1220 522 potuerunt.
1275 430 1589 514 Quotidie
1636 445 1865 502 autem
1917 453 2117 502 mane
2164 431 2358 503 flexis
2403 431 2703 522 genibus
2742 429 3146 501 Davidicnm

610 520 1017 590 Psalterium
1066 520 1413 590 recitabat.
1470 525 1836 608 Postquam
1886 532 2115 590 autem
2165 520 2438 590 rescivit
2495 519 2582 590 de
2640 519 2837 590 obitu
2900 518 3156 589 matris

608 608 973 689 Blanchae,
1026 608 1379 680 nobilibus
1427 609 1648 698 ipsius
1696 609 1763 678 id
1814 608 2361 688 consulentibus,
2415 610 2484 678 in
2537 608 2792 680 Gallias
2831 629 3160 679 reversus

607 710 733 768 est.
787 702 952 767 Cum
1001 720 1164 788 ergo
1214 698 1637 789 navigarent,
1696 698 1894 768 tertia
1940 710 2160 779 nocte,
2220 698 2436 777 navis,
2489 719 2668 785 quae
2715 702 2972 788 Regem
3026 696 3158 767 ha-

609 787 851 867 bebat,
907 786 1014 858 bis
1059 799 1248 857 tanta
1297 786 1359 856 vi
1409 787 1702 878 appulsa
1750 802 1851 859 est
1896 786 1981 857 ad
2034 808 2275 877 rupem
2327 787 2429 855 vel
2482 800 2699 857 terrae
2747 784 3097 878 lingulam
3129 840 3150 865 ,

608 888 685 946 ut
733 887 981 944 nautae
1025 887 1093 945 et
1139 875 1258 945 alii
1292 876 1466 946 ilico
1514 876 1955 947 submersum
2010 875 2094 945 iri
2151 888 2494 966 putarent.
2551 880 2644 945 Ea
2689 875 3159 946 concussione

606 964 877 1034 excitati
928 964 1335 1045 sacerdoteS,
1387 964 1623 1034 clerici
1668 978 1733 1035 et
1777 965 2050 1046 caeteri,
2097 976 2411 1036 sanctum
2449 970 2700 1054 Regem
2731 964 3158 1033 invenerunt

605 1073 836 1123 coram
888 1066 1324 1124 sacrosancto
1372 1053 1619 1123 Christi
1666 1075 1951 1143 corpore
1997 1053 2233 1124 devote
2268 1066 2622 1123 orantem:
2658 1073 3044 1140 omnesque
3077 1053 3152 1121 in

605 1163 683 1212 ea
732 1140 921 1211 fuere
968 1142 1326 1222 sententia,
1384 1142 1623 1212 mortis
1674 1154 1808 1212 tam
1865 1164 2187 1234 praesens
2233 1142 2632 1224 discrimen,
2684 1142 2836 1231 ejus
2877 1142 3156 1211 meritis

603 1243 669 1300 et
756 1231 1027 1301 recibus
1060 1252 1132 1300 se
1169 1230 1489 1301 evasisse.

780 1324 948 1391 21).
1001 1319 1170 1389 Inde
1216 1320 1286 1389 in
1338 1321 1693 1389 Franciam
1747 1342 2058 1391 reversus
2103 1326 2264 1400 Rex,
2319 1341 2596 1389 summa
2633 1319 2954 1388 omnium
2992 1342 3154 1411 gra-

606 1407 936 1478 tulatione
981 1409 1343 1499 excipitur,
1392 1422 1599 1495 atque
1643 1408 1732 1478 ab
1776 1431 1856 1480 eo
1896 1421 2199 1498 tempore
2240 1408 2461 1497 magis
2502 1408 2863 1498 magisque
2892 1407 2989 1478 de
3020 1410 3154 1478 vir-

606 1508 749 1568 tute
799 1496 865 1565 in
918 1497 1232 1567 virtutem
1285 1497 1751 1587 proficiscens,
1801 1497 1888 1567 ad
1920 1496 2395 1567 omnimodam
2431 1496 2603 1566 vitae
2646 1496 3149 1586 perfectionem

605 1586 932 1676 pervenit.
988 1587 1125 1655 Etsi
1174 1607 1330 1655 vero
1375 1586 1463 1656 ab
1512 1586 1801 1655 infantia
1839 1609 1998 1656 cum
2036 1586 2154 1656 illo
2192 1596 2492 1656 creverat
2528 1586 2904 1666 miseratio,
2949 1585 3151 1656 dein-

602 1696 764 1765 ceps
798 1687 1019 1743 tamen
1054 1674 1441 1744 evidentius
1468 1697 1617 1744 eam
1650 1673 2026 1744 declaravit
2055 1675 2125 1744 in
2161 1675 2450 1745 afflictos
2478 1687 2546 1744 et
2580 1674 2845 1763 inopes,
2882 1675 3150 1763 quibus

604 1763 932 1834 omnibus
982 1785 1104 1853 pro
1153 1763 1416 1833 viribus
1461 1763 1955 1850 opitulabatur.
2004 1764 2225 1834 Jussit
2270 1763 2457 1833 enim
2489 1764 2710 1833 extrui
2743 1761 3002 1834 domos
3034 1765 3149 1833 ho-

602 1852 907 1941 spitaleS,
964 1851 1379 1922 monasteria
1427 1852 1932 1943 religiosorum,
1985 1865 2053 1922 et
2101 1853 2169 1922 in
2219 1851 2511 1923 diversis
2559 1851 2754 1942 regni
2804 1852 2920 1922 sui
2984 1852 3147 1923 loeis

602 1939 859 2010 multas
905 1940 1280 2026 quotannis
1326 1939 1650 2010 distribui
1702 1941 2033 2031 pecunias
2081 1941 2168 2011 iis
2212 1941 2333 2029 qui
2370 1941 2609 2031 majori
2645 1941 2871 2030 pressi
2913 1941 3143 2031 inopia

603 2027 1299 2113 videbantur.*Multa
1350 2030 1951 2099 Dominicanorum
2017 2042 2083 2099 et
2144 2030 2758 2100 Franciscanorum
2829 2030 3142 2099 condidit

601 2116 928 2187 coenobia
963 2138 1002 2185 a
1040 2116 1532 2194 fundamentis,
1579 2118 1957 2205 multisque
1986 2118 2145 2189 aliis
2185 2118 2610 2210 pauperibus
2651 2117 3001 2208 religiosis
3037 2140 3138 2188 ec-

600 2205 846 2276 clesias
892 2219 959 2274 et
1003 2204 1319 2276 aedificia
1366 2227 1406 2276 o
1464 2217 1753 2294 portuna
1800 2207 2224 2288 construxit,
2283 2206 2494 2277 tarcis
2541 2206 2800 2276 additis
2847 2206 3132 2277 eleemo-

602 2294 822 2383 synis.
877 2295 1106 2364 Caecis
1154 2295 1222 2363 in
1272 2228 1578 2382 quaiibet
1616 2295 1755 2366 sere
1793 2295 2063 2366 civitate
2093 2308 2158 2366 et
2186 2260 2467 2366 castel‘lo
2501 2295 2695 2386 regni
2728 2297 2873 2376 sui,
2905 2295 3133 2365 domos

601 2383 774 2474 ipsis
820 2404 1164 2473 congruas
1211 2398 1277 2454 et
1322 2399 1749 2476 opportunas
1798 2384 2295 2486 benignissime
2342 2385 2677 2464 attribuit,
2731 2398 2956 2454 certos
2995 2382 3124 2481 illis

604 2485 971 2562 proventus
1017 2473 1408 2564 assignans.
1462 2478 1605 2545 Non
1659 2495 1877 2564 pauca
1925 2473 2355 2545 diversorum
2415 2472 2757 2544 Ordinum
2819 2481 3109 2569 monasti-

600 2583 838 2631 corum
888 2563 1219 2632 coenobia
1264 2584 1344 2632 ex
1395 2563 1659 2652 integro
1704 2564 2021 2644 extruxit,
2074 2576 2140 2633 et
2190 2563 2462 2654 magnis
2492 2584 2574 2632 ea
2609 2560 2979 2632 redditibus
3007 2578 3109 2626 tn·

602 2650 888 2719 struxit:
943 2650 1010 2721 in
1061 2651 1318 2738 quibus
1364 2652 1569 2721 etiam
1620 2673 1755 2721 non
1790 2673 1943 2722 raro
1978 2651 2192 2721 mirae
2231 2651 2645 2721 humilitatis
2684 2663 2751 2721 et
2790 2646 3124 2747 charitatis

599 2737 821 2808 officia
848 2738 1180 2820 exhibuit,
1213 2741 1360 2809 suis
1388 2740 1712 2809 manibus
1739 2739 2093 2810 humiliter
2115 2763 2196 2810 ac
2222 2740 2457 2811 devote
2481 2739 2790 2809 serviens
2818 2762 2859 2808 a
3020 2751 3128 2806 us.

507 2868 517 2882 ·
615 2879 619 2882 >
685 2830 723 2915 ξ
774 2834 923 2901 tu.-
972 2832 1138 2898 Cum
1190 2828 1446 2898 veniret
1492 2829 1788 2899 Parisios
1834 2842 1954 2899 aut
1999 2829 2086 2899 ad
2135 2829 2308 2899 alias
2354 2829 2589 2911 urbes,
2624 2827 2878 2900 domos
2955 2827 3132 2917 ospi-

603 2916 797 2997 tales,
852 2916 920 2986 in
970 2916 1227 3004 quibus
1260 2938 1515 3007 magna
1543 2929 1689 2986 erat
1724 2917 1902 2986 male
1936 2916 2336 2989 habentium
2370 2918 2592 3007 copia,
2632 2916 3141 2987 humanissime

536 3032 537 3035 ¹
597 3005 925 3085 invisenS,
981 3005 1382 3093 nulliusque
1430 3005 1726 3075 morbidi
1774 3005 2274 3077 deformitatem
2323 3018 2444 3078 aut
2481 3005 2719 3076 sordes
2759 3004 3137 3096 refugiens,

598 3093 902 3162 infirmis
947 3093 1319 3171 omnibus,
1375 3094 1567 3163 flexis
1613 3094 1910 3185 genibus
1955 3093 2216 3165 fercula
2286 3094 2632 3165 offerebat.
2711 3098 2790 3164 In
2860 3092 3148 3164 Abbatia

599 3182 789 3271 Regii
842 3183 1087 3252 Montis
1136 3184 1601 3252 cisterciensis
1648 3183 1949 3264 OrdiniS,
2002 3205 2211 3271 quam
2254 3184 2370 3253 ille
2411 3183 2780 3273 magnifice
2816 3182 3152 3273 inprimis

598 3282 664 3339 et
710 3269 1038 3351 condidit,
1089 3284 1155 3341 et
1200 3270 1464 3353 ditavit,
1515 3284 1593 3342 ut
1641 3294 1749 3341 res
1787 3273 1940 3361 ipsa
1990 3284 2293 3353 testatur,
2349 3272 2592 3342 crebro
2638 3271 2708 3340 id
2757 3292 2997 3362 genus
3048 3270 3153 3341 of·

597 3358 755 3428 ficia
784 3359 1198 3448 praestitisse
1224 3359 1461 3430 fertur.
1498 3364 1652 3429 Erat
1684 3360 1776 3429 ibi
1815 3360 2197 3430 monachus
2228 3360 2512 3448 quidam
2551 3361 2902 3443 leprosus,
2937 3381 3153 3450 quem

596 3446 838 3518 foedus
885 3447 1000 3517 ille
1047 3449 1331 3519 morbus
1379 3449 1740 3519 horridum
1788 3461 1854 3519 et
1898 3449 2435 3520 abominabilem
2488 3447 2929 3530 reddiderat,
2983 3469 3158 3521 naso

596 3536 749 3623 ejus
793 3549 860 3606 et
904 3537 1128 3608 oculis
1180 3537 1380 3627 plane
1424 3539 1722 3610 corrosis
1759 3550 1826 3607 et
1855 3538 2100 3607 exesis.
2138 3538 2214 3608 Ei
2245 3537 2727 3608 sanctissimus
2759 3542 2913 3608 Rex
2946 3560 3162 3628 pran-

597 3624 785 3694 denti
836 3626 905 3695 in
952 3647 1030 3696 os
1078 3626 1314 3695 cibum
1362 3638 1428 3697 et
1470 3638 1706 3715 potum
1748 3626 2103 3707 inserebat,
2147 3628 2411 3714 absque
2437 3626 2584 3697 ulla
2615 3626 3160 3701 abominatione

597 3713 1104 3786 officiosissime
1152 3714 1252 3784 illi
1302 3712 1681 3797 inserviens
1713 3714 2009 3805 genibus
2047 3715 2264 3797 flexis,
2310 3715 2402 3785 ita
2437 3727 2513 3786 ut
2543 3714 2792 3795 Abbas,
2829 3716 2972 3803 qui
3010 3730 3162 3787 tum

597 3802 852 3884 aderat,
905 3817 970 3873 et
1018 3802 1127 3872 vix
1174 3803 1243 3873 id
1294 3803 1545 3873 intueri
1594 3804 2000 3886 sustinebat,
2047 3804 2118 3874 in
2158 3803 2460 3906 gemitus
2493 3815 2560 3873 et
2592 3804 2957 3893 lacrymas
3004 3825 3166 3898 pm-

596 3906 969 3982 rumperet.
1014 3892 1341 3974 Quamvis
1368 3903 1596 3962 autem
1644 3891 2189 3983 nulli-indigenti
2221 3915 2348 3962 sua
2379 3892 2538 3963 beni
2591 3891 2803 3963 nitate
2837 3914 2998 3965 non
3037 3895 3164 3967 fiac

595 3994 696 4050 ret
741 4003 939 4071 opem
972 4036 987 4059 ,
1040 3993 1109 4051 at
1157 3980 1295 4050 illis
1344 3993 1567 4050 tamen
1597 4036 1613 4061 ,
1657 3982 1775 4068 qui
1822 3979 2057 4050 divino
2102 3981 2324 4052 cultui
2369 3994 2436 4051 et
2481 4003 2556 4050 sa
2589 3981 2692 4051 uti
2738 3981 3166 4057 animarum

597 4081 934 4150 vacarent,
972 4068 1327 4139 liberalius
1348 4083 1414 4141 et
1439 4069 1752 4139 crebrius
1776 4069 2250 4160 eleemosynas
2277 4070 2702 4160 praestabat:
2739 4070 3168 4162 solebatqoe

595 4157 822 4227 dicere
869 4179 1395 4246 nonnumquam
1444 4157 1906 4229 familiaribus
1952 4159 2100 4228 suis
2147 4158 2232 4230 de
2282 4159 2555 4249 magnis
2585 4158 2727 4229 illis
2758 4156 3168 4255 eleemoq·

595 4247 730 4327 nis,
782 4268 955 4333 quas
1002 4247 1392 4319 conferebat
1436 4248 1808 4336 quotannis
1856 4247 2137 4317 Parisiis
2178 4248 2244 4317 in
2278 4247 2525 4317 fratres
2557 4247 3166 4323 Dominicanoset

597 4336 1131 4407 Franciscanos:
1185 4358 1222 4403 «
1274 4340 1325 4406 Ο
1374 4341 1572 4414 Deus,
1625 4358 1834 4424 quam
1869 4336 2042 4406 bene
2073 4335 2445 4407 collocatae
2475 4348 2641 4407 sunt
2674 4336 2808 4407 hae
2833 4335 3162 4411 eleemo-

599 4443 809 4510 synae
858 4424 928 4492 in
976 4436 1070 4493 tot
1117 4435 1479 4511 tantosque
1522 4425 1809 4506 fratres,
1862 4447 1943 4495 ex
1992 4438 2127 4496 toto
2175 4425 2339 4495 orbe
2395 4437 2738 4495 terrarum
2793 4428 3164 4500 Lutetia
