3308 5004
736 332 862 397 ost
1050 323 1060 333 ’
1209 348 1290 394 nr.
1339 347 1392 399 s.
1440 321 1801 395 Auc'usrmo
1847 346 2045 394 nise.
2091 346 2166 393 m·
2212 345 2384 395 ccci..
2440 345 2616 395 noer.
2863 329 3075 394 ΑΗΕ.
3117 329 3202 393 28
3251 421 3252 424 Ἴ

643 445 882 504 contra
931 431 1308 502 haereticOs
1358 431 1677 511 latarum,
1730 430 1990 517 ubique
2039 430 2248 500 teneri
2297 430 2568 500 debere.
2607 436 2697 500 Ex
2728 451 2874 518 quo
2902 445 2980 501 et
3028 431 3203 501 idem

646 521 1056 612 Crispinus,
1122 533 1189 590 et
1254 519 1500 590 caeteri
1563 519 1694 589 sibi
1750 535 2110 608 compares
2181 519 2500 589 haeretici
2538 574 2553 599 ‚
2625 521 2990 610 praecepti
3043 525 3208 589 sunt

642 610 860 682 denas
904 609 1057 680 auri
1108 608 1322 679 libras
1368 608 1519 678 fisci
1559 607 1839 695 juribus
1888 607 2161 678 inferre.
2205 608 2344 679 *Sed
2406 609 2722 700 protinus
2768 629 3002 698 opera
3055 609 3208 678 data

644 712 745 771 est
795 719 915 790 per
961 696 1342 768 catholicos
1407 696 1806 797 Episcopos,
1862 696 2229 787 praecipue
2288 719 2409 786 per
2471 711 2749 766 sanctae
2814 697 3208 767 memoriae

643 787 1155 879 Augustinum,
1207 799 1284 856 ut
1329 785 1449 855 illa
1496 807 1811 855 omnium
1861 785 2379 869 condemnati0‚
2434 786 2791 856 memorati
2850 786 3206 877 principis

644 876 1103 946 dimitteretur
1163 873 1621 965 indulgentia,
1674 877 1755 943 Et
1799 874 2088 944 Domino
2152 875 2524 964 adjuvante
2557 929 2573 957 ,
2628 873 3033 964 perfectum
3086 891 3201 946 est.

642 971 792 1049 Qua
838 964 1198 1056 diligentia
1243 976 1309 1034 et
1345 973 1583 1033 sancto
1629 961 1859 1033 studio
1901 962 2195 1042 multum
2230 964 2443 1034 crevit
2482 977 2718 1035 sancta
2765 963 3130 1035 Ecclesia.

732 1057 770 1141 ξ
817 1057 957 1126 n.
1010 1057 1087 1123 Et
1114 1052 1202 1122 de
1230 1053 1340 1123 his
1370 1052 1723 1132 omnibus,
1809 1074 1884 1122 ro
1926 1073 2091 1142 pace
2129 1052 2470 1122 Ecclesiae
2518 1053 2748 1143 gestis,
2804 1055 3208 1145 Augustino

646 1142 986 1213 Dominus
1032 1155 1099 1211 et
1145 1141 1260 1211 hic
1310 1141 1611 1232 palmam
1660 1073 1872 1221 degit,
1926 1153 1991 1209 et
2021 1140 2204 1231 apud
2249 1164 2322 1210 se
2354 1141 2666 1228 justitiae
2708 1163 3074 1212 coronam
3125 1164 3208 1210 re·

644 1230 940 1302 servavit
974 1254 987 1296 ε
1041 1253 1123 1300 ac
1171 1229 1271 1301 sic
1306 1252 1416 1299 ma
1472 1229 1529 1297 is
1578 1229 1938 1318 magisque
1971 1229 2257 1317 juvante
2304 1231 2593 1310 Christe,
2632 1229 2717 1299 de
2748 1229 2867 1300 die
2903 1230 2991 1300 in
3036 1231 3204 1301 diem

645 1319 1029 1410 augebatur
1072 1331 1141 1389 et
1186 1252 1783 1419 multipqicabatur
1832 1318 2020 1408 pa‘cis
2068 1319 2321 1398 unitaS,
2371 1331 2439 1387 et
2484 1318 2827 1389 Ecclesiae
2897 1321 3037 1390 Dei
3089 1320 3206 1390 fra-

534 1483 541 1492 ,
646 1407 955 1478 tet-nitas,
1009 1414 1087 1478 Et
1116 1407 1181 1477 id
1237 1428 1533 1476 maxime
1565 1404 1820 1476 factum
1853 1419 1956 1476 est
1986 1419 2137 1496 post
2184 1406 2650 1488 Collationem,
2700 1428 2887 1494 quae
2919 1410 3033 1479 ab
3066 1410 3205 1479 uui-

645 1497 860 1566 versis
906 1496 1262 1587 Episcopis
1309 1494 1674 1565 Catholicis
1721 1495 1905 1584 apud
1959 1495 2436 1586 Carthaginem
2471 1517 2631 1565 cum
2665 1496 2937 1565 eisdem
2993 1503 3202 1568 Dona·

647 1586 963 1655 tistarum
1005 1585 1361 1676 Episcopis
1409 1584 1852 1675 postmodum
1901 1583 2076 1654 sacta
2123 1597 2247 1666 est,
2287 1584 2659 1673 adJuvante
2687 1584 3204 1676 gloriosissimo

644 1687 710 1744 et
746 1673 1267 1765 religiosissimo
1301 1678 1717 1762 Imperatore
1746 1674 2089 1743 Honorio:
2123 1688 2405 1830 Propter
2435 1673 2616 1761 quod
2654 1674 3201 1763 perficiendum,

643 1764 850 1832 etiam
902 1784 943 1830 a
990 1784 1116 1833 suo
1166 1762 1372 1831 latere
1419 1761 1803 1831 Tribunum
1871 1762 2111 1832 Marcel
2153 1764 2342 1832 inum
2393 1762 2480 1832 ad
2533 1761 2827 1832 Africam
2887 1764 3203 1849 judicem

647 1852 950 1920 miserat.
1001 1856 1080 1920 In
1128 1872 1267 1938 qua
1312 1849 1779 1920 controversia
1827 1849 1927 1919 illi
1973 1850 2397 1921 omnimodis
2448 1851 2806 1932 confutati,
2866 1865 3095 1942 atque
3131 1853 3204 1921 de

644 1960 876 2008 errore
922 1961 964 2008 a
1009 1938 1367 2008 catholicis
1414 1939 1732 2017 convicti,
1785 1939 2122 2009 sententia
2160 1939 2424 2029 judicis
2458 1941 2667 2010 notati
2708 1954 2910 2022 sunt,
2961 1956 3037 2012 et
3068 1955 3207 2033 post
3251 2025 3252 2032 ἵ

647 2049 886 2097 eorum
936 2049 1024 2117 ap
1076 2027 1494 2107 ellationem‚
1550 2027 1846 2116 piissimi
1896 2027 2100 2118 Regis
2142 2050 2472 2118 responso
2492 2029 2679 2120 juste
2726 2029 2918 2100 inter
2970 2032 3205 2101 haere·

649 2116 822 2186 ticos
885 2136 1012 2186 con
1067 2117 1323 2186 emnati
1396 2128 1581 2185 sunt.
1650 2120 1746 2184 Ex
1802 2138 1939 2204 qua
1999 2116 2261 2186 ratione
2325 2118 2525 2188 solito
2594 2117 2912 2208 amplius
2958 2143 3201 2190 eorum
3251 2189 3252 2202 ,

647 2204 968 2295 Episcopi
1037 2226 1198 2274 cum
1262 2204 1409 2274 suis
1464 2202 1736 2275 clericis
1793 2217 1861 2274 et
1937 2205 2256 2295 plebibus
2318 2206 3062 2287 communicaverunt,
3133 2207 3252 2277 et}

649 2314 885 2384 pacem
938 2305 1241 2364 tenentes
1272 2293 1714 2373 catholicam,
1753 2293 2031 2375 multas,
2072 2315 2312 2364 eorum
2343 2295 2465 2382 qui
2504 2294 2919 2366 catholicam
2956 2319 3200 2387 asper·

648 2382 993 2454 nabantur
1043 2382 1290 2463 fidem,
1347 2381 1887 2472 persecutioneS,
1945 2406 2166 2471 usque
2212 2383 2299 2453 ad
2352 2383 2821 2454 membrorum
2876 2399 3197 2477 amputa·
3251 2389 3252 2408 ¹

647 2472 901 2541 tionem
949 2485 1014 2543 et
1044 2471 1581 2542 internecionem
1692 2471 2097 2543 ertulerunt.
2154 2478 2230 2543 Et
2280 2486 2491 2543 totum
2543 2472 2716 2543 illud
2769 2473 3081 2556 bonurn,
3133 2488 3193 2545 ut
3251 2548 3252 2553 ,

645 2560 812 2642 dixi,
870 2582 989 2650 per
1034 2573 1352 2631 sanctum
1400 2559 1599 2630 illum
1695 2561 1993 2631 ominem
2053 2562 2537 2651 Augustinum‚
2600 2564 3191 2635 consentientibus
3251 2636 3252 2649 ,

645 2649 1074 2741 coepiscopis
1110 2661 1177 2718 et
1211 2649 1462 2739 pariter
1494 2650 1992 2739 satagentibus,
2027 2663 2092 2719 et
2121 2665 2467 2741 coeptum,
2503 2663 2569 2720 et
2604 2650 2993 2741 perfectum
3035 2669 3148 2724 est.

737 2740 773 2826 ξ
819 2743 961 2810 15.
1016 2742 1221 2808 Porro
1266 2748 1495 2807 autem
1544 2738 1874 2823 quoniam
1923 2752 2073 2828 post
2120 2738 2337 2819 illam,
2444 2761 2569 2809 uae
2616 2762 2778 2809 cum
2823 2739 3177 2812 Donatistis

647 2824 826 2896 sacta
871 2840 1004 2910 est,
1058 2826 1498 2896 collationem
1532 2879 1552 2905 ,
1609 2846 1745 2896 non
1797 2826 2164 2898 defuerunt
2227 2828 2348 2915 qui
2445 2829 2748 2908 icerent,
2819 2832 3176 2917 permissos

649 2937 787 2986 non
837 2915 1050 2986 fuisse
1095 2915 1371 2985 eosdem
1421 2913 1795 3005 Episcopus
1843 2915 2027 3005 apud
2068 2929 2491 3005 potestatem,
2527 2938 2707 3004 ¹quae
2742 2939 3040 2988 causam
3065 2940 3164 2986 au·

648 3003 844 3084 divit,
881 3002 1109 3073 dicere
1154 3003 1389 3073 omnia
1439 3024 1562 3093 pro
1596 3005 1744 3074 suis
1842 3004 2107 3074 artibus
2139 3058 2155 3086 ,
2207 3004 2535 3092 quoniam
2587 3005 2985 3077 catholicae
3009 3025 3162 3076 com-

652 3091 1009 3163 munionis
1055 3092 1365 3183 cognitor
1425 3114 1592 3161 suae
1648 3027 1913 3162 favebat
1967 3092 2352 3164 Ecclesiae:
2411 3092 2567 3163 licet
2615 3094 2742 3163 hoc
2794 3095 3170 3166 deficientes

648 3193 714 3249 et
760 3179 941 3258 victi,
995 3181 1078 3250 ad
1115 3180 1620 3250 excusationem
1663 3182 2045 3271 jactarent:
2097 3181 2658 3269 quandoquidem
2709 3195 2777 3252 et
2830 3199 3002 3255 ante
3037 3202 3182 3254 con·

648 3268 1046 3351 troversiam
1098 3268 1303 3345 iidem
1348 3269 1672 3339 haeretici
1705 3269 2081 3340 catholicae
2127 3271 2643 3341 communionis
2672 3274 3022 3343 eumdem
3057 3294 3188 3344 esse

649 3369 1000 3439 noverant,
1053 3371 1118 3426 et
1162 3380 1321 3428 cum
1375 3357 1464 3426 ab
1517 3357 1757 3429 eodem
1807 3360 2338 3429 convenirentur
2386 3359 2683 3450 publicis
2713 3363 2971 3461 gestiS,
3028 3361 3193 3452 quod
3251 3364 3252 3389 ³

651 3444 737 3514 ad
772 3445 1214 3516 Collationem
1245 3461 1707 3527 occurrerent,
1752 3470 1823 3517 se
1869 3470 2020 3517 esse
2071 3447 2370 3519 facturos
2421 3463 2763 3538 prosecuti
2826 3466 3037 3520 sunt.
3093 3455 3198 3521 Po·

651 3547 874 3604 terant
920 3536 1158 3622 utique
1219 3548 1618 3634 suspectum
1685 3557 1843 3605 eum
1907 3536 2238 3609 habentes
2303 3559 2621 3607 recusare
2683 3559 3200 3640 congressum:
3251 3590 3252 3597 κ

649 3625 1402 3724 tamen'omnipotentis
1455 3623 1569 3692 Dei
1629 3624 1966 3713 praestitit
2005 3625 2367 3707 auxilium,
2425 3639 2500 3694 ut
2543 3638 2774 3728 postea
2839 3650 2912 3696 in
2961 3634 3206 3700 Caesa-

647 3714 872 3782 reensi
912 3712 1358 3782 Mauritaniae
1405 3712 1678 3782 civitate
1724 3713 2139 3784 constitutus
2186 3714 2597 3784 venerabilis
2637 3717 3034 3787 memoriae
3084 3723 3208 3788 Au-

648 3801 994 3890 gustinus,
1047 3823 1184 3888 quo
1213 3814 1386 3870 eum·
1410 3801 1647 3872 venirew
1685 3823 1844 3871 cum
1878 3801 2034 3872 aliis
2072 3803 2500 3893 coepiscopis
2535 3803 2727 3873 Sedis
2766 3806 3213 3895 Apostolicae

649 3890 909 3959 Literae
955 3889 1464 3979 compulerunt,
1496 3889 1585 3959 ob
1633 3890 2103 3961 terminandas
2140 3892 2458 3962 videlicet
2491 3891 2662 3963 alias
2700 3893 3068 3965 Ecclesiae
3097 3917 3217 3966 ne·

645 3980 1037 4048 cessitates:
1092 3978 1222 4048 hac
1268 3998 1428 4069 ergo
1470 3978 1833 4049 occasione
1884 3979 2214 4069 provenit,
2268 3993 2341 4050 ut
2387 3981 2764 4051 Emeritum
2797 4035 2814 4059 ,
2869 3983 3214 4069 ejusdem

648 4065 779 4137 loci
818 4066 1323 4137 Donatistarum
1375 4066 1817 4157 Episcopum,
1869 4089 2072 4155 quem
2125 4090 2290 4140 suae
2321 4082 2559 4140 sectae
2606 4069 3086 4161 praecipuum
3145 4075 3220 4143 in

644 4154 762 4224 illa
800 4155 1169 4227 Collatione
1217 4155 1610 4226 habuerunt
1639 4155 2093 4239 defensorem,
2147 4157 2425 4236 videret,
2477 4170 2543 4227 et
2579 4180 2744 4228 cum
2777 4158 3032 4228 eodem
3251 4200 3252 4203 =

644 4241 822 4313 blice
863 4244 930 4312 in
972 4245 1284 4324 ecclesia,
1342 4245 1596 4335 populo
1641 4244 1957 4315 adstante
2003 4245 2312 4316 diversae
2341 4245 2880 4328 communionis,
2929 4266 3025 4318 ex
3133 4272 3217 4321 oc

641 4330 794 4421 ipso
842 4332 1248 4421 disputaret.
1299 4347 1365 4402 et
1415 4347 1810 4422 provocaret
1849 4333 2058 4424 gestis
2089 4334 2626 4405 Ecclesiasticis:
2665 4348 2740 4406 ut
2767 4335 2953 4423 quod
2993 4336 3209 4419 forte,

646 4418 830 4489 sicut
881 4420 1256 4501 dicebant,
1321 4421 1642 4512 prosequi
1716 4423 1938 4513 potuit
2007 4423 2077 4491 in
2137 4422 2504 4493 collatione
2533 4477 2550 4506 ,
2620 4422 2740 4496 sed
2800 4427 3215 4516 permissus
