3308 5004
96 339 277 406 Ans.
328 338 418 405 27
612 297 617 300 ι
776 355 858 405 nn
902 358 961 406 s.
1011 353 1293 406 Josssrno
1335 354 1718 407 cuasam.
1776 355 1960 409 con.
2419 344 2550 410 673

96 439 163 508 in
204 439 360 541 ipso
397 436 691 508 articulo
736 437 1066 528 temporis
1100 436 1565 528 responderet.-
1618 439 1784 529 Ejus
1815 437 1975 508 item
2009 449 2368 512 comnotus
2397 463 2638 534 aegro-

95 528 393 600 tantibus
418 527 750 597 ‘salutaris
781 539 948 610 erat,
989 527 1375 617 praesentia
1408 526 1872 597 daemonibus
1900 526 2370 600 formidolosa.
2629 581 2632 584 ι

178 619 218 705 ὅ
261 622 395 689 11.
450 615 575 686 Sed
620 618 765 706 Jam
816 637 1146 706 suprema
1193 615 1341 686 dies
1388 615 1668 697 aderat,
1729 637 1868 702 qua
1927 615 2274 707 Josephus
2328 619 2640 708 ejusdem

98 706 473 796 praescius,
528 719 682 796 post
731 704 999 776 labores
1046 716 1183 774 tam
1224 703 1535 786 multoS,
1591 716 1744 795 post
1793 716 1930 774 tam
1983 704 2225 796 longas
2270 728 2642 780 aerumnas

94 794 506 885 sempiterna
529 794 760 882 quiete
784 816 866 864 ac
895 792 1324 864 beatitudine
1350 792 1706 883 potiretur.
1730 798 1968 880 Itaque
1987 810 2348 885 correptus
2375 798 2637 881 morbo,

98 904 295 969 quem
347 882 595 972 medici
647 882 891 965 levem,
941 894 1008 952 et
1052 881 1381 952 ultimum
1432 881 1585 974 ipse
1630 867 2043 964 affirmabat,
2098 883 2640 955 christianarum

100 972 449 1054 virtutum,
502 992 884 1059 earumque
932 972 1228 1040 maxime
1272 992 1454 1058 quae
1504 969 1573 1039 id
1608 982 1888 1060 tempus
1920 984 2252 1060 posceret,
2292 973 2360 1041 in
2397 979 2642 1044 occur-

97 1081 249 1130 sum
296 1061 566 1130 Domini
618 1081 861 1150 parare
908 1081 982 1129 se
1027 1058 1342 1150 impense
1389 1059 1731 1130 studebat.
1787 1060 2008 1130 Morbi
2042 1072 2269 1131 autem
2324 1062 2460 1132 vim
2504 1083 2638 1131 non

94 1149 418 1239 patientia
466 1148 670 1220 modo
718 1148 965 1241 ipsius,
1018 1161 1225 1235 atque
1269 1148 1489 1218 animi
1537 1148 1871 1237 aequitas,
1926 1148 2044 1218 sed
2086 1149 2291 1219 etiam
2325 1150 2641 1221 beatissi-

93 1259 245 1307 mae
288 1239 590 1329 Virginis
627 1237 1062 1324 aliorumque
1089 1236 1406 1307 coelitum
1439 1236 1742 1308 visiones
1775 1237 2230 1309 suavissimae
2264 1238 2634 1311 leniebant.

91 1331 277 1397 Inter
318 1349 436 1397 eas
484 1349 689 1418 porro
735 1326 856 1395 illa
902 1325 1142 1412 utiquc
1188 1325 1713 1427 jucundissima
1742 1380 1758 1406 ‚
1819 1348 1958 1415 qua
2002 1326 2240 1396 eadem
2283 1328 2401 1398 Dei
2435 1334 2642 1399 Mater

92 1436 245 1486 sese
288 1416 389 1485 illi
439 1414 1001 1506 conspiciendam
1055 1412 1268 1506 dedit,
1318 1414 1815 1505 complurium,
1872 1416 1992 1504 qui
2043 1416 2406 1508 religiosae
2447 1417 2658 1491 illius*

89 1503 501 1596 disciplinae
547 1504 814 1574 alumni
862 1503 1154 1585 fuerant,
1209 1524 1503 1574 numero
1548 1503 1894 1574 comitata.
1949 1504 2095 1574 Alia
2152 1518 2502 1596 praeterea
2540 1507 2643 1576 vi-

90 1594 286 1664 sione
333 1615 606 1664 servum
655 1613 863 1663 suum
902 1593 1190 1683 Deipara
1221 1614 1380 1663 cum
1423 1593 2076 1663 sanctissimorum
2115 1616 2244 1665 suo
2284 1596 2636 1678 recreavit,

90 1683 403 1772 pollicita
450 1683 737 1773 insuper
781 1680 925 1750 fore
957 1681 1245 1751 utOrdo
1275 1681 1369 1750 ab
1405 1682 1557 1771 ipso
1587 1682 1970 1769 institutuS,
2010 1681 2095 1751 de
2132 1704 2271 1770 quo
2303 1684 2642 1754 sollicitus

85 1784 238 1841 erat
284 1794 371 1840 ne
416 1771 585 1840 forte
633 1769 967 1852 interiret,
1019 1781 1416 1861 protegente
1462 1792 1535 1840 se
1580 1772 2065 1852 refloresceret.
2105 1771 2297 1855 Quod
2331 1772 2637 1859 quidem,

86 1882 253 1930 cum
304 1859 390 1930 ad
440 1859 802 1950 erigendos
848 1859 920 1928 in
972 1880 1165 1948 spem
1206 1881 1371 1931 suos
1402 1880 1823 1951 magnopere
1865 1860 2252 1951 pertineret.
2292 1862 2645 1932 existima-

85 1950 191 2019 vit
237 1971 308 2018 se
355 1949 543 2035 salva
592 1948 923 2018 modestia
975 1968 1174 2038 posse
1222 1947 1291 2017 id
1341 1947 1602 2018 eisdem
1654 1948 1881 2040 palam
1934 1948 2178 2031 facere,
2231 1962 2435 2037 atque
2473 1950 2644 2021 adeo

85 2038 369 2108 debere.
396 2039 840 2108 Sanctissimo
868 2036 1117 2106 deinde
1155 2037 1466 2126 corporis
1498 2037 1746 2109 Christi
1784 2037 2025 2107 viatico
2061 2038 2444 2122 roboratuS,
2522 2062 2644 2109 ua·

85 2139 255 2197 tuor
296 2149 337 2197 e
380 2127 526 2198 suis
572 2127 878 2196 alumnis
917 2127 987 2195 in
1020 2125 1424 2195 Vaticanum
1458 2125 1828 2197 mittendos
1866 2125 2098 2196 duxit:
2145 2126 2323 2197 duos
2352 2129 2472 2216 qui
2530 2150 2641 2197 em

80 2210 215 2304 qui
265 2216 483 2286 sancti
527 2214 999 2305 Apostolorum
1052 2214 1392 2305 Principis
1421 2236 1706 2284 aeneam
1741 2226 2036 2286 statuam
2068 2218 2393 2296 venerati,
2441 2217 2642 2306 pium

83 2305 290 2375 illius
336 2304 629 2394 pedibus
675 2303 992 2373 osculum
1033 2301 1298 2384 darent,
1353 2325 1482 2388 ceu
1513 2303 2160 2373 testem‘catholicae
2194 2326 2519 2374 romanae
2559 2304 2644 2373 fi-

81 2394 231 2475 dei,
283 2394 353 2463 in
386 2415 523 2482 qua
554 2393 796 2473 emori,
842 2391 941 2462 uti
983 2392 1258 2471 vixerat,
1304 2392 1648 2481 Josephus
1681 2391 1998 2480 optabat:
2034 2391 2210 2461 alios
2241 2414 2401 2464 vero
2435 2392 2637 2475 duos,

80 2484 217 2574 qui
266 2506 305 2553 a
350 2504 628 2553 summo
677 2480 1001 2552 Pontifice
1050 2480 1299 2551 Christi
1347 2481 1600 2550 vicario
1654 2479 1925 2571 plenam
1979 2480 2228 2571 culpae
2276 2482 2504 2551 omnis
2562 2502 2643 2552 ac

78 2595 354 2665 poenae
401 2572 903 2650 remissionem,
957 2569 1179 2660 ipsius
1229 2568 1508 2640 nomine
1558 2581 1863 2660 peterent
1912 2581 2120 2657 atque
2168 2571 2640 2661 impetrarent.

78 2668 305 2733 Sacra
351 2661 636 2730 demum
684 2659 1010 2730 unctione
1057 2659 1395 2740 munitus,
1449 2657 1796 2748 lacrymas
1841 2657 2022 2727 inter
2069 2681 2148 2728 ac
2201 2680 2439 2749 preces
2487 2681 2645 2730 suo·

76 2771 284 2830 rum,
339 2748 630 2819 sublatis
678 2747 763 2817 ad
812 2747 1080 2818 coelum
1111 2747 1358 2826 oculiS‚
1392 2760 1458 2817 et
1490 2746 1852 2837 pendentis
1891 2768 2157 2816 ecruce
2196 2748 2440 2819 Christi
2481 2748 2650 2818 ima·

74 2841 333 2943 ginem
383 2836 759 2917 osculatus,
814 2851 964 2927 post
1013 2834 1510 2905 invocationem
1560 2834 1959 2905 suavissimi
1999 2841 2168 2906 Jesu
2210 2837 2515 2906 nominis
2550 2849 2652 2907 ter

77 2936 441 3005 iteratam,
494 2926 606 2994 sui
653 2946 958 3016 compos,
994 2936 1060 2994 et
1091 2924 1415 2994 sensibus
1445 2923 1704 3005 valens,
1743 2924 2267 3015 pacatissimum
2301 2925 2651 2996 conditori

74 3039 224 3090 suo
268 3013 622 3115 ’spiritum
691 3014 1037 3096 reddidit,
1107 3026 1344 3083 octavo
1409 3011 1735 3087 calendas
1805 3012 2228 3103 Septembris
2294 3015 2464 3084 anni
2525 3019 2651 3084 Do·

84 3126 288 3177 mim
334 3122 678 3174 uncxnvm.
2029 3150 2034 3153 -

182 3202 225 3276 ἓ
285 3197 435 3264 1⁶1.
489 3191 667 3261 Illud
718 3205 944 3261 autem
997 3210 1161 3261 sane
1206 3188 1642 3270 admirabile,
1695 3189 1876 3276 quod
1929 3203 2130 3259 etam
2175 3192 2320 3261 cari
2349 3193 2654 3282 parentis

77 3285 303 3355 obitu
354 3303 488 3350 non
542 3302 832 3360 moeror,
887 3292 962 3348 ut
1010 3278 1282 3360 assolet,
1336 3277 1451 3347 sed
1504 3278 1833 3348 inusitata
1879 3279 2220 3366 quaedam
2275 3280 2532 3351 laetitia
2572 3280 2653 3350 fi-

82 3375 364 3443 liorum
414 3368 637 3460 ipsius
686 3369 957 3438 animos
994 3379 1281 3457 repente
1327 3366 1715 3457 occupavit,
1780 3368 2224 3439 manantibus
2276 3370 2422 3460 jam
2492 3392 2653 3460 prae

82 3460 372 3554 gaudio
419 3457 770 3547 lacrymiS‚
823 3478 996 3543 quas
1042 3468 1242 3525 antea
1289 3455 1487 3525 dolor
1533 3470 1982 3545 expresserat.
2038 3457 2350 3528 Defuncti
2401 3480 2656 3549 corpus

82 3551 536 3641 majestatem
587 3546 964 3633 quamdam
1067 3544 1483 3615 raeseferens
1542 3543 1851 3634 rapiebat
1901 3545 2175 3628 oculos,
2238 3568 2657 3634 suavemque

78 3664 169 3710 ac
224 3637 599 3709 coelestem
653 3635 889 3721 utique
943 3656 983 3703 o
1036 3656 1220 3704 orem
1290 3632 1586 3703 afflabat.
1662 3639 1979 3702 Jamvero
2040 3635 2398 3726 virginalis
2470 3635 2659 3705 illius

78 3726 359 3798 eximii·
400 3723 687 3815 pudoris
733 3724 1001 3794 etiamsi
1050 3722 1186 3792 alia
1222 3722 1453 3801 nulla,
1480 3720 1664 3790 dum
1699 3721 1878 3791 inter
1908 3724 2229 3794 mortales
2262 3736 2514 3814 ageret,
2554 3725 2655 3797 in·

78 3818 290 3887 dicia
343 3824 677 3889 extarent,
731 3811 904 3881 illud
953 3832 1175 3881 unum
1225 3813 1393 3881 satis
1438 3810 1856 3898 abundeque
1894 3810 2085 3894 fooet,
2122 3813 2304 3900 quod
2349 3825 2661 3882 mortuus

76 3904 328 3976 edidit
380 3903 580 3993 plane
627 3900 1149 3988 admirandum.
1196 3906 1420 3984 Quum
1459 3899 1644 3968 enim
1679 3899 1995 3981 oadaver,
2031 3899 2333 3971 detracto
2366 3913 2444 3970 ut
2471 3900 2662 3971 ablui

83 4004 345 4086 posset
394 3990 694 4071 indusi0‚
752 3989 1089 4058 nudatum
1139 4000 1341 4069 esset,
1396 4009 1647 4057 manus
1697 3987 1891 4060 illius
1929 3989 2236 4071 dextera,
2276 3988 2471 4063 nullo
2501 3988 2664 4058 alte-

80 4086 253 4155 rius
310 4079 650 4171 impulsu,
702 4079 931 4148 statim
986 4088 1376 4167 partes-eas
1414 4076 1793 4166 cooperuit,
1839 4099 2011 4164 quas
2036 4078 2459 4151 verecundia
2499 4098 2664 4147 con·—

74 4173 386 4263 spicere
435 4180 645 4237 vetat:
700 4180 904 4253 atque
952 4178 1028 4234 ut
1075 4165 1458 4236 evidentius
1506 4164 1738 4234 adbuc
1785 4172 1924 4235 tarn
1975 4167 2329 4263 singulare
2371 4202 2376 4211 v
2427 4166 2666 4237 udoris

72 4257 428 4331 studium
479 4268 864 4346 appareret,
919 4254 1204 4335 dimota,
1297 4276 1373 4323 er
1399 4275 1537 4333 eos,
1572 4254 1696 4340 qui
1723 4253 2032 4336 aderant,
2079 4257 2332 4327 mortui
2411 4262 2659 4336 extera,

75 4347 403 4423 sinistra
437 4346 692 4434 pariter
722 4344 996 4414 nemine
1028 4342 1237 4434 impel
1270 4354 1424 4413 ente
1455 4340 1540 4411 ad
1585 4354 1812 4431 partes
1848 4364 1964 4413 eas
1992 4344 2411 4437 obtegendas
2440 4344 2668 4415 dexte-

76 4460 219 4510 rae
267 4432 495 4502 vicem
529 4433 913 4524 supplevit.
1370 4492 1375 4499 ,
1552 4492 1556 4496 Α

267 4557 520 4614 surius
552 4584 571 4595 ·
614 4550 777 4612 Vitae
819 4550 924 4613 SS.
957 4584 979 4596 ·
1001 4551 1130 4612 Vol.
1155 4550 1312 4628 vm,
2428 4551 2506 4610 43
