3308 5004
177 350 367 417 AUG.
420 351 508 416 20
855 369 934 416 nr:
982 367 1040 415 s.
1092 367 1422 416 naamam
1471 367 1613 415 Ana.
1670 365 2053 415 CLARAVALL.
2513 349 2643 414 445

177 452 686 544 praedicationi
736 452 1076 534 insistere,
1129 464 1194 523 et
1239 474 1719 540 quoscumque
1761 462 2023 542 poterat
2055 471 2473 542 aggregare:
2512 452 2734 542 coepit

178 563 438 613 novum
492 543 782 612 induere
831 541 1221 622 hominem,
1273 556 1339 612 et
1385 563 1548 612 cum
1595 541 1857 628 quibus
1903 539 1990 610 de
2038 539 2253 610 literis
2303 540 2559 622 seculi,
2614 562 2737 610 seu

179 631 267 701 de
316 630 549 703 seculo
599 631 749 720 ipso
798 652 1002 721 agere
1049 630 1355 711 solebat,
1411 629 1496 699 de
1544 629 1747 699 seriis
1791 641 1858 698 et
1903 630 2349 699 conversione
2398 642 2724 700 tractare:

178 719 554 791 ostendens
603 718 859 811 gaudia
909 719 1154 789 mundi
1188 718 1498 809 fugitiva,
1547 719 1721 787 vitae
1756 717 2097 804 miseriaS,
2136 731 2200 787 et
2233 717 2522 787 celerem
2560 740 2739 788 mor-

183 822 346 889 tem,
404 809 638 889 vitam,
697 819 846 899 post
896 819 1184 879 mortem
1229 806 1704 897 temporalem,
1743 806 1884 877 sive
1923 807 1993 875 in
2035 807 2261 889 bonis,
2305 807 2445 877 sive
2485 807 2552 875 in
2595 829 2739 877 ma-

189 897 273 967 lis
324 910 724 989 perpetuam
776 896 940 968 fore.
995 896 1173 980 Quid
1228 897 1501 967 multa?
1548 901 1895 982 Quotquot
1942 894 2026 965 ad
2089 895 2215 965 hoc
2277 895 2741 987 praeordinati

189 1000 402 1069 erant,
456 999 781 1077 operante
830 986 898 1054 in
936 986 1037 1055 eis
1070 986 1291 1076 gratia
1326 986 1443 1054 Dei
1475 997 1540 1054 et
1573 985 1779 1054 verbo
1812 984 2083 1056 virtutis
2116 985 2177 1072 ej
2192 1005 2293 1065 uS,
2336 997 2402 1054 et
2432 985 2742 1054 oratione

188 1087 254 1145 et
301 1076 629 1146 instantia
669 1075 845 1145 servi
876 1075 1050 1165 ejuS,
1093 1075 1320 1165 primo
1357 1074 1688 1154 cunctati,
1726 1085 1790 1143 et
1823 1072 2073 1142 deinde
2112 1074 2535 1164 compuncti,
2575 1074 2745 1143 alter

186 1178 341 1257 post
392 1164 681 1234 alterum
733 1164 1107 1234 credebant
1155 1175 1220 1233 et
1268 1163 1820 1233 consentiebant.
1875 1161 2260 1252 Adjunctus
2307 1174 2408 1231 est
2437 1162 2640 1232 etiam
2680 1164 2740 1232 ei

189 1253 523 1324 dominus
562 1257 760 1342 Hugo
796 1252 1337 1333 Matisconensis‚
1378 1251 1735 1323 nobilitate
1765 1263 1830 1322 et
1867 1252 2199 1342 probitate
2241 1273 2539 1333 morum,
2585 1273 2744 1342 pos-

188 1343 619 1413 sessionibus
666 1355 732 1411 et
779 1341 1039 1410 divitiis
1081 1341 1298 1412 seculi
1337 1341 1739 1432 ampliatus,
1785 1340 1915 1423 Qui
1952 1340 2157 1410 hodie
2192 1340 2434 1410 merito
2469 1340 2744 1431 religio-

187 1432 303 1501 nis
350 1453 517 1502 suae
564 1445 628 1501 et
675 1431 1060 1500 sanctitatis
1114 1431 1386 1521 potius»,
1452 1452 1662 1517 quam
1721 1430 2099 1501 nobilitatis
2160 1451 2284 1500 seu
2342 1429 2742 1499 divitiarum

185 1521 452 1611 gratia,
509 1532 747 1610 raptus
795 1543 831 1588 a
881 1519 1390 1589 Pontiniacensi
1441 1519 1817 1600 coenobio,
1873 1518 2056 1607 quod
2110 1519 2259 1609 ipse
2306 1518 2740 1598 aedificavit,

183 1609 729 1682 Antisiodorensi
774 1607 1145 1699 (Auoeerre)
1192 1608 1533 1678 Ecclesiae
1584 1622 1852 1699 praeest
1900 1609 2142 1679 merito
2181 1620 2247 1677 et
2281 1608 2537 1678 honore
2575 1629 2747 1696 pon-

188 1698 420 1770 tificis.
468 1699 592 1767 Hic
622 1696 914 1768 audiens
946 1697 1030 1766 de
1065 1698 1510 1769 conversione
1541 1698 1709 1768 socii
1742 1710 1808 1766 et
1837 1697 2045 1766 amici
2076 1696 2499 1777 charissimi,
2540 1697 2749 1765 flebat

188 1789 393 1876 quasi
424 1786 796 1878 perditum,
835 1808 1041 1874 quem
1075 1787 1306 1858 seculo
1338 1799 1686 1856 mortuum
1715 1786 2064 1855 audiebat.
2103 1785 2227 1855 Ubi
2260 1798 2489 1854 autem
2571 1785 2748 1855 rimo

184 1878 350 1946 data
394 1890 497 1945 est
545 1876 820 1962 utrique
868 1874 1159 1946 facultas
1209 1876 1437 1945 mutui
1486 1874 1839 1962 colloquii,
1894 1888 2049 1966 post
2084 1874 2474 1945 vdissimiles
2550 1895 2749 1963 acry-

186 1988 341 2036 mas
388 1976 453 2034 et
515 1964 812 2054 gemitus
868 1963 1322 2034 dissimilium
1377 1964 1695 2035 dolorum
1729 2018 1744 2044 ‚
1811 1965 2018 2034 verba
2082 1963 2310 2033 verbis
2370 1974 2751 2053 coeperunt

185 2053 512 2133 conferri,
564 2066 629 2122 et
681 2074 786 2122 res
838 2052 1043 2123 rebus
1089 2054 1506 2141 comparari.
1545 2058 1853 2140 Cumque
1891 2053 2070 2123 inter
2111 2053 2262 2142 ipsa
2296 2055 2503 2121 verba
2545 2052 2752 2121 fami-

187 2142 388 2212 liaris
437 2141 781 2212 amicitiae
830 2142 1100 2231 Hugoni
1136 2141 1619 2212 infunderetur
1653 2142 1943 2232 spiritus
1982 2141 2309 2222 veritatis,
2356 2140 2564 2210 aliam
2601 2141 2749 2228 jam

190 2231 439 2302 faciem
489 2231 740 2300 habere
779 2243 1152 2320 coeperunt
1187 2231 1392 2301 verba
1431 2243 1715 2301 mutuae
1748 2229 2257 2301 collocutionis.
2302 2230 2484 2299 Datis
2525 2231 2754 2318 itaque

190 2319 450 2391 dextris
498 2321 569 2388 in
621 2319 1020 2391 sodalitium
1076 2340 1287 2389 novae
1334 2320 1532 2401 vitae,
1589 2319 1791 2410 longe
1839 2319 2125 2410 dignius
2174 2318 2540 2406 veriusque
2590 2318 2755 2388 facti

194 2421 360 2567 {unt
408 2430 526 2477 cor
573 2430 793 2479 unum
842 2421 908 2480 et
954 2408 1188 2479 anima
1235 2430 1378 2478 una
1425 2409 1495 2477 in
1547 2408 1816 2480 Christo
1847 2463 1862 2490 ‚
1915 2430 2126 2497 quam
2177 2409 2247 2476 in
2305 2407 2537 2478 seculo
2600 2420 2757 2477 ante

226 2510 495 2569 uerant.

284 2590 321 2675 ξ
368 2591 519 2660 18.
572 2592 726 2657 Post
774 2609 1031 2676 paucos
1061 2599 1291 2658 autem
1327 2587 1475 2657 dies
1511 2586 1889 2656 nunciatur
1921 2584 2294 2666 Bernard0‚
2335 2586 2750 2656 subversum

191 2682 557 2766 Hugonem
609 2677 696 2745 ab
743 2676 901 2745 aliis
950 2677 1177 2758 sociis,
1232 2698 1272 2745 a
1280 2677 1664 2834 dproposito
1700 2674 1990 2745 resilire.
2031 2674 2558 2765 opportunitate
2590 2695 2754 2775 ergo

188 2767 520 2847 inventa,
574 2763 756 2852 quod
809 2787 1108 2856 magnus
1154 2765 1274 2854 qui
1327 2787 1441 2834 am
1492 2765 1993 2854 Episcoporum
2045 2775 2425 2833 conventus
2475 2762 2617 2832 illis
2678 2784 2753 2831 1n

187 2854 513 2945 partibus
554 2854 941 2936 haberetur,
984 2854 1259 2924 festinat
1292 2869 1367 2924 ut
1403 2856 1669 2924 revocet
1711 2865 2136 2943 pereuntem,
2178 2851 2567 2939 iterumque
2606 2874 2757 2941 par-

188 2942 431 3016 turiat.
487 2944 939 3015 Observantes
987 2956 1219 3013 autem
1273 2942 1604 3033 praedicti
1652 2942 1926 3013 sodales
1973 2953 2038 3011 et
2101 2941 2544 3012 subversores
2611 2945 2754 3010 Hu-

191 3032 438 3122 gonis,
495 3033 639 3102 viso
686 3054 796 3113 eo,
851 3032 1177 3123 praedam
1225 3032 1547 3102 ambiunt
1596 3053 1821 3112 suam,
1878 3043 1943 3100 et
1988 3051 2266 3100 omnem
2314 3030 2376 3099 ei
2427 3027 2760 3117 loquendi

189 3120 519 3190 adimunt
566 3120 1006 3202 facultatem,
1059 3142 1338 3191 omnem
1390 3121 1659 3191 aditum
1725 3119 2227 3190 intercli1dunt.
2287 3122 2365 3189 At
2426 3118 2540 3188 ille
2596 3139 2757 3188 cum

191 3209 392 3297 loqui
439 3209 501 3278 ei
552 3232 686 3280 non
742 3222 989 3300 posset,
1045 3209 1390 3280 clamabat
1440 3232 1563 3300 pro
1610 3231 1692 3279 eo
1740 3208 1827 3279 ad
1880 3210 2277 3278 Dominum.
2331 3213 2479 3291 Quo
2520 3219 2761 3277 orante

196 3321 366 3368 cum
419 3297 770 3387 lacrymis,
825 3299 1055 3369 subita
1094 3311 1158 3368 et
1192 3298 1558 3368 vehemens
1594 3298 1959 3369 inundatio
1998 3297 2271 3388 pluviae
2313 3318 2464 3367 mox
2505 3297 2756 3387 erupit.

192 3387 660 3458 Consederant
709 3399 934 3456 autem
991 3388 1057 3456 in
1108 3410 1378 3475 camp0,
1431 3410 1509 3458 eo
1558 3387 1743 3475 quod
1795 3389 1913 3457 aer
1960 3408 2247 3457 serenus
2294 3399 2494 3470 esset,
2549 3398 2614 3456 et
2664 3384 2760 3453 nil

191 3475 333 3545 tale
383 3487 758 3565 sperarent.
816 3475 1115 3566 Dispersi
1162 3498 1324 3566 ergo
1372 3498 1613 3547 omnes
1662 3476 1745 3547 ad
1802 3476 2236 3567 repentinum
2290 3475 2612 3556 imbrem,
2664 3475 2763 3543 vi-

191 3586 361 3635 cum
416 3566 805 3655 proximum
859 3579 1121 3653 petunt.
1175 3569 1251 3634 At
1297 3564 1690 3637 Bernardus
1723 3569 2085 3656 Hugonem
2127 3577 2414 3635 tenens:
2470 3570 2758 3644 Mecum,

192 3653 316 3731 ait,
374 3653 748 3723 sustinebis
798 3653 1008 3743 hujus
1061 3654 1331 3744 pluviae
1380 3667 1630 3745 guttas.
1688 3659 1995 3741 Cumque
2044 3653 2173 3723 soli
2237 3655 2757 3732 remansissent,

195 3762 343 3812 non
394 3741 676 3812 fuerunt
715 3742 867 3822 soli,
914 3742 1033 3812 sed
1073 3744 1403 3814 Dominus
1436 3743 1566 3813 fuit
1600 3766 1760 3814 cum
1798 3743 1922 3823 eis,
1966 3741 2260 3812 reddens
2295 3742 2395 3813 eis
2435 3740 2765 3812 continuo

195 3843 268 3900 et
315 3832 494 3900 aeris
541 3843 606 3901 et
654 3831 870 3900 animi
920 3832 1380 3903 serenitatem.
1436 3832 1541 3903 Ibi
1593 3845 1995 3902 renovatum
2046 3843 2147 3901 est
2198 3829 2464 3911 foedus,
2500 3841 2566 3901 et
2608 3852 2764 3920 pro-

195 3919 509 4011 positum
543 3919 1057 3999 confirmatum,
1098 3920 1282 4008 quod
1324 3942 1463 3991 non
1506 3921 1725 4009 potuit
1765 3920 2094 4011 deinceps
2137 3918 2405 3989 violari.

293 4015 331 4088 ἓ
380 4014 525 4082 u.
580 4009 863 4080 Videbat
914 4009 1042 4078 ista
1092 4022 1429 4098 peccator,
1483 4022 1547 4080 et
1584 4010 2051 4081 irascebatur:
2092 4007 2419 4077 dentibus
2451 4006 2599 4079 suis
2632 4005 2767 4076 fre-

201 4096 439 4167 mebat
484 4111 550 4167 et
597 4098 1028 4168 tabescebat:
1067 4098 1306 4186 justus
1338 4112 1568 4169 autem
1612 4098 1971 4169 confidens
2004 4097 2073 4166 in
2117 4097 2428 4178 Domino,
2474 4094 2768 4187 gloriose

201 4185 290 4254 de
339 4186 571 4275 seculo
621 4187 1118 4276 triumphabat.
1171 4193 1468 4274 Jamque
1515 4209 1595 4258 eo
1657 4186 1933 4279 publice
1994 4199 2060 4256 et
2118 4185 2435 4276 privatim
2494 4184 2767 4276 praedi-

200 4286 450 4356 cante,
509 4290 760 4346 matres
809 4277 991 4347 filios
1049 4276 1611 4355 abscondebant,
1675 4298 1923 4348 uxores
1977 4274 2375 4345 detinebant
2432 4276 2759 4355 maritos,

205 4361 416 4432 amici
465 4365 728 4435 amicos
776 4367 1211 4437 avertebant:
1266 4365 1430 4453 quia
1481 4366 1625 4434 voci
1676 4366 1826 4455 ejus
1877 4364 2176 4455 Spiritus
2211 4368 2504 4434 Sanctus
2538 4375 2769 4434 tantae

205 4451 417 4522 dabat
465 4474 694 4523 vocem
755 4455 1071 4537 virtutiS,
1142 4468 1219 4525 ut
1280 4455 1385 4524 vix
1447 4453 1750 4541 aliquem
1818 4454 2069 4543 aliquis
2139 4465 2394 4524 teneret
2452 4453 2760 4524 affectus.
