3308 5004
717 328 846 394 683
1183 343 1263 392 ns
1308 344 1366 391 s.
1420 342 1776 392 Aucusrmo
1823 343 2021 392 msc.
2073 343 2152 392 ιι·
2195 341 2368 392 met..
2415 339 2601 390 socr.
2835 322 3029 390 tna.
3073 323 3156 402 ΞΒ

625 429 814 501 velut
860 429 990 500 sub
1088 428 1459 499 mcossiono
1496 429 2004 499 continentium
2054 427 2530 508 ambulantes,
2582 424 2702 515 qui
2749 426 3167 498 Git'curneei·

628 520 846 591 liones
881 520 988 609 (a)
1064 519 1439 594 icebantur.
1486 522 1564 589 Et
1599 531 1793 588 erant
1824 518 2087 610 ingenti
2123 537 2411 588 numero
2438 529 2504 586 ct
2534 515 2738 586 turba
2765 537 2890 605 per
2917 536 3165 590 omn-

624 608 766 678 fere
802 606 1149 679 Afnicanas
1198 607 1511 697 regiones
1561 607 1939 678 constituti.
1997 606 2134 690 Qui
2191 605 2394 674 malis
2439 604 2694 676 imbuti
2729 603 3160 684 doctoribus,

562 699 567 702 ’
629 696 922 768 audacia
969 695 1267 787 superba
1309 708 1377 766 et
1428 696 1808 767 temeritate
1855 694 2300 778 illicita,*nec
2337 694 2508 774 suis,
2566 714 2692 763 nec
2739 692 2997 766 alienis
3039 692 3169 762 ali·

624 785 906 875 quando
955 784 1350 876 parcebant,
1402 797 1638 856 contra
1676 784 1797 876 jus
1824 783 2063 872 fasque
2109 786 2178 853 in
2223 783 2459 854 'causis
2506 780 3002 868 interdicentes
3045 782 3170 852 ho-

628 873 983 944 minibus:
1034 886 1098 944 et
1147 873 1278 943 nisi
1319 873 1737 950 obedissent.
1775 867 2052 944 damnis
2152 871 2528 942 rarissimis
2567 884 2639 940 et
2681 870 3027 941 caedibus
3069 870 3169 942 as·

624 963 993 1043 finiebant,
1046 962 1292 1032 armati
1348 961 1644 1049 diversis
1693 962 1875 1041 telis,
1927 962 2096 1032 bacc
2149 974 2527 1052 antes-per
2570 981 2775 1050 agros
2820 958 3169 1047 villasque

623 1062 845 1139 usqu'e
889 1051 977 1121 ad
1011 1050 1374 1141 sanguinis
1401 1050 1805 1120 effusionem
1841 1049 2165 1120 accedere
2201 1070 2340 1119 non
2375 1061 2776 1119 metuentes.
2815 1047 2957 1117 Sed
2999 1047 3165 1117 dua

623 1143 909 1211 verbum
963 1141 1073 1209 Dei
1116 1138 1358 1209 sedulo
1407 1139 1942 1230 praedicaretur,
1978 1152 2047 1208 et
2082 1162 2241 1209 cum
2279 1138 2364 1209 iis
2394 1139 2517 1225 qui
2564 1136 2862 1207 odei-um
2895 1158 3168 1228 pacem,

718 1230 818 1298 cis
870 1229 1042 1298 ratio
1083 1227 1519 1308 baberetur,-
1552 1227 1656 1302 illi
1699 1250 1932 1318 pacem
1991 1227 2379 1315 loquentem
2433 1225 2874 1297 debellabant
2985 1226 3166 1295 ratis.

621 1251 929 1405 Eamque
974 1317 1304 1387 adversus
1341 1337 1577 1386 eorum
1614 1317 1867 1408 dogma
1898 1316 2145 1387 veritas
2183 1318 2656 1395 innotesceret.
2690 1314 2810 1403 qui
2844 1336 2888 1381 v
2967 1317 3167 1386 ebant

623 1420 690 1476 et
750 1418 1079 1497 poterant,
1132 1427 1279 1475 sese
1337 1405 1644 1482 indeve!
1695 1405 2099 1496 eripiebant.
2155 1404 2255 1473 vel
2311 1403 2843 1484 subducebant,
2895 1417 2976 1474 et
3027 1404 3167 1496 paci

622 1508 828 1583 atque
872 1494 1121 1565 unitati
1170 1493 1511 1564 Ecclesiae
1554 1515 1715 1564 cum
1766 1495 1935 1575 suis»,
1986 1494 2245 1584 quibus
2295 1505 2626 1583 poterant,
2673 1493 3159 1564 cohaerebam.

625 1583 819 1654 Unde
865 1582 964 1652 illi
1015 1583 1120 1654 sui
1170 1583 1421 1653 erroris
1468 1584 2066 1674 congregationem
2121 1583 2342 1652 minui
2392 1582 2735 1663 videntes,
2786 1596 3016 1670 atque
3059 1605 3166 1653 au-

624 1673 924 1764 gmentis
971 1671 1311 1742 Ecclesiae
1357 1671 1783 1752 invidentes,
1840 1672 2116 1741 accensi
2158 1669 2691 1741 exardescebant
2737 1669 2845 1740 ira
2900 1671 3163 1762 gravis-

622 1763 846 1841 sima,
902 1774 968 1830 et
1014 1760 1482 1831 intolerabiles
1545 1761 2053 1851 persecutiones
2117 1760 2364 1830 unitati
2419 1757 2759 1829 Ecclesiae
2820 1759 3162 1852 compacti

625 1850 1013 1920 faciebant:
1066 1849 1374 1939 ipsisque
1425 1849 1896 1920 sacerdotibus
1958 1848 2316 1919 catholicis
2362 1860 2428 1917 et
2490 1847 2832 1917 ministris
2891 1863 3160 1941 aggresv'

616 1941 856 2008 ¹siones
901 1937 1192 2007 diurnas
1243 1950 1449 2025 atque
1496 1951 1896 2017 nocturnas,
1949 1938 2509 2028 direptionesque
2563 1957 2796 2010 rerum
2852 1938 3156 2011 omnium

625 2027 691 2095 vi
733 2027 1139 2096 inferebant.
1194 2031 1357 2096 Nam
1408 2039 1473 2096 et
1507 2026 1760 2096 multos
1797 2027 1908 2095 Dei
1948 2047 2180 2096 servos
2225 2026 2555 2095 caedibus
2584 2024 3152 2096 debilitaverunt:

624 2114 977 2201 aliquibus
1007 2116 1210 2185 etiam
1261 2114 1517 2185 calcem
1562 2137 1721 2184 cum
1770 2130 1960 2185 aceto
2002 2116 2067 2185 in
2119 2115 2354 2184 oculos
2413 2114 2801 2194 miserunt,
2861 2115 3157 2202 aliasque
3275 2067 3276 2148 ¹

624 2204 1051 2362 ogciderunt3
1098 2203 1308 2361 tPande
1350 2204 1555 2276 etiam
1616 2203 2029 2299 suis7iidem
2070 2204 2454 2273 Donatistae
2512 2203 3052 2293 rebaptizatores
3089 2203 3150 2271 in

623 2314 664 2363 o
721 2314 858 2361 mm
903 2313 1094 2361 venie
1192 2305 1286 2362 nt.
1810 2313 1816 2319 ·

711 2384 906 2469 §12
937 2381 1339 2451 Proficiente
1376 2402 1532 2451 vero
1561 2379 1876 2450 doctrina
1914 2380 2172 2461 divina,
2219 2379 2349 2484 sub
2376 2391 2610 2449 sancto
2638 2391 2708 2449 et
2728 2377 2894 2450 cum
2919 2390 3143 2449 sancto

623 2470 1000 2560 Augustino
1035 2470 1102 2540 in
1150 2470 1560 2541 monasterio
1595 2475 1724 2540 Deo
1758 2468 2151 2551 servientes,
2192 2468 2531 2539 Ecclesiae
2562 2468 2646 2540 Hi
2708 2465 3131 2559 panensicle-

624 2559 748 2630 rici
794 2558 1102 2628 ordinari
1147 2582 1267 2630 coe
1360 2572 1542 2631 runt.
1595 2562 1682 2629 Ac
1712 2558 1961 2629 deinde
2009 2560 2474 2628 innotescente
2519 2571 2585 2627 et
2625 2579 2665 2627 c
2696 2569 3015 2627 ansceota
3033 2552 3120 2621 dc

621 2647 734 2717 die
780 2648 849 2716 in
912 2648 1091 2718 diem
1147 2653 1275 2718 Ecc
1308 2649 1487 2718 esiae
1525 2647 1902 2717 catholicae
1955 2647 2485 2737 praedicationis
2533 2647 2834 2728 veritate,
2874 2655 3124 2715 sancto·

624 2758 921 2824 rumque
960 2758 1313 2807 servorum
1362 2736 1470 2805 Dei
1526 2758 1646 2825 pro
1742 2737 1871 2805 sito
1919 2736 2379 2806 continentiae
2434 2749 2501 2805 et
2556 2748 2951 2826 paupertate
2987 2752 3134 2824 pro-

621 2824 861 2906 funda,
897 2848 974 2896 ex
1008 2826 1448 2906 monasterio,
1488 2847 1627 2912 quo
1727 2848 1847 2915 per
1894 2825 2093 2895 illum
2145 2824 2600 2896 venerabilem
2638 2825 2868 2894 virum
2900 2836 2966 2893 et
2999 2839 3140 2893 esu

620 2927 686 2984 et
732 2936 1038 2984 crescere
1068 2927 1407 3004 coeperat,
1460 2935 1711 3005 magno
1744 2913 2087 2984 desiderio
2119 2935 2397 3005 poscere
2421 2925 2629 3001 atque
2658 2914 2984 3003 accipere
3004 2911 3142 3001 cpi-

622 3023 865 3093 scopos
908 3016 979 3073 et
1014 3003 1300 3073 clericos
1333 3025 1461 3093 pax
1492 3003 1832 3072 Ecclesiae
1884 3015 2086 3160 atgue
2120 3003 2350 3073 unitas
2391 3015 2461 3073 et
2504 3002 2731 3093 coepit
2780 3002 3044 3093 primo,
3081 3008 3139 3068 et

623 3105 856 3182 postea
904 3104 1266 3161 consecuta
1316 3104 1440 3162 est.
1493 3096 1661 3161 Nam
1713 3090 1925 3161 ferme
2003 3113 2218 3169 eccm,
2268 3112 2446 3178 quos
2477 3092 2626 3182 ipse
2657 3090 2851 3172 novi,
2897 3101 3140 3165 sam

623 3201 704 3249 ac
756 3180 1173 3250 venerabiles
1229 3180 1450 3259 viros,
1498 3181 1932 3250 continentes
1978 3195 2043 3250 et
2089 3179 2527 3250 doctissimos
2553 3234 2578 3260 ,.
2639 3180 2900 3253 beatus
2949 3187 3147 3270 Augu·

624 3269 847 3339 stinus
873 3268 1161 3339 diversis
1193 3268 1526 3348 ecclesiis,
1566 3267 1923 3338 nonnullis
1951 3289 2227 3357 quoque
2243 3268 2853 3351 eminentioribu3‚
2897 3281 3160 3363 mgatoe

625 3356 835 3426 dedit.
870 3357 1335 3445 Similiterque
1363 3369 1429 3428 et
1467 3358 1600 3449 ipsi
1632 3380 1711 3427 ex
1751 3357 2028 3427 illorum
2071 3370 2465 3431 sanctorum
2505 3358 2867 3448 proposito
2905 3361 3165 3430 venien-

624 3458 723 3515 tes
756 3497 771 3526 ‚
839 3445 1102 3515 Domini
1150 3446 1463 3519 ecclesiis
1511 3446 1930 3547 propagatis,
1980 3456 2049 3517 et
2099 3445 2509 3515 monasteria
2567 3445 3071 3529 instituerunt,
3109 3458 3176 3516 et

624 3533 855 3604 studio
901 3549 1245 3605 crescente
1293 3533 1791 3605 aedificationis
1840 3534 2026 3603 verbi
2078 3535 2238 3615 Dei,
2301 3534 2590 3604 caeteris
2643 3535 2990 3610 ecclesiis
3034 3556 3179 3627 pro-

626 3636 844 3693 motos
890 3623 1130 3695 fratres
1181 3624 1267 3693 ad
1317 3622 1842 3724 suscipiendum
1887 3622 2350 3694 sacerdotium
2405 3623 2940 3713 praestiterunt.
2999 3625 3184 3699 uude

624 3733 746 3802 per
793 3714 1045 3783 multos
1092 3723 1157 3782 et
1203 3712 1564 3782 inmultis
1613 3712 1918 3782 salubris
1961 3712 2123 3781 fidei
2162 3768 2179 3794 ‚
2225 3712 2372 3803 spei
2419 3723 2486 3782 et
2529 3713 2906 3786 charitatis
2957 3716 3190 3787 acob

623 3801 763 3871 siae
831 3802 1294 3872 innotescente
1357 3800 1670 3871 doctrina
1707 3855 1723 3881 ‚
1806 3822 1939 3870 non
2005 3799 2233 3871 solum
2311 3823 2429 3892 per
2487 3822 2736 3879 omnes
2809 3804 3196 3877 Africanas

622 3903 850 3990 partes
880 3944 898 3971 ,
956 3891 1400 3960 verumetiam
1453 3890 1519 3959 in
1570 3889 2058 3959 transmarinis
2104 3902 2171 3959 et
2215 3928 2220 3935 ·
2307 3913 2339 3959 r
2386 3888 2599 3961 libros
2657 3889 2930 3977 editos,
2977 3906 3196 3983 atque

621 3999 693 4046 m
743 3983 1075 4049 Graecum
1133 4000 1516 4049 sermonem
1577 3979 1980 4061 translates⁹
2048 3979 2135 4048 ab
2191 3978 2312 4047 ilo
2357 3998 2499 4047 uno
2547 3978 2842 4049 homine
2871 3978 2908 4065 ,’
2953 3996 3034 4055 et
3075 4002 3201 4076 per

621 4066 820 4137 illum
869 4068 1104 4137 multis
1136 4122 1152 4148 ‚
1204 4067 1468 4138 favente
1516 4072 1672 4148 Dec,
1728 4067 1945 4137 multa
1995 4067 2421 4136 innotescere
2467 4083 2920 4140 meruerunt.
2975 4077 3203 4163 Ama

622 4154 808 4235 hmo,
862 4169 938 4224 ut
984 4156 1316 4246 scriptum
1367 4171 1491 4236 est,
1545 4170 1860 4247 peccator
1893 4155 2129 4225 videns
2159 4156 2606 4236 irascebatur,
2652 4155 3022 4232 dentibus
3049 4165 3206 4236 suis

620 4242 976 4314 frendebat
1007 4257 1072 4315 et
1105 4246 1537 4316 tabescebat:
1591 4245 1766 4314 servi
1815 4257 2042 4315 autem
2096 4244 2368 4325 Christi,
2416 4256 2490 4313 ut
2518 4243 2788 4316 dictum
2823 4264 2995 4334 est,
3038 4274 3204 4325 oum

675 4406 734 4451 (a)
751 4404 1111 4467 ‘Donatistarum
1141 4408 1280 4453 secta.
1306 4404 1375 4449 sio
1404 4417 1431 4449 ι
1459 4407 1670 4456 vagando
1699 4404 1947 4467 appellatiz
1975 4406 2026 4447 ht
2045 4417 2131 4466 qna
2152 4410 2338 4448 tantum
2357 4408 2408 4447 in
2425 4374 3212 4467 commnioacQssffi.

619 4454 761 4498 aner·
776 4458 1031 4506 Jactsbsnt.
1050 4456 1329 4509 irritumque
1348 4461 1654 4502 autumabant
1672 4460 1960 4511 baptismum
1980 4460 2039 4500 ub
2062 4460 2288 4510 improbis
2304 4460 2548 4501 collatum.
3039 4478 3050 4487 ·
3131 4476 3140 4483 ·
