3308 5004
194 297 335 366 AUG.
374 296 408 364 2
870 312 949 359 nn
976 311 1053 358 s,
1098 310 1422 360 surano
1470 311 1631 362 rara
1679 312 1870 359 nimir.
2480 295 2567 362 97

192 422 309 471 vero
346 395 908 468 TertullinusssDeo
956 395 1212 485 gratias
1260 417 1515 487 agens,
1568 395 1743 465 dixit
1787 396 2138 467 Praesidi:
2198 419 2236 464 «
2279 402 2380 467 Tu
2427 419 2660 469 meum

185 511 245 558 os
271 486 566 577 confringi
606 484 904 577 jussisti,
943 497 1009 555 et
1057 483 1388 555 Dominus
1423 506 1618 556 meus
1647 491 1853 557 Jesus
1904 486 2245 568 Christus,
2297 507 2503 572 quem
2537 508 2665 578 ego

181 576 328 657 cola,
388 591 441 646 te
502 598 581 645 ac
655 573 1011 644 diabolum
1073 572 1501 644 idololatriae
1566 586 1914 644 auctorem
1979 588 2306 646 conteret.
2365 598 2402 642 »
2472 580 2665 646 Tunc

185 672 399 735 Praesae
455 664 621 734 dixit
683 664 794 732 his
846 662 965 749 qui
1039 675 1428 752 praesentes
1496 675 1744 733 erant:
1812 667 2107 734 Curnam
2181 664 2310 734 iste
2357 675 2668 734 moratur

184 754 421 845 Olvmpii
462 752 788 844 pecunias
836 750 1178 821 reddere?
1224 756 1304 822 Et
1349 750 1432 821 ad
1486 772 1643 822 eum
1697 773 2105 824 conversus:
2166 756 2338 854 Age,
2393 753 2665 841 inquit,

186 825 304 911 afl'er
344 842 701 933 pecuniaS,
744 863 919 927 quas
973 839 1220 921 debes,
1275 853 1340 910 et
1386 840 1524 910 diis
1572 840 1911 923 sacrifica,
1968 862 2052 911 nc
2098 864 2178 912 ca
2195 856 2335 932 pite
2382 843 2673 913 obtrun-

185 945 360 1011 catus,
410 932 607 1001 vitam
660 930 958 1000 amittas.
1017 935 1152 1001 Res
1203 928 1398 998 ondit
1446 929 1918 1001 Tertullinus:
1972 952 2008 997 «
2044 935 2184 1022 Ego
2256 930 2326 999 in
2386 931 2676 1002 Domino

183 1041 290 1089 meo
325 1026 474 1091 Jesu
518 1019 806 1100 Christo,
859 1017 971 1087 cui
1021 1040 1134 1088 cre
1189 1018 1309 1100 idi,
1345 1018 1802 1090 confirmatus
1848 1019 1941 1088 ita
1990 1041 2172 1100 sum,
2236 1019 2426 1089 etita
2467 1019 2669 1090 illum

180 1106 372 1177 habere
400 1108 625 1199 cupi0,
665 1122 741 1177 ut
778 1120 1201 1198 praesentem
1238 1107 1415 1177 hanc
1452 1109 1659 1177 vitam
1698 1131 1821 1199 pro
1855 1107 2075 1177 nihilo
2128 1108 2412 1190 ducam,
2467 1109 2670 1197 cujus

178 1197 356 1267 nullos
388 1212 602 1267 cvi-tos
642 1196 816 1267 fines
848 1196 1258 1267 constitutos
1290 1196 1509 1266 video.
1559 1219 1595 1263 »

234 1288 424 1372 §m
474 1291 653 1356 Haec
688 1286 982 1357 audiens
1030 1286 1393 1376 SapritiuS,
1448 1284 1681 1355 surore
1731 1306 2089 1366 accensus,
2136 1285 2351 1373 jussit
2396 1285 2663 1355 Tertul-

174 1371 345 1443 linum
416 1375 480 1445 in
534 1374 723 1465 ligno
769 1374 1091 1454 extendi,
1144 1386 1209 1443 et
1276 1375 1504 1444 nervis
1573 1373 1700 1444 diu
1774 1374 2140 1444 verberari.
2198 1378 2367 1444 Cum
2452 1374 2669 1475 igitur

175 1463 352 1534 nervis
379 1463 772 1534 caederetur
818 1463 1261 1544 TertullinuS,
1313 1462 1709 1533 clamabat:
1756 1485 1792 1530 «
1827 1463 2111 1532 Domine
2157 1463 2334 1533 Jesu
2369 1462 2654 1543 Christe,

169 1572 232 1618 ne
267 1551 520 1623 deseras
569 1575 843 1623 servum
897 1565 1119 1634 tuum,
1175 1551 1296 1639 qui
1346 1551 1552 1621 fidem
1603 1563 1671 1621 et
1717 1574 1907 1643 spem
1961 1573 2159 1622 suam
2211 1551 2282 1620 in
2335 1565 2398 1621 te
2452 1550 2666 1621 collo-

168 1639 335 1709 cavit:
384 1642 493 1711 sed
531 1640 618 1711 da
656 1641 856 1721 vires,
894 1652 971 1711 ut
1019 1641 1085 1709 in
1147 1653 1382 1711 sancta
1438 1652 1503 1710 et
1559 1653 1743 1711 recta
1790 1640 2223 1712 confessione
2271 1653 2388 1710 tua
2436 1662 2666 1732 perse-

166 1728 389 1811 verem,
439 1731 769 1818 quoniam
823 1743 897 1799 tu
945 1752 1019 1801 es
1081 1751 1239 1819 spes
1312 1752 1502 1811 mea,
1550 1729 1687 1799 'Fili
1737 1730 1854 1800 Dei
1931 1730 2090 1799 vivi.
2124 1753 2161 1796 »
2240 1734 2388 1800 Mox
2455 1729 2670 1820 jussit

165 1819 451 1905 Sapritius
497 1817 951 1888 Tertullinum
1007 1818 1075 1887 in
1126 1832 1270 1889 rota
1309 1819 1669 1909 suspendi.
1712 1823 1882 1888 Dum
1922 1818 2137 1908 igitur
2177 1818 2246 1888 in
2300 1833 2442 1888 rota
2498 1840 2665 1908 pen-

160 1903 311 2003 deret
354 1908 593 1978 beatus
627 1907 764 1988 ille,
806 1906 1104 1998 Spiritus
1152 1908 1382 1978 Sancti
1417 1908 1755 1978 auxilium
1792 1908 2183 1978 invocabat.
2231 1911 2398 1978 Cum
2434 1920 2666 1977 autem

162 1995 345 2082 ipsius
387 1998 700 2066 animum
736 2019 815 2066 ac
861 1998 1286 2087 propositum
1331 1998 1423 2066 ita
1473 1996 1754 2067 firmum
1804 2008 1869 2067 et
1918 1996 2165 2067 stabile
2228 1996 2507 2066 vidisset
2554 2000 2670 2066 Sa-

200 2083 391 2166 riiiuS‚
446 2099 522 2156 ut
574 2086 829 2155 moveri
866 2107 1000 2155 non
1038 2097 1287 2175 posset,
1344 2085 1578 2156 retulit
1607 2084 1965 2156 Valeriano
2015 2090 2362 2175 Tyrann0‚
2405 2083 2669 2154 Tertul-

181 2175 340 2241 inum
389 2174 603 2245 nullis
641 2174 872 2254 minis,
930 2173 1142 2245 nullis
1190 2174 1814 2257 adhortationibus,
1870 2173 2084 2244 nullis
2143 2174 2445 2261 denique
2507 2196 2669 2244 cru-

159 2260 412 2333 ciatibus
460 2276 578 2333 aut
642 2262 985 2333 machinis
1032 2263 1285 2333 adduci
1367 2285 1608 2353 posse,
1664 2276 1741 2333 ut
1808 2263 1912 2334 vel
1964 2263 2101 2332 diis
2151 2263 2504 2344 immolet,
2561 2260 2664 2332 vel

155 2346 379 2419 domini
413 2353 520 2422 sui
574 2350 931 2422 facultates
979 2374 1058 2421 ac
1106 2353 1438 2442 pecunias
1488 2352 1555 2421 in
1611 2351 1917 2422 medium
1994 2352 2255 2421 afferat.
2302 2357 2492 2421 'l'unc
2543 2356 2669 2421 Va-

156 2433 419 2535 lerianus
465 2441 877 2512 sententiam
929 2439 1177 2524 serens,
1224 2441 1919 2530 jussitTertullinum
1973 2441 2400 2516 obtruncari.
2439 2446 2489 2511 E
2521 2453 2669 2512 rota

157 2527 330 2616 igitur
359 2530 738 2623 deposituS,
772 2529 1023 2600 ductus
1051 2543 1153 2601 est
1202 2553 1321 2622 per
1352 2531 1533 2601 viam
1571 2532 1878 2601 Latinam
1910 2530 1992 2600 ad
2049 2530 2435 2602 secundum
2465 2530 2668 2600 Urbis

156 2611 441 2705 lapidem,
494 2642 634 2707 quo
688 2620 755 2688 in
809 2617 956 2690 loco
1005 2618 1134 2690 suit
1198 2620 1423 2711 capite
1469 2621 1945 2690 obtruncatus.
2001 2619 2168 2710 Ejus
2216 2633 2447 2688 autem
2512 2618 2671 2687 reli-

152 2706 314 2788 quias
358 2708 602 2778 beatus
638 2708 1027 2809 Stephanus
1074 2707 1370 2800 collegit,
1415 2720 1482 2779 et
1527 2709 1840 2799 sepelivit
1887 2709 1955 2776 in
1987 2719 2255 2799 crypta,
2309 2727 2486 2794 quae
2515 2729 2668 2777 are-

157 2812 291 2863 nosa
326 2796 603 2878 dicitur,
656 2796 880 2888 pridie
914 2796 1246 2866 Calendas
1285 2802 1381 2867 Au
1436 2798 1597 2868 usti.

218 2884 435 2969 §1st
522 2891 796 2956 Postero
852 2902 1085 2955 autem
1156 2886 1267 2956 die
1313 2891 1401 2956 Va
1436 2887 1719 2956 erianus
1786 2885 1976 2955 misit
2031 2885 2427 2967 cohortem,
2493 2904 2672 2972 quae

155 2967 388 3043 beatum
445 2975 845 3044 Pontificem
892 2976 1315 3066 Stephanum
1368 2998 1526 3045 cum
1582 2974 1821 3046 multis
1868 2974 2181 3055 clericis,
2252 2973 2672 3064 presbyteris

154 3077 212 3127 ac
238 3060 538 3135 diaconis
588 3064 1221 3153 comprehenderet.
1277 3069 1442 3134 Cum
1500 3064 1717 3155 igitur
1762 3062 2067 3133 Pontifex
2115 3077 2181 3133 et
2229 3063 2382 3153 ejus
2437 3061 2673 3132 clerici

157 3166 277 3243 cum
322 3173 398 3221 eo
449 3153 934 3243 comprehensi
992 3166 1241 3234 essent,
1292 3151 1579 3244 plurimi
1628 3152 1998 3222 Christiani
2047 3151 2367 3242 lugentes
2426 3150 2673 3242 alonge

155 3231 275 3307 illos
317 3242 787 3329 sequebantur
865 3247 1098 3311 Postea
1133 3263 1286 3311 vero
1333 3263 1542 3328 quam
1583 3242 1825 3311 beatus
1875 3240 2271 3332 Stephanus
2296 3240 2505 3329 jussu
2543 3244 2671 3310 Va-

159 3321 354 3397 leriani
393 3347 556 3401 ante
605 3331 826 3419 ipsius
876 3330 1178 3400 tribunal
1248 3330 1471 3400 stetit:
1535 3335 1634 3400 Tu
1695 3352 1803 3410 ne,
1858 3330 2084 3418 inquit
2131 3328 2668 3400 scelestissimus

160 3412 513 3503 Imperator,
570 3441 644 3489 es
694 3418 808 3488 ille
843 3419 1253 3508 StephanuS,
1288 3420 1413 3507 qui
1462 3418 1986 3509 Rempublicam
2041 3431 2345 3489 nostram
2400 3430 2671 3507 pertur-

160 3499 284 3600 bare
323 3529 399 3577 ac
456 3507 836 3579 dissolvere
884 3530 1255 3598 aggressus
1302 3530 1416 3590 es,
1520 3509 1731 3595 uique
1777 3507 2090 3577 consiliis
2148 3517 2215 3576 et
2270 3505 2672 3598 praestigiis

161 3598 262 3691 tuis
282 3596 528 3668 suades
560 3597 842 3687 populo,
881 3611 957 3666 ut
993 3620 1032 3666 a
1070 3596 1358 3667 deorum
1400 3529 1595 3667 cdltu
1634 3595 2019 3667 desciscat?
2055 3594 2148 3664 Ad
2181 3595 2347 3666 haec
2387 3608 2670 3667 sanctus

163 3678 492 3775 Episcopus
543 3686 936 3777 Stephanus
1006 3684 1402 3777 respondit:
1469 3708 1504 3752 «
1539 3692 1587 3755 E
1638 3707 1680 3755 o
1740 3683 2268 3777 Rempublicam
2332 3706 2468 3754 non
2568 3706 2672 3753 er-

166 3768 338 3871 fflrbq.
372 3774 491 3845 sed
544 3773 884 3844 admoneo
932 3784 999 3843 et
1029 3773 1266 3845 hortor
1312 3795 1555 3845 omncs
1592 3709 1945 3857 homines,
1991 3785 2068 3844 ut
2115 3771 2463 3844 derelictis
2559 3794 2673 3842 ae-

168 3861 463 3945 monibuS,
517 3863 643 3951 qui
687 3863 1066 3933 adorantur
1113 3864 1181 3932 in
1236 3863 1389 3933 istis
1446 3864 1690 3933 vestris
1751 3862 1981 3946 idolis,
2036 3862 2122 3932 ad
2175 3883 2407 3932 verum
2459 3866 2671 3931 Deum

172 3960 218 4010 ⁵0
249 3964 704 4023 convertant.·
758 3957 958 4042 Ergo,
1013 3951 1239 4039 inquit
1287 3951 1718 4034 ValerianuS,
1752 3964 1828 4022 tu
1868 3952 2095 4023 statim
2145 3948 2676 4021 interficiendus

172 4047 236 4128 Β)
274 4051 346 4108 ut
386 4040 509 4110 alii
559 4041 872 4132 exemplo
930 4053 1045 4110 tuo
1103 4039 1593 4130 perterrefacti,
1646 4041 2062 4131 resipiscant
2108 4051 2173 4110 et
2233 4040 2485 4108 vivant.
2552 4039 2674 4108 His

178 4114 346 4208 dictis,
426 4130 632 4202 'ussit
680 4129 749 4199 in
822 4128 1160 4220 templum
1230 4131 1462 4199 Martis
1528 4130 1955 4220 Stephanum
2007 4128 2409 4199 Pontificem
2460 4126 2624 4197 duci

181 4218 325 4312 {ique
367 4152 513 4288 iilic
564 4220 969 4289 sententiam
1005 4218 1091 4288 de
1139 4218 1260 4288 illo
1310 4218 1782 4311 pronunciari.
1828 4223 2090 4289 Ductus
2137 4230 2241 4286 est
2273 4216 2486 4307 igitur
2519 4217 2676 4287 bea-

185 4302 429 4377 msimus
461 4306 769 4378 Pontifex
816 4330 857 4378 a
888 4307 1303 4378 satellitibus
1349 4321 1537 4378 extra
1587 4307 1860 4377 moenia
1919 4320 1987 4377 et
2052 4322 2316 4398 portam
2381 4307 2670 4396 Appiam

188 4383 241 4451 δᾶ
284 4395 610 4486 templum
682 4397 937 4469 Martis.
1014 4401 1161 4479 Quo
1248 4396 1319 4465 in
1393 4397 1542 4467 loco
1606 4396 1995 4488 Episcopus
2067 4396 2261 4489 ipse,
2344 4396 2672 4466 omnibus

290 4512 520 4574 Sarius
549 4547 567 4560 ·
601 4515 767 4578 Vitae
789 4516 900 4579 SS.
925 4547 949 4560 -
978 4511 1107 4577 Vol.
1138 4514 1298 4577 vm.
2419 4517 2458 4574 ¹7
