3308 5004
635 351 766 419 528
1208 372 1289 417 nn
1335 370 1394 418 s.
1446 367 1778 418 numano
1823 369 1968 416 aaa.
2020 366 2404 416 culinam..
2767 348 2961 415 ABG.
3017 348 3121 415 20

636 463 677 537 ἓ
723 459 873 529 18.
925 454 1301 544 Henricum
1353 474 1628 542 quoque
1659 509 1676 536 ,
1730 449 2146 545 germanum
2197 453 2404 545 Regis
2451 456 2873 538 Francorum
2913 507 2930 534 ,
2984 450 3112 540 qui

547 544 1030 615 Beluacensem
1084 542 1291 613 hodie
1338 543 1737 613 cathedram
1774 556 1999 625 ornat,
2041 563 2175 612 non
2210 541 2541 613 dissimili
2577 541 2913 611 Dominus
2942 562 3117 611 con-

547 633 858 703 versione
913 631 1225 703 mutavit.
1297 632 1559 703 Accidit
1603 633 1844 714 enim,
1901 644 1977 701 ut
2038 631 2316 703 veniens
2377 630 2561 712 idern
2629 631 2976 700 Henricus
3020 628 3116 700 ad

549 721 898 791 hominem
941 721 1102 803 Dei,
1174 741 1388 811 super
1444 721 1749 809 quodam
1800 719 2097 792 seculari
2157 720 2431 811 negotio
2480 719 2845 790 locuturus
2874 773 2891 801 ‚
2944 739 3116 788 con-

546 823 825 880 ventum
857 809 1386 880 etiamfratrum
1437 809 1749 892 visitans,
1795 831 2037 880 eorum
2080 830 2228 889 sese
2264 809 2701 886 orationibus
2750 829 3114 878 commen-

546 899 761 968 daret.
805 899 927 968 Cui
966 911 1159 990 pater
1206 910 1491 969 sanctus
1521 900 1702 969 inter
1747 900 1957 970 verba
2004 910 2279 970 sanctae
2311 897 2838 968 exhortationise
2875 901 3113 967 «Con-

498 1003 503 1008 ·
546 987 711 1070 fido,
763 988 880 1070 ait,
934 988 1004 1057 in
1051 988 1341 1057 Domino
1371 1042 1386 1069 ,
1433 1010 1518 1057 ne
1569 1010 1873 1076 uaquam
1918 1000 1980 1057 te
2028 989 2099 1057 in
2146 1009 2228 1057 eo
2274 997 2459 1056 statu
2506 987 2922 1057 moriturum
2955 1039 2979 1067 ,
3028 985 3107 1055 in

543 1097 680 1164 quo
720 1099 909 1147 nunc
957 1077 1223 1168 positus
1270 1097 1391 1147 es:
1444 1010 1566 1146 sed
1617 1077 1937 1147 velociter
1981 1076 2449 1167 experimento
2503 1074 2783 1165 proprio
2847 1075 3110 1165 proba-

544 1178 826 1246 turum,
881 1179 1220 1253 quantum
1275 1165 1399 1235 tibi
1464 1167 1756 1236 istorum
1807 1166 2026 1255 prosit
2089 1164 2306 1235 oratio
2337 1220 2352 1246 ,
2409 1186 2623 1253 quam
2679 1164 3019 1255 expetisti.
3063 1186 3105 1231 »

545 1254 736 1338 Quod
787 1255 1028 1324 eodem
1077 1254 1520 1343 postmodum
1563 1255 1677 1323 die
1726 1277 1860 1323 non
1913 1255 2173 1342 absque
2223 1252 2599 1323 multorum
2639 1252 3103 1323 admiratione

543 1343 966 1433 completum
1017 1357 1141 1423 est,
1193 1357 1259 1413 et
1304 1343 1391 1413 de
1439 1344 1607 1413 tanti
1647 1343 1929 1435 juvenis
1960 1342 2404 1412 conversione
2443 1341 2853 1412 coenobium
2893 1363 3103 1412 omne

543 1431 960 1502 exultatione
993 1432 1359 1523 repletum.
1413 1433 1842 1524 Lugentibus
1889 1441 2117 1502 autem
2169 1431 2400 1512 sociis,
2451 1442 2517 1500 et
2562 1429 2826 1501 familia
2874 1431 3093 1513 omni,

545 1521 690 1591 acsi
741 1535 1089 1592 mortuum
1143 1521 1360 1590 illum·
1395 1532 1777 1603 cernerent,
1830 1520 2182 1610 ejulante:
2236 1542 2401 1611 prae
2461 1519 2747 1589 caeteris
2793 1520 3100 1592 Andreas

546 1610 829 1767 guidam
874 1611 1283 1681 Parisiensis
1329 1611 1705 1679 Henricum
1755 1609 2051 1690 ebrium,
2097 1609 2472 1679 Henricum
2529 1610 2859 1678 insanum
2909 1610 3097 1696 voci-

574 1702 919 1780 erabatur,
977 1722 1102 1768 nec
1149 1699 1478 1768 conviciis
1527 1720 1652 1768 nec
1701 1697 2158 1788 blasphemiis
2207 1719 2519 1788 parcens.
2596 1702 2888 1767 Econtra
2934 1719 3106 1767 sane

546 1790 888 1858 Henricus
931 1808 1051 1877 pro
1107 1786 1299 1858 illius
1351 1787 1792 1878 potissimum
1844 1787 2311 1868 conversione,
2367 1787 2481 1856 Dei
2533 1786 2885 1856 hominem
2934 1786 3104 1857 dare

548 1897 828 1965 operam
881 1876 1314 1966 precabatur.
1370 1875 1492 1946 Cui
1540 1877 1643 1945 vir
1698 1890 2027 1958 sanctuS,
2081 1876 2528 1946 audientibus
2567 1875 2856 1946 multis:
2911 1898 2949 1942 «
2984 1875 3102 1945 Di-

548 1966 786 2046 mitte,
854 1966 992 2046 ait,
1057 1964 1405 2034 hominem
1473 1965 1722 2035 modo:
1776 1965 2010 2035 anima
2061 1965 2248 2034 enim
2306 1964 2456 2052 ejus
2504 1964 2573 2032 in
2633 1963 3103 2034 amaritudine

548 2067 650 2123 est
681 2077 695 2118 ε
748 2075 874 2123 nec
924 2075 1047 2144 pro
1079 2076 1158 2124 eo
1190 2052 1487 2123 multum
1522 2055 1836 2124 solicitus
1868 2055 1986 2134 sis,
2031 2054 2197 2142 quia
2238 2066 2399 2123 tuus
2429 2064 2533 2122 est
2563 2051 2750 2122 ille.»
2793 2056 3104 2141 Cumque

549 2140 851 2233 amplius
900 2165 1020 2232 spe
1068 2156 1397 2232 concepta
1445 2144 1785 2212 Henricus
1832 2142 2140 2224 instaret,
2192 2155 2268 2212 ut
2316 2141 2710 2230 loqueretur
2763 2140 3094 2223 Andreae,

550 2232 853 2301 severius
887 2231 1182 2302 intuitus
1221 2253 1379 2300 eum
1418 2232 1519 2301 vir
1553 2233 1692 2311 Dei,
1734 2232 1874 2301 ait:
1921 2254 1956 2298 «
1985 2231 2162 2314 Quid
2204 2232 2334 2301 hoc
2373 2231 2529 2300 est?
2572 2228 2921 2317 Numquid
2960 2251 3097 2299 non

539 2322 686 2411 jam
730 2320 870 2390 dixi
905 2322 1053 2402 tibi,
1090 2321 1254 2408 quia
1284 2334 1444 2390 tuus
1474 2334 1576 2390 est
1608 2321 1823 2389 itlet»
1850 2321 2153 2390 Andreas
2186 2319 2476 2390 audiens
2517 2320 2685 2388 haec
2719 2319 3097 2409 (siquidem

548 2431 874 2500 praesens
913 2422 1058 2480 erat
1095 2423 1161 2480 et
1199 2408 1379 2500 ipse)
1409 2409 1590 2480 sicut
1616 2422 1684 2479 et
1723 2408 2103 2500 plurimum
2144 2409 2504 2500 improbus
2532 2420 2697 2490 erat,
2736 2420 2803 2477 et
2832 2430 2874 2477 a
2906 2430 3093 2480 sacra

548 2499 1465 2571 conversione'vehementer
1523 2499 1906 2569 abhorrens
1941 2554 1956 2580 ,
2011 2497 2174 2569 talia
2226 2520 2499 2580 secum,
2531 2511 2609 2567 ut
2654 2510 2889 2587 postea
2938 2518 3092 2568 con·

550 2588 774 2658 fessus
804 2601 905 2658 est
939 2590 1161 2670 nobis,
1219 2590 1425 2658 tacita
1456 2589 1870 2679 cogitatione
1903 2587 2213 2658 volvebat
2242 2612 2256 2656 ε
2310 2593 2391 2658 In
2438 2586 2569 2656 hoc
2618 2609 2806 2657 nunc
2833 2585 3098 2657 falsum

550 2678 693 2750 scio
743 2692 804 2746 te
849 2700 998 2749 esse
1047 2678 1478 2769 prophetam.
1532 2683 1675 2747 Hoc
1723 2679 1908 2747 enim
1959 2691 2186 2747 certus
2233 2699 2388 2747 sum
2423 2731 2438 2757 ,
2489 2675 2656 2766 quia
2702 2675 2979 2747 locutus
3025 2697 3100 2744 es

550 2767 862 2849 verbum,
917 2780 982 2837 et
1012 2790 1148 2837 non
1199 2768 1336 2836 fiet.
1390 2772 1533 2836 Hoc
1582 2767 1708 2836 tibi
1753 2788 1879 2857 ego
1929 2788 2161 2835 coram
2213 2771 2391 2856 Rege
2428 2778 2493 2835 et
2541 2764 2976 2856 principibus
3021 2765 3094 2833 in

549 2856 801 2926 celebri
858 2877 1299 2944 quocumque
1345 2867 1689 2924 conventu
1759 2855 2229 2945 improperare
2276 2876 2411 2924 non
2465 2872 2788 2955 parcam,
2853 2864 2933 2925 ut
2976 2865 3095 2923 tua

549 2945 878 3015 omnibus
926 2944 1191 3014 falsitas
1256 2944 1661 3015 innotescat.
1717 2948 2068 3014 Caeterum
2135 2964 2344 3030 quam
2399 2942 2742 3014 mirabilis
2796 2947 2969 3011 Deus
2994 2940 3086 3009 {n

551 3034 862 3104 consiliis
909 3055 1121 3124 super
1167 3032 1350 3102 filios
1399 3033 1812 3114 hominum,
1868 3032 2104 3101 ridens
2150 3053 2390 3102 eorum
2452 3053 2630 3101 vana
2675 3030 3030 3100 conamina
3065 3081 3082 3110 ,

553 3135 630 3191 ut
662 3122 1090 3212 propositum
1121 3144 1353 3203 suum,
1383 3121 1664 3209 quando
1695 3133 1760 3190 et
1788 3120 2135 3209 quomodo
2166 3121 2313 3211 ipse
2346 3119 2658 3200 voluerit,
2697 3117 3082 3208 impleatur.

556 3209 908 3297 Siquidem
950 3211 1062 3279 die
1101 3210 1314 3280 altera
1346 3210 1488 3279 ibat
1534 3210 1861 3292 AndreaS,
1907 3210 2090 3280 mala
2135 3211 2370 3279 omnia
2421 3209 2807 3310 imprecans
2853 3227 3094 3275 mona-

553 3299 781 3380 sterio,
819 3299 940 3368 ubi
970 3298 1329 3368 dominum
1373 3299 1782 3380 dimittebat,
1824 3301 2049 3390 ipsam
2088 3320 2363 3387 quoque
2394 3297 2795 3373 desiderans
2840 3294 3094 3365 vallem

553 3386 869 3457 funditus
930 3387 1175 3458 subrui
1222 3409 1380 3456 cum
1443 3388 1948 3459 habitatoribus
1997 3389 2166 3459 suis.
2221 3393 2351 3458 Nec
2407 3409 2656 3476 parum
2718 3385 2886 3455 moti
2931 3396 3100 3455 sunt

552 3489 618 3546 et
667 3476 917 3555 mirati,
974 3476 1094 3564 qui
1147 3477 1572 3565 praedictum
1621 3477 1749 3547 viri
1798 3478 2019 3547 sancti
2066 3476 2153 3546 de
2191 3476 2342 3565 ipso
2380 3475 2745 3545 audierant
2776 3475 3094 3556 verbum,

552 3586 716 3636 cum
752 3564 974 3635 taliter
1017 3564 1366 3635 videretur
1412 3565 1624 3634 abire.
1664 3566 1789 3636 Sed
1844 3589 1978 3636 non
2013 3565 2138 3635 diu
2179 3563 2818 3655 pusillanimitatem
2852 3583 3100 3633 eorum

553 3666 618 3724 et
665 3652 871 3722 fidem
923 3653 1268 3723 modicam
1306 3655 1549 3723 tentari
1593 3677 1840 3744 passus
1877 3667 1980 3725 est
2031 3659 2229 3724 Deus.
2282 3653 2411 3723 Illa
2456 3665 2723 3724 tantum
2775 3652 2888 3723 die
2943 3672 3101 3741 pro·

552 3742 802 3813 cedens
864 3754 929 3812 et
989 3742 1329 3844 repellens
1387 3743 1901 3830 quodammodo
1950 3744 2244 3834 gratiam
2295 3743 2457 3824 Dei,
2526 3755 2724 3811 nocte
2784 3741 3104 3831 proxima

551 3833 772 3901 victus
792 3844 858 3901 et
889 3853 1089 3918 quam
1117 3832 1409 3913 vinctuS‚
1445 3832 1753 3902 trahente
1784 3855 1855 3902 se
1880 3846 1947 3901 et
1977 3832 2112 3900 vim
2144 3830 2435 3901 faciente
2467 3832 2719 3922 spiritu
2744 3830 2884 3910 Dei,
2910 3828 3100 3899 diem

550 3934 907 4010 expectare
957 3942 1090 3990 non
1129 3922 1392 4010 potuit:
1446 3922 1564 3991 sed
1614 3943 1957 4011 exurgens
1988 3934 2144 3990 ante
2181 3919 2595 4001 diluculum,
2645 3919 3104 4007 velociterque

551 4010 636 4077 ad
667 4012 1159 4079 monasterium
1185 4009 1482 4080 rediens.
1512 4010 1807 4080 alterum
1840 4009 2041 4081 nobis
2065 4009 2376 4091 Saulum,
2400 4008 2501 4079 vel
2531 4009 2755 4100 magis
2785 4008 2869 4079 de
2892 4006 3103 4078 Saulo

550 4098 844 4167 Paulum
884 4099 1175 4169 alterum
1216 4099 1601 4171 exhibebat.
2828 4141 2831 4144 >

638 4188 674 4273 ξ
722 4191 864 4260 14.
918 4192 1104 4258 Inter
1149 4200 1451 4259 caeteros
1482 4243 1497 4268 ,
1543 4210 1718 4275 quos
1759 4187 1845 4258 de
1896 4209 2072 4256 vana
2132 4187 2651 4257 conversatione
2703 4186 2921 4257 seculi
2980 4208 3106 4278 per

552 4273 1015 4345 ministerium
1059 4277 1238 4348 servi
1269 4279 1379 4347 sui
1409 4278 1716 4347 Christus
1745 4277 2022 4377 eripuit,
2054 4276 2139 4346 de
2167 4276 2478 4366 partibus
2505 4275 2866 4346 Flandriae
2900 4274 3107 4347 multi

551 4360 926 4449 aliquando
990 4367 1378 4455 sapienteS,
1435 4366 1638 4436 multi
1703 4365 1970 4436 nobiles
2037 4376 2102 4433 et
2179 4365 2427 4435 literati
2486 4365 2639 4447 viri,
2699 4365 2829 4435 sub
2878 4364 3105 4455 ipsius

556 4452 952 4540 magisterio
1023 4475 1292 4523 sacram
1368 4453 1657 4544 professi
1727 4469 1892 4526 sunt
1963 4455 2383 4524 servitutem.
2452 4458 2760 4538 Quorum
2826 4454 3108 4544 primus
