3308 5004
232 353 419 420 AUG.
481 353 561 418 ⁴2
1136 369 1216 416 nit
1263 370 1319 416 s.
1373 367 1574 416 emina
1619 368 1876 417 vmoimt
2560 353 2689 418 275

230 454 538 526 Pontifex
584 455 732 545 ipse
780 475 938 524 cum
977 452 1321 523 hilaritate
1370 475 1620 554 magna
1666 453 1854 542 petiti
1908 452 2247 544 privilegii
2298 453 2594 545 primam
2647 476 2773 526 no-

229 544 445 616 tulam
478 566 606 614 sua
647 565 861 614 manu
906 542 1340 633 conscripsit.
1380 542 1621 611 Felicis
1673 541 2165 613 recordationis
2214 543 2543 613 dominus
2590 549 2776 635 Papa

225 633 597 724 Gregorius
619 633 791 723 (IX),
845 633 946 701 vir
977 631 1157 703 sicut
1203 631 1361 701 sede
1393 631 1876 722 dignissimus»,
1913 631 2007 701 ita
2052 644 2117 700 et
2150 632 2412 702 meritis
2444 654 2778 704 veneran-

223 723 382 803 duS,
441 735 721 811 paterno
768 722 1013 791 affectu
1083 734 1389 791 sanctam
1440 721 1644 790 istam
1701 721 1959 791 arctius
2006 720 2361 811 diligebat.
2428 721 2550 790 Cui
2614 734 2775 793 cu'm

228 810 568 892 suaderet,
621 823 698 881 ut
766 824 1042 901 propter
1085 822 1366 880 eventus
1427 822 1819 899 temporum
1867 823 1933 880 et
1996 809 2303 900 pericula
2373 810 2772 882 seculorum

228 901 497 989 aliquas
532 901 997 990 possessiones
1036 900 1396 970 assentiret
1442 898 1717 979 habere,
1752 920 1929 986 quas
1959 912 2025 968 et
2072 898 2219 989 ipse
2266 897 2644 969 liberaliter
2672 899 2774 969 of-

229 989 506 1071 ferebat,
544 987 913 1060 fortissimo
938 988 1170 1057 animo
1205 987 1469 1069 restitit,
1504 998 1568 1057 et
1606 987 2006 1058 nullatenus
2037 986 2399 1074 acquievit.
2434 987 2525 1055 Ad
2561 1009 2774 1075 quam

229 1079 684 1170 respondente
730 1077 1078 1148 Pontifice:
1118 1077 1188 1146 si
1235 1088 1466 1147 votum
1516 1076 1870 1157 formidas,
1928 1089 2146 1146 noste
2193 1098 2236 1145 a
2273 1090 2424 1145 voto
2473 1076 2776 1146 absolvi-

227 1190 422 1245 mus:
476 1189 511 1234 «
542 1172 782 1236 Sancte
819 1180 1029 1258 pater,
1083 1162 1201 1248 ait,
1246 1186 1683 1253 nequaquam
1734 1189 1773 1235 a
1811 1165 2057 1235 Christi
2090 1164 2368 1265 sequela
2416 1164 2486 1233 in
2532 1187 2777 1256 perpe-

227 1270 424 1328 tuum
499 1256 761 1326 absolvi
831 1255 1211 1327 desidero.»
1285 1254 1890 1344 Eleemosynarum
1951 1253 2296 1344 fragmina
2373 1275 2777 1354 panumque

229 1345 583 1426 minutias,
620 1366 793 1432 quas
833 1343 1356 1433 eleemosynarii
1397 1342 1871 1433 deportabant,
1907 1343 2103 1412 valde
2132 1341 2556 1432 suscipiebat
2595 1343 2769 1413 hila·

208 1434 414 1515 riter,
470 1446 535 1502 et
576 1434 774 1519 quasi
818 1448 1075 1503 moesta
1131 1432 1215 1503 de
1265 1431 1564 1521 panibus
1627 1432 1952 1522 integrm,
2005 1431 2353 1503 exultabat
2422 1432 2651 1521 potius
2699 1433 2773 1503 in

223 1522 657 1611 fragmentis.
697 1521 872 1605 Quid
925 1521 1188 1591 multa?
1251 1521 1609 1611 Satagebat
1665 1523 1949 1611 pauperi
1991 1520 2326 1591 Crucifixo
2376 1533 2775 1611 paupertate

224 1610 724 1702 perfectissima
755 1610 1197 1691 conformari,
1237 1609 1532 1680 utnulla
1576 1631 1681 1680 res
1716 1610 2018 1700 peritura
2046 1623 2393 1680 amantem
2429 1609 2516 1679 ab
2547 1622 2774 1681 amato

225 1699 632 1780 secluderet,
685 1712 805 1769 aut
836 1722 1118 1770 cursum
1151 1700 1302 1789 ejus
1349 1722 1507 1769 cum
1562 1699 1848 1769 Domino
1890 1698 2276 1791 impediret.

315 1791 352 1875 ξ
400 1792 494 1858 9.
550 1789 808 1858 Unicus
859 1799 1003 1859 erat
1051 1789 1119 1857 in
1174 1788 1585 1859 monasterio
1637 1790 1858 1878 panis,
1906 1810 2064 1858 cum
2113 1789 2260 1878 jam
2324 1789 2657 1859 instarent
2710 1801 2777 1859 et

224 1878 443 1949 fames
476 1889 541 1947 et
579 1879 743 1947 hora
794 1877 1067 1947 edendi.
1125 1878 1237 1947 Dis
1289 1877 1626 1947 ensatrice
1668 1891 1935 1958 vocata,
1998 1877 2188 1966 jubet
2236 1892 2474 1948 sancta
2526 1899 2772 1968 panem

223 1966 554 2050 dividere,
609 1978 1009 2057 partemque
1048 1901 1697 2046 fratribus-mittere,
1729 1979 1989 2057 partem
2021 1967 2209 2036 intus
2261 1988 2382 2054 pro
2422 1966 2777 2037 sororibus

224 2056 542 2126 retinere.
584 2061 671 2125 De
719 2078 855 2143 quo
916 2068 1174 2126 retento
1235 2053 1526 2124 dimidio
1563 2055 1764 2145 jubet
1808 2055 2315 2146 quinquaginta
2361 2055 2535 2136 fieri,
2579 2056 2778 2146 juxta

224 2144 671 2214 dominarum
718 2165 1115 2224 numerum,
1171 2144 1536 2226 incisuras,
1573 2157 1639 2214 et
1676 2145 1776 2214 eis
1807 2145 1875 2213 in
1913 2166 2153 2214 mensa
2187 2145 2611 2246 paupertatis
2652 2166 2778 2235 ap-

226 2255 504 2323 ponere.
575 2233 695 2303 Cui
760 2255 920 2303 cum
989 2233 1228 2303 devota
1275 2232 1420 2302 filia
1470 2233 1958 2324 responderet,
2013 2255 2401 2303 necessaria
2459 2234 2572 2304 hic
2634 2232 2779 2302 fore

224 2323 509 2409 antiqua
558 2321 805 2391 Christi
867 2322 1224 2404 miracula,
1290 2333 1366 2393 ut
1399 2321 1748 2392 modicum
1792 2322 1992 2413 panis
2046 2323 2555 2411 quinquaginta
2604 2322 2778 2391 reci-

226 2424 418 2501 peret
451 2411 809 2490 sectiones,
854 2410 1205 2501 respondit
1256 2423 1472 2480 mater
1504 2422 1568 2480 et
1624 2410 1842 2480 dixit:
1901 2415 2028 2480 Fac
2079 2410 2222 2480 filia
2271 2432 2537 2492 secura,
2589 2409 2776 2497 quod

223 2499 405 2570 dico.
453 2506 774 2591 Properat
811 2498 956 2570 filia
988 2499 1226 2570 matris
1275 2498 1563 2590 implere
1623 2500 1987 2570 mandata:
2050 2513 2370 2591 properat
2418 2513 2634 2570 mater
2689 2498 2775 2569 ad

222 2589 570 2660 Christum
621 2612 826 2660 suum
880 2590 989 2680 pia
1038 2612 1199 2659 cum
1248 2588 1530 2659 filiabus
1579 2587 1922 2660 destinare
1981 2589 2305 2679 suspiria.
2362 2589 2615 2659 Crescit
2670 2587 2776 2657 di-

222 2680 385 2748 vino
416 2700 700 2749 munere
732 2678 909 2748 inter
940 2677 1320 2768 frangentis
1357 2699 1607 2748 manus
1635 2700 1841 2768 parva
1884 2677 2003 2748 illa
2050 2678 2361 2760 materia,
2394 2691 2461 2748 et
2493 2676 2779 2748 cuilibet

221 2767 309 2838 de
357 2785 701 2837 conventu
748 2789 874 2838 suo
911 2768 1129 2837 extitit
1178 2768 1400 2857 portio
1446 2767 1751 2868 copiosa.
2209 2824 2219 2835 .

312 2859 349 2944 ξ
398 2861 556 2929 1⁰.
612 2857 727 2926 Die
809 2856 1055 2926 nodam
1109 2856 1359 2931 Christi
1390 2856 1666 2927 ancillis
1696 2857 1795 2926 sic
1841 2879 1922 2926 ex
1961 2868 2095 2927 toto
2128 2855 2467 2926 defecerat
2512 2854 2770 2936 oleum,

224 2958 302 3016 ut
371 2944 645 3014 nullum
711 2968 750 3014 a
801 2957 978 3015 esset
1038 2945 1280 3015 saltem
1325 2968 1446 3036 pro
1493 2944 1841 3015 debilibus
1889 2945 2437 3016 condimentum.
2505 2945 2780 3035 Accepit

219 3034 508 3103 domina
541 3033 736 3104 Clara
766 3033 1125 3105 vasculum
1176 3056 1425 3115 unum,
1479 3047 1544 3103 et
1590 3033 2004 3104 humilitatis
2053 3034 2576 3125 magistra-suis
2628 3055 2776 3102 ma-

225 3122 437 3193 nibus
475 3121 675 3204 lavat,
715 3124 908 3214 ponit
955 3146 1073 3192 vas
1103 3145 1397 3193 vacuum
1452 3144 1790 3203 seorsum,
1830 3122 2016 3203 unde
2063 3122 2272 3194 frater
2310 3122 2778 3212 eleemosyna-

225 3212 374 3281 rius
426 3210 595 3280 illud
631 3213 946 3302 accipiat,
985 3223 1049 3281 et
1092 3226 1373 3283 vocatus
1421 3222 1524 3281 est
1572 3212 1720 3303 ipse
1766 3211 1996 3293 frater,
2049 3225 2126 3281 ut
2180 3234 2304 3302 pro
2352 3210 2779 3299 acquirendo

221 3300 370 3370 oleo
407 3299 629 3370 vadat.
671 3300 1011 3371 Accelerat
1041 3300 1326 3373 devotus
1375 3299 1604 3382 frater,
1662 3311 1738 3370 ut
1785 3313 2143 3372 succurrat
2192 3300 2465 3391 inopiae
2522 3311 2772 3382 tantae,

220 3389 406 3458 etad
462 3389 877 3460 sumendum
922 3390 1283 3460 vasculum
1333 3390 1574 3460 currit.
1627 3394 1817 3459 Tunc
1864 3389 2008 3460 solo
2065 3389 2396 3459 influente
2449 3394 2603 3470 Deo,
2661 3411 2780 3458 vas

222 3477 399 3548 illud
504 3476 735 3548 lenum
767 3478 915 3549 oleo
946 3482 1309 3568 reperitur,
1356 3479 1833 3568 praeveniente
1877 3483 1943 3548 S.
1997 3478 2231 3548 Clarae
2277 3479 2585 3548 oratione
2639 3477 2779 3547 fra-

224 3567 346 3637 tris
406 3500 818 3653 obsequium
891 3568 961 3636 in
1014 3567 1322 3638 solamen
1385 3590 1771 3658 pauperum
1839 3568 2171 3639 filiarum.
2238 3571 2313 3637 At
2360 3588 2517 3636 vero
2571 3566 2779 3638 frater

227 3654 654 3744 praedictus,
700 3656 900 3743 quasi
946 3656 1197 3727 frustra
1249 3667 1527 3727 vocatus
1567 3655 1831 3738 fuisset,
1880 3658 2492 3738 submurmurans,
2558 3655 2771 3726 dixit:

227 3744 562 3845 Derisorie
610 3767 718 3814 me
759 3745 927 3817 istae
986 3745 1327 3816 foeminae
1388 3757 1835 3828 vocaverunt,
1902 3769 2064 3816 cum
2112 3767 2270 3815 ecce
2324 3767 2442 3814 vas
2492 3743 2776 3834 plenum

225 3847 489 3904 exlstat.

317 3930 353 4003 ἓ
400 3928 533 3995 11.
591 3927 680 3993 De
729 3923 1046 3993 miranda
1092 3924 1322 3994 carnis
1372 3923 1830 3993 maceratione
1864 3922 2065 3993 silere
2117 3923 2362 4013 magia,
2416 3943 2627 4008 quam
2678 3919 2779 3989 lo-

225 4011 370 4098 qui,
424 4011 707 4081 forsitan
753 4013 1124 4113 expediret,
1163 4034 1322 4083 cum
1377 4013 1539 4082 talia
1588 4012 1856 4094 fecerit,
1910 4013 1980 4081 in
2032 4012 2291 4098 quibus
2339 4009 2776 4080 audientium

223 4113 464 4190 stupor
503 4122 665 4169 cum
716 4113 993 4172 veritate
1026 4124 1256 4171 rerum
1307 4102 1683 4172 contendit.
1741 4107 1882 4171 Non
1917 4100 2109 4195 mad
2161 4120 2521 4190 magnum,
2589 4097 2776 4184 quod

218 4189 477 4281 simpla
517 4189 829 4260 tunicula
860 4203 925 4260 et
972 4191 1090 4260 vili
1141 4190 1467 4261 mantello
1513 4190 1597 4259 de
1657 4190 1815 4259 rudi
1867 4211 2120 4280 panno,
2176 4188 2444 4280 tegebat
2495 4187 2770 4279 potiuS,

213 4301 432 4367 quam
482 4277 749 4349 fovebat
794 4279 1312 4371 corpusculum.
1384 4284 1524 4349 Non
1581 4301 1915 4370 magnum
1964 4292 2153 4359 erat,
2220 4277 2413 4347 omni
2464 4288 2777 4367 ternpore

214 4368 633 4439 continuare
673 4368 967 4457 jejunia,
1022 4391 1148 4439 nec
1181 4369 1283 4439 uti
1320 4366 1568 4438 lectulo
1603 4369 1745 4437 sive
1794 4366 2060 4457 pluma.
2112 4372 2189 4436 In
2233 4366 2344 4436 his
2382 4366 2567 4436 enim
2605 4364 2778 4435 dum

217 4458 530 4546 reliquas
590 4458 661 4527 in
719 4481 846 4530 suo
908 4459 1211 4530 claustro
1278 4457 1524 4528 habuit
1589 4456 1895 4540 simileS,
1974 4455 2214 4528 laudes
2288 4456 2574 4527 fortasse
2637 4475 2775 4523 non
