3308 5004
648 335 777 402 452
1212 353 1291 400 nn
1337 354 1395 400 s.
1448 351 1779 401 ananam
1824 350 1968 402 na.
2018 351 2400 402 cunum„
2770 334 2956 401 Auo.
3009 335 3099 401 20

555 449 622 509 et
672 436 1013 528 angustiis
1060 436 1319 510 multis.
1376 437 1839 507 Pulmentaria
1889 437 2168 529 saepius
2221 459 2302 508 ex
2349 436 2534 507 foliis
2580 436 2720 538 fagi
2767 437 3100 507 conficie-

556 527 747 598 bant.
800 526 1002 596 Panis
1050 526 1268 596 instar
1364 524 1694 617 rophetici
1745 527 1957 607 illius,
2012 547 2090 597 ex
2140 525 2396 596 hordeo
2427 538 2494 595 et
2541 525 2731 594 milio
2777 538 2843 595 et
2875 526 3099 597 vitia:

554 617 648 686 ita
695 628 774 685 ut
816 614 1191 703 aliquando
1240 637 1307 685 re
1341 614 1604 707 igiosus
1653 614 1756 685 vir
1800 615 2083 703 quidam
2135 615 2524 707 appositum
2575 613 2710 683 sibi
2752 615 2818 683 in
2858 614 3104 705 hospi-

557 705 691 787 tio,
797 703 1025 773 lorans
1073 703 1366 774 ubertim
1403 758 1420 787 ,
1485 703 1665 774 clam
1717 705 2259 795 absportaverit‚
2324 703 2527 792 quasi
2579 724 2700 793 pro
2754 703 3106 794 miraculo

553 794 741 952 pruni
797 814 881 864 us
937 792 1491 873 ostendendum,
1552 793 1737 881 quod
1799 793 1964 864 inde
2021 793 2322 864 viverent
2378 792 2695 864 homines
2728 845 2745 874 ,
2809 806 2877 864 et
2926 793 3105 866 tales

604 902 894 952 omines.

728 976 882 1044 2³.
933 973 1010 1038 At
1057 969 1279 1040 virum
1341 970 1453 1039 Dei
1503 971 1739 1041 minus
1787 971 1917 1041 ista
1967 970 2355 1040 movebant.
2409 975 2696 1041 Summa
2741 969 2805 1038 ei
2860 969 3104 1042 solici-

553 1074 625 1131 tu
664 1083 719 1152 σο
765 1058 848 1129 de
903 1057 1124 1128 salute
1175 1058 1546 1129 multorum
1583 1115 1599 1140 ,
1650 1082 1829 1148 quae
1889 1082 1930 1129 a
1977 1060 2201 1161 prima
2250 1058 2363 1128 die
2407 1057 2878 1130 conversionis
2924 1080 3106 1129 suae

550 1169 772 1237 usque
817 1147 904 1217 ad
946 1147 1074 1217 boc
1116 1160 1412 1239 tempus,
1466 1160 1603 1218 tam
1653 1148 2098 1240 singulariter
2145 1170 2419 1218 sacrum
2474 1146 2647 1217 illud
2701 1160 2942 1237 pectus
2976 1170 3105 1218 no-

551 1238 769 1308 scitur
802 1234 1179 1327 possidere,
1221 1250 1295 1307 ut
1323 1259 1401 1306 er
1447 1260 1488 1306 a
1518 1258 1759 1308 omnes
1791 1238 2064 1307 animas
2107 1250 2494 1306 maternum
2525 1235 2836 1306 videatur
2858 1257 3104 1326 gerere

549 1328 893 1396 affectum.
935 1330 1092 1395 Erat
1138 1346 1300 1427 ergo
1351 1260 1714 1396 vginaemens
1747 1326 1816 1395 in
1852 1324 2270 1417 praecordiis
2299 1325 2474 1416 ejus,
2518 1325 2738 1395 sancti
2766 1323 3102 1396 desiderii

550 1428 618 1485 et
664 1428 940 1484 sanctae
987 1413 1398 1484 humilitatis
1451 1416 1840 1485 conflictus.
1886 1414 2082 1485 Modo
2136 1415 2319 1483 enim
2369 1415 2677 1503 seipsum
2727 1411 3093 1502 dejiciens,

554 1502 894 1574 fatebatur
940 1502 1306 1594 indignum
1364 1524 1485 1593 per
1521 1524 1724 1589 quem
1783 1503 2049 1574 fructus
2096 1503 2351 1590 aliquis
2401 1503 2784 1593 proveniret
2815 1502 3102 1572 t’modo

551 1592 809 1663 oblitus
864 1592 1016 1672 sui,
1076 1593 1431 1662 aestuabat
1478 1592 2019 1682 flagrantissimo
2066 1591 2333 1666 ardore,
2385 1605 2462 1661 ut
2510 1590 2774 1660 nullam
2829 1591 2963 1662 nisi
3011 1613 3100 1662 ex

552 1681 929 1750 multorum
983 1678 1202 1751 salute
1247 1680 1785 1751 consolationem
1841 1702 2039 1772 posse
2086 1678 2443 1750 admittere
2499 1679 2862 1749 videretur.
2917 1685 3100 1751 Sane

554 1769 882 1840 fiduciam
909 1769 1209 1839 charitas
1235 1769 1567 1859 pariebat:
1600 1770 1718 1840 sed
1750 1768 2065 1840 eamdem
2100 1769 2482 1860 castigabat
2509 1768 2892 1838 humilitas,
2915 1774 3097 1838 Con-

554 1858 599 1928 ti
656 1859 703 1928 it
750 1870 978 1927 autem
1045 1859 1218 1950 inter
1275 1857 1439 1927 baec
1475 1913 1490 1938 ,
1544 1870 1620 1928 ut
1664 1858 2040 1945 aliquando
2091 1858 2466 1949 temperius
2513 1857 2714 1928 solito
2779 1868 3098 1948 surgeret

552 1882 649 2016 a}
682 1947 974 2036 vigilias.
1013 1947 1280 2029 Quibus
1322 1947 1636 2037 peractiS,
1674 1969 1834 2016 cum
1872 1969 2090 2035 usque
2125 1945 2208 2015 ad
2261 1946 2634 2016 matutinas
2684 1945 2925 2016 laudes
2972 1968 3096 2015 su-

561 2046 857 2125 peresset
906 2034 1366 2116 intervallum,
1418 2058 1738 2125 egressus
1785 2035 1990 2117 foraS,
2043 2049 2109 2105 et
2150 2035 2295 2104 loca
2349 2035 2571 2105 vicina
2616 2035 3038 2105 circumiens
3067 2089 3089 2115 ,

550 2125 793 2193 orabat
840 2129 1075 2203 Deum,
1129 2136 1207 2193 ut
1252 2137 1609 2214 acceptum
1665 2124 1943 2194 haberet
1981 2125 2388 2211 obsequium
2442 2146 2647 2193 suum
2688 2136 2755 2193 et
2799 2122 3096 2192 fratrum

552 2233 881 2282 suorum:
934 2224 1000 2282 et
1047 2212 1116 2281 in
1166 2233 1246 2281 eo
1280 2266 1296 2293 ,
1349 2212 1530 2300 quod
1589 2213 1892 2283 diximus
1923 2268 1939 2295 ,
1992 2212 2378 2303 spiritualis
2425 2212 2691 2283 fructus
2747 2211 3097 2282 desiderio

552 2302 1016 2382 constitutus,
1069 2300 1298 2371 subito
1361 2314 1551 2373 stans
1615 2302 1682 2371 in
1746 2302 1894 2392 ipsa
1943 2302 2294 2382 oratione,
2369 2300 2634 2370 modice
2695 2300 3099 2371 interclusis

549 2390 793 2470 oculis,
848 2389 1015 2460 vidit
1062 2389 1373 2478 undique
1419 2413 1500 2460 ex
1550 2391 1793 2459 vicinis
1845 2391 2199 2461 montibus
2255 2403 2391 2460 tam
2445 2388 2786 2459 infinitam
2836 2387 3098 2459 diversi

553 2478 829 2549 habitus
874 2490 939 2549 et
985 2477 1294 2549 diversae
1338 2478 1755 2551 conditionis
1803 2480 2166 2550 hominum
2229 2477 2744 2549 multitudinem
2797 2477 2865 2547 in
2920 2478 3095 2549 infe-

553 2569 799 2638 riorem
833 2567 1076 2638 vallem
1127 2567 1567 2649 descendere,
1624 2582 1701 2638 ut
1747 2569 1943 2638 vallis
1976 2571 2125 2660 ipsa
2154 2590 2399 2659 capere
2436 2590 2566 2637 non
2610 2580 2857 2658 posset.
2895 2568 3093 2651 Quod

546 2657 712 2745 quid
764 2656 1298 2748 significaverit,
1349 2658 1495 2748 jam
1567 2657 2007 2727 manifestum
2074 2670 2198 2727 est.
2270 2662 2411 2726 Hac
2455 2678 2618 2747 ergo
2668 2655 2769 2724 vir
2820 2659 3096 2727 Domini

550 2746 809 2817 visione
857 2746 1222 2837 magnifice
1256 2746 1674 2816 consolatur.
1733 2746 2140 2815 Exhortatus
2184 2759 2288 2816 est
2330 2747 2534 2815 etiam
2587 2745 2826 2814 fratres
2875 2768 3042 2817 suos
3073 2798 3089 2827 ‚

546 2856 995 2906 commonens
1042 2857 1180 2915 eost,
1233 2834 1318 2904 de
1368 2834 1840 2905 misericordia
1894 2836 2003 2903 Dei
2040 2856 2395 2921 nunquam
2445 2835 2833 2925 desperare.

634 2926 671 3011 ἓ
722 2930 883 2996 28.
938 2928 1103 2993 Cum
1140 2944 1296 2994 vero
1328 2935 1485 2993 ante
1525 2924 1892 2993 instantem
1947 2923 2258 3012 hyemem
2296 2923 2639 2993 Gerardus
2672 2921 2878 2993 frater
2902 2923 3083 3013 ejus,

547 3012 945 3081 cellerarius
990 3011 1280 3094 domus,
1334 3012 1520 3103 apud
1569 3035 1732 3082 eum
1781 3011 2028 3083 durius
2073 3023 2509 3099 quereretur,
2564 3011 2652 3081 ad
2703 3012 3094 3083 necessaria

548 3100 798 3170 domus
845 3113 909 3170 et
954 3098 1266 3183 fratrum,
1325 3101 1541 3171 multa
1588 3101 1848 3183 deesse,
1905 3122 2028 3170 nec
2078 3101 2329 3171 habere
2363 3124 2434 3173 se
2467 3101 2654 3170 unde
2699 3123 2778 3171 ea
2818 3104 3094 3172 coeme-

553 3199 672 3269 ret,
725 3199 790 3257 et
835 3203 1120 3279 urgente
1161 3191 1581 3272 necessitate,
1634 3190 1777 3277 jam
1830 3190 2094 3259 nullam
2147 3190 2475 3279 reciperet
2517 3189 2878 3259 verborum
2924 3213 3093 3265 con-

549 3276 999 3347 solationem:
1055 3299 1159 3347 res
1206 3292 1433 3348 autem
1486 3278 1554 3347 in
1611 3293 1935 3369 promptu
1985 3301 2119 3348 non
2163 3289 2340 3348 esset
2386 3299 2562 3366 quae
2608 3278 2930 3357 daretur;
2977 3280 3094 3350 Vir

555 3365 694 3445 Dei,
747 3378 1084 3452 quantum
1133 3366 1218 3435 ad
1273 3379 1661 3457 praesentes
1710 3367 1982 3437 interim
2032 3366 2391 3458 angustias
2437 3365 2753 3437 sufficere
2807 3381 3087 3458 posset,

549 3453 926 3541 inquisivit.
970 3453 1103 3522 .llle
1162 3476 1315 3524 vero
1376 3456 1700 3526 undecim
1772 3456 1986 3526 libras
2034 3478 2140 3525 res
2192 3455 2409 3526 ondit.
2477 3461 2668 3526 Tunc
2728 3456 3092 3531 dimittens

546 3564 732 3623 eum,
788 3542 870 3611 ad
922 3543 1296 3612 orationem
1345 3544 1677 3634 confugit.
1736 3551 1887 3614 Post
1983 3544 2150 3614 aulu
2184 3567 2300 3615 um
2346 3566 2502 3615 vero
2535 3545 2806 3615 rediens
2836 3551 3093 3616 Gerar-

547 3631 704 3711 duS,
753 3630 1110 3701 mulierem
1160 3631 1534 3719 quamdam
1584 3632 1670 3701 de
1718 3633 1927 3702 Castel
1967 3635 2160 3714 ione,
2215 3633 2380 3705 foris
2433 3654 2583 3703 esse
2613 3688 2628 3713 ,
2681 3646 2747 3704 et
2807 3634 2979 3705 velle
3025 3637 3092 3706 ei

552 3720 737 3808 loqui
789 3719 1163 3789 nunciavit.
1217 3720 1309 3789 Ad
1365 3742 1574 3807 quam
1623 3742 1781 3790 cum
1818 3720 2279 3812 egrederetur,
2388 3721 2703 3792 rocidens
2747 3722 2836 3792 ad
2880 3723 3093 3815 pedes

546 3810 701 3898 ejus
748 3807 986 3879 eadem
1040 3807 1310 3890 mulier,
1363 3809 1728 3880 duodecim
1766 3810 2100 3880 librarum
2136 3745 2678 3881 benedictionem
2711 3812 2775 3881 ei
2808 3811 3087 3897 obtulit,

549 3898 936 3968 orationum
997 3897 1207 3967 suffra
1266 3898 1327 3967 ia
1385 3898 1766 3989 implorans
1823 3899 1965 3968 viro
2033 3921 2159 3968 suo
2228 3900 2610 3989 periculose
2674 3903 3085 3990 aegrotanti.

549 3992 769 4069 Quam
818 3986 1111 4057 breviter
1140 3987 1202 4057 al
1236 4000 1506 4068 ocutuS,
1544 3987 1811 4057 dimisit
1840 4010 1879 4057 a
1918 4010 2026 4058 se:
2070 3987 2269 4070 Vade,
2311 3989 2652 4077 inquiens,
2692 4011 2942 4060 sanum
2984 3992 3095 4061 in·

552 4077 780 4145 venies
813 4076 1036 4147 virum
1077 4088 1299 4146 tuum.
1355 4075 1478 4146 llla
1509 4098 1665 4147 vero
1713 4077 1953 4146 abiens
1995 4077 2061 4145 in
2105 4078 2389 4147 domum
2429 4100 2626 4148 suam
2658 4133 2674 4158 ,
2733 4078 2915 4148 sicut
2961 4102 3094 4151 au-

552 4164 793 4263 dierat,
838 4165 938 4234 sic
977 4165 1259 4235 invenit.
1311 4165 1535 4235 Abbas
1574 4188 1731 4235 vero
1780 4166 2145 4237 consolaus
2197 4166 2833 4257 pusillanimitatem
2880 4169 3094 4238 celle-

553 4253 715 4320 rarti
765 4254 896 4333 sui,
938 4253 1022 4322 ad
1060 4253 1544 4323 sustinendum
1584 4254 1948 4324 Dominum
1983 4254 2336 4326 decaetero
2379 4254 2675 4325 reddidit
2704 4255 3082 4327 fortiorem.

552 4344 682 4410 Nec
713 4353 937 4410 tamen
974 4341 1183 4411 semel
1225 4344 1287 4412 ei
1335 4343 1463 4413 hoc
1509 4343 1904 4434 contigisse,
1958 4358 2218 4414 certum
2270 4356 2419 4414 est:
2473 4345 2593 4414 sed
2641 4366 2867 4434 saepe,
2922 4369 3090 4417 cum

555 4427 957 4518 hujusmodi
1007 4432 1372 4502 necessitas
1433 4432 1759 4516 instaret,
1831 4445 2106 4524 repente
2169 4431 2353 4503 unde
2421 4454 2558 4503 non
2627 4433 3081 4526 sperabatur,
