3308 5004
622 269 754 335 290
1432 284 1515 336 nn
1561 289 1619 337 s.
1671 286 1869 339 cmm
1918 291 2176 341 vmonvn
2755 277 2939 345 AUG.
2993 279 3083 345 12

532 373 762 445 oblato
809 372 943 444 sibi
993 395 1205 463 puero
1240 374 1601 465 reparavit.
1653 375 1823 446 Ilico
1884 390 2201 465 parentes
2249 377 2335 447 ad
2387 378 2489 448 vir
2540 377 2676 449 inis
2724 380 3079 452 tumulum

531 483 944 622 ctssmlpuero
981 477 1445 553 properantes,
1484 487 1647 535 eum
1696 465 2178 538 subsilientem
2215 479 2281 537 et
2328 490 2467 559 gau
2517 482 2745 540 entem
2787 470 3079 540 Domino

538 574 578 623 Ο
633 564 707 622 tu
737 564 963 627 erunt.

625 642 665 728 ξ
709 645 876 712 89.
930 640 1172 711 Mulier
1201 641 1540 730 quaedam
1578 642 1666 712 de
1714 656 1938 713 castro
1986 643 2322 724 Menanii,
2389 642 2699 716 Pleneria
2744 646 3024 718 nomine
3053 703 3070 729 ,

540 728 663 799 diu
711 729 1244 800 contractionem
1298 752 1539 801 renum
1619 752 1982 823 perpessa,
2035 754 2172 802 non
2223 733 2359 802 nisi
2406 732 2653 803 baculo
2699 747 3081 807 sustentata

539 831 803 910 poterat
832 818 1215 889 ambulare.
1266 819 1702 890 Adminiculo
1730 834 1956 891 tamen
1998 820 2231 892 baculi
2281 842 2418 891 non
2448 840 2739 892 curvum
2769 823 3081 915 erigebat

539 929 815 998 corpuS,
868 907 985 977 sed
1038 922 1358 979 nutantes
1405 922 1786 997 utcumque
1833 910 2144 982 trahebat
2174 934 2479 1002 gressus.
2527 909 2780 982 Deferri
2817 935 2890 982 se
2916 913 3083 984 fecit

586 996 837 1067 uodam
888 996 999 1067 die
1047 998 1324 1068 Veneris
1369 998 1453 1068 ad
1508 998 1857 1069 tumulum
1911 1004 1976 1069 S.
2031 1000 2302 1071 Clarae:
2356 999 2477 1071 ubi
2529 1022 2765 1091 preces
2811 1002 2896 1071 ad
2919 1025 3073 1073 eam

584 1085 973 1157 evotissime
1018 1085 1342 1168 sunden3‚
1385 1085 1699 1158 celeriter
1752 1088 2051 1159 obtinuit
2096 1088 2278 1176 quod
2337 1089 2631 1160 fideliter
2680 1090 3072 1180 postulavit.

537 1175 860 1263 Sequenti
909 1197 1209 1263 namque
1247 1176 1556 1256 sabbato,
1595 1177 1863 1267 integra
1895 1178 2185 1249 sanitate
2232 1179 2548 1260 obtenta,
2610 1180 2907 1271 propriis
2958 1204 3078 1271 pe-

536 1262 745 1333 dibus
791 1276 891 1333 est
938 1286 1229 1345 reversa,
1282 1287 1458 1352 quae
1505 1265 1728 1336 fuerat
1778 1289 1897 1356 per
1943 1267 2115 1339 alios
2163 1267 2487 1338 adducta.
2914 1337 2923 1346 ,

624 1355 660 1440 ἓ
708 1358 872 1426 40.
925 1359 1252 1424 Tumores
1299 1356 1620 1445 gutturi5‚
1673 1378 1848 1443 quos
1896 1355 2167 1445 vulgari
2214 1378 2531 1425 sermone
2576 1356 2911 1428 scrofulas
2958 1382 3079 1429 vo·-

534 1454 717 1522 cant,
766 1441 995 1542 puella
1041 1442 1380 1529 quaedam
1431 1445 1761 1516 Perusina
1792 1468 1952 1515 cum
1988 1444 2222 1515 dolore
2259 1446 2473 1516 multo
2512 1445 2636 1516 diu
2668 1460 3073 1537 portaverat.

534 1530 787 1619 Viginti
847 1530 1128 1618 quidem
1175 1532 1547 1624 glandulae
1597 1534 2145 1604 numerabantur
2201 1534 2271 1603 in
2331 1548 2648 1627 gutture,
2706 1549 2780 1606 ut
2840 1537 3075 1627 ipsum

536 1618 807 1708 puellae
854 1631 1094 1711 guttur
1140 1623 1305 1692 satis
1344 1622 1568 1712 capite
1614 1624 1917 1694 crassius
1966 1623 2333 1694 videretur.
2397 1623 2597 1694 Duxit
2655 1645 2805 1694 eam
2870 1648 3077 1715 saepe

535 1721 755 1778 mater
783 1709 931 1798 ejus
979 1709 1062 1779 ad
1100 1711 1502 1780 memoriam
1553 1712 1841 1801 virginis
1876 1712 2132 1794 Clarae,
2185 1712 2309 1783 ubi
2357 1712 2580 1804 ipsius
2627 1727 2903 1783 sanctae
2949 1715 3067 1784 be-

533 1796 861 1867 neficium
911 1798 1345 1870 devotissime
1414 1801 1900 1890 implorabant.
1955 1806 2262 1890 Cumque
2326 1814 2461 1873 tota
2520 1801 2821 1889 quadam
2875 1814 3073 1873 nocte

534 1898 693 1954 ante
731 1887 1126 1976 sepulcrum
1164 1889 1387 1977 puella
1408 1890 1691 1980 jaceret,
1779 1913 2006 1961 rorum
2065 1902 2219 1962 ente
2255 1891 2529 1972 sudore,
2583 1904 2887 1961 strumae
2916 1891 3076 1961 illae

534 1973 925 2046 mollificari
972 1992 1378 2067 coeperunt,
1446 1992 1650 2067 atque
1745 2002 1782 2049 e
1829 2002 1954 2051 suo
2036 2002 2160 2051 oco
2212 1980 2577 2070 paululum
2626 1981 3064 2069 commoveri.

533 2068 863 2134 Processu
911 2088 1067 2135 vero
1115 2068 1464 2157 temporis,
1522 2092 1639 2158 per
1688 2074 1754 2139 S.
1809 2069 2041 2140 Clarae
2091 2070 2332 2139 merita
2364 2069 2465 2138 sic
2502 2081 2953 2150 evanuerunt,
2989 2081 3068 2140 ut

533 2151 728 2222 nulla
777 2155 1051 2243 penitus
1099 2157 1383 2247 vestigia
1420 2172 1876 2227 remanerent.

620 2244 656 2329 ἓ
703 2248 842 2316 cu.
898 2245 1264 2315 Consimile
1322 2244 1580 2315 malum
1631 2269 1773 2316 una
1820 2246 1904 2315 de
1952 2246 2347 2328 sororibu3‚
2411 2246 2677 2316 Andrea
2737 2246 3016 2316 nomine
3048 2301 3066 2328 ‚

531 2328 696 2400 dum
758 2332 985 2403 adhuc
1036 2334 1104 2403 in
1153 2356 1359 2404 carne
1407 2334 1597 2425 virgo
1646 2335 1840 2405 Clara
1911 2348 2260 2417 maneret,
2318 2336 2626 2426 portabat
2675 2335 2743 2404 in
2794 2348 3072 2426 gutture

529 2441 678 2490 suo.
733 2426 912 2492 Haec
949 2437 1140 2494 nocte
1176 2424 1472 2512 quadam
1516 2437 1754 2513 guttur
1801 2447 2005 2496 suum
2066 2447 2290 2513 usque
2334 2424 2419 2494 ad
2491 2424 3061 2516 praefocationem

531 2512 958 2593 constrinxit,
1009 2527 1086 2583 ut
1131 2514 1414 2604 globum
1465 2513 1665 2585 illum
1720 2537 1840 2604 per
1899 2515 2190 2585 buccam
2253 2515 2635 2605 projiceret,
2699 2514 2929 2583 volens
2976 2513 3065 2584 de

529 2601 756 2691 seipsa
788 2602 1089 2671 divinam
1142 2602 1544 2693 supergredi
1594 2603 2034 2673 voluntatem.
2091 2604 2219 2673 Sed
2273 2605 2398 2673 hoc
2446 2603 2901 2676 incontinenti-
2943 2625 3068 2693 per

525 2689 847 2779 spiritum
883 2691 1075 2761 Clara
1106 2693 1442 2782 cognovit.
1484 2697 1715 2772 Curre,
1765 2693 1989 2779 inquit
2028 2693 2177 2773 uni,
2235 2715 2438 2762 curre
2486 2692 2804 2763 velociter
2842 2692 2915 2761 in
2963 2693 3068 2760 in-

525 2776 838 2848 feriorem
888 2779 1198 2861 domum,
1235 2794 1299 2851 et
1345 2802 1552 2851 ovum
1600 2781 2006 2851 calefactum
2037 2782 2254 2851 sorori
2284 2782 2589 2851 Andreae
2636 2781 2719 2850 de
2761 2782 3069 2851 Ferraria

524 2866 940 2937 sorbendum
996 2869 1265 2958 praebe,
1321 2869 1669 2957 simulque
1708 2893 1867 2940 cum
1910 2869 2025 2938 illa
2061 2869 2145 2938 ad
2192 2892 2298 2939 me
2329 2870 2646 2941 ascende.
2682 2875 3067 2960 Properans

521 2954 665 3054 illa,
720 2957 969 3044 reperit
999 2957 1252 3027 dictam
1301 2958 1636 3028 Andream
1690 2958 1963 3045 loquela
2016 2959 2391 3047 privatam,
2448 2959 2765 3049 propriae
2815 2981 3063 3028 manus

522 3043 887 3129 1njectione
933 3047 1364 3117 suffocationi
1414 3048 1900 3136 propinquam.
1962 3047 2238 3117 Relevat
2282 3070 2433 3117 eam
2468 3103 2483 3129 ‚
2549 3061 2626 3119 ut
2673 3058 2937 3136 potest,
2999 3059 3068 3118 et

524 3153 757 3202 secum
791 3133 982 3202 ducit
1027 3136 1113 3203 ad
1152 3150 1461 3217 matrem,
1515 3137 1627 3205 cui
1677 3151 1740 3206 et
1797 3136 1969 3206 dixit
2030 3135 2292 3207 famula
2342 3137 2501 3206 Dei:
2556 3159 2592 3203 «
2627 3137 2894 3218 Misera,
2946 3159 3063 3206 co-

525 3222 886 3312 gitationes
935 3236 1086 3293 tuas
1127 3225 1414 3295 Domino
1452 3226 1798 3306 confitere,
1842 3249 2017 3313 quas
2055 3236 2122 3296 et
2158 3248 2282 3317 ego
2324 3227 2497 3297 bene
2544 3226 2855 3317 cognovi.
2894 3231 3065 3296 Ecce

521 3312 706 3399 quod
755 3334 999 3383 sanare
1051 3312 1348 3395 voluisti,
1387 3315 1660 3384 sanabit
1710 3316 2039 3385 Dominus
2067 3321 2269 3385 Jesus
2296 3316 2629 3386 Christus.
2684 3315 2812 3384 Sed
2850 3315 3058 3385 vitam

526 3413 719 3470 muta
766 3402 835 3471 in
889 3403 1157 3483 meliuS,
1210 3404 1537 3489 quoniam
1571 3403 1659 3474 de
1706 3404 2102 3473 infirmitate
2135 3405 2293 3485 alia,
2333 3427 2542 3492 quam
2574 3404 2877 3493 patieri5‚
2919 3425 3054 3473 non

524 3491 1088 3581 consurgeS.»Ad
1138 3492 1343 3580 cujus
1391 3492 1673 3563 verbum
1700 3493 2018 3583 spiritum
2060 3492 2616 3585 compunctionis
2662 3492 2947 3583 accepit,
2993 3505 3060 3562 et

526 3580 730 3649 vitam
782 3581 946 3651 satis
982 3582 1250 3672 egregie
1287 3583 1572 3652 mutavit
1610 3582 1681 3651 in
1732 3583 2003 3654 melius.
2033 3588 2190 3653 Post
2223 3582 2573 3653 modicum
2622 3603 2785 3672 ergo
2817 3594 3060 3652 sanata

522 3668 609 3739 de
655 3669 998 3752 scrofuliS,
1053 3671 1140 3740 de
1186 3671 1322 3740 alia
1372 3671 1771 3742 infirmitate
1820 3672 2161 3761 migravit.

604 3760 641 3846 ξ
691 3765 845 3833 aaz.
901 3760 1133 3830 Puella
1181 3760 1518 3847 quaedam
1570 3761 1656 3831 de
1702 3774 1923 3832 castro
1959 3759 2419 3851 (Ceranarii)
2465 3760 2811 3841 Cannarti,
2872 3759 3065 3830 clara

518 3845 632 3918 die
661 3849 726 3917 in
765 3871 930 3940 agro
978 3849 1295 3920 sedebat:
1350 3849 1419 3918 in
1470 3851 1675 3940 cujus
1721 3851 1882 3920 sinu
1932 3849 2182 3919 mulier
2229 3847 2439 3918 altera
2471 3848 2919 3919 reclinaverat
2948 3871 3064 3918 ca-

517 3949 663 4027 put.
702 3944 779 4009 Et
809 3961 967 4009 ecce
1014 3938 1224 4030 lupus
1256 3939 1622 4009 hominum
1673 3961 1745 4008 ra
1799 3962 1904 4020 ax,
1945 3936 2233 4008 furtivos
2265 3938 2350 4007 ad
2384 3938 2711 4027 praedam
2761 3937 3064 4008 concitat

518 4049 817 4116 gressus.
871 4033 1086 4112 Quem
1140 4041 1365 4100 tamen
1403 4027 1634 4118 puella
1664 4028 1728 4096 vi
1785 4028 1869 4098 it:
1922 4027 2039 4097 sed
2080 4027 2245 4114 quia
2274 4048 2516 4096 canem
2566 4026 2880 4108 credidit,
2919 4048 3060 4095 non

517 4117 806 4204 expavit.
860 4123 1164 4205 Cumque
1192 4117 1530 4188 infantula
1568 4131 1807 4207 coepto
1841 4116 2220 4186 intenderet
2251 4115 2585 4185 scrutinio
2617 4115 3054 4206 capillorum,

517 4205 836 4276 efferatur
883 4207 952 4277 in
1006 4207 1196 4276 illam
1263 4207 1478 4276 bestia
1556 4205 1943 4276 truculenta
1975 4261 1990 4286 ,
2043 4205 2331 4294 ejusque
2378 4204 2648 4275 vultum
2694 4228 2819 4276 suo
2868 4214 3058 4276 vasto

517 4291 713 4363 hiatu
758 4296 1203 4375 concludens,
1260 4296 1583 4385 praedam
1636 4295 1949 4384 portabat
1995 4294 2081 4363 ad
2118 4294 2406 4383 sylvam.
2462 4296 2694 4385 Surgit
2743 4294 3058 4383 protinus

517 4382 769 4452 mulier
814 4385 1216 4476 stupefacta,
1251 4396 1317 4456 et
1347 4390 1412 4458 S.
1446 4385 1677 4455 Clarae
1726 4405 2012 4465 memor,
2050 4383 2388 4475 clamores
2422 4384 2730 4464 suscitat,
2769 4383 3051 4453 dicens:
