<?xml version="1.0" encoding="UTF-8"?>
<!DOCTYPE html PUBLIC "-//W3C//DTD XHTML 1.0 Transitional//EN"
    "http://www.w3.org/TR/xhtml1/DTD/xhtml1-transitional.dtd">
<html xmlns="http://www.w3.org/1999/xhtml" xml:lang="en" lang="en">
 <head>
  <title>
</title>
<meta http-equiv="Content-Type" content="text/html;charset=utf-8" />
  <meta name='ocr-system' content='tesseract 3.04.00' />
  <meta name='ocr-capabilities' content='ocr_page ocr_carea ocr_par ocr_line ocrx_word'/>
</head>
<body>
  <div class='ocr_page' id='page_1' title='image "./historiaeseuvit01lippgoog_0827.png"; bbox 0 0 3308 5004; ppageno 0'>
   <div class='ocr_carea' id='block_1_1' title="bbox 207 270 2678 339">
    <p class='ocr_par' dir='ltr' id='par_1_1' title="bbox 207 270 2678 339">
     <span class='ocr_line' id='line_1_1' title="bbox 207 270 2678 339; baseline 0 -1"><span class='ocrx_word' id='word_1_1' title='bbox 207 270 400 338; x_wconf 80' lang='lat' dir='ltr'><strong>AUG.</strong></span> <span class='ocrx_word' id='word_1_2' title='bbox 455 272 539 336; x_wconf 83' lang='lat'><strong>30</strong></span> <span class='ocrx_word' id='word_1_3' title='bbox 1089 285 1172 336; x_wconf 75' lang='lat' dir='ltr'><strong>nr.</strong></span> <span class='ocrx_word' id='word_1_4' title='bbox 1220 288 1277 337; x_wconf 92' lang='lat' dir='ltr'><strong>s.</strong></span> <span class='ocrx_word' id='word_1_5' title='bbox 1331 287 1605 337; x_wconf 73' lang='lat' dir='ltr'><strong>nonomo</strong></span> <span class='ocrx_word' id='word_1_6' title='bbox 1653 287 1895 337; x_wconf 65' lang='lat' dir='ltr'><strong>Anna-rr</strong></span> <span class='ocrx_word' id='word_1_7' title='bbox 2544 272 2678 339; x_wconf 68' lang='lat'><strong>743</strong></span> 
     </span>
    </p>
   </div>
   <div class='ocr_carea' id='block_1_2' title="bbox 133 370 2795 4196">
    <p class='ocr_par' dir='ltr' id='par_1_2' title="bbox 210 370 2766 552">
     <span class='ocr_line' id='line_1_2' title="bbox 210 370 2766 475; baseline 0.002 -32"><span class='ocrx_word' id='word_1_8' title='bbox 210 374 537 466; x_wconf 89' lang='lat' dir='ltr'><strong>potuerit,</strong></span> <span class='ocrx_word' id='word_1_9' title='bbox 577 373 840 443; x_wconf 78' lang='lat' dir='ltr'>Lavabo</span> <span class='ocrx_word' id='word_1_10' title='bbox 869 370 989 475; x_wconf 88' lang='lat' dir='ltr'><strong>per</strong></span> <span class='ocrx_word' id='word_1_11' title='bbox 1021 371 1336 466; x_wconf 89' lang='lat' dir='ltr'><strong>singulas</strong></span> <span class='ocrx_word' id='word_1_12' title='bbox 1367 386 1599 444; x_wconf 89' lang='lat' dir='ltr'><strong>noctes</strong></span> <span class='ocrx_word' id='word_1_13' title='bbox 1644 372 1899 445; x_wconf 89' lang='lat' dir='ltr'><strong>lectum</strong></span> <span class='ocrx_word' id='word_1_14' title='bbox 1935 394 2193 457; x_wconf 91' lang='lat' dir='ltr'><strong>meum,</strong></span> <span class='ocrx_word' id='word_1_15' title='bbox 2229 374 2559 466; x_wconf 76' lang='lat' dir='ltr'><strong>lacrymis</strong></span> <span class='ocrx_word' id='word_1_16' title='bbox 2593 374 2766 448; x_wconf 89' lang='lat' dir='ltr'><strong>meis</strong></span> 
     </span>
     <span class='ocr_line' id='line_1_3' title="bbox 211 462 1093 552; baseline -0.002 -18"><span class='ocrx_word' id='word_1_17' title='bbox 211 476 508 534; x_wconf 89' lang='lat' dir='ltr'><strong>stratum</strong></span> <span class='ocrx_word' id='word_1_18' title='bbox 548 483 776 532; x_wconf 90' lang='lat' dir='ltr'><strong>meum</strong></span> <span class='ocrx_word' id='word_1_19' title='bbox 831 462 1093 552; x_wconf 80' lang='lat' dir='ltr'><strong>rigabo,</strong></span> 
     </span>
    </p>

    <p class='ocr_par' dir='ltr' id='par_1_3' title="bbox 204 550 2767 2332">
     <span class='ocr_line' id='line_1_4' title="bbox 294 550 2765 644; baseline 0 -20"><span class='ocrx_word' id='word_1_20' title='bbox 294 554 330 641; x_wconf 62' lang='grc' dir='ltr'>ὅ</span> <span class='ocrx_word' id='word_1_21' title='bbox 380 558 469 624; x_wconf 72' lang='grc' dir='ltr'><strong>ὅ.</strong></span> <span class='ocrx_word' id='word_1_22' title='bbox 530 554 784 622; x_wconf 82' lang='lat' dir='ltr'><strong>Graves</strong></span> <span class='ocrx_word' id='word_1_23' title='bbox 834 573 955 642; x_wconf 90' lang='lat' dir='ltr'><strong>per</strong></span> <span class='ocrx_word' id='word_1_24' title='bbox 1004 551 1124 621; x_wconf 89' lang='lat' dir='ltr'><strong>illa</strong></span> <span class='ocrx_word' id='word_1_25' title='bbox 1173 563 1485 643; x_wconf 91' lang='lat' dir='ltr'><strong>tempora</strong></span> <span class='ocrx_word' id='word_1_26' title='bbox 1531 550 1875 641; x_wconf 79' lang='lat' dir='ltr'>procellae</span> <span class='ocrx_word' id='word_1_27' title='bbox 1939 555 2317 644; x_wconf 81' lang='lat' dir='ltr'><strong>Aegyptum</strong></span> <span class='ocrx_word' id='word_1_28' title='bbox 2368 551 2765 624; x_wconf 87' lang='lat' dir='ltr'><strong>universam</strong></span> 
     </span>
     <span class='ocr_line' id='line_1_5' title="bbox 204 639 2765 731; baseline 0 -20"><span class='ocrx_word' id='word_1_29' title='bbox 204 661 623 711; x_wconf 82' lang='lat' dir='ltr'><strong>concussere</strong></span> <span class='ocrx_word' id='word_1_30' title='bbox 658 694 673 719; x_wconf 90' lang='lat'>‚</span> <span class='ocrx_word' id='word_1_31' title='bbox 729 640 1059 711; x_wconf 88' lang='lat' dir='ltr'><strong>Romanis</strong></span> <span class='ocrx_word' id='word_1_32' title='bbox 1106 641 1474 731; x_wconf 80' lang='lat' dir='ltr'><strong>Aegyptios</strong></span> <span class='ocrx_word' id='word_1_33' title='bbox 1519 639 1703 711; x_wconf 85' lang='lat' dir='ltr'><strong>bello</strong></span> <span class='ocrx_word' id='word_1_34' title='bbox 1752 640 2327 731; x_wconf 83' lang='lat' dir='ltr'><strong>persequentibus</strong></span> <span class='ocrx_word' id='word_1_35' title='bbox 2355 693 2378 722; x_wconf 87' lang='lat'><strong>,</strong></span> <span class='ocrx_word' id='word_1_36' title='bbox 2433 643 2765 713; x_wconf 88' lang='lat' dir='ltr'><strong>commis-</strong></span> 
     </span>
     <span class='ocr_line' id='line_1_6' title="bbox 210 728 2767 887; baseline -0.001 -86"><span class='ocrx_word' id='word_1_37' title='bbox 210 751 425 817; x_wconf 89' lang='lat' dir='ltr'><strong>soque</strong></span> <span class='ocrx_word' id='word_1_38' title='bbox 474 728 737 887; x_wconf 55' lang='lat' dir='ltr'><strong>Eraelio</strong></span> <span class='ocrx_word' id='word_1_39' title='bbox 784 750 943 799; x_wconf 90' lang='lat' dir='ltr'><strong>cum</strong></span> <span class='ocrx_word' id='word_1_40' title='bbox 997 730 1326 817; x_wconf 90' lang='lat' dir='ltr'><strong>utrinque</strong></span> <span class='ocrx_word' id='word_1_41' title='bbox 1371 750 1628 821; x_wconf 89' lang='lat' dir='ltr'><strong>magna</strong></span> <span class='ocrx_word' id='word_1_42' title='bbox 1677 743 1940 820; x_wconf 89' lang='lat' dir='ltr'><strong>strages</strong></span> <span class='ocrx_word' id='word_1_43' title='bbox 1988 728 2200 816; x_wconf 80' lang='lat' dir='ltr'><strong>fieret,</strong></span> <span class='ocrx_word' id='word_1_44' title='bbox 2255 751 2478 817; x_wconf 88' lang='lat' dir='ltr'><strong>neque</strong></span> <span class='ocrx_word' id='word_1_45' title='bbox 2517 731 2767 799; x_wconf 90' lang='lat' dir='ltr'><strong>trium-</strong></span> 
     </span>
     <span class='ocr_line' id='line_1_7' title="bbox 207 817 2766 910; baseline 0 -22"><span class='ocrx_word' id='word_1_46' title='bbox 207 819 394 910; x_wconf 88' lang='lat' dir='ltr'><strong>phus</strong></span> <span class='ocrx_word' id='word_1_47' title='bbox 434 823 477 887; x_wconf 96' lang='lat' dir='ltr'><strong>C</strong></span> <span class='ocrx_word' id='word_1_48' title='bbox 534 817 844 888; x_wconf 90' lang='lat' dir='ltr'><strong>ristianis</strong></span> <span class='ocrx_word' id='word_1_49' title='bbox 891 818 1059 889; x_wconf 90' lang='lat' dir='ltr'><strong>satis</strong></span> <span class='ocrx_word' id='word_1_50' title='bbox 1107 818 1396 889; x_wconf 82' lang='lat' dir='ltr'><strong>feliciter</strong></span> <span class='ocrx_word' id='word_1_51' title='bbox 1442 817 1863 899; x_wconf 81' lang='lat' dir='ltr'><strong>succederet,</strong></span> <span class='ocrx_word' id='word_1_52' title='bbox 1915 840 2154 888; x_wconf 89' lang='lat' dir='ltr'><strong>eorum</strong></span> <span class='ocrx_word' id='word_1_53' title='bbox 2220 818 2424 888; x_wconf 89' lang='lat' dir='ltr'><strong>etiam</strong></span> <span class='ocrx_word' id='word_1_54' title='bbox 2478 818 2766 910; x_wconf 86' lang='lat' dir='ltr'><strong>plurimi</strong></span> 
     </span>
     <span class='ocr_line' id='line_1_8' title="bbox 205 907 2767 998; baseline 0 -20"><span class='ocrx_word' id='word_1_55' title='bbox 205 907 460 998; x_wconf 88' lang='lat' dir='ltr'><strong>captivi</strong></span> <span class='ocrx_word' id='word_1_56' title='bbox 509 907 702 977; x_wconf 91' lang='lat' dir='ltr'><strong>ducti</strong></span> <span class='ocrx_word' id='word_1_57' title='bbox 759 919 923 977; x_wconf 89' lang='lat' dir='ltr'><strong>sunt</strong></span> <span class='ocrx_word' id='word_1_58' title='bbox 958 962 973 988; x_wconf 95' lang='lat'>‚</span> <span class='ocrx_word' id='word_1_59' title='bbox 1027 919 1093 977; x_wconf 88' lang='lat' dir='ltr'><strong>et</strong></span> <span class='ocrx_word' id='word_1_60' title='bbox 1140 908 1318 977; x_wconf 90' lang='lat' dir='ltr'><strong>inter</strong></span> <span class='ocrx_word' id='word_1_61' title='bbox 1362 927 1479 977; x_wconf 91' lang='lat' dir='ltr'><strong>eos</strong></span> <span class='ocrx_word' id='word_1_62' title='bbox 1543 908 1750 978; x_wconf 91' lang='lat' dir='ltr'><strong>etiam</strong></span> <span class='ocrx_word' id='word_1_63' title='bbox 1800 907 2077 977; x_wconf 89' lang='lat' dir='ltr'><strong>divinae</strong></span> <span class='ocrx_word' id='word_1_64' title='bbox 2141 907 2514 977; x_wconf 81' lang='lat' dir='ltr'><strong>memoriae</strong></span> <span class='ocrx_word' id='word_1_65' title='bbox 2560 928 2767 978; x_wconf 83' lang='lat' dir='ltr'><strong>vene-</strong></span> 
     </span>
     <span class='ocr_line' id='line_1_9' title="bbox 209 994 2766 1088; baseline -0.001 -22"><span class='ocrx_word' id='word_1_66' title='bbox 209 995 474 1066; x_wconf 88' lang='lat' dir='ltr'><strong>randus</strong></span> <span class='ocrx_word' id='word_1_67' title='bbox 505 994 956 1066; x_wconf 88' lang='lat' dir='ltr'><strong>Vercellensis</strong></span> <span class='ocrx_word' id='word_1_68' title='bbox 1003 995 1345 1066; x_wconf 82' lang='lat' dir='ltr'><strong>Ecclesiae</strong></span> <span class='ocrx_word' id='word_1_69' title='bbox 1379 995 1673 1067; x_wconf 84' lang='lat' dir='ltr'><strong>Antistes</strong></span> <span class='ocrx_word' id='word_1_70' title='bbox 1702 1000 1965 1066; x_wconf 76' lang='lat' dir='ltr'><strong>Petrus,</strong></span> <span class='ocrx_word' id='word_1_71' title='bbox 2004 994 2138 1079; x_wconf 86' lang='lat' dir='ltr'><strong>Qui</strong></span> <span class='ocrx_word' id='word_1_72' title='bbox 2185 997 2255 1066; x_wconf 91' lang='lat' dir='ltr'><strong>in</strong></span> <span class='ocrx_word' id='word_1_73' title='bbox 2300 1008 2556 1066; x_wconf 88' lang='lat' dir='ltr'><strong>tantam</strong></span> <span class='ocrx_word' id='word_1_74' title='bbox 2608 1018 2766 1088; x_wconf 92' lang='lat' dir='ltr'><strong>per-</strong></span> 
     </span>
     <span class='ocr_line' id='line_1_10' title="bbox 209 1084 2755 1177; baseline -0.001 -21"><span class='ocrx_word' id='word_1_75' title='bbox 209 1097 471 1156; x_wconf 88' lang='lat' dir='ltr'><strong>tractus</strong></span> <span class='ocrx_word' id='word_1_76' title='bbox 510 1085 889 1167; x_wconf 89' lang='lat' dir='ltr'><strong>miseriam,</strong></span> <span class='ocrx_word' id='word_1_77' title='bbox 932 1084 1330 1173; x_wconf 82' lang='lat' dir='ltr'><strong>inquirebat</strong></span> <span class='ocrx_word' id='word_1_78' title='bbox 1359 1084 1748 1175; x_wconf 84' lang='lat' dir='ltr'><strong>diligenter,</strong></span> <span class='ocrx_word' id='word_1_79' title='bbox 1795 1085 1854 1157; x_wconf 93' lang='lat' dir='ltr'><strong>si</strong></span> <span class='ocrx_word' id='word_1_80' title='bbox 1884 1085 2043 1172; x_wconf 92' lang='lat' dir='ltr'><strong>quis</strong></span> <span class='ocrx_word' id='word_1_81' title='bbox 2070 1106 2193 1176; x_wconf 92' lang='lat' dir='ltr'><strong>per</strong></span> <span class='ocrx_word' id='word_1_82' title='bbox 2215 1107 2368 1155; x_wconf 91' lang='lat' dir='ltr'><strong>eam</strong></span> <span class='ocrx_word' id='word_1_83' title='bbox 2402 1086 2755 1177; x_wconf 85' lang='lat' dir='ltr'><strong>regionem</strong></span> 
     </span>
     <span class='ocr_line' id='line_1_11' title="bbox 209 1173 2761 1275; baseline -0.001 -30"><span class='ocrx_word' id='word_1_84' title='bbox 209 1174 640 1245; x_wconf 84' lang='lat' dir='ltr'><strong>Christianus</strong></span> <span class='ocrx_word' id='word_1_85' title='bbox 674 1186 874 1256; x_wconf 91' lang='lat' dir='ltr'><strong>esset,</strong></span> <span class='ocrx_word' id='word_1_86' title='bbox 919 1175 1122 1275; x_wconf 84' lang='lat' dir='ltr'><strong>cujus</strong></span> <span class='ocrx_word' id='word_1_87' title='bbox 1155 1174 1447 1245; x_wconf 89' lang='lat' dir='ltr'><strong>consilio</strong></span> <span class='ocrx_word' id='word_1_88' title='bbox 1484 1187 1552 1243; x_wconf 92' lang='lat' dir='ltr'><strong>at</strong></span> <span class='ocrx_word' id='word_1_89' title='bbox 1603 1196 1689 1244; x_wconf 92' lang='lat' dir='ltr'><strong>ue</strong></span> <span class='ocrx_word' id='word_1_90' title='bbox 1741 1196 1869 1265; x_wconf 94' lang='lat' dir='ltr'><strong>ope</strong></span> <span class='ocrx_word' id='word_1_91' title='bbox 1923 1173 2200 1244; x_wconf 90' lang='lat' dir='ltr'><strong>liberari</strong></span> <span class='ocrx_word' id='word_1_92' title='bbox 2250 1186 2502 1264; x_wconf 90' lang='lat' dir='ltr'><strong>posset.</strong></span> <span class='ocrx_word' id='word_1_93' title='bbox 2558 1173 2761 1243; x_wconf 88' lang='lat' dir='ltr'><strong>Inde-</strong></span> 
     </span>
     <span class='ocr_line' id='line_1_12' title="bbox 209 1261 2758 1354; baseline 0 -21"><span class='ocrx_word' id='word_1_94' title='bbox 209 1265 518 1333; x_wconf 90' lang='lat' dir='ltr'><strong>sinenter</strong></span> <span class='ocrx_word' id='word_1_95' title='bbox 551 1274 781 1333; x_wconf 90' lang='lat' dir='ltr'><strong>autem</strong></span> <span class='ocrx_word' id='word_1_96' title='bbox 822 1264 1202 1353; x_wconf 78' lang='lat' dir='ltr'><strong>suspiranti</strong></span> <span class='ocrx_word' id='word_1_97' title='bbox 1255 1285 1478 1351; x_wconf 91' lang='lat' dir='ltr'><strong>neque</strong></span> <span class='ocrx_word' id='word_1_98' title='bbox 1520 1286 1564 1333; x_wconf 92' lang='lat' dir='ltr'><strong>u</strong></span> <span class='ocrx_word' id='word_1_99' title='bbox 1599 1264 1743 1333; x_wconf 87' lang='lat' dir='ltr'><strong>lum</strong></span> <span class='ocrx_word' id='word_1_100' title='bbox 1798 1261 2126 1354; x_wconf 90' lang='lat' dir='ltr'><strong>precandi</strong></span> <span class='ocrx_word' id='word_1_101' title='bbox 2179 1263 2387 1333; x_wconf 88' lang='lat' dir='ltr'><strong>finem</strong></span> <span class='ocrx_word' id='word_1_102' title='bbox 2430 1262 2758 1345; x_wconf 85' lang='lat' dir='ltr'><strong>facienti,</strong></span> 
     </span>
     <span class='ocr_line' id='line_1_13' title="bbox 211 1351 2759 1442; baseline -0 -20"><span class='ocrx_word' id='word_1_103' title='bbox 211 1351 459 1432; x_wconf 85' lang='lat' dir='ltr'><strong>adfuit,</strong></span> <span class='ocrx_word' id='word_1_104' title='bbox 494 1352 617 1440; x_wconf 91' lang='lat' dir='ltr'><strong>qui</strong></span> <span class='ocrx_word' id='word_1_105' title='bbox 646 1352 713 1420; x_wconf 90' lang='lat' dir='ltr'><strong>in</strong></span> <span class='ocrx_word' id='word_1_106' title='bbox 746 1373 817 1424; x_wconf 90' lang='lat' dir='ltr'><strong>se</strong></span> <span class='ocrx_word' id='word_1_107' title='bbox 849 1364 1204 1442; x_wconf 86' lang='lat' dir='ltr'><strong>sperantes</strong></span> <span class='ocrx_word' id='word_1_108' title='bbox 1234 1373 1596 1439; x_wconf 91' lang='lat' dir='ltr'><strong>nunquam</strong></span> <span class='ocrx_word' id='word_1_109' title='bbox 1638 1351 1892 1422; x_wconf 89' lang='lat' dir='ltr'><strong>deserit</strong></span> <span class='ocrx_word' id='word_1_110' title='bbox 1932 1357 2134 1433; x_wconf 90' lang='lat' dir='ltr'><strong>Deus,</strong></span> <span class='ocrx_word' id='word_1_111' title='bbox 2172 1364 2237 1422; x_wconf 92' lang='lat' dir='ltr'><strong>et</strong></span> <span class='ocrx_word' id='word_1_112' title='bbox 2268 1356 2334 1421; x_wconf 91' lang='lat' dir='ltr'><strong>S.</strong></span> <span class='ocrx_word' id='word_1_113' title='bbox 2369 1352 2759 1422; x_wconf 89' lang='lat' dir='ltr'><strong>Bononium</strong></span> 
     </span>
     <span class='ocr_line' id='line_1_14' title="bbox 211 1439 2759 1541; baseline -0 -30"><span class='ocrx_word' id='word_1_114' title='bbox 211 1443 284 1511; x_wconf 93' lang='lat' dir='ltr'><strong>in</strong></span> <span class='ocrx_word' id='word_1_115' title='bbox 338 1440 478 1509; x_wconf 88' lang='lat' dir='ltr'><strong>illis</strong></span> <span class='ocrx_word' id='word_1_116' title='bbox 527 1439 932 1541; x_wconf 81' lang='lat' dir='ltr'><strong>regionibus</strong></span> <span class='ocrx_word' id='word_1_117' title='bbox 995 1441 1201 1511; x_wconf 85' lang='lat' dir='ltr'><strong>vitam</strong></span> <span class='ocrx_word' id='word_1_118' title='bbox 1259 1463 1462 1531; x_wconf 88' lang='lat' dir='ltr'><strong>agere</strong></span> <span class='ocrx_word' id='word_1_119' title='bbox 1515 1440 1902 1511; x_wconf 84' lang='lat' dir='ltr'><strong>admonuit.</strong></span> <span class='ocrx_word' id='word_1_120' title='bbox 1966 1440 2097 1524; x_wconf 85' lang='lat' dir='ltr'><strong>Qui</strong></span> <span class='ocrx_word' id='word_1_121' title='bbox 2146 1441 2520 1510; x_wconf 83' lang='lat' dir='ltr'><strong>accersitus</strong></span> <span class='ocrx_word' id='word_1_122' title='bbox 2583 1440 2759 1511; x_wconf 86' lang='lat' dir='ltr'><strong>nihil</strong></span> 
     </span>
     <span class='ocr_line' id='line_1_15' title="bbox 211 1528 2767 1621; baseline 0 -23"><span class='ocrx_word' id='word_1_123' title='bbox 211 1530 701 1621; x_wconf 77' lang='lat' dir='ltr'><strong>praetermisit,</strong></span> <span class='ocrx_word' id='word_1_124' title='bbox 754 1550 933 1617; x_wconf 87' lang='lat' dir='ltr'><strong>quae</strong></span> <span class='ocrx_word' id='word_1_125' title='bbox 979 1529 1066 1599; x_wconf 85' lang='lat' dir='ltr'><strong>ad</strong></span> <span class='ocrx_word' id='word_1_126' title='bbox 1129 1551 1287 1599; x_wconf 90' lang='lat' dir='ltr'><strong>eum</strong></span> <span class='ocrx_word' id='word_1_127' title='bbox 1348 1541 1787 1617; x_wconf 90' lang='lat' dir='ltr'><strong>caeterosque</strong></span> <span class='ocrx_word' id='word_1_128' title='bbox 1841 1530 1962 1617; x_wconf 92' lang='lat' dir='ltr'><strong>qui</strong></span> <span class='ocrx_word' id='word_1_129' title='bbox 2009 1531 2405 1601; x_wconf 89' lang='lat' dir='ltr'><strong>carceribus</strong></span> <span class='ocrx_word' id='word_1_130' title='bbox 2452 1528 2767 1600; x_wconf 85' lang='lat' dir='ltr'><strong>conclusi</strong></span> 
     </span>
     <span class='ocr_line' id='line_1_16' title="bbox 212 1617 2767 1709; baseline -0 -21"><span class='ocrx_word' id='word_1_131' title='bbox 212 1618 628 1688; x_wconf 87' lang='lat' dir='ltr'><strong>tenebantur</strong></span> <span class='ocrx_word' id='word_1_132' title='bbox 674 1618 1135 1689; x_wconf 90' lang='lat' dir='ltr'><strong>consolandos</strong></span> <span class='ocrx_word' id='word_1_133' title='bbox 1183 1641 1263 1687; x_wconf 88' lang='lat' dir='ltr'><strong>ac</strong></span> <span class='ocrx_word' id='word_1_134' title='bbox 1328 1617 1722 1689; x_wconf 88' lang='lat' dir='ltr'><strong>liberandos</strong></span> <span class='ocrx_word' id='word_1_135' title='bbox 1778 1619 2161 1709; x_wconf 87' lang='lat' dir='ltr'><strong>excogitare</strong></span> <span class='ocrx_word' id='word_1_136' title='bbox 2222 1629 2471 1708; x_wconf 90' lang='lat' dir='ltr'><strong>posset.</strong></span> <span class='ocrx_word' id='word_1_137' title='bbox 2528 1623 2767 1705; x_wconf 89' lang='lat' dir='ltr'><strong>Itaque</strong></span> 
     </span>
     <span class='ocr_line' id='line_1_17' title="bbox 213 1705 2764 1798; baseline 0 -21"><span class='ocrx_word' id='word_1_138' title='bbox 213 1720 283 1778; x_wconf 85' lang='lat' dir='ltr'><strong>et</strong></span> <span class='ocrx_word' id='word_1_139' title='bbox 313 1707 610 1777; x_wconf 89' lang='lat' dir='ltr'><strong>carceris</strong></span> <span class='ocrx_word' id='word_1_140' title='bbox 636 1707 980 1788; x_wconf 84' lang='lat' dir='ltr'><strong>custodeS,</strong></span> <span class='ocrx_word' id='word_1_141' title='bbox 1013 1719 1091 1775; x_wconf 91' lang='lat' dir='ltr'><strong>ut</strong></span> <span class='ocrx_word' id='word_1_142' title='bbox 1122 1705 1204 1775; x_wconf 92' lang='lat' dir='ltr'><strong>ad</strong></span> <span class='ocrx_word' id='word_1_143' title='bbox 1243 1728 1361 1777; x_wconf 90' lang='lat' dir='ltr'><strong>eos</strong></span> <span class='ocrx_word' id='word_1_144' title='bbox 1399 1707 1530 1777; x_wconf 91' lang='lat' dir='ltr'><strong>sibi</strong></span> <span class='ocrx_word' id='word_1_145' title='bbox 1575 1706 1750 1777; x_wconf 92' lang='lat' dir='ltr'><strong>liber</strong></span> <span class='ocrx_word' id='word_1_146' title='bbox 1774 1707 2005 1778; x_wconf 90' lang='lat' dir='ltr'><strong>aditus</strong></span> <span class='ocrx_word' id='word_1_147' title='bbox 2035 1709 2312 1798; x_wconf 81' lang='lat' dir='ltr'><strong>pateret,</strong></span> <span class='ocrx_word' id='word_1_148' title='bbox 2353 1709 2764 1777; x_wconf 87' lang='lat' dir='ltr'><strong>muneribus</strong></span> 
     </span>
     <span class='ocr_line' id='line_1_18' title="bbox 215 1794 2763 1898; baseline -0.001 -31"><span class='ocrx_word' id='word_1_149' title='bbox 215 1796 353 1868; x_wconf 92' lang='lat' dir='ltr'><strong>sibi</strong></span> <span class='ocrx_word' id='word_1_150' title='bbox 386 1796 729 1865; x_wconf 88' lang='lat' dir='ltr'><strong>devinxit:</strong></span> <span class='ocrx_word' id='word_1_151' title='bbox 781 1808 846 1865; x_wconf 92' lang='lat' dir='ltr'><strong>et</strong></span> <span class='ocrx_word' id='word_1_152' title='bbox 899 1795 1156 1898; x_wconf 89' lang='lat' dir='ltr'><strong>regiam</strong></span> <span class='ocrx_word' id='word_1_153' title='bbox 1200 1794 1537 1866; x_wconf 90' lang='lat' dir='ltr'><strong>familiam</strong></span> <span class='ocrx_word' id='word_1_154' title='bbox 1603 1797 1966 1898; x_wconf 90' lang='lat' dir='ltr'><strong>ipsamque</strong></span> <span class='ocrx_word' id='word_1_155' title='bbox 2028 1796 2209 1888; x_wconf 87' lang='lat' dir='ltr'><strong>regis</strong></span> <span class='ocrx_word' id='word_1_156' title='bbox 2268 1796 2641 1888; x_wconf 85' lang='lat' dir='ltr'><strong>conjugem</strong></span> <span class='ocrx_word' id='word_1_157' title='bbox 2691 1796 2763 1864; x_wconf 92' lang='lat' dir='ltr'><strong>in</strong></span> 
     </span>
     <span class='ocr_line' id='line_1_19' title="bbox 219 1883 2755 1975; baseline -0.001 -20"><span class='ocrx_word' id='word_1_158' title='bbox 219 1907 385 1955; x_wconf 89' lang='lat' dir='ltr'><strong>suas</strong></span> <span class='ocrx_word' id='word_1_159' title='bbox 434 1897 658 1975; x_wconf 90' lang='lat' dir='ltr'><strong>partes</strong></span> <span class='ocrx_word' id='word_1_160' title='bbox 711 1895 1076 1975; x_wconf 82' lang='lat' dir='ltr'><strong>pertraxit,</strong></span> <span class='ocrx_word' id='word_1_161' title='bbox 1131 1896 1206 1954; x_wconf 90' lang='lat' dir='ltr'><strong>ut</strong></span> <span class='ocrx_word' id='word_1_162' title='bbox 1255 1906 1376 1975; x_wconf 89' lang='lat' dir='ltr'><strong>pro</strong></span> <span class='ocrx_word' id='word_1_163' title='bbox 1425 1907 1504 1954; x_wconf 90' lang='lat' dir='ltr'><strong>ca</strong></span> <span class='ocrx_word' id='word_1_164' title='bbox 1559 1884 1714 1955; x_wconf 87' lang='lat' dir='ltr'><strong>tivis</strong></span> <span class='ocrx_word' id='word_1_165' title='bbox 1761 1907 1907 1955; x_wconf 79' lang='lat' dir='ltr'><strong>suis</strong></span> <span class='ocrx_word' id='word_1_166' title='bbox 1957 1884 2286 1956; x_wconf 89' lang='lat' dir='ltr'><strong>fratribus</strong></span> <span class='ocrx_word' id='word_1_167' title='bbox 2332 1883 2755 1954; x_wconf 85' lang='lat' dir='ltr'><strong>intercedere</strong></span> 
     </span>
     <span class='ocr_line' id='line_1_20' title="bbox 220 1972 2761 2074; baseline 0.001 -34"><span class='ocrx_word' id='word_1_168' title='bbox 220 1972 496 2043; x_wconf 84' lang='lat' dir='ltr'><strong>vellent.</strong></span> <span class='ocrx_word' id='word_1_169' title='bbox 552 1978 804 2074; x_wconf 80' lang='lat' dir='ltr'><strong>Regem</strong></span> <span class='ocrx_word' id='word_1_170' title='bbox 871 1995 1079 2065; x_wconf 85' lang='lat' dir='ltr'><strong>erge,</strong></span> <span class='ocrx_word' id='word_1_171' title='bbox 1131 1996 1291 2043; x_wconf 92' lang='lat' dir='ltr'><strong>cum</strong></span> <span class='ocrx_word' id='word_1_172' title='bbox 1354 1994 1474 2064; x_wconf 92' lang='lat' dir='ltr'><strong>per</strong></span> <span class='ocrx_word' id='word_1_173' title='bbox 1571 1986 1753 2045; x_wconf 90' lang='lat' dir='ltr'><strong>ortos</strong></span> <span class='ocrx_word' id='word_1_174' title='bbox 1799 1973 2305 2046; x_wconf 89' lang='lat' dir='ltr'><strong>odoratissimis</strong></span> <span class='ocrx_word' id='word_1_175' title='bbox 2369 1972 2761 2044; x_wconf 88' lang='lat' dir='ltr'><strong>balsamitis</strong></span> 
     </span>
     <span class='ocr_line' id='line_1_21' title="bbox 217 2062 2767 2154; baseline 0.001 -25"><span class='ocrx_word' id='word_1_176' title='bbox 217 2062 518 2132; x_wconf 91' lang='lat' dir='ltr'><strong>consitos</strong></span> <span class='ocrx_word' id='word_1_177' title='bbox 577 2062 793 2131; x_wconf 80' lang='lat' dir='ltr'><strong>animi</strong></span> <span class='ocrx_word' id='word_1_178' title='bbox 834 2065 1046 2133; x_wconf 73' lang='lat' dir='ltr'><strong>causa</strong></span> <span class='ocrx_word' id='word_1_179' title='bbox 1097 2075 1280 2132; x_wconf 89' lang='lat' dir='ltr'><strong>certo</strong></span> <span class='ocrx_word' id='word_1_180' title='bbox 1336 2063 1636 2150; x_wconf 87' lang='lat' dir='ltr'><strong>quodam</strong></span> <span class='ocrx_word' id='word_1_181' title='bbox 1698 2075 2003 2154; x_wconf 89' lang='lat' dir='ltr'><strong>tempore</strong></span> <span class='ocrx_word' id='word_1_182' title='bbox 2042 2062 2545 2144; x_wconf 89' lang='lat' dir='ltr'><strong>obambularet,</strong></span> <span class='ocrx_word' id='word_1_183' title='bbox 2589 2084 2767 2132; x_wconf 89' lang='lat' dir='ltr'><strong>una-</strong></span> 
     </span>
     <span class='ocr_line' id='line_1_22' title="bbox 220 2150 2767 2252; baseline 0.002 -33"><span class='ocrx_word' id='word_1_184' title='bbox 220 2151 444 2220; x_wconf 89' lang='lat' dir='ltr'><strong>nimes</strong></span> <span class='ocrx_word' id='word_1_185' title='bbox 491 2172 713 2221; x_wconf 87' lang='lat' dir='ltr'><strong>unove</strong></span> <span class='ocrx_word' id='word_1_186' title='bbox 759 2154 899 2232; x_wconf 85' lang='lat' dir='ltr'><strong>ore,</strong></span> <span class='ocrx_word' id='word_1_187' title='bbox 936 2150 1172 2220; x_wconf 86' lang='lat' dir='ltr'><strong>divino</strong></span> <span class='ocrx_word' id='word_1_188' title='bbox 1222 2150 1426 2252; x_wconf 86' lang='lat' dir='ltr'><strong>plane</strong></span> <span class='ocrx_word' id='word_1_189' title='bbox 1455 2151 1811 2233; x_wconf 89' lang='lat' dir='ltr'><strong>instinctu,</strong></span> <span class='ocrx_word' id='word_1_190' title='bbox 1850 2153 2155 2243; x_wconf 86' lang='lat' dir='ltr'><strong>aggressi</strong></span> <span class='ocrx_word' id='word_1_191' title='bbox 2197 2151 2383 2239; x_wconf 92' lang='lat' dir='ltr'><strong>quod</strong></span> <span class='ocrx_word' id='word_1_192' title='bbox 2414 2151 2767 2242; x_wconf 90' lang='lat' dir='ltr'><strong>supplices</strong></span> 
     </span>
     <span class='ocr_line' id='line_1_23' title="bbox 218 2239 2767 2332; baseline 0.001 -23"><span class='ocrx_word' id='word_1_193' title='bbox 218 2240 578 2330; x_wconf 88' lang='lat' dir='ltr'><strong>rogabant,</strong></span> <span class='ocrx_word' id='word_1_194' title='bbox 623 2253 701 2309; x_wconf 90' lang='lat' dir='ltr'><strong>ut</strong></span> <span class='ocrx_word' id='word_1_195' title='bbox 738 2239 1044 2332; x_wconf 89' lang='lat' dir='ltr'><strong>captivos</strong></span> <span class='ocrx_word' id='word_1_196' title='bbox 1093 2240 1515 2310; x_wconf 85' lang='lat' dir='ltr'><strong>Christianos</strong></span> <span class='ocrx_word' id='word_1_197' title='bbox 1562 2240 1868 2311; x_wconf 90' lang='lat' dir='ltr'><strong>Bononio</strong></span> <span class='ocrx_word' id='word_1_198' title='bbox 1915 2241 2358 2322; x_wconf 87' lang='lat' dir='ltr'><strong>condonaret,</strong></span> <span class='ocrx_word' id='word_1_199' title='bbox 2398 2240 2598 2311; x_wconf 84' lang='lat' dir='ltr'><strong>facile</strong></span> <span class='ocrx_word' id='word_1_200' title='bbox 2632 2240 2767 2311; x_wconf 91' lang='lat' dir='ltr'><strong>im-</strong></span> 
     </span>
    </p>

    <p class='ocr_par' dir='ltr' id='par_1_4' title="bbox 262 2340 596 2399">
     <span class='ocr_line' id='line_1_24' title="bbox 262 2340 596 2399; baseline 0.003 -3"><span class='ocrx_word' id='word_1_201' title='bbox 262 2340 596 2399; x_wconf 78' lang='lat' dir='ltr'><strong>eti-arunt.</strong></span> 
     </span>
    </p>

    <p class='ocr_par' dir='ltr' id='par_1_5' title="bbox 133 2351 2795 3664">
     <span class='ocr_line' id='line_1_25' title="bbox 215 2351 2766 2520; baseline -0.001 -31"><span class='ocrx_word' id='word_1_202' title='bbox 215 2351 258 2419; x_wconf 72' lang='lat' dir='ltr'>p</span> <span class='ocrx_word' id='word_1_203' title='bbox 301 2420 454 2505; x_wconf 56' lang='lat' dir='ltr'><strong>§a</strong></span> <span class='ocrx_word' id='word_1_204' title='bbox 489 2417 649 2487; x_wconf 88' lang='lat' dir='ltr'><strong>Navi</strong></span> <span class='ocrx_word' id='word_1_205' title='bbox 682 2439 846 2520; x_wconf 84' lang='lat' dir='ltr'><strong>ergo</strong></span> <span class='ocrx_word' id='word_1_206' title='bbox 878 2416 1240 2509; x_wconf 91' lang='lat' dir='ltr'><strong>impositos</strong></span> <span class='ocrx_word' id='word_1_207' title='bbox 1275 2429 1663 2509; x_wconf 91' lang='lat' dir='ltr'><strong>postquam</strong></span> <span class='ocrx_word' id='word_1_208' title='bbox 1718 2438 1903 2487; x_wconf 88' lang='lat' dir='ltr'><strong>mare</strong></span> <span class='ocrx_word' id='word_1_209' title='bbox 1952 2418 2385 2498; x_wconf 90' lang='lat' dir='ltr'><strong>transissent,</strong></span> <span class='ocrx_word' id='word_1_210' title='bbox 2422 2416 2766 2507; x_wconf 74' lang='lat' dir='ltr'><strong>lerosoly-</strong></span> 
     </span>
     <span class='ocr_line' id='line_1_26' title="bbox 209 2506 2769 2598; baseline 0.001 -23"><span class='ocrx_word' id='word_1_211' title='bbox 209 2529 395 2576; x_wconf 89' lang='lat' dir='ltr'><strong>mam</strong></span> <span class='ocrx_word' id='word_1_212' title='bbox 419 2507 750 2598; x_wconf 89' lang='lat' dir='ltr'><strong>primum,</strong></span> <span class='ocrx_word' id='word_1_213' title='bbox 778 2507 939 2578; x_wconf 82' lang='lat' dir='ltr'><strong>inde</strong></span> <span class='ocrx_word' id='word_1_214' title='bbox 966 2507 1036 2576; x_wconf 93' lang='lat' dir='ltr'><strong>in</strong></span> <span class='ocrx_word' id='word_1_215' title='bbox 1069 2520 1367 2577; x_wconf 92' lang='lat' dir='ltr'><strong>montem</strong></span> <span class='ocrx_word' id='word_1_216' title='bbox 1400 2506 1588 2576; x_wconf 87' lang='lat' dir='ltr'><strong>Sinai</strong></span> <span class='ocrx_word' id='word_1_217' title='bbox 1621 2506 1961 2595; x_wconf 86' lang='lat' dir='ltr'><strong>perduxit,</strong></span> <span class='ocrx_word' id='word_1_218' title='bbox 1990 2528 2197 2594; x_wconf 88' lang='lat' dir='ltr'><strong>quam</strong></span> <span class='ocrx_word' id='word_1_219' title='bbox 2229 2507 2376 2598; x_wconf 88' lang='lat' dir='ltr'><strong>ipse</strong></span> <span class='ocrx_word' id='word_1_220' title='bbox 2407 2506 2540 2579; x_wconf 93' lang='lat' dir='ltr'><strong>sibi</strong></span> <span class='ocrx_word' id='word_1_221' title='bbox 2574 2507 2769 2577; x_wconf 89' lang='lat' dir='ltr'><strong>habi-</strong></span> 
     </span>
     <span class='ocr_line' id='line_1_27' title="bbox 208 2595 2761 2687; baseline -0 -22"><span class='ocrx_word' id='word_1_222' title='bbox 208 2597 536 2666; x_wconf 87' lang='lat' dir='ltr'><strong>tationem</strong></span> <span class='ocrx_word' id='word_1_223' title='bbox 562 2598 709 2687; x_wconf 88' lang='lat' dir='ltr'><strong>jam</strong></span> <span class='ocrx_word' id='word_1_224' title='bbox 744 2608 890 2667; x_wconf 90' lang='lat' dir='ltr'><strong>tum</strong></span> <span class='ocrx_word' id='word_1_225' title='bbox 941 2596 1175 2666; x_wconf 89' lang='lat' dir='ltr'><strong>animo</strong></span> <span class='ocrx_word' id='word_1_226' title='bbox 1223 2595 1652 2686; x_wconf 88' lang='lat' dir='ltr'><strong>designabat,</strong></span> <span class='ocrx_word' id='word_1_227' title='bbox 1710 2607 1786 2664; x_wconf 90' lang='lat' dir='ltr'><strong>ut</strong></span> <span class='ocrx_word' id='word_1_228' title='bbox 1834 2595 1901 2664; x_wconf 91' lang='lat' dir='ltr'><strong>in</strong></span> <span class='ocrx_word' id='word_1_229' title='bbox 1951 2617 2030 2665; x_wconf 92' lang='lat' dir='ltr'><strong>eo</strong></span> <span class='ocrx_word' id='word_1_230' title='bbox 2079 2596 2258 2667; x_wconf 89' lang='lat' dir='ltr'><strong>sicut</strong></span> <span class='ocrx_word' id='word_1_231' title='bbox 2291 2601 2557 2686; x_wconf 81' lang='lat' dir='ltr'><strong>Moyses</strong></span> <span class='ocrx_word' id='word_1_232' title='bbox 2595 2595 2761 2666; x_wconf 92' lang='lat' dir='ltr'><strong>olim</strong></span> 
     </span>
     <span class='ocr_line' id='line_1_28' title="bbox 133 2683 2768 2776; baseline 0 -23"><span class='ocrx_word' id='word_1_233' title='bbox 133 2755 140 2764; x_wconf 69' lang='grc'><em>,</em></span> <span class='ocrx_word' id='word_1_234' title='bbox 210 2684 326 2753; x_wconf 90' lang='lat' dir='ltr'><strong>Dei</strong></span> <span class='ocrx_word' id='word_1_235' title='bbox 353 2683 598 2776; x_wconf 87' lang='lat' dir='ltr'><strong>legem,</strong></span> <span class='ocrx_word' id='word_1_236' title='bbox 638 2685 738 2755; x_wconf 88' lang='lat' dir='ltr'><strong>sic</strong></span> <span class='ocrx_word' id='word_1_237' title='bbox 765 2686 911 2776; x_wconf 91' lang='lat' dir='ltr'><strong>ipse</strong></span> <span class='ocrx_word' id='word_1_238' title='bbox 938 2685 1236 2776; x_wconf 90' lang='lat' dir='ltr'><strong>Spiritus</strong></span> <span class='ocrx_word' id='word_1_239' title='bbox 1270 2684 1498 2755; x_wconf 92' lang='lat' dir='ltr'><strong>Sancti</strong></span> <span class='ocrx_word' id='word_1_240' title='bbox 1526 2683 1818 2775; x_wconf 91' lang='lat' dir='ltr'><strong>gratiam</strong></span> <span class='ocrx_word' id='word_1_241' title='bbox 1847 2683 2367 2776; x_wconf 89' lang='lat' dir='ltr'><strong>adipisceretur.</strong></span> <span class='ocrx_word' id='word_1_242' title='bbox 2407 2689 2563 2755; x_wconf 90' lang='lat' dir='ltr'><strong>Post</strong></span> <span class='ocrx_word' id='word_1_243' title='bbox 2592 2706 2768 2772; x_wconf 91' lang='lat' dir='ltr'><strong>quae</strong></span> 
     </span>
     <span class='ocr_line' id='line_1_29' title="bbox 211 2771 2770 2864; baseline 0.001 -23"><span class='ocrx_word' id='word_1_244' title='bbox 211 2771 361 2841; x_wconf 91' lang='lat' dir='ltr'><strong>loca</strong></span> <span class='ocrx_word' id='word_1_245' title='bbox 390 2772 804 2863; x_wconf 89' lang='lat' dir='ltr'><strong>perlustrata</strong></span> <span class='ocrx_word' id='word_1_246' title='bbox 836 2772 1496 2864; x_wconf 85' lang='lat' dir='ltr'><strong>Constantinopolim</strong></span> <span class='ocrx_word' id='word_1_247' title='bbox 1558 2772 1933 2855; x_wconf 86' lang='lat' dir='ltr'><strong>contendit,</strong></span> <span class='ocrx_word' id='word_1_248' title='bbox 1971 2773 2094 2843; x_wconf 90' lang='lat' dir='ltr'><strong>ubi</strong></span> <span class='ocrx_word' id='word_1_249' title='bbox 2133 2796 2294 2843; x_wconf 89' lang='lat' dir='ltr'><strong>cum</strong></span> <span class='ocrx_word' id='word_1_250' title='bbox 2326 2773 2411 2843; x_wconf 91' lang='lat' dir='ltr'><strong>ad</strong></span> <span class='ocrx_word' id='word_1_251' title='bbox 2454 2772 2621 2844; x_wconf 89' lang='lat' dir='ltr'><strong>litus</strong></span> <span class='ocrx_word' id='word_1_252' title='bbox 2651 2796 2770 2864; x_wconf 91' lang='lat' dir='ltr'><strong>ap-</strong></span> 
     </span>
     <span class='ocr_line' id='line_1_30' title="bbox 211 2860 2767 2951; baseline 0.001 -23"><span class='ocrx_word' id='word_1_253' title='bbox 211 2860 575 2951; x_wconf 89' lang='lat' dir='ltr'><strong>pulissent,</strong></span> <span class='ocrx_word' id='word_1_254' title='bbox 608 2875 959 2950; x_wconf 88' lang='lat' dir='ltr'><strong>tamquam</strong></span> <span class='ocrx_word' id='word_1_255' title='bbox 989 2886 1028 2933; x_wconf 84' lang='lat' dir='ltr'><strong>a</strong></span> <span class='ocrx_word' id='word_1_256' title='bbox 1054 2861 1478 2950; x_wconf 89' lang='lat' dir='ltr'><strong>quibusdam</strong></span> <span class='ocrx_word' id='word_1_257' title='bbox 1507 2861 1914 2932; x_wconf 88' lang='lat' dir='ltr'><strong>metuendae</strong></span> <span class='ocrx_word' id='word_1_258' title='bbox 1943 2861 2235 2932; x_wconf 89' lang='lat' dir='ltr'><strong>insidiae</strong></span> <span class='ocrx_word' id='word_1_259' title='bbox 2260 2875 2489 2933; x_wconf 85' lang='lat' dir='ltr'><strong>essent</strong></span> <span class='ocrx_word' id='word_1_260' title='bbox 2514 2861 2600 2931; x_wconf 84' lang='lat' dir='ltr'><strong>ad</strong></span> <span class='ocrx_word' id='word_1_261' title='bbox 2630 2867 2767 2932; x_wconf 90' lang='lat' dir='ltr'><strong>Im-</strong></span> 
     </span>
     <span class='ocr_line' id='line_1_31' title="bbox 212 2950 2759 3043; baseline 0 -25"><span class='ocrx_word' id='word_1_262' title='bbox 212 2963 592 3040; x_wconf 88' lang='lat' dir='ltr'><strong>peratorem</strong></span> <span class='ocrx_word' id='word_1_263' title='bbox 644 2950 874 3034; x_wconf 91' lang='lat' dir='ltr'><strong>delati,</strong></span> <span class='ocrx_word' id='word_1_264' title='bbox 929 2952 1080 3043; x_wconf 90' lang='lat' dir='ltr'><strong>ejus</strong></span> <span class='ocrx_word' id='word_1_265' title='bbox 1117 2952 1325 3040; x_wconf 89' lang='lat' dir='ltr'><strong>jussu</strong></span> <span class='ocrx_word' id='word_1_266' title='bbox 1355 2951 1711 3021; x_wconf 86' lang='lat' dir='ltr'><strong>custodiae</strong></span> <span class='ocrx_word' id='word_1_267' title='bbox 1743 2951 2120 3041; x_wconf 86' lang='lat' dir='ltr'><strong>mancipati</strong></span> <span class='ocrx_word' id='word_1_268' title='bbox 2159 2964 2346 3033; x_wconf 91' lang='lat' dir='ltr'><strong>sunt,</strong></span> <span class='ocrx_word' id='word_1_269' title='bbox 2382 2961 2759 3039; x_wconf 88' lang='lat' dir='ltr'><strong>antequam</strong></span> 
     </span>
     <span class='ocr_line' id='line_1_32' title="bbox 212 3038 2765 3130; baseline 0 -22"><span class='ocrx_word' id='word_1_270' title='bbox 212 3038 331 3125; x_wconf 91' lang='lat' dir='ltr'><strong>qui</strong></span> <span class='ocrx_word' id='word_1_271' title='bbox 362 3053 592 3109; x_wconf 91' lang='lat' dir='ltr'><strong>essent</strong></span> <span class='ocrx_word' id='word_1_272' title='bbox 636 3042 851 3128; x_wconf 91' lang='lat' dir='ltr'><strong>etqui</strong></span> <span class='ocrx_word' id='word_1_273' title='bbox 888 3041 1257 3121; x_wconf 87' lang='lat' dir='ltr'><strong>venissent,</strong></span> <span class='ocrx_word' id='word_1_274' title='bbox 1298 3039 1572 3109; x_wconf 88' lang='lat' dir='ltr'><strong>edoceri</strong></span> <span class='ocrx_word' id='word_1_275' title='bbox 1620 3061 1695 3109; x_wconf 91' lang='lat' dir='ltr'><strong>se</strong></span> <span class='ocrx_word' id='word_1_276' title='bbox 1739 3053 1917 3110; x_wconf 89' lang='lat' dir='ltr'><strong>esset</strong></span> <span class='ocrx_word' id='word_1_277' title='bbox 1951 3061 2225 3130; x_wconf 79' lang='lat' dir='ltr'><strong>passuS,</strong></span> <span class='ocrx_word' id='word_1_278' title='bbox 2264 3060 2562 3127; x_wconf 89' lang='lat' dir='ltr'><strong>quorum</strong></span> <span class='ocrx_word' id='word_1_279' title='bbox 2599 3061 2765 3109; x_wconf 90' lang='lat' dir='ltr'><strong>cum</strong></span> 
     </span>
     <span class='ocr_line' id='line_1_33' title="bbox 214 3126 2771 3201; baseline 0 -6"><span class='ocrx_word' id='word_1_280' title='bbox 214 3127 463 3197; x_wconf 91' lang='lat' dir='ltr'><strong>deinde</strong></span> <span class='ocrx_word' id='word_1_281' title='bbox 511 3129 978 3200; x_wconf 88' lang='lat' dir='ltr'><strong>innocentiam</strong></span> <span class='ocrx_word' id='word_1_282' title='bbox 1030 3127 1485 3200; x_wconf 86' lang='lat' dir='ltr'><strong>referentibus</strong></span> <span class='ocrx_word' id='word_1_283' title='bbox 1533 3129 1601 3197; x_wconf 92' lang='lat' dir='ltr'><strong>in</strong></span> <span class='ocrx_word' id='word_1_284' title='bbox 1639 3149 1719 3198; x_wconf 90' lang='lat' dir='ltr'><strong>ea</strong></span> <span class='ocrx_word' id='word_1_285' title='bbox 1765 3128 1939 3198; x_wconf 90' lang='lat' dir='ltr'><strong>urbe</strong></span> <span class='ocrx_word' id='word_1_286' title='bbox 1986 3128 2102 3197; x_wconf 91' lang='lat' dir='ltr'><strong>Dei</strong></span> <span class='ocrx_word' id='word_1_287' title='bbox 2153 3128 2539 3201; x_wconf 86' lang='lat' dir='ltr'><strong>cultoribus</strong></span> <span class='ocrx_word' id='word_1_288' title='bbox 2582 3126 2771 3197; x_wconf 90' lang='lat' dir='ltr'><strong>didi-</strong></span> 
     </span>
     <span class='ocr_line' id='line_1_34' title="bbox 214 3215 2771 3307; baseline -0.001 -21"><span class='ocrx_word' id='word_1_289' title='bbox 214 3216 440 3297; x_wconf 88' lang='lat' dir='ltr'><strong>cisset,</strong></span> <span class='ocrx_word' id='word_1_290' title='bbox 486 3239 617 3287; x_wconf 95' lang='lat' dir='ltr'><strong>non</strong></span> <span class='ocrx_word' id='word_1_291' title='bbox 672 3218 897 3289; x_wconf 90' lang='lat' dir='ltr'><strong>solum</strong></span> <span class='ocrx_word' id='word_1_292' title='bbox 951 3217 1228 3299; x_wconf 90' lang='lat' dir='ltr'><strong>liberos,</strong></span> <span class='ocrx_word' id='word_1_293' title='bbox 1282 3216 1399 3287; x_wconf 87' lang='lat' dir='ltr'><strong>sed</strong></span> <span class='ocrx_word' id='word_1_294' title='bbox 1455 3217 1862 3287; x_wconf 91' lang='lat' dir='ltr'><strong>muneribus</strong></span> <span class='ocrx_word' id='word_1_295' title='bbox 1908 3238 1989 3286; x_wconf 87' lang='lat' dir='ltr'><strong>ex</strong></span> <span class='ocrx_word' id='word_1_296' title='bbox 2038 3215 2204 3287; x_wconf 84' lang='lat' dir='ltr'><strong>fisco</strong></span> <span class='ocrx_word' id='word_1_297' title='bbox 2253 3216 2541 3307; x_wconf 91' lang='lat' dir='ltr'><strong>insuper</strong></span> <span class='ocrx_word' id='word_1_298' title='bbox 2567 3216 2771 3287; x_wconf 81' lang='lat' dir='ltr'><strong>vesti-</strong></span> 
     </span>
     <span class='ocr_line' id='line_1_35' title="bbox 214 3304 2770 3393; baseline -0.001 -17"><span class='ocrx_word' id='word_1_299' title='bbox 214 3307 485 3393; x_wconf 90' lang='lat' dir='ltr'><strong>busque</strong></span> <span class='ocrx_word' id='word_1_300' title='bbox 552 3304 893 3387; x_wconf 80' lang='lat' dir='ltr'><strong>donatoS‚</strong></span> <span class='ocrx_word' id='word_1_301' title='bbox 961 3327 1200 3377; x_wconf 91' lang='lat' dir='ltr'><strong>eorum</strong></span> <span class='ocrx_word' id='word_1_302' title='bbox 1272 3319 1523 3376; x_wconf 90' lang='lat' dir='ltr'><strong>sortem</strong></span> <span class='ocrx_word' id='word_1_303' title='bbox 1593 3306 1963 3376; x_wconf 89' lang='lat' dir='ltr'><strong>miseratus</strong></span> <span class='ocrx_word' id='word_1_304' title='bbox 2028 3305 2317 3375; x_wconf 90' lang='lat' dir='ltr'><strong>dimisit.</strong></span> <span class='ocrx_word' id='word_1_305' title='bbox 2382 3310 2770 3376; x_wconf 89' lang='lat' dir='ltr'><strong>Conscensa</strong></span> 
     </span>
     <span class='ocr_line' id='line_1_36' title="bbox 215 3393 2795 3485; baseline -0 -22"><span class='ocrx_word' id='word_1_306' title='bbox 215 3394 432 3485; x_wconf 88' lang='lat' dir='ltr'><strong>igitur</strong></span> <span class='ocrx_word' id='word_1_307' title='bbox 479 3415 724 3466; x_wconf 86' lang='lat' dir='ltr'><strong>rursus</strong></span> <span class='ocrx_word' id='word_1_308' title='bbox 774 3394 980 3477; x_wconf 87' lang='lat' dir='ltr'><strong>navi,</strong></span> <span class='ocrx_word' id='word_1_309' title='bbox 1042 3415 1202 3465; x_wconf 90' lang='lat' dir='ltr'><strong>cum</strong></span> <span class='ocrx_word' id='word_1_310' title='bbox 1264 3394 1420 3464; x_wconf 88' lang='lat' dir='ltr'><strong>laeti</strong></span> <span class='ocrx_word' id='word_1_311' title='bbox 1484 3395 1554 3464; x_wconf 93' lang='lat' dir='ltr'><strong>in</strong></span> <span class='ocrx_word' id='word_1_312' title='bbox 1618 3417 1817 3465; x_wconf 89' lang='lat' dir='ltr'><strong>suam</strong></span> <span class='ocrx_word' id='word_1_313' title='bbox 1859 3394 2120 3485; x_wconf 90' lang='lat' dir='ltr'><strong>quippe</strong></span> <span class='ocrx_word' id='word_1_314' title='bbox 2169 3394 2463 3484; x_wconf 89' lang='lat' dir='ltr'><strong>patriam</strong></span> <span class='ocrx_word' id='word_1_315' title='bbox 2515 3393 2795 3465; x_wconf 82' lang='lat' dir='ltr'><strong>reversi-</strong></span> 
     </span>
     <span class='ocr_line' id='line_1_37' title="bbox 217 3482 2771 3575; baseline 0 -23"><span class='ocrx_word' id='word_1_316' title='bbox 217 3495 468 3566; x_wconf 89' lang='lat' dir='ltr'><strong>essent,</strong></span> <span class='ocrx_word' id='word_1_317' title='bbox 520 3484 724 3553; x_wconf 85' lang='lat' dir='ltr'><strong>etiam</strong></span> <span class='ocrx_word' id='word_1_318' title='bbox 756 3488 993 3554; x_wconf 88' lang='lat' dir='ltr'><strong>Petrus</strong></span> <span class='ocrx_word' id='word_1_319' title='bbox 1033 3483 1415 3575; x_wconf 90' lang='lat' dir='ltr'><strong>Episcopus</strong></span> <span class='ocrx_word' id='word_1_320' title='bbox 1448 3506 1614 3554; x_wconf 91' lang='lat' dir='ltr'><strong>suae</strong></span> <span class='ocrx_word' id='word_1_321' title='bbox 1654 3483 1802 3556; x_wconf 89' lang='lat' dir='ltr'><strong>sedi</strong></span> <span class='ocrx_word' id='word_1_322' title='bbox 1838 3495 1939 3554; x_wconf 91' lang='lat' dir='ltr'><strong>est</strong></span> <span class='ocrx_word' id='word_1_323' title='bbox 1979 3483 2360 3567; x_wconf 81' lang='lat' dir='ltr'><strong>restitutuS,</strong></span> <span class='ocrx_word' id='word_1_324' title='bbox 2398 3483 2512 3554; x_wconf 90' lang='lat' dir='ltr'><strong>cui</strong></span> <span class='ocrx_word' id='word_1_325' title='bbox 2552 3482 2771 3553; x_wconf 91' lang='lat' dir='ltr'><strong>multo</strong></span> 
     </span>
     <span class='ocr_line' id='line_1_38' title="bbox 215 3571 1079 3664; baseline 0.001 -23"><span class='ocrx_word' id='word_1_326' title='bbox 215 3585 367 3663; x_wconf 90' lang='lat' dir='ltr'><strong>post</strong></span> <span class='ocrx_word' id='word_1_327' title='bbox 415 3586 720 3662; x_wconf 90' lang='lat' dir='ltr'><strong>tempore</strong></span> <span class='ocrx_word' id='word_1_328' title='bbox 762 3571 1079 3664; x_wconf 84' lang='lat' dir='ltr'><strong>praefuit.</strong></span> 
     </span>
    </p>

    <p class='ocr_par' dir='ltr' id='par_1_6' title="bbox 212 3659 2776 4196">
     <span class='ocr_line' id='line_1_39' title="bbox 307 3659 2773 3750; baseline -0 -17"><span class='ocrx_word' id='word_1_329' title='bbox 307 3663 343 3749; x_wconf 66' lang='grc' dir='ltr'>ἓ</span> <span class='ocrx_word' id='word_1_330' title='bbox 391 3666 469 3733; x_wconf 69' lang='lat'><strong>⁸2.</strong></span> <span class='ocrx_word' id='word_1_331' title='bbox 525 3665 876 3732; x_wconf 89' lang='lat' dir='ltr'><strong>Caeterum</strong></span> <span class='ocrx_word' id='word_1_332' title='bbox 910 3662 1260 3733; x_wconf 92' lang='lat' dir='ltr'><strong>Bononius</strong></span> <span class='ocrx_word' id='word_1_333' title='bbox 1286 3661 1413 3730; x_wconf 86' lang='lat' dir='ltr'><strong>Dei.</strong></span> <span class='ocrx_word' id='word_1_334' title='bbox 1443 3684 1685 3732; x_wconf 82' lang='lat' dir='ltr'><strong>servus</strong></span> <span class='ocrx_word' id='word_1_335' title='bbox 1717 3659 1803 3729; x_wconf 91' lang='lat' dir='ltr'><strong>ad</strong></span> <span class='ocrx_word' id='word_1_336' title='bbox 1851 3672 2154 3731; x_wconf 91' lang='lat' dir='ltr'><strong>montem</strong></span> <span class='ocrx_word' id='word_1_337' title='bbox 2191 3660 2381 3731; x_wconf 89' lang='lat' dir='ltr'><strong>Sinai</strong></span> <span class='ocrx_word' id='word_1_338' title='bbox 2418 3682 2773 3750; x_wconf 90' lang='lat' dir='ltr'><strong>regressus</strong></span> 
     </span>
     <span class='ocr_line' id='line_1_40' title="bbox 212 3749 2771 3852; baseline 0 -33"><span class='ocrx_word' id='word_1_339' title='bbox 212 3772 372 3820; x_wconf 82' lang='lat' dir='ltr'><strong>curn</strong></span> <span class='ocrx_word' id='word_1_340' title='bbox 413 3761 629 3820; x_wconf 90' lang='lat' dir='ltr'><strong>totum</strong></span> <span class='ocrx_word' id='word_1_341' title='bbox 668 3750 812 3820; x_wconf 88' lang='lat' dir='ltr'><strong>illic</strong></span> <span class='ocrx_word' id='word_1_342' title='bbox 844 3751 1121 3821; x_wconf 83' lang='lat' dir='ltr'><strong>divinae</strong></span> <span class='ocrx_word' id='word_1_343' title='bbox 1161 3772 1233 3821; x_wconf 87' lang='lat' dir='ltr'><strong>se</strong></span> <span class='ocrx_word' id='word_1_344' title='bbox 1275 3749 1413 3852; x_wconf 79' lang='lat' dir='ltr'><strong>legi</strong></span> <span class='ocrx_word' id='word_1_345' title='bbox 1448 3751 1938 3840; x_wconf 90' lang='lat' dir='ltr'><strong>mancipasset,</strong></span> <span class='ocrx_word' id='word_1_346' title='bbox 1988 3765 2398 3841; x_wconf 82' lang='lat' dir='ltr'><strong>magnarum</strong></span> <span class='ocrx_word' id='word_1_347' title='bbox 2435 3750 2771 3819; x_wconf 88' lang='lat' dir='ltr'><strong>virtutum</strong></span> 
     </span>
     <span class='ocr_line' id='line_1_41' title="bbox 214 3838 2774 3930; baseline -0.001 -22"><span class='ocrx_word' id='word_1_348' title='bbox 214 3838 269 3908; x_wconf 90' lang='lat' dir='ltr'><strong>si</strong></span> <span class='ocrx_word' id='word_1_349' title='bbox 329 3838 437 3908; x_wconf 92' lang='lat' dir='ltr'><strong>nis</strong></span> <span class='ocrx_word' id='word_1_350' title='bbox 501 3838 594 3909; x_wconf 91' lang='lat' dir='ltr'><strong>ita</strong></span> <span class='ocrx_word' id='word_1_351' title='bbox 643 3839 1019 3923; x_wconf 89' lang='lat' dir='ltr'><strong>inclaruit,</strong></span> <span class='ocrx_word' id='word_1_352' title='bbox 1072 3851 1150 3910; x_wconf 90' lang='lat' dir='ltr'><strong>ut</strong></span> <span class='ocrx_word' id='word_1_353' title='bbox 1196 3840 1593 3930; x_wconf 88' lang='lat' dir='ltr'><strong>gratissimo</strong></span> <span class='ocrx_word' id='word_1_354' title='bbox 1662 3839 2143 3909; x_wconf 88' lang='lat' dir='ltr'><strong>sanctissimae</strong></span> <span class='ocrx_word' id='word_1_355' title='bbox 2206 3860 2373 3909; x_wconf 88' lang='lat' dir='ltr'><strong>suae</strong></span> <span class='ocrx_word' id='word_1_356' title='bbox 2420 3838 2774 3930; x_wconf 86' lang='lat' dir='ltr'><strong>opinionis</strong></span> 
     </span>
     <span class='ocr_line' id='line_1_42' title="bbox 217 3927 2776 4018; baseline 0 -22"><span class='ocrx_word' id='word_1_357' title='bbox 217 3947 257 3996; x_wconf 93' lang='lat' dir='ltr'><strong>o</strong></span> <span class='ocrx_word' id='word_1_358' title='bbox 309 3949 423 3997; x_wconf 90' lang='lat' dir='ltr'><strong>ore</strong></span> <span class='ocrx_word' id='word_1_359' title='bbox 469 3927 971 4018; x_wconf 85' lang='lat' dir='ltr'><strong>Jerosolymam</strong></span> <span class='ocrx_word' id='word_1_360' title='bbox 1022 3941 1089 3999; x_wconf 91' lang='lat' dir='ltr'><strong>et</strong></span> <span class='ocrx_word' id='word_1_361' title='bbox 1133 3929 1361 3999; x_wconf 88' lang='lat' dir='ltr'><strong>vicina</strong></span> <span class='ocrx_word' id='word_1_362' title='bbox 1409 3927 1555 3999; x_wconf 88' lang='lat' dir='ltr'><strong>loca</strong></span> <span class='ocrx_word' id='word_1_363' title='bbox 1605 3927 1920 4018; x_wconf 90' lang='lat' dir='ltr'><strong>repleret.</strong></span> <span class='ocrx_word' id='word_1_364' title='bbox 1960 3932 2129 3997; x_wconf 92' lang='lat' dir='ltr'><strong>Cum</strong></span> <span class='ocrx_word' id='word_1_365' title='bbox 2179 3950 2316 3998; x_wconf 88' lang='lat' dir='ltr'><strong>non</strong></span> <span class='ocrx_word' id='word_1_366' title='bbox 2370 3928 2590 3997; x_wconf 89' lang='lat' dir='ltr'><strong>multo</strong></span> <span class='ocrx_word' id='word_1_367' title='bbox 2625 3939 2776 4017; x_wconf 92' lang='lat' dir='ltr'><strong>post</strong></span> 
     </span>
     <span class='ocr_line' id='line_1_43' title="bbox 216 4015 2770 4176; baseline 0.001 -94"><span class='ocrx_word' id='word_1_368' title='bbox 216 4028 437 4086; x_wconf 91' lang='lat' dir='ltr'><strong>autem</strong></span> <span class='ocrx_word' id='word_1_369' title='bbox 473 4017 914 4087; x_wconf 89' lang='lat' dir='ltr'><strong>Lucediensis</strong></span> <span class='ocrx_word' id='word_1_370' title='bbox 944 4017 1341 4088; x_wconf 84' lang='lat' dir='ltr'><strong>monasterii</strong></span> <span class='ocrx_word' id='word_1_371' title='bbox 1366 4017 1494 4176; x_wconf 44' lang='lat' dir='ltr'><strong>Seli),</strong></span> <span class='ocrx_word' id='word_1_372' title='bbox 1532 4017 1719 4105; x_wconf 93' lang='lat' dir='ltr'><strong>quod</strong></span> <span class='ocrx_word' id='word_1_373' title='bbox 1749 4028 1851 4088; x_wconf 92' lang='lat' dir='ltr'><strong>est</strong></span> <span class='ocrx_word' id='word_1_374' title='bbox 1893 4017 1964 4085; x_wconf 92' lang='lat' dir='ltr'><strong>in</strong></span> <span class='ocrx_word' id='word_1_375' title='bbox 2000 4015 2298 4088; x_wconf 88' lang='lat' dir='ltr'><strong>dioecesi</strong></span> <span class='ocrx_word' id='word_1_376' title='bbox 2328 4015 2770 4097; x_wconf 76' lang='lat' dir='ltr'><strong>vercellensi,</strong></span> 
     </span>
     <span class='ocr_line' id='line_1_44' title="bbox 217 4104 2775 4196; baseline 0 -23"><span class='ocrx_word' id='word_1_377' title='bbox 217 4105 437 4175; x_wconf 84' lang='lat' dir='ltr'><strong>Abbas</strong></span> <span class='ocrx_word' id='word_1_378' title='bbox 483 4106 810 4190; x_wconf 89' lang='lat' dir='ltr'><strong>obiisset,</strong></span> <span class='ocrx_word' id='word_1_379' title='bbox 863 4106 986 4196; x_wconf 91' lang='lat' dir='ltr'><strong>qui</strong></span> <span class='ocrx_word' id='word_1_380' title='bbox 1036 4129 1249 4196; x_wconf 91' lang='lat' dir='ltr'><strong>supra</strong></span> <span class='ocrx_word' id='word_1_381' title='bbox 1297 4128 1386 4176; x_wconf 93' lang='lat' dir='ltr'><strong>no</strong></span> <span class='ocrx_word' id='word_1_382' title='bbox 1442 4129 1499 4176; x_wconf 80' lang='lat' dir='ltr'><strong>is</strong></span> <span class='ocrx_word' id='word_1_383' title='bbox 1563 4118 1984 4180; x_wconf 87' lang='lat' dir='ltr'><strong>memoratus</strong></span> <span class='ocrx_word' id='word_1_384' title='bbox 2031 4117 2174 4188; x_wconf 85' lang='lat' dir='ltr'><strong>est,</strong></span> <span class='ocrx_word' id='word_1_385' title='bbox 2236 4104 2775 4177; x_wconf 78' lang='lat' dir='ltr'><strong>vercellensium</strong></span> 
     </span>
    </p>
   </div>
   <div class='ocr_carea' id='block_1_3' title="bbox 217 4246 2779 4463">
    <p class='ocr_par' dir='ltr' id='par_1_7' title="bbox 217 4246 2779 4463">
     <span class='ocr_line' id='line_1_45' title="bbox 270 4246 2779 4300; baseline -0.002 -6"><span class='ocrx_word' id='word_1_386' title='bbox 270 4246 334 4300; x_wconf 80' lang='grc' dir='ltr'><strong>(ο)</strong></span> <span class='ocrx_word' id='word_1_387' title='bbox 361 4251 510 4300; x_wconf 84' lang='lat' dir='ltr'><strong>Prope</strong></span> <span class='ocrx_word' id='word_1_388' title='bbox 539 4251 893 4292; x_wconf 72' lang='lat' dir='ltr'><strong>crescentinum</strong></span> <span class='ocrx_word' id='word_1_389' title='bbox 922 4249 1120 4290; x_wconf 76' lang='lat' dir='ltr'><strong>vercell.</strong></span> <span class='ocrx_word' id='word_1_390' title='bbox 1153 4246 1392 4291; x_wconf 71' lang='lat' dir='ltr'><strong>Dioecesis</strong></span> <span class='ocrx_word' id='word_1_391' title='bbox 1421 4250 1699 4300; x_wconf 79' lang='lat' dir='ltr'><strong>oppidulum</strong></span> <span class='ocrx_word' id='word_1_392' title='bbox 1726 4247 1819 4290; x_wconf 78' lang='lat' dir='ltr'><strong>mit</strong></span> <span class='ocrx_word' id='word_1_393' title='bbox 1836 4246 2035 4292; x_wconf 64' lang='lat' dir='ltr'><strong>Abbati·</strong></span> <span class='ocrx_word' id='word_1_394' title='bbox 2054 4250 2099 4291; x_wconf 83' lang='grc'><strong>8.</strong></span> <span class='ocrx_word' id='word_1_395' title='bbox 2115 4247 2376 4297; x_wconf 67' lang='lat' dir='ltr'><strong>Michaelis.</strong></span> <span class='ocrx_word' id='word_1_396' title='bbox 2396 4260 2524 4290; x_wconf 84' lang='lat' dir='ltr'><strong>nunc</strong></span> <span class='ocrx_word' id='word_1_397' title='bbox 2545 4249 2590 4289; x_wconf 81' lang='lat' dir='ltr'><strong>S.</strong></span> <span class='ocrx_word' id='word_1_398' title='bbox 2607 4249 2779 4289; x_wconf 61' lang='lat' dir='ltr'><strong>smut-</strong></span> 
     </span>
     <span class='ocr_line' id='line_1_46' title="bbox 217 4300 2778 4354; baseline 0.001 -13"><span class='ocrx_word' id='word_1_399' title='bbox 217 4301 289 4346; x_wconf 77' lang='lat' dir='ltr'><strong>rfl,</strong></span> <span class='ocrx_word' id='word_1_400' title='bbox 317 4303 373 4342; x_wconf 86' lang='lat' dir='ltr'><strong>de</strong></span> <span class='ocrx_word' id='word_1_401' title='bbox 402 4305 585 4344; x_wconf 67' lang='lat' dir='ltr'><strong>Lucedio</strong></span> <span class='ocrx_word' id='word_1_402' title='bbox 612 4305 740 4345; x_wconf 66' lang='lat' dir='ltr'><strong>dicta</strong></span> <span class='ocrx_word' id='word_1_403' title='bbox 765 4302 852 4354; x_wconf 69' lang='lat' dir='ltr'><strong>(nit</strong></span> <span class='ocrx_word' id='word_1_404' title='bbox 871 4304 1036 4344; x_wconf 67' lang='lat' dir='ltr'><strong>runo.</strong></span> <span class='ocrx_word' id='word_1_405' title='bbox 1055 4304 1114 4345; x_wconf 66' lang='lat' dir='ltr'><strong>ab</strong></span> <span class='ocrx_word' id='word_1_406' title='bbox 1131 4302 1361 4354; x_wconf 66' lang='lat' dir='ltr'><strong>Ecclesia)</strong></span> <span class='ocrx_word' id='word_1_407' title='bbox 1383 4313 1411 4342; x_wconf 71' lang='grc' dir='ltr'>ι</span> <span class='ocrx_word' id='word_1_408' title='bbox 1430 4303 1678 4351; x_wconf 64' lang='lat' dir='ltr'><strong>repentina</strong></span> <span class='ocrx_word' id='word_1_409' title='bbox 1697 4301 1801 4344; x_wconf 83' lang='lat' dir='ltr'><strong>luce</strong></span> <span class='ocrx_word' id='word_1_410' title='bbox 1821 4300 1870 4344; x_wconf 89' lang='lat' dir='ltr'><strong>in</strong></span> <span class='ocrx_word' id='word_1_411' title='bbox 1891 4304 2014 4343; x_wconf 66' lang='lat' dir='ltr'><strong>silva</strong></span> <span class='ocrx_word' id='word_1_412' title='bbox 2036 4302 2239 4345; x_wconf 65' lang='lat' dir='ltr'><strong>finitima</strong></span> <span class='ocrx_word' id='word_1_413' title='bbox 2259 4305 2525 4353; x_wconf 65' lang='lat' dir='ltr'><strong>conspecta.</strong></span> <span class='ocrx_word' id='word_1_414' title='bbox 2542 4303 2611 4342; x_wconf 77' lang='lat' dir='ltr'><strong>Ex</strong></span> <span class='ocrx_word' id='word_1_415' title='bbox 2630 4302 2778 4343; x_wconf 65' lang='lat' dir='ltr'><strong>Abba·</strong></span> 
     </span>
     <span class='ocr_line' id='line_1_47' title="bbox 218 4355 2778 4409; baseline 0.001 -15"><span class='ocrx_word' id='word_1_416' title='bbox 218 4355 286 4395; x_wconf 70' lang='lat' dir='ltr'><strong>tia</strong></span> <span class='ocrx_word' id='word_1_417' title='bbox 311 4359 442 4399; x_wconf 71' lang='lat' dir='ltr'><strong>ortus</strong></span> <span class='ocrx_word' id='word_1_418' title='bbox 473 4368 621 4409; x_wconf 65' lang='lat' dir='ltr'><strong>pagus</strong></span> <span class='ocrx_word' id='word_1_419' title='bbox 649 4360 723 4401; x_wconf 76' lang='lat' dir='ltr'><strong>est</strong></span> <span class='ocrx_word' id='word_1_420' title='bbox 753 4359 805 4399; x_wconf 81' lang='grc'><strong>8.-</strong></span> <span class='ocrx_word' id='word_1_421' title='bbox 826 4358 1057 4405; x_wconf 63' lang='lat' dir='ltr'><strong>«Ianuarii,</strong></span> <span class='ocrx_word' id='word_1_422' title='bbox 1084 4358 1174 4400; x_wconf 80' lang='lat' dir='ltr'><strong>hoo</strong></span> <span class='ocrx_word' id='word_1_423' title='bbox 1191 4359 1383 4399; x_wconf 75' lang='lat' dir='ltr'><strong>nomine</strong></span> <span class='ocrx_word' id='word_1_424' title='bbox 1405 4357 1607 4398; x_wconf 68' lang='lat' dir='ltr'><strong>donatus</strong></span> <span class='ocrx_word' id='word_1_425' title='bbox 1630 4367 1659 4396; x_wconf 70' lang='grc' dir='ltr'><strong>ι</strong></span> <span class='ocrx_word' id='word_1_426' title='bbox 1677 4367 1875 4406; x_wconf 81' lang='lat' dir='ltr'><strong>corpore</strong></span> <span class='ocrx_word' id='word_1_427' title='bbox 1894 4358 2145 4407; x_wconf 65' lang='lat' dir='ltr'><strong>cujusdam</strong></span> <span class='ocrx_word' id='word_1_428' title='bbox 2163 4358 2324 4398; x_wconf 70' lang='lat' dir='ltr'><strong>Sancti</strong></span> <span class='ocrx_word' id='word_1_429' title='bbox 2342 4355 2488 4398; x_wconf 67' lang='lat' dir='ltr'><strong>Rom</strong></span> <span class='ocrx_word' id='word_1_430' title='bbox 2506 4358 2600 4397; x_wconf 80' lang='lat' dir='ltr'><strong>huo</strong></span> <span class='ocrx_word' id='word_1_431' title='bbox 2619 4356 2778 4396; x_wconf 63' lang='lat' dir='ltr'><strong>deluto</strong></span> 
     </span>
     <span class='ocr_line' id='line_1_48' title="bbox 217 4410 1034 4463; baseline 0.004 -14"><span class='ocrx_word' id='word_1_432' title='bbox 217 4418 245 4449; x_wconf 68' lang='lat' dir='ltr'><strong>a</strong></span> <span class='ocrx_word' id='word_1_433' title='bbox 267 4411 470 4459; x_wconf 65' lang='lat' dir='ltr'><strong>quod-m</strong></span> <span class='ocrx_word' id='word_1_434' title='bbox 489 4413 668 4463; x_wconf 72' lang='lat' dir='ltr'><strong>Nepote</strong></span> <span class='ocrx_word' id='word_1_435' title='bbox 688 4411 845 4454; x_wconf 67' lang='lat' dir='ltr'><strong>Caroli</strong></span> <span class='ocrx_word' id='word_1_436' title='bbox 863 4410 1034 4463; x_wconf 72' lang='lat' dir='ltr'><strong>Magni.</strong></span> 
     </span>
    </p>
   </div>
  </div>
 </body>
</html>
