3308 5004
670 349 797 415 ⁴78
1329 367 1407 414 nn:
1454 362 1509 411 s.
1565 364 1870 416 OSWALDO
1917 365 2190 416 amoma.
2245 366 2408 415 ason
2852 349 3036 415 AUG.
3087 352 3127 415 5

674 455 903 541 §15
954 456 1103 524 Non
1164 450 1382 522 multo
1449 462 1600 541 post
1670 450 2210 522 interfectionem
2278 452 2431 542 ejus
2491 462 2726 523 exacto
2775 465 2904 523 tem
3006 475 3120 535 re,

582 540 869 632 contigit
917 552 991 610 ut
1036 539 1325 628 quidam
1373 561 1550 627 equo
1600 539 1872 623 sedens,
1925 540 2054 611 iter
2094 541 2295 628 juxta
2342 541 2571 611 locum
2622 553 2850 632 ageret
2898 473 3096 611 iffim

580 630 798 718 Cujus
841 651 1061 717 equus
1101 629 1330 700 subito
1371 628 1766 710 lassescere,
1821 630 2218 710 consistere,
2267 641 2478 720 caput
2516 630 2584 699 in
2623 644 2870 700 terram
2914 629 3163 700 decli»

579 741 771 800 nare,
822 740 1110 808 spumas
1155 737 1238 788 ex
1282 738 1400 788 ore
1447 718 1830 803 dimittere,
1872 730 1937 788 et
1997 732 2408 808 augescente
2454 717 2692 790 dolore
2742 719 2954 791 nimio
2983 772 2998 801 ‚
3057 720 3124 788 in

581 822 830 884 terram
880 807 1104 898 coepit
1149 828 1370 878 ruere.
1426 805 1733 877 Desilivit
1761 828 1995 895 eques,
2033 820 2099 878 et
2130 807 2461 880 stramine
2499 810 2869 890 substrato,
2906 809 3134 899 coepit

578 919 660 969 ex
790 907 933 967 tare
979 896 1248 977 horam,
1300 917 1439 983 qua
1484 907 1605 965 aut
1653 895 2091 966 melioratum
2141 897 2473 986 reciperet
2512 896 2911 984 jumentum
2944 951 2960 978 ,
3012 910 3132 966 aut

581 918 997 1073 reffiueret
1051 998 1430 1055 mortuum.
1485 990 1563 1054 At
1609 985 1840 1076 ipsum
1896 984 2020 1056 diu
2067 986 2261 1076 gravi
2295 984 2529 1056 dolore
2580 998 2916 1066 vexatum,
2969 1008 3127 1055 cum

577 1076 884 1150 diversas
932 1074 1000 1143 in
1043 1086 1267 1163 partes
1296 1095 1372 1144 se
1403 1084 1772 1159 torqueret,
1827 1087 2106 1165 repente
2136 1074 2511 1145 volutando
2541 1074 2816 1145 devenit
2849 1075 2914 1143 in
2954 1074 3129 1143 illud

582 1164 737 1244 loci,
793 1163 918 1234 ubi
966 1168 1105 1232 Rex
1152 1161 1623 1231 memorabilis
1681 1162 2029 1233 occubuit.
2088 1168 2220 1233 Nec
2270 1185 2463 1233 mora
2492 1218 2508 1245 ‚
2558 1165 2953 1251 quiescente
3008 1163 3132 1233 do-

580 1253 769 1333 lore,
835 1251 1149 1322 cessabat
1216 1250 1304 1321 ab
1372 1250 1642 1322 insanis
1709 1250 2179 1321 membrorum
2245 1252 2598 1335 motibuS,
2677 1265 2744 1323 et
2803 1268 3134 1323 consueto

582 1362 921 1429 equorum
946 1360 1158 1421 more,
1195 1338 1397 1427 quasi
1422 1351 1575 1431 post
1610 1338 2085 1409 lassitudinem
2119 1340 2189 1408 in
2224 1339 2574 1411 diversum
2612 1342 2792 1413 latus
2822 1340 3128 1411 vicissim

483 1463 487 1466 ·
585 1453 733 1502 sese
772 1428 1125 1499 volvebat:
1178 1429 1546 1517 statimque
1594 1449 1938 1518 exurgens
1974 1430 2177 1515 quasi
2215 1451 2429 1502 sanus
2466 1452 2585 1520 per
2616 1430 2853 1500 omnia
2890 1430 3128 1510 vireta,

582 1519 836 1590 herbas
858 1516 1131 1588 avidius
1156 1539 1436 1607 carpere
1473 1518 1721 1608 coepit.
1750 1523 1897 1601 Quo
1933 1517 2049 1587 ille
2084 1518 2249 1600 viso,
2283 1531 2364 1588 ut
2400 1519 2505 1589 vir
2536 1518 2806 1611 sagacis
2840 1519 3130 1609 ingenii,

582 1606 915 1677 intellexit
952 1605 1217 1693 aliquid
1270 1606 1485 1680 mirae
1536 1607 1921 1678 sanctitatis
1979 1606 2143 1678 huic
2179 1607 2349 1689 loco,
2403 1629 2544 1696 quo
2588 1628 2811 1696 equus
2859 1625 2962 1677 est
3006 1631 3134 1677 cu-

583 1709 797 1776 ratus,
846 1695 1094 1766 inesse.
1140 1700 1215 1766 Et
1250 1695 1469 1785 posito
1500 1695 1597 1764 ibi
1629 1696 1853 1785 signo,
1891 1713 2028 1765 non
2064 1695 2282 1766 multo
2320 1708 2472 1786 post
2507 1695 3129 1784 ascenditequum,

582 1798 787 1873 atque
827 1783 1230 1874 hospitium,
1268 1806 1405 1872 quo
1456 1796 1932 1875 proposuerat,
1985 1784 2300 1855 accessit.
2354 1789 2502 1868 Quo
2549 1783 2716 1854 dum
2751 1785 3130 1865 adveniret,

583 1872 844 1944 invenit
893 1871 1194 1963 puellam
1232 1873 1328 1943 ibi
1384 1884 1653 1964 neptem
1699 1871 2217 1963 patrisfamilias
2253 1873 2457 1964 longo
2506 1873 2847 1964 paralysis
2896 1875 3140 1944 morbo

632 1974 957 2032 ravatam.
1012 1967 1089 2031 Et
1134 1983 1293 2031 cum
1343 1960 1721 2032 familiares
1767 1962 2019 2033 domus
2072 1960 2266 2032 illius
2306 1962 2392 2033 de
2424 1962 2672 2033 acerba
2712 1963 2985 2053 puellae
3035 1964 3133 2032 in·

582 1987 908 2122 firmitate
954 2050 1106 2141 ipso
1157 2063 1512 2141 praesente
1558 2063 2077 2138 quaererentur,
2121 2050 2347 2142 coepit
2384 2051 2613 2122 dicere
2645 2050 2764 2121 ille
2801 2050 2887 2121 de
2935 2051 3129 2132 loco,

580 2139 703 2210 ubi
751 2138 1064 2209 caballus
1097 2161 1267 2209 suus
1305 2152 1481 2210 esset
1512 2151 1821 2209 curatuS.
1866 2139 2041 2222 Quid
2088 2140 2350 2211 multa?
2398 2145 2836 2230 Imponentes
2883 2162 3088 2211 carro
3115 2195 3131 2219 ‚

583 2228 930 2299 duxerunt
958 2226 1043 2297 ad
1081 2226 1309 2297 locum
1358 2226 1584 2309 illum,
1638 2227 1962 2315 idemque
2000 2228 2492 2318 deposuerunt.
2545 2227 2774 2299 At⁸illa
2806 2229 3022 2318 posita
3070 2231 3133 2297 in

586 2316 757 2398 locO,
804 2315 1220 2386 obdormivit
1271 2338 1666 2407 parumper,
1718 2331 1785 2388 et
1830 2318 1955 2388 ubi
1992 2316 2362 2408 evigilavit,
2409 2331 2721 2389 sanatam
2772 2339 2843 2388 se
2889 2317 2976 2386 ab
3011 2318 3137 2388 illa

586 2405 895 2495 corporis
941 2404 1394 2477 dissolutione
1441 2406 1766 2487 sentiens,
1806 2405 2150 2496 postulata
2196 2408 2400 2493 aqua,
2454 2406 2609 2496 ipsa
2647 2405 2809 2475 lavit
2851 2406 3127 2486 faciem,

584 2495 813 2566 crines
843 2494 1253 2584 composuit,
1291 2507 1501 2586 caput
1549 2495 1758 2565 linteo
1796 2495 2171 2585 cooperuit,
2210 2509 2276 2567 et
2307 2519 2468 2568 cum
2510 2495 2619 2566 his
2650 2494 2774 2584 qui
2807 2517 2880 2566 se
2910 2494 3139 2567 addu-

581 2596 842 2666 xerant,
882 2606 1051 2654 sana
1086 2583 1378 2674 pedibus
1414 2583 1794 2654 incedendo
1831 2606 2097 2656 reversa
2128 2596 2254 2656 est.

672 2676 709 2761 ξ
756 2678 905 2745 18.
960 2679 1051 2743 Eo
1100 2686 1405 2762 tempore
1470 2673 1651 2743 venit
1718 2673 1900 2743 alius
1964 2673 2247 2762 quidam
2310 2673 2396 2744 de
2449 2673 2726 2743 natione
2772 2673 3132 2744 Britonum

582 2762 691 2853 (ut
721 2762 988 2851 fertur),
1036 2762 1161 2831 iter
1204 2760 1462 2831 faciens
1487 2761 1686 2850 juxta
1735 2762 1966 2851 ipsum
2017 2761 2272 2844 locum,
2329 2763 2400 2832 in
2440 2784 2577 2850 quo
2639 2762 2940 2852 praelata
2989 2775 3138 2833 erat

584 2872 820 2951 pugna
866 2849 1228 2940 completa.
1284 2855 1362 2919 Et
1409 2850 1577 2919 vidit
1623 2850 1838 2920 unius
1886 2849 2016 2919 loci
2066 2851 2371 2951 spatium
2420 2864 2686 2922 caetero
2736 2873 2987 2941 campo
3039 2852 3136 2920 vi-

581 2938 807 3011 ridius
863 2961 942 3007 ac
999 2938 1401 3008 venustius:
1477 2939 1840 3027 coepitque
1904 2961 2138 3039 sagaci
2197 2940 2431 3010 animo
2486 2941 2874 3028 conjicere,
2941 2941 3129 3028 quod

584 3026 781 3097 nulla
808 3038 987 3098 esset
1017 3025 1155 3096 alia
1199 3048 1412 3097 causa
1459 3027 1774 3097 insolitae
1815 3026 1934 3096 illo
1992 3050 2060 3097 in
2099 3028 2248 3099 loco
2294 3028 2703 3112 viriditatis,
2760 3028 2896 3099 nisi
2941 3030 3133 3117 quod

587 3115 848 3187 ibidem
898 3117 1195 3186 sanctior
1242 3129 1507 3186 caetero
1571 3115 1874 3186 exercitu
1935 3116 2038 3186 vir
2085 3116 2340 3206 aliquis
2404 3116 2647 3189 fuisset
2703 3117 3128 3188 interfectus.

584 3204 763 3274 Tulit
823 3205 1052 3292 itaque
1099 3204 1184 3273 de
1233 3204 1512 3294 pulvere
1562 3216 1779 3275 terrae
1828 3204 2017 3274 illius
2072 3227 2308 3276 secum
2345 3261 2361 3287 ,
2415 3206 2698 3297 illigans
2746 3207 2816 3275 in
2866 3207 3079 3277 linteo
3110 3262 3130 3288 ,

582 3306 648 3363 et
694 3292 1006 3384 cogitans
1053 3293 1237 3380 quod
1277 3292 1589 3363 futurum
1640 3304 1825 3373 erat,
1879 3294 2044 3381 quia
2092 3294 2177 3364 ad
2230 3295 2567 3367 medelam
2620 3295 3130 3366 infirmantium

585 3382 767 3451 idem
866 3381 1047 3451 ulvis
1082 3382 1440 3472 proficeret
1472 3405 1487 3447 ι
1540 3395 1605 3451 et
1641 3404 1933 3472 pergens
1963 3383 2207 3455 itinere
2244 3405 2396 3464 suo,
2438 3385 2746 3475 pervenit
2775 3385 2860 3454 ad
2896 3384 3130 3454 vicum

581 3492 787 3559 quem
843 3493 957 3540 am
985 3493 1287 3561 vespere,
1326 3470 1740 3559 intravitque
1778 3472 1850 3541 in
1882 3472 2195 3555 domum,
2232 3472 2303 3542 in
2337 3495 2474 3562 qua
2510 3473 2719 3543 vicini
2758 3484 3135 3544 coenantes

585 3559 1094 3661 epulabantur:
1146 3572 1212 3629 et
1245 3571 1609 3650 susceptus
1648 3583 1687 3630 a
1717 3558 2021 3632 dominis
2068 3561 2343 3643 domuS,
2390 3561 2639 3634 resedit
2682 3576 2749 3632 et
2785 3563 2935 3653 ipse
2961 3584 3130 3632 cum

578 3670 679 3718 eis
700 3647 788 3718 ad
820 3648 1236 3730 convivium,
1272 3648 1675 3738 appendens
1710 3649 2069 3720 linteolum
2098 3671 2256 3720 cum
2334 3651 2592 3732 ulvere,
2627 3672 2846 3738 quem·
2866 3650 3128 3731 attulit,

579 3738 650 3807 in
699 3759 841 3807 uno
882 3748 1073 3828 poste
1127 3738 1429 3828 parietis.
1487 3742 1794 3825 Cumque
1832 3738 2100 3810 diutius
2150 3762 2287 3831 epu
2321 3740 2379 3811 is
2410 3753 2616 3827 atque
2653 3739 2964 3810 ebrietati
3014 3762 3136 3809 va-

586 3840 868 3907 carent,
940 3848 1230 3897 accenso
1340 3826 1539 3897 randi
1590 3827 1749 3918 igne
1795 3827 1867 3895 in
1926 3826 2156 3899 medio
2187 3883 2202 3908 ‚
2256 3828 2567 3919 contigit,
2611 3827 3003 3900 volantibus
3056 3830 3133 3898 in

581 3914 795 3986 altum
833 3915 1181 3997 scintillis,
1223 3850 1498 3986 cugmen
1540 3915 1816 3997 domuS,
1859 3916 2046 4004 quod
2080 3929 2224 3987 erat
2257 3917 2469 4008 virgis
2486 3930 2883 3989 contextum
2918 3928 3140 4005 atque

581 4002 776 4074 foeno
827 4015 1130 4084 tectum,
1199 4004 1582 4076 subitaneis
1648 4004 1951 4076 flammis
2009 4006 2310 4094 impleri.
2366 4006 2562 4089 Quod
2621 4029 2782 4079 cum
2845 4020 3142 4097 repente

582 4093 905 4163 convivae
955 4106 1209 4169 terrore
1255 4092 1528 4164 confusi
1574 4094 2075 4184 conspicerent,
2115 4093 2443 4185 fugerunt
2475 4094 2680 4178 foras,
2727 4095 2822 4165 nil
2855 4094 3138 4165 ardenti

585 4179 869 4263 domui,
939 4194 1006 4252 et
1051 4182 1483 4272 jamjamque
1546 4183 1886 4271 periturae
1935 4183 2259 4274 prodesse
2320 4183 2644 4255 valentes.
2707 4190 3139 4273 Consumpta

586 4289 748 4357 ergo
778 4269 980 4340 domo
1008 4270 1167 4340 ssam
1182 4272 1333 4354 mis,
1365 4271 1581 4363 postis
1610 4272 2072 4355 solummodO,
2113 4273 2180 4341 in
2222 4294 2359 4360 quo
2393 4272 2621 4363 pulvis
2661 4272 2775 4343 ille
2809 4271 3147 4342 inclusus

590 4357 952 4447 pendebat,
993 4371 1182 4431 tutus
1214 4362 1302 4432 ab
1342 4361 1626 4451 ignibus
1653 4373 1717 4430 et
1749 4362 2048 4433 intactus
2084 4361 2433 4433 remansit.
2471 4366 2618 4445 Qua
2651 4363 2796 4432 visa
2844 4360 3131 4441 virtute,

597 4445 816 4511 mir-ali
853 4459 1013 4514 sunt
1047 4448 1287 4517 valde:
1339 4461 1404 4518 et
1455 4452 1927 4539 perquirentes
1976 4449 2327 4532 subtilius,
2376 4450 2785 4523 invenerunt
2820 4448 3003 4538 quod
3043 4450 3144 4520 de
