3308 5004
109 355 303 423 Aue.
355 355 440 421 27
672 368 677 375 ·
759 372 849 421 nt
884 373 945 421 s.
995 370 1267 422 canneto
1302 369 1485 422 nuo.
1536 372 1615 420 ιι·
1660 369 1862 422 εοεαε
1907 371 2025 421 m.
2448 354 2578 422 647

107 458 453 529 suavitate
508 457 665 548 ejus
707 455 891 528 lucis
933 456 1033 527 ad*
1070 478 1375 548 super-na
1435 455 1797 539 sublevati,
1864 456 2140 547 ajebant
2199 477 2273 528 se
2331 478 2469 528 non
2518 457 2672 528 sine

108 547 304 707 gravi
339 545 670 706 molfftiffe
683 566 1092 638 corporeum
1137 567 1320 618 onus
1364 545 1565 629 ferre,
1589 545 1778 635 quod
1824 567 1898 616 se
1947 545 2202 618 scirent
2248 565 2374 637 pro
2403 545 2672 619 Christo

292 657 458 705 nere
544 656 581 705 e
672 656 767 704 re.
2281 651 2330 670 ··

281 730 431 799 m.
484 729 627 795 Non
662 735 832 815 post
901 722 1157 795 multos
1205 735 1440 794 autem
1496 721 1688 804 dies,
1758 733 2132 810 antequam
2185 720 2270 792 ad
2323 723 2674 813 passionis

112 827 459 885 certamen
503 824 933 894 vocarentur,
987 812 1243 883 accidit
1285 824 1369 883 ut
1394 810 1542 882 sola
1565 809 1830 882 Natalia
1875 809 2068 881 domi
2106 810 2440 893 residens,
2478 811 2674 883 Chri-

112 915 323 987 stum,
372 902 631 990 quibus
665 914 893 992 posset
936 900 1285 992 suspiriis,
1338 900 1753 972 obsecraret.
1790 904 1874 970 Et
1899 920 2060 970 ecce
2104 899 2336 971 subito
2386 899 2663 974 adstare

113 991 253 1063 sibi
283 991 498 1062 mirae
546 988 1092 1094 pulchritudinis
1136 990 1357 1060 cernit
1404 988 1767 1083 virg-inem,
1797 987 2122 1082 Angelico
2166 987 2413 1059 decore
2461 1010 2669 1060 vene-

112 1080 428 1162 rabilem,
462 1100 751 1172 primae,
786 1091 865 1150 ut
901 1077 1287 1162 videbatur,
1326 1079 1567 1149 florem
1601 1077 2103 1150 adolescentiae
2149 1076 2509 1149 ferentem.
2541 1078 2668 1150 Cui

109 1190 273 1240 cum
315 1168 435 1240 illa
490 1169 771 1249 diceret,
804 1174 906 1238 'Bu
949 1188 1131 1256 quae
1155 1188 1254 1250 es,
1280 1167 1476 1239 filia?
1511 1179 1600 1249 et,
1641 1167 1700 1238 si
1726 1188 1768 1236 e
1802 1167 2034 1238 vicino
2075 1165 2372 1249 accedis,
2415 1187 2668 1239 causas

110 1257 217 1329 tui
263 1258 607 1329 adventus
644 1257 991 1328 edissere:
1043 1256 1361 1348 protinus
1392 1255 1792 1348 spectabilis
1830 1255 2050 1347 virgo:
2095 1277 2132 1324 (ι
2161 1255 2357 1340 Filia,
2412 1256 2664 1344 inquit,

110 1368 273 1419 sum
301 1346 513 1417 amici
556 1346 657 1417 tui
689 1345 1007 1427 Montesi,
1033 1367 1243 1434 quam
1277 1356 1356 1417 tu
1395 1343 1643 1418 mundi
1689 1344 1899 1435 hujus
1928 1345 2288 1415 aerumnis
2311 1344 2481 1415 olim
2512 1344 2663 1418 sois

109 1448 525 1526 exemptam,
569 1455 920 1524 quamque
968 1446 1043 1505 tu
1087 1433 1326 1505 eadem
1378 1433 1548 1504 hora
1581 1488 1598 1517 ,
1648 1454 1789 1522 qua
1853 1432 2201 1522 supremis
2258 1432 2662 1506 laborabam

109 1525 515 1617 angoribus,
567 1524 977 1615 priusquam
1026 1523 1315 1626 propius
1361 1522 1697 1604 visitares,
1752 1523 2064 1612 reperisti
2111 1522 2546 1594 exanimem:
2598 1533 2667 1593 et

110 1614 275 1685 licet
305 1625 366 1684 te
395 1614 465 1683 in
516 1612 750 1684 seculo
781 1612 1040 1703 degens
1088 1611 1377 1683 minime
1423 1611 1756 1692 noverim,
1809 1611 2220 1702 ipsotamen
2270 1611 2501 1683 obitus
2528 1610 2667 1682 mei

112 1715 486 1786 momente,
536 1724 714 1790 quae
759 1722 970 1783 esses,
1045 1701 1337 1771 Domino
1393 1700 1778 1782 revelante,
1843 1699 2161 1791 cognovi.
2205 1705 2282 1770 Et
2321 1721 2535 1782 nunc,
2589 1720 2671 1770 eo

116 1792 446 1871 mittente,
502 1791 776 1883 praevia
814 1789 1206 1861 nunciate-ix
1242 1788 1513 1880 palmae
1566 1802 1726 1859 tuae
1771 1790 2055 1860 accessi.
2105 1794 2322 1860 Instat
2362 1808 2671 1877 namque

104 1880 250 1969 jam
291 1880 485 1950 vobis
534 1893 806 1972 tempus
851 1877 1290 1966 exequendae
1313 1877 1683 1949 victoriae:
1716 1876 1975 1948 adsunt
2004 1877 2155 1952 dies
2186 1876 2468 1969 publice
2508 1898 2672 1968 pro·-

115 1967 355 2038 fitendi
392 1968 599 2040 fidem
631 1968 1075 2049 Cathoiicam,
1116 1966 1521 2055 hostemque
1560 1965 2011 2058 expugnandi
2038 1967 2497 2037 teterrimum.
2524 1971 2675 2050 Quo

117 2057 318 2133 victo.
361 2056 707 2128 ooelomrn
750 2079 868 2129 vos
915 2055 1077 2127 aula
1104 2055 1538 2130 coronandos
1583 2068 1915 2136 assumet,
2043 2069 2290 2147 rpetua
2337 2055 2671 2146 deinceps

120 2143 340 2236 gloria
386 2147 799 2237 potituros.»
840 2146 964 2218 His
1010 2145 1243 2233 itaque
1288 2144 1518 2228 dictis,
1568 2144 1885 2235 agnoscit
1922 2145 1944 2214 i
1975 2144 2081 2215 ico
2131 2166 2275 2215 rem
2309 2143 2493 2215 hanc
2547 2144 2666 2226 ita,

119 2245 198 2304 ut
228 2233 398 2306 dixit
443 2235 697 2326 puella,
749 2257 792 2305 a
829 2256 904 2305 se
938 2232 1104 2305 olim
1242 2245 1443 2315 stam,
1481 2255 1607 2312 nec
1641 2233 1943 2308 aliteree
1981 2232 2259 2315 habere,
2296 2253 2510 2321 quam
2547 2231 2671 2302 illa

122 2335 296 2394 esset
343 2339 724 2416 prosecuta.
781 2322 972 2393 Unde
1017 2334 1084 2394 et
1174 2344 1214 2392 e
1262 2322 1547 2410 reliq-uis
1575 2320 1788 2398 dietis
1808 2321 2058 2394 certior
2101 2321 2364 2402 effecta,
2408 2341 2568 2391 cum
2600 2319 2669 2390 ei

122 2410 317 2483 vellet
360 2427 612 2506 grates,
672 2426 877 2505 prout
913 2411 1047 2482 sibi
1085 2410 1380 2504 dignum
1421 2410 1804 2491 videbatur,
1856 2409 2226 2491 exsolvere,
2282 2408 2583 2479 elabitur
2629 2428 2670 2479 e

121 2518 495 2595 conspectu
543 2502 769 2594 ipsius
814 2500 931 2572 illa
961 2499 1323 2593 virginalis
1371 2499 1637 2593 species
1690 2498 1988 2569 aetherei
2043 2497 2286 2569 nuncii
2333 2510 2400 2570 et
2464 2495 2670 2568 index

122 2592 389 2663 venturi
435 2590 859 2664 certaminis.
913 2591 1015 2661 Fit
1070 2611 1357 2681 prorsus
1423 2587 1837 2660 venerabilis
1899 2587 2156 2659 mulier
2199 2586 2320 2658 tali
2385 2584 2672 2658 oraculo

118 2676 312 2763 laeta,
357 2694 423 2752 et
462 2692 650 2752 tanto
682 2701 803 2772 spe
848 2679 1139 2751 firmiori
1168 2677 1259 2749 ad
1298 2677 1640 2769 praelium
1672 2676 2032 2759 excitatur,
2063 2688 2324 2766 quanto
2356 2687 2671 2769 patratae

116 2770 409 2840 actionis
438 2771 717 2840 veritate
764 2769 1076 2840 cernitur
1120 2766 1513 2837 informari.
2159 2841 2169 2854 ,

122 2896 127 2897 ’
203 2859 240 2946 ὃ
286 2862 437 2931 18.
515 2864 759 2929 Verum
809 2870 888 2929 ut
938 2857 1271 2928 attentius
1346 2875 1635 2958 scopum
1684 2852 2167 2925 destinationis
2214 2874 2384 2925 suae
2440 2852 2671 2929 inten-

117 2943 306 3017 deret
351 2960 659 3035 uterque,
711 2958 1075 3035 essentque
1125 2966 1261 3014 non
1324 2943 1524 3015 dubni
1571 2942 1662 3013 de
1706 2942 2020 3014 mercede
2079 2942 2420 3033 reposita,
2471 2942 2673 3043 juxta

120 3046 514 3106 sanctarum
557 3036 883 3127 superius
932 3043 1467 3104 memoratarum
1499 3031 2212 3123 virginum-edietum,
2240 3041 2398 3101 ecto
2419 3029 2671 3101 <hobus

119 3136 273 3193 ante
335 3145 547 3212 quam
609 3121 1399 3215 comprehenderentur,
1466 3120 1856 3212 promissus
1901 3119 2017 3190 ille
2080 3118 2444 3190 coenobita
2497 3140 2668 3190 con·

122 3212 499 3282 tabernalis
544 3211 1208 3291 eorum-asciscitur,
1257 3223 1325 3280 et
1372 3208 1930 3301 inseparabiliter
1957 3207 2102 3279 illis
2148 3206 2669 3297 quodammodo

122 3299 464 3393 alligatur,
516 3313 594 3372 ut
647 3300 832 3372 felici
880 3299 1210 3388 martyrio
1263 3299 1396 3370 sub
1444 3320 1585 3373 uno
1642 3298 1757 3368 die
1827 3298 2086 3389 pariter
2140 3309 2662 3369 coronarentur.

125 3390 327 3461 Debet
353 3402 585 3461 autem
635 3389 748 3460 hic
784 3388 1102 3460 interseri
1149 3387 1463 3476 ejusdem
1501 3387 1824 3458 monachi
1872 3386 2203 3459 historia:
2241 3398 2308 3457 et
2350 3386 2520 3474 quia
2555 3406 2669 3461 ve-

124 3474 422 3550 hementi
468 3478 926 3550 admiratione
971 3490 1263 3551 aetatem
1312 3487 1619 3547 nostram
1647 3477 1801 3567 ejus
1837 3497 2056 3546 causa
2097 3475 2472 3558 concussit,
2510 3496 2671 3546 sue·-

126 3569 418 3639 cessuris
481 3590 757 3657 quoque
816 3566 1381 3659 generationibus
1446 3564 1815 3656 relegenda
1875 3563 2287 3647 mandetur,
2330 3579 2410 3635 ut
2455 3585 2538 3635 ex
2588 3584 2671 3635 eo

128 3656 615 3728 Catholicorum
668 3656 909 3749 religio
939 3669 1006 3727 et
1052 3657 1271 3746 pietas
1309 3655 1735 3725 incremento
1782 3653 1946 3724 fidei
1991 3665 2351 3746 augeatur,
2406 3653 2479 3723 in
2520 3672 2665 3739 quo

130 3743 232 3812 sui
275 3746 753 3837 Redemptoris
804 3745 1165 3817 oraculum
1226 3743 1511 3835 speciali
1559 3741 2073 3832 quodammodo
2120 3742 2399 3813 veritate
2445 3742 2668 3812 cernit

132 3848 267 3901 esse
309 3834 699 3926 impletum.
751 3834 1184 3905 Praedixerat
1227 3833 1489 3925 quippe
1528 3832 1860 3923 magbter
1912 3845 2144 3903 noster
2199 3844 2268 3901 et
2303 3830 2664 3914 Dominus,

134 3921 301 4002 quod
351 3923 554 3994 multi
582 3924 672 3994 ab
717 3923 991 3994 Oriente
1034 3934 1102 3993 et
1147 3921 1512 3993 Occidente
1559 3921 1930 4004 venientes,
1979 3919 2460 3993 recumberent
2503 3939 2669 3990 cum

140 4004 485 4095 Abraham,
533 4018 725 4083 Isaac
754 4024 822 4083 et
854 4011 1069 4082 Jacob
1115 4011 1191 4081 in
1224 4032 1437 4104 regno
1482 4009 1835 4081 coelorum
1866 4010 1920 4077 *.
1955 4007 2152 4093 Quod
2193 4006 2668 4079 testimonium

140 4098 327 4192 certis
362 4114 776 4172 contuemur
805 4100 1089 4171 indiciis
1134 4099 1206 4170 in
1243 4100 1395 4190 ipso
1428 4098 1776 4169 monacho
1798 4112 1866 4173 et
1911 4097 2138 4169 Levita
2183 4095 2474 4187 Georgio
2517 4116 2671 4169 om·-

141 4199 293 4253 mno
355 4189 775 4280 perfectum:
841 4190 958 4261 cui
1006 4189 1213 4261 tellus
1265 4186 1776 4260 Bethleemitica
1835 4200 2060 4259 ortum
2093 4240 2112 4269 ,
2176 4199 2243 4258 et
2288 4182 2667 4256 incola-tum

141 4280 483 4365 peregrina
529 4274 903 4372 Hispaniae
949 4300 1117 4350 rura
1161 4277 1630 4347 contulerunt.
2649 4359 2665 4374 .

224 4361 263 4447 ξ
301 4371 432 4441 14.
506 4369 657 4452 Hic,
718 4369 1034 4458 inquam,
1084 4367 1190 4437 vir
1243 4366 1332 4436 ab
1377 4364 1843 4437 adolescentia
1903 4386 2031 4437 sua
2101 4363 2502 4436 servitutem
2551 4366 2670 4433 Del

191 4482 218 4511 ⁸
249 4485 355 4531 Vide
367 4494 539 4546 Evang-
557 4495 722 4536 matth.
741 4505 782 4537 e.
806 4503 904 4537 vm.
