3308 5004
221 362 365 429 AUG.
408 360 443 426 3
773 379 855 427 nn
900 377 1155 429 mrim.
1212 380 1268 428 S.
1324 379 1633 428 sternam
1682 378 2073 428 Pnoronaiir.
2486 362 2613 428 ⁴05

214 465 509 535 Gamaliel.
548 468 691 534 Hoc
739 463 1226 555 interpretatus
1272 475 1375 533 est
1422 486 1603 565 papa
1645 463 1935 556 (Episc.)
1979 464 2300 547 JoanneS,
2346 464 2527 535 sicut
2573 484 2704 534 au-

210 551 319 621 divi
357 553 432 622 ab
473 554 623 641 ipso
660 564 899 623 sancto
947 553 1305 644 Episcopo.
1369 556 1604 623 Statim
1658 574 1822 644 ergo
1863 553 2265 623 renunciavi
2316 553 2695 645 Episcop0,

206 663 331 711 cum
382 656 545 712 esset
591 642 662 710 in
705 641 957 722 Lidda‚
1012 662 1189 730 quae
1236 652 1377 724 est,
1433 641 1798 732 Diospolis,
1871 641 2212 733 synodum
2266 664 2503 734 agens.
2568 641 2703 727 Qui

208 731 524 822 assumpsit
572 754 806 802 secum
856 730 1034 801 duos
1080 730 1253 802 alios
1304 730 1702 822 EpiscopoS,
1755 729 2223 801 Eleutheriurn
2273 732 2359 801 de
2393 731 2695 814 Sebaste,

209 831 256 889 et
288 819 726 890 Eleutherium
768 820 852 890 de
879 819 1178 902 Jericho,
1212 829 1279 888 et
1322 830 1653 889 venerunt
1686 819 1772 889 ad
1825 819 2081 889 locum.
2135 819 2264 904 Qui
2313 843 2474 890 cum
2534 841 2701 912 ape-

212 908 453 979 ruissent
482 908 747 979 domini
797 908 1126 1001 Stephani
1173 909 1468 988 thecam,
1522 908 1752 979 statim
1795 919 2247 978 terraemotus
2294 908 2518 979 sactus
2564 923 2691 992 est,

207 1010 251 1065 el
286 1011 446 1068 tanta
478 1000 783 1069 suavitas
837 1010 901 1069 et
950 997 1328 1088 fragrantia
1375 998 1607 1068 odoris
1656 996 1819 1066 inde
1865 1019 2141 1086 egressa
2188 1008 2312 1077 est,
2366 1010 2697 1085 quantam

207 1085 394 1156 nullus
460 1087 824 1158 hominum
874 1109 946 1158 se
998 1087 1312 1156 meminit
1370 1086 1469 1156 vel
1519 1085 1836 1167 audisse,
1910 1085 2014 1156 vel
2082 1085 2428 1156 sensisse:
2482 1085 2576 1155 ita
2621 1098 2701 1156 ut

203 1187 550 1264 putaremus
603 1198 726 1246 nos
786 1176 857 1245 in
918 1176 1329 1246 amoenitate
1398 1175 1705 1265 paradisi
1781 1196 1932 1245 esse
1993 1175 2275 1265 positos
2331 1173 2698 1245 Multitudo

203 1283 469 1351 namque.
515 1264 760 1366 populi
815 1264 1050 1335 aderat
1101 1265 1488 1347 nobiscum,
1542 1266 1722 1334 inter
1774 1284 1949 1351 quos
1996 1274 2191 1333 erant
2257 1263 2543 1353 plurimi
2593 1264 2699 1332 in-

199 1349 340 1421 firmi
371 1353 573 1423 variis
624 1354 1102 1443 languoribus.
1156 1359 1233 1422 Et
1291 1354 1443 1444 ipsa
1504 1353 1673 1423 hora
1725 1373 1880 1421 mox
1936 1351 2022 1421 de
2074 1352 2282 1422 odore
2337 1352 2698 1422 suavitatis

196 1441 327 1522 eiuS,
374 1443 948 1534 septuagintatres
995 1443 1270 1512 animae
1314 1455 1594 1513 curatae
1623 1454 1808 1523 sunt,
1849 1441 1935 1510 ab
1971 1441 2128 1512 aliis
2158 1440 2377 1532 fugati
2417 1441 2699 1512 daemo-

194 1549 303 1610 nes,
332 1530 619 1601 aliarum
661 1531 815 1602 fons
864 1531 1217 1601 restrictus
1263 1543 1366 1601 est
1427 1531 1814 1622 sanguinis:
1868 1530 1986 1599 alii
2036 1553 2075 1600 a
2123 1530 2410 1600 strumis
2456 1541 2523 1600 et
2590 1528 2692 1601 su-
2805 1597 2808 1604 .

191 1620 458 1690 runculis
500 1620 798 1690 liberati:
850 1619 969 1691 alii
1010 1642 1047 1690 a
1091 1620 1397 1690 tertianis
1445 1632 1510 1691 et
1553 1619 1917 1708 quai-tanis
1963 1619 2212 1690 sanati:
2266 1617 2438 1689 alios
2487 1617 2698 1691 febris

189 1706 441 1795 reliquit,
480 1709 659 1781 alios
710 1710 992 1780 morbus
1041 1710 1310 1801 regius:
1351 1709 1469 1778 alii
1504 1730 1543 1778 a
1582 1707 1913 1798 cephalea
1959 1708 2207 1789 curati,
2242 1719 2307 1777 et
2354 1707 2699 1777 hemicra-

187 1794 309 1863 nia:
359 1798 676 1868 nonnulli
725 1820 763 1868 a
813 1799 1152 1868 viscerum
1205 1797 1475 1868 occulto
1508 1797 1744 1868 dolore
1792 1796 2085 1867 liberati.
2127 1802 2205 1866 Et
2237 1796 2491 1867 multas
2520 1796 2696 1867 alias

182 1886 535 1957 curationes
583 1901 950 1958 senserunt
996 1886 1359 1968 homineS,
1414 1908 1587 1974 quas
1641 1907 2051 1957 enumerare
2099 1884 2384 1975 longum
2439 1897 2562 1956 est.
2617 1890 2698 1955 Et

181 1973 534 2046 osculantes
602 1988 877 2047 sanctas
946 1976 1274 2063 reliquias
1309 2031 1325 2056 ‚
1379 1976 1628 2046 iterum
1703 1974 2125 2046 clauserunt.
2190 1979 2269 2043 Et
2322 1987 2487 2044 tunc
2532 1994 2694 2044 cum

181 2062 430 2150 psalmis
471 2078 541 2135 et
592 2064 872 2155 hymnis
923 2076 1365 2155 portaverunt
1413 2064 1743 2152 reliquias
1801 2063 1982 2133 beati
2032 2062 2361 2153 Stephani
2410 2062 2481 2132 in
2533 2084 2696 2133 san-

178 2164 321 2220 ctam
360 2153 721 2224 ccclesiam
776 2154 961 2235 Sion,
1007 2154 1130 2224 ubi
1166 2165 1231 2224 et
1276 2153 1820 2223 archidiaconus
1868 2152 2093 2224 fuerat
2138 2151 2524 2223 ordinatus:
2573 2151 2691 2222 de-

176 2238 608 2330 relinquentes
657 2243 859 2314 nobis
932 2241 1019 2312 de
1092 2242 1424 2313 membris
1491 2244 1644 2333 ejus
1709 2264 1956 2332 parvos
2029 2241 2397 2311 articulos:
2478 2241 2696 2311 immo

178 2330 478 2400 maximas
546 2330 900 2418 reliquias,
972 2343 1223 2401 terram
1274 2353 1433 2400 cum
1498 2331 1801 2422 pulvere,
1855 2330 1977 2400 ubi
2038 2330 2268 2402 omnis
2312 2330 2466 2421 ejus
2529 2351 2690 2401 caro

176 2415 507 2511 absumpta
539 2431 685 2490 est:
739 2434 1004 2491 caetera
1052 2420 1652 2523 absportaverunt.

240 2509 272 2595 ξ
311 2512 401 2579 8.
453 2515 550 2580 Ex
586 2510 694 2580 his
740 2530 904 2602 ergo
958 2509 1269 2597 reliquiis
1317 2510 1668 2582 transmisi
1719 2508 2132 2580 beatitudini
2179 2521 2465 2578 vestrae:
2518 2527 2696 2595 quas

175 2615 300 2694 cum
357 2599 830 2690 susceperitis,
874 2611 1061 2669 orate
1112 2621 1233 2689 pro
1277 2599 1648 2701 exiguitate
1697 2620 1889 2679 mea,
1944 2609 2022 2668 ut
2067 2596 2327 2688 dignus
2374 2595 2691 2665 inveniar

172 2705 225 2751 iu
251 2701 619 2779 conspectu
670 2688 965 2770 Domini,
997 2686 1216 2759 fultus
1246 2688 1626 2758 beatissimi
1660 2688 1987 2778 martyris
2018 2685 2347 2776 Stephani
2399 2683 2688 2767 meritis,

173 2783 224 2842 et
280 2778 515 2847 vestris
593 2776 1048 2848 orationibus.
1099 2777 1495 2849 Translatae
1563 2789 1728 2848 sunt
1783 2788 2014 2846 autem
2078 2774 2412 2876 reliquiae
2467 2772 2488 2842 i
2544 2771 2694 2845 sius

174 2866 461 2961 martyris
509 2872 555 2937 7
589 2866 863 2937 Calend.
916 2866 1252 2947 lanuarii‚
1306 2877 1372 2936 et
1405 2879 1570 2936 tunc
1622 2866 1693 2935 in
1748 2877 2054 2957 tempore
2095 2864 2175 2953 ju
2229 2886 2290 2933 is
2318 2876 2385 2933 et
2416 2861 2489 2931 in
2518 2861 2693 2932 inita

175 2953 409 3026 siccitas
455 2967 645 3026 erat:
700 2954 814 3027 sed
850 2954 1090 3025 eadem
1141 2956 1312 3025 hora
1348 2955 1580 3046 pluvia
1617 2976 1872 3046 magna
1917 2954 2164 3025 descen
2221 2953 2294 3035 it,
2354 2963 2421 3022 et
2466 2951 2694 3023 abun-

172 3036 380 3111 danter
427 3043 779 3114 inebriata
822 3055 926 3116 est
972 3057 1193 3125 terra,
1246 3056 1312 3114 et
1356 3065 1597 3114 omnes
1645 3044 2131 3135 glorificabant
2166 3042 2260 3113 ibi
2320 3040 2690 3111 Dominum

174 3144 412 3220 propter
458 3145 782 3204 sanctum
833 3133 986 3203 e’us
1033 3133 1484 3224 Stephanum,
1535 3144 1602 3204 et
1648 3145 1928 3224 propter
1957 3132 2316 3203 coelestem
2355 3130 2511 3218 eJus
2544 3128 2694 3200 the-

174 3237 417 3316 saurum
473 3222 802 3293 miserico
892 3223 996 3292 iae
1042 3235 1107 3292 et
1157 3222 1451 3313 pietatis,
1503 3244 1712 3310 quem
1766 3220 2180 3314 periclitanti
2240 3218 2476 3290 seculo
2521 3239 2687 3309 ape-

177 3324 281 3376 rire
306 3308 639 3412 dignatus
685 3321 789 3381 est
829 3316 1035 3382 Jesus
1065 3312 1378 3383 Christus
1417 3311 1753 3381 Dominus
1811 3324 2077 3393 noster,
2131 3309 2251 3398 qui
2286 3331 2446 3379 cum
2497 3311 2692 3379 Patre

175 3404 220 3464 et
254 3399 503 3488 Spiritu
557 3404 809 3471 Sancto
850 3399 1012 3472 vivit
1047 3413 1113 3471 et
1158 3412 1400 3492 regnat
1437 3401 1517 3470 'in
1568 3401 1798 3471 secula
1849 3400 2270 3481 seculorum,
2321 3402 2558 3468 Amen.
