3308 5004
668 327 801 393 380
1245 342 1325 391 nn
1371 343 1429 391 s.
1479 339 1822 391 musano
1871 338 2200 389 smissron.
2253 338 2454 389 msc.
2755 412 2759 417 ,
2800 322 2983 391 AUG.
3036 325 3139 392 ⁴5

576 428 921 522 fragorem
953 425 1167 498 cellae
1204 426 1547 498 excitaret.
1601 426 1745 497 Sub
1783 425 2008 516 prima
2042 425 2229 497 enim
2260 424 2707 527 quassatione
2734 424 2978 499 beatus
3005 431 3143 499 Pe-

577 530 729 590 trus
775 514 1138 607 Apostolus
1174 514 1261 586 ad
1304 537 1413 586 me
1444 514 1651 597 venit,
1693 514 2099 673 significans
2126 514 2313 585 mihi
2347 526 2627 605 peccata
2673 516 2964 588 remissa
2990 570 3008 598 ,
3062 529 3142 589 et

576 607 754 676 vitae
785 605 1075 694 januam
1115 605 1367 695 patere.
1416 603 1666 675 Aderat
1693 603 1738 673 il
1776 626 1798 673 1
1830 604 2185 675 beatorum
2219 602 2543 692 frequens
2581 615 2840 687 coetus,
2884 604 3142 679 laudes

501 758 506 763 .
577 695 852 766 divinas
910 692 1340 764 continenter
1397 693 1933 765 modulantium.
1999 694 2142 764 Sub
2208 693 2424 764 altera
2479 693 2920 781 quassatione
2963 717 3143 766 cum

579 783 822 855 multis
858 781 1199 874 Angelicis
1246 782 1608 878 spiritibus
1656 795 1939 852 sanctus
1985 781 2272 853 michael
2322 803 2434 852 me
2472 782 2728 864 invisit,
2766 782 3135 873 pelliceae,

579 894 655 944 se
699 871 876 943 duce
904 924 921 952 ,
973 892 1086 941 me
1125 870 1212 941 ad
1264 872 1532 942 beatam
1580 870 1788 940 vitam
1846 870 2351 962 ingressurum.
2408 870 2629 942 Tertia
2674 872 3141 943 concussione

579 959 801 1031 adfuit
819 959 1108 1031 Domina
1141 971 1394 1040 nostra,
1430 980 1587 1028 vera
1613 959 2127 1030 misericordiae
2158 972 2397 1041 mater,
2432 959 2672 1031 multis
2702 960 2955 1050 stipata
2975 983 3141 1033 san—

576 1061 845 1122 ctarum
881 1048 1231 1140 virginum
1265 1046 1693 1139 agminibus,
1737 1048 2243 1140 benignissima
2286 1069 2450 1119 voce
2490 1071 2600 1120 me
2631 1049 2989 1120 certiorem
3036 1048 3141 1120 ef·

577 1137 822 1211 ficiens
873 1136 959 1209 de
1008 1136 1245 1208 anima
1291 1157 1446 1206 mea
1496 1136 1676 1207 inter
1719 1137 2229 1227 Assumptionis
2274 1137 2429 1227 ejus
2479 1137 2737 1229 gaudia
2783 1138 2857 1208 in
2906 1137 3139 1211 coelos

579 1225 1082 1298 transferenda.
1119 1224 1248 1296 Sed
1288 1246 1409 1295 vos
1436 1246 1679 1297 omnes
1711 1226 2032 1309 obtestor,
2071 1225 2314 1296 fratres
2346 1226 2507 1307 mei,
2552 1248 2672 1317 per
2700 1226 2948 1299 Christi
2995 1228 3136 1298 mi-

580 1314 1055 1396 sericordiam,
1096 1334 1205 1396 ne,
1241 1312 1411 1385 dum
1455 1313 1567 1384 hic
1607 1336 1790 1396 sum,
1826 1315 2153 1403 cutim
2188 1315 2319 1385 ista
2348 1315 2679 1387 referatis.
2708 1338 2745 1384 »

668 1407 706 1492 ἓ
750 1408 895 1478 51.
948 1401 1284 1473 Vicesimo
1322 1415 1388 1473 et
1435 1403 1662 1494 primo
1701 1403 1813 1474 die
1858 1404 2346 1495 aegrotationis
2396 1426 2587 1486 suae,
2623 1404 2743 1492 qui
2777 1418 2924 1474 erat
2967 1405 3135 1475 sab-

580 1493 724 1563 bati
757 1492 906 1562 dies
935 1505 1003 1561 et
1027 1491 1262 1581 vigilia
1298 1491 1806 1583 Assumptionis
1828 1491 2167 1583 gloriosae
2192 1495 2312 1563 Dei
2335 1493 2693 1584 genitricis
2723 1514 3137 1583 semperque

582 1580 883 1670 Virginis
930 1580 1180 1651 Mariae
1210 1635 1226 1660 ,
1287 1580 1543 1652 vocatis
1581 1580 1669 1652 ad
1729 1603 1801 1653 se
1851 1580 2218 1672 discipulis
2269 1603 2431 1652 cum
2477 1581 2807 1654 ecclesiae
2866 1582 3137 1654 vicinae

584 1668 884 1751 ClericiS,
923 1689 1116 1741 sacro
1148 1668 1299 1740 oleo
1344 1667 1560 1741 voluit
1607 1670 1804 1761 injun
1862 1670 1908 1751 i,
1963 1669 2139 1741 dans
2168 1670 2667 1742 confessionem
2717 1692 2950 1741 coram
2981 1693 3136 1742 om-

583 1758 817 1839 nibus,
868 1769 934 1827 et
980 1758 1293 1828 omnium
1346 1780 1582 1848 preces
1614 1758 1813 1830 humi
1847 1760 1974 1829 iter
1999 1770 2346 1850 expetens.
2378 1759 2484 1829 Ait
2513 1772 2745 1830 autem
2792 1758 2878 1830 ad
2929 1758 3127 1829 illos:

584 1869 622 1914 a
658 1850 819 1917 Cras
856 1845 941 1915 de
980 1846 1479 1917 resurrectione
1527 1848 1802 1917 Domini
1835 1846 2172 1938 gaudium
2216 1848 2349 1918 erit
2393 1848 2464 1917 in
2496 1848 2731 1928 coelis,
2774 1860 2841 1918 et
2884 1846 2973 1918 de
3020 1870 3136 1919 as—

586 1948 867 2025 sumpta
910 1934 1174 2024 Regina
1205 1934 1475 2017 mundi,
1513 1935 1771 2007 laetitia
1807 1937 2066 2009 sanctis
2096 1936 2372 2028 Angelis
2402 1936 2902 2028 duplicabitur.
2934 1937 3136 2007 Chri·

586 2035 690 2093 sto
725 2022 1079 2113 largiente,
1119 2022 1317 2093 tertia
1343 2045 1619 2124 quoque
1651 2025 1940 2095 materia
1968 2024 2209 2107 aderit,
2254 2025 2439 2097 unde
2471 2025 2730 2116 gaudia
2762 2025 2879 2096 illa
2915 2026 3137 2117 tripli-

586 2124 855 2181 centur.
907 2116 1147 2199 Itaque
1185 2110 1517 2202 prohibeo
1565 2112 1802 2196 vobi3‚
1864 2135 1949 2184 ne
2002 2113 2114 2183 die
2163 2115 2463 2185 crastino
2510 2114 2683 2185 mihi
2731 2113 3131 2205 sepulcrum

541 2198 886 2287 „fodiatis,
919 2200 1041 2270 sed
1091 2199 1162 2270 in
1201 2200 1579 2272 secundam
1629 2201 1869 2273 feriam
1922 2201 1991 2272 id
2041 2203 2397 2276 differatis.
2451 2207 2553 2274 Ita
2609 2203 2794 2274 enim
2846 2202 3137 2275 coelitus

586 2288 947 2360 definitum
997 2299 1122 2371 est,
1162 2289 1340 2360 utin
1371 2290 1484 2360 die
1517 2295 1583 2360 S.
1622 2289 1964 2381 Arnulphi
1997 2292 2315 2364 Metensis
2351 2291 2692 2393 Episcopi,
2732 2292 2947 2383 hujus
3107 2330 3134 2342 -

585 2377 838 2449 catoris
867 2376 1208 2480 Arnulphi
1228 2399 1481 2469 corpus
1513 2391 1732 2450 terrae
1776 2379 2181 2451 reddatur.»
2217 2378 2429 2451 Multa
2470 2380 2758 2469 proinde
2795 2400 2961 2471 prae
3014 2380 3137 2451 ixit

586 2478 725 2538 tam
779 2466 865 2538 de
906 2489 1102 2559 regni
1150 2478 1355 2550 statu,
1403 2488 1617 2557 quam
1658 2467 1743 2539 de
1774 2469 2269 2561 Episcoporum
2303 2480 2369 2540 et
2408 2469 2803 2561 principum
2853 2469 3136 2541 casibus

585 2555 884 2629 futuris:
936 2578 1115 2645 quae
1159 2557 1395 2627 omnia
1439 2558 1645 2628 etiam
1698 2559 1786 2629 ite
1836 2571 2229 2629 evenerunt.
2285 2558 2427 2629 Sub
2465 2558 2706 2630 horam
2745 2570 2981 2629 autem
3029 2581 3138 2629 ve-

587 2646 963 2736 spertinam
998 2667 1250 2736 corpus
1270 2659 1338 2717 et
1361 2647 1776 2739 sanguinem
1813 2648 2082 2718 Domini
2125 2647 2341 2719 nostri
2385 2647 2548 2719 lesu
2580 2647 2826 2718 Christi
2858 2669 3135 2718 summa

588 2756 749 2806 cum
782 2733 1142 2805 devotione
1174 2736 1500 2826 percepit,
1534 2736 2002 2824 omnibusque
2036 2735 2208 2806 bene
2248 2748 2591 2826 precatuS,
2629 2734 2869 2806 orabat
2897 2750 2977 2806 ut
3002 2736 3138 2808 sibi

586 2844 861 2910 quoque
911 2844 1152 2895 omnes
1198 2822 1372 2893 bene
1424 2836 1912 2915 precarentur:
1965 2823 2203 2910 sicque
2241 2823 2326 2893 ad
2362 2825 2666 2912 requiem
2716 2824 3133 2915 adspirans,

588 2922 870 2982 sanctae
911 2910 1144 2981 Crucis
1181 2910 1236 2981 si
1293 2933 1381 2982 no
1432 2935 1504 2982 se
1558 2912 2015 3004 consignavit,
2055 2925 2125 2984 et
2152 2912 2222 2981 in
2283 2912 2435 3003 ipso
2475 2912 2870 2984 Dominicae
2917 2913 3138 2984 noctis

588 3000 912 3089 ingressu
957 2998 1043 3068 de
1079 2999 1263 3071 lectu
1288 3022 1333 3071 o
1369 3022 1442 3072 se
1473 3001 1865 3093 subrigens,
1927 3002 1999 3071 in
2035 3001 2427 3092 pavimento
2456 3057 2472 3084 ,
2510 3003 2745 3073 cinere
2797 3014 2867 3072 et
2908 3002 3139 3073 cilicio

591 3098 825 3169 strato,
863 3087 1150 3158 feliciter
1176 3083 1613 3171 obdormivit,
1650 3105 1715 3160 et
1747 3090 1821 3159 in
1868 3090 2219 3181 regionem
2273 3090 2609 3171 vivorum,
2649 3090 2941 3161 Domino
2973 3113 3137 3162 ceu·

581 3174 1011 3277 jungendus,
1039 3176 1395 3268 ingressus
1426 3192 1549 3259 est,
1584 3179 2090 3251 decimooctavo
2122 3179 2454 3251 Calendas
2485 3180 2930 3269 Septembris,
2955 3200 3139 3250 anno

592 3264 835 3334 Christi
867 3264 1232 3335 millesimo
1255 3267 1991 3357 octogesimoseptimo.
2023 3273 2388 3356 Postquam
2423 3269 2654 3339 obitus
2683 3268 2837 3339 e'us
2862 3290 2950 3358 po
3004 3268 3139 3339 ulis

591 3352 913 3427 innotuit.
943 3353 1195 3423 mirum
1230 3353 1446 3437 dictu,
1474 3367 1733 3444 quanta
1757 3355 2109 3427 alacritate
2136 3369 2202 3427 et
2224 3356 2581 3428 devotione
2611 3355 2718 3447 ple
2770 3380 2803 3427 s
2830 3380 2925 3428 un
2982 3359 3140 3446 ique

591 3442 975 3522 confluens,
1015 3441 1251 3512 omnia
1296 3443 1367 3513 in
1402 3445 1697 3516 circuitu
1725 3444 2189 3535 compleverit,
2243 3445 2522 3516 Clericis
2554 3444 2858 3536 psalmos
2905 3446 3137 3516 conci·

593 3527 943 3610 nentibu3‚
985 3529 1142 3602 aliis
1176 3553 1558 3622 pauperum
1605 3532 2041 3605 refectionem
2074 3535 2596 3625 apparantibuS,
2642 3533 3005 3606 nonnullis
3035 3533 3133 3605 lu·

594 3617 893 3718 minaria
947 3621 1573 3722 componentibus,
1640 3622 1987 3724 plerisque
2037 3623 2363 3696 omnibus
2404 3623 2902 3706 exultantibus,
2953 3620 3137 3712 quod

594 3719 805 3778 tanus
833 3728 1138 3796 exequiis
1176 3721 1505 3781 interesse
1545 3726 1987 3783 meruissent.

629 3884 642 3896 ο
679 3797 912 3883 ξὸῦ.
945 3802 1259 3886 Cumque
1288 3798 1465 3871 beati
1507 3799 1635 3870 viri
1672 3822 1927 3890 corpus
1966 3821 2090 3890 pro
2130 3822 2318 3870 more
2352 3801 2841 3892 compositum,
2874 3811 2940 3871 et
2973 3821 3143 3889 pon-

595 3883 833 3955 tificali
869 3885 1112 3958 habitu
1148 3900 1492 3969 ornatum,
1532 3889 1603 3958 in
1654 3889 1989 3978 templum
2041 3888 2312 3960 illatum
2351 3902 2529 3962 esset
2558 3943 2574 3972 ,
2626 3889 2886 3960 veritus
2934 3887 3142 3959 frater

595 3974 1022 4065 Everolphus
1053 4028 1074 4056 ,
1133 3997 1218 4046 ne
1256 3976 1434 4046 inter
1466 3989 1562 4047 tot
1612 3979 2046 4066 promiscuas
2086 3979 2325 4049 turbas
2374 3999 2584 4068 rapax
2613 3978 2964 4068 quispiam
3017 4000 3142 4048 au-

597 4083 792 4133 reum
844 4064 1182 4135 annulum
1235 4087 1277 4134 a
1326 4087 1541 4137 manu
1584 4067 1735 4156 ejus
1771 4065 2246 4147 abstraheret,
2305 4066 2614 4149 abstulit,
2680 4066 2907 4137 illum.
2960 4069 3140 4136 Hora

597 4162 826 4221 autem
875 4152 1270 4244 sepulturae
1305 4154 1731 4237 adveniente,
1785 4177 1947 4225 cum
1999 4154 2198 4225 vellet
2235 4154 2575 4225 annulum
2625 4154 2840 4246 digito
2898 4175 3142 4224 rursus

598 4238 997 4395 flgjungffl'Q
1041 4241 1293 4333 frigida
1325 4264 1577 4313 manus
1607 4256 1674 4314 et
1703 4244 2035 4313 contracti
2072 4243 2272 4344 digiti
2308 4243 2482 4314 adeo
2533 4244 2894 4334 rigebant,
2951 4256 3028 4314 ut
3072 4241 3140 4313 id

600 4349 638 4395 e
689 4350 867 4397 icere
912 4351 1050 4401 nou
1102 4343 1349 4421 posset.
1405 4336 1493 4401 Ea
1544 4353 1615 4401 re
1668 4353 1865 4402 amor
1921 4354 2085 4422 erga
2146 4331 2343 4402 illum
2412 4331 2725 4404 fidelium
2788 4331 3133 4410 indoluit,

599 4416 1025 4504 orabantque
1053 4440 1211 4488 cum
1262 4420 1546 4509 gemitu,
1585 4442 1670 4490 ne
1703 4421 2037 4491 Dominus
2086 4420 2338 4491 sineret
2364 4419 2544 4492 illud
2578 4442 2851 4493 sacrum
2886 4439 3138 4512 corpus
