3308 5004
180 343 328 411 AUffl
369 343 415 409 t.
1094 360 1287 411 ntis.-
1328 359 1656 411 munem
2432 343 2559 410 ΜΊ

173 443 811 529 mamm-isthmia
841 456 1371 529 acturuseerasa,
1423 447 1483 516 si
1535 468 1687 517 nos,
1719 459 1783 516 te
1828 444 2650 538 comprehendissemus?

173 540 304 605 Tum
345 533 585 604 ille=ma
704 534 790 604 rii
837 556 1074 605 amore
1119 535 1207 608 fla
1264 557 1447 615 rans,
1498 555 1534 602 «
1564 539 1975 625 Rogassem,
2042 534 2310 623 inquit,
2362 556 2510 616 vos,
2559 556 2652 606 ne

594 546 654 604 ri

170 624 317 696 boavi
340 644 569 714 compe
620 556 743 693 ἀζο
784 637 1083 694 mor-tem.
1126 647 1219 695 mt
1277 624 1297 695 i
1346 624 1635 694 celerem
1681 622 2061 705 adiel-retis,
2100 635 2221 694 aut
2267 623 2654 715 repentinis

172 711 686 784 niaconficeretis
705 712 1133 785 vulneribus:
1168 713 1285 786 sed
1312 712 1653 804 paulatim
1677 713 1788 782 sin
1842 711 2297 803 ulapraecisa
2336 712 2654 783 membra

172 801 413 889 corporis
458 801 590 872 mei
659 800 882 871 oculis
959 802 1141 873 meis>
1178 801 1738 892 contemplanda.
1773 824 1813 872 o
1854 801 2207 891 jiceretis.:
2283 813 2487 889 atque
2555 800 2658 871 ads

176 901 489 960 manum
528 889 799 960 evulsis·
834 889 1247 972 luminibus.
1300 890 1617 961 sineretis
1666 890 1759 960 ita
1812 890 2206 960 mutilatum
2255 912 2377 960 cor
2429 911 2512 960 us
2573 888 2646 959 in

172 978 598 1081 suosanguine
629 978 951 1059 volutari,
993 979 1095 1049 vel
1138 1001 1424 1071 prorsus
1472 1001 1598 1069 pro
1628 992 1872 1050 vestros
1899 979 2239 1050 arbitratu
2270 979 2337 1048 vi
2419 977 2661 1047 somni-

172 1065 532 1155 privamus.»
564 1072 727 1138 Vere
759 1068 1228 1156 beatissimam
1278 1069 1611 1148 animam,
1659 1068 2031 1159 cujusnon
2073 1066 2298 1137 solum
2351 1065 2662 1156 perfecta·

166 1153 615 1227 charitas-foras
653 1156 839 1226 misit
886 1159 1205 1228 timorem
1255 1158 1535 1235 mortis..
1589 1157 2036 1227 verumetiam
2093 1156 2167 1224 in
2216 1155 2658 1226 cruciatibus

165 1242 698 1315 durandiscunctis
745 1245 1145 1316 inauditum·
1190 1245 1658 1337 suppeditavit
1704 1244 2153 1317 desiderium.

220 1334 255 1433 9
291 1339 433 1406 20:
482 1339 617 1405 Nec
665 1334 900 1405 minus
937 1348 1217 1424 paratus
1262 1347 1407 1404 erat
1456 1356 1580 1424 pro
1622 1333 1842 1404 salute
1869 1334 2340 1424 proximorum
2393 1352 2657 1421 ponere«

163 1439 430 1504 naumann
480 1423 826 1494 Christum
856 1424 949 1492 in
983 1425 1113 1494 hoe
1146 1424 1401 1494 imitari
1453 1422 1780 1515 gestiens.
1814 1428 1981 1493 Cum
2032 1421 2226 1493 enim
2267 1419 2665 1507 quemdam,

160 1506 461 1580 haeretica>
494 1512 826 1600 pravitate
883 1533 1197 1583 eversum
1247 1526 1616 1583 conaretur
1662 1511 1747 1581 ad
1799 1511 2005 1582 fidem
2056 1510 2410 1589 reducere,
2474 1508 2658 1578 dixit

160 1595 277 1666 ille:
322 1604 447 1670 Res
488 1601 665 1669 vitae
711 1601 1063 1693 degendae
1104 1602 1570 1683 necessarias,
1622 1622 1800 1688 quas
1854 1600 2139 1671 aliunde
2187 1620 2324 1668 non
2377 1597 2596 1667 babeo
2626 1649 2643 1678 ,

156 1684 738 1787 abistisaccipio:
786 1690 878 1760 ita
915 1690 1015 1770 fit,
1070 1703 1149 1760 ut
1194 1690 1295 1760 eis
1333 1690 1714 1760 adhaerere
1756 1689 2156 1781 compellar.
2200 1687 2490 1771 Quibus.
2521 1708 2649 1756 au-

154 1772 442 1855 dtus,-·vir·
468 1792 751 1850 sanctus
801 1791 936 1849 toto
982 1794 1253 1870 pectore
1301 1779 1651 1849 hominem
1693 1778 2084 1858 miseratuS,
2140 1778 2447 1865 seipsum
2484 1796 2651 1844 ven·

156 1860 690 1957 det-eproposuit,
741 1880 821 1937 ut
856 1869 1010 1959 ejus
1034 1870 1102 1938 in
1156 1879 1343 1937 tanto
1392 1867 1702 1958 periculo
1723 1867 2082 1936 constituti
2121 1866 2239 1935 ino
2292 1864 2428 1933 iam
2480 1864 2651 1933 sub·

154 1948 375 2035 levaret,
416 1955 873 2026 etfredimeret
900 1956 1396 2027 venumdatum
1440 1957 1573 2026 sub
1601 1968 1901 2046 peccato.
1946 1955 2116 2037 Quis
2147 1954 2244 2022 du
2295 1954 2415 2024 itet
2445 1951 2656 2022 illum

151 2059 337 2140 msera
382 2043 623 2115 tulisse
665 2066 945 2115 crucem
993 2046 1289 2127 Christi,
1354 2047 1474 2133 qui
1572 2066 1648 2114 ro
1711 2044 1862 2131 ejus
1908 2064 2143 2113 amore
2191 2055 2342 2118 tam¹
2392 2040 2652 2130 cupido

148 2148 337 2227 animo
381 2132 587 2202 morti
632 2153 707 2202 se
752 2134 1107 2225 exposuit:
1159 2146 1225 2203 et
1273 2156 1397 2223 pro
1444 2157 1515 2203 sa
1553 2133 2032 2223 uteffproximh
2089 2143 2457 2232 perpetuae
2510 2150 2653 2200 ser.-

148 2218 305 2288 muti
355 2219 832 2291 incunctanter
878 2222 1108 2292 addici
1161 2223 1586 2314 peroptavit?
1634 2221 1995 2314 Flagrabat
2055 2221 2124 2289 in
2175 2241 2327 2310 ejus
2428 2230 2653 2319 ectore

148 2304 426 2390 ehanms,
481 2330 625 2396 qua
674 2331 873 2379 nemo
921 2311 1127 2381 babet
1165 2313 1519 2399 majorem,
1569 2333 1659 2381 cu
1716 2310 1868 2380 iens
1902 2310 1988 2380 ad
2043 2310 2154 2378 Dei
2195 2329 2357 2378 acce
2407 2329 2520 2377 ere
2553 2329 2653 2377 st·-

149 2393 570 2468 militudinem
610 2399 1015 2487 quamdam,
1066 2412 1132 2468 et
1178 2332 1769 2470 conformisjeflffoi
1818 2398 2106 2489 imagini
2152 2397 2304 2466 Filii
2333 2396 2479 2497 Dei..
2529 2400 2653 2465 Sa-

146 2483 371 2584 tqgebat
416 2486 647 2579 igitur·
681 2488 1230 2576 totisutriusque
1281 2488 1586 2560 hominis
1629 2488 1939 2569 viribus,
2000 2486 2193 2567 votiS,
2246 2485 2646 2577 gemitibus

146 2573 377 2661 vigiliis,
411 2576 726 2668 jejuniis,
756 2578 1208 2658 orationibus,
1239 2579 1718 2659 concionibus,
1746 2577 2102 2647 laboribus
2120 2575 2258 2644 diu.
2278 2587 2647 2659 noctuque,

144 2678 507 2750 opportune,
582 2666 979 2757 importune
1024 2667 1449 2748 insistendo,
1505 2679 1583 2737 ut
1628 2688 1708 2735 ex
1750 2666 1865 2735 Dei
1927 2665 2349 2754 benignitate
2394 2662 2664 2752 dignus

146 2745 316 2830 fimi.
364 2755 486 2840 qui
510 2776 588 2824 se
637 2756 911 2843 penitus
943 2756 1395 2845 impenderet,
1430 2767 1494 2824 et
1533 2753 2059 2844 superimpendi
2093 2775 2215 2842 pro
2247 2750 2664 2821 animaruma

146 2835 342 2920 salute,
374 2842 906 2931 et.quandoque
941 2844 1271 2933 martyrio
1316 2843 1789 2915 consummari
1820 2852 2218 2912 mereretur.
2263 2838 2662 2939 Quaetiam.

146 2932 315 2997 eausa
352 2929 539 3001 ultra
615 2953 807 3002 mare
862 2933 1207 3023 proficisci
1278 2933 1716 3012 decreverat,
1769 2931 1830 3001 si
1895 2930 2205 3001 fortassis
2274 2938 2502 3018 posset
2548 2925 2666 2994 1111*

148 3015 793 3117 tundemobtingere,
845 3035 923 3092 ut
969 3021 1043 3090 in
1092 3023 1207 3091 Dei
1248 3021 1594 3091 voluntate
1637 3032 2039 3101 moreretur,
2070 3016 2252 3106 quod
2299 3029 2664 3105 tantopere·

149 3099 563 3199 desiderabat.
615 3113 691 3179 At
736 3131 894 3180 vero
960 3112 1402 3201 omnipotens
1450 3115 1672 3192 Deus,
1725 3109 1847 3196 qui
1947 3110 2012 3178 ia
2066 3107 2382 3197 adspirat
2445 3115 2645 3184 vota,

148 3209 219 3260 sic
258 3194 645 3268 timentium
694 3219 765 3269 se
792 3197 1345 3288 deprecationem
1394 3197 1695 3278 exaudit,
1732 3210 1798 3267 et
1823 3220 1902 3267 vo
1935 3209 2241 3268 untatem
2275 3194 2656 3264 clementer.

146 3275 285 3363 facit,
331 3298 671 3356 attamen
716 3309 754 3356 a
802 3310 939 3357 sua.
976 3287 1415 3357 inscrutabili
1470 3286 1925 3378 dispositione
1978 3306 2114 3355 non
2165 3283 2461 3353 recedat.
2524 3285 2654 3353 Oc·-

149 3368 327 3443 cultus
370 3373 619 3462 itaque
650 3377 962 3445 omnium
1019 3376 1426 3457 moderator,
1469 3388 1537 3445 et
1585 3376 1882 3444 maxime
1927 3374 2243 3444 fidelium
2293 3383 2552 3452 custos,
2587 3382 2659 3440 et.

151 3472 371 3530 amator
409 3463 795 3534 electorum
844 3486 1178 3544 suorum,
1245 3465 1338 3535 ita
1387 3475 1706 3535 sanctum
1760 3486 1877 3532 vas
1940 3461 2297 3533 electionis
2363 3480 2529 3530 suae
2576 3459 2650 3527 in

154 3540 306 3642 dpmo
336 3573 460 3622 sua
494 3553 570 3622 in
614 3552 943 3623 honorem
975 3566 1042 3623 et
1087 3553 1451 3624 utilitatem
1503 3553 1884 3633 constituit,
1917 3566 1994 3622 ut
2033 3551 2414 3621 multorum
2445 3547 2662 3618 saluti>

155 3651 219 3702 sic
253 3636 361 3708 ille
396 3641 856 3731 prospiceret,
913 3654 990 3712 ut
1038 3655 1262 3711 tamen
1295 3646 1571 3712 corona
1602 3641 1917 3731 martyrii
1954 3663 2088 3711 non
2129 3639 2602 3739 frustraretur.

189 3724 237 3820 ,5
276 3731 428 3801 28.
483 3735 718 3800 Inerat
761 3730 949 3800 enim
987 3733 1240 3821 pectori
1288 3731 1445 3820 ejus
1493 3729 1671 3799 mira
1718 3730 2058 3817 quaedam
2105 3739 2173 3798 et
2221 3749 2394 3817 pene
2428 3746 2653 3794 incre·

162 3804 334 3885 dibilis
379 3817 633 3888 salutis
691 3820 1006 3888 omnium
1080 3820 1475 3890 aemulatio.
1529 3823 1622 3888 Ea
1686 3818 1771 3888 de
1835 3840 2052 3889 cauma¹
2116 3816 2301 3907 apud
2386 3812 2666 3884 nobiles·

165 3903 427 3979 windam
461 3905 808 3978 foeminas
859 3909 1199 3979 haeretica
1249 3908 1710 4005 simulatione
1742 3907 2084 3998 deceptas,
2137 3919 2213 3977 ut
2259 3925 2378 3974 eas
2403 3901 2494 3972 ad
2530 3906 2658 3970 Ec-

166 3983 373 4082 e{uiant
423 3996 808 4077 reduceret,
848 3997 1146 4087 hospitio
1192 4019 1366 4068 usus
1402 4010 1538 4067 est:
1577 4008 1786 4084 atque
1811 3996 2215 4066 imminente
2261 3991 2658 4091 Quadrage-

172 4082 498 4168 maclam
553 4085 843 4156 abillis
893 4085 1123 4156 cilicia
1172 4087 1477 4177 accepit,
1529 4086 1790 4173 quibus
1851 4085 2000 4176 ipse
2075 4096 2141 4152 et
2202 4083 2433 4151 socius
2499 4100 2657 4170 ejus

172 4162 592 4244 minabantur.
631 4178 710 4243 Et
746 4196 906 4244 cum
959 4175 1177 4244 lectus
1215 4175 1317 4244 eis
1355 4188 1856 4267 appanaretur:
1907 4177 2050 4242 Non
2085 4172 2210 4252 sic,
2248 4169 2495 4257 inquit,
2532 4167 2654 4239 sed

178 4265 311 4339 ΜΓ
337 4283 607 4334 asseres
637 4262 1080 4335 cubabimus.
1136 4268 1389 4333 Somno
1439 4262 1845 4334 vero.brevi
1891 4260 2231 4341 contenti,
2286 4280 2412 4349 pro
2463 4277 2664 4326 more.

180 4351 363 4417 &tem
411 4350 679 4443 vigiliis
722 4352 1183 4441 occupabant.
1227 4356 1439 4440 Atque
1486 4352 1678 4422 hunc
1733 4351 1802 4420 in
1856 4349 2139 4419 modum
2205 4361 2421 4419 totum
2473 4343 2650 4415 illud

184 4440 337 4506 ⁸'ttae
364 4440 950 4531 Quadragesimae
987 4454 1285 4532 tempus,
1327 4441 1550 4532 rigida
1577 4464 1703 4533 pro
1732 4439 2026 4511 aliorum
2064 4437 2358 4529 peccatis
2384 4433 2656 4526 agenda
